4206 6318
264 360 362 416 479

261 479 484 545 Παῦλος·
504 475 600 531 καὶ
623 472 717 529 νῦν
786 470 1039 539 ἐστηκεν,
1076 463 1137 531 ἐξ
1166 455 1233 518 οῦ
1260 460 1474 530 γέγονε,
1505 456 1736 529 λαμπρᾷ
1772 454 1839 525 τῇ

262 578 409 647 φωνῇ
453 575 590 646 πρὸς
642 575 891 636 ἅπαντας
948 570 1077 633 τοὺς
1137 562 1505 636 ἐγκαλοῦντας
1560 557 1720 633 ἡμῶν
1769 560 1839 635 τῇ

260 675 575 745 κατασκευῇ
604 668 1043 741 ἀπολογούμενος
1079 665 1222 738 ὑπὲρ
1275 664 1373 719 τοῦ
1402 662 1700 726 Δεσπότου,
1726 658 1842 713 ’καὶ⁹

259 774 586 849 προτρέπων
614 772 702 826 ἐπ’
726 771 919 844 ἀρετῇ,
950 767 1049 823 καὶ
1075 765 1147 821 τά
1174 765 1511 836 ἀναίσχυντα
1554 762 1663 817 τῶν
1716 758 1842 831 βλα-

262 881 497 952 σφὴμων
541 874 871 949 ἐμφράττων
917 871 1183 942 στόματα,
1224 868 1320 923 καὶ
1351 866 1566 929 δεικνὺς
1611 864 1694 918 ὅτι
1738 862 1843 932 άγ-

260 962 432 1048 γέλων
461 976 559 1031 και
590 973 891 1047 ἀνθρώπων
918 970 981 1025 οὐ
1017 969 1155 1025 πολὺ
1195 969 1259 1023 τὺ
1304 966 1487 1040 μέσον,
1516 963 1610 1018 ἐὰν
1644 962 1844 1017 ἐθέλω-

263 1097 363 1152 μεν
387 1079 679 1153 προσέχειν
718 1077 954 1140 ἑαυτοῖς.
982 1073 1058 1127 Οὐ
1093 1071 1203 1145 γάρ
1236 1069 1403 1141 ἀλλην
1433 1068 1596 1139 φύσιν
1636 1064 1839 1138 λαχὼν,

261 1182 380 1237 ούδέ
414 1180 608 1252 ἐτέρας
646 1176 985 1248 κοινωνήσας
1020 1172 1221 1244 ψυχῆς,
1263 1169 1386 1225 οὒδέ
1426 1156 1586 1224 ἀλλον
1613 1168 1844 1237 οίκήσας

261 1283 488 1353 κόσμον,
510 1280 623 1333 ἀλλ’
648 1279 706 1332 ἐν
730 1278 798 1348 τῇ
826 1274 965 1347 αὐτῇ
993 1273 1064 1345 γῇ
1096 1272 1190 1326 καὶ
1222 1269 1376 1342 χώρα
1411 1269 1506 1322 καὶ
1531 1266 1720 1338 νόμοις
1749 1267 1845 1320 καί¹

262 1381 406 1435 ἔθεσι
434 1378 685 1453 τραφεὶς,
712 1376 920 1439 πάντας
949 1370 1271 1445 ἀνθρώπους
1293 1367 1691 1440 ῦπερηκόντισε
1717 1369 1845 1431 τοὺς

260 1480 321 1546 ἐξ
347 1474 409 1535 οῦ
456 1478 745 1549 γεγόνασιν
770 1475 1016 1550 άθρωποι
1054 1469 1401 1542 γενομένους.
1443 1466 1557 1522 Ποῦ
1589 1468 1771 1522 τοίνυν
1796 1470 1844 1521 οί

260 1580 532 1649 λέγοντες,
552 1578 633 1632 ὅτι
658 1551 917 1632 δύσκολον
942 1574 978 1646 ἡ
1003 1571 1194 1645 ἀρετὴ,
1222 1570 1315 1625 καὶ⁸
1340 1567 1563 1624 εὔκολον
1584 1571 1618 1641 ἡ
1646 1566 1843 1631 κακία;

262 1675 431 1744 Οὗτος
462 1678 573 1750 γάρ
620 1676 1044 1747 ἀντιφθέγγεται
1077 1670 1310 1737 τούτοις,
1338 1670 1513 1739 λέγων
1532 1686 1547 1701 ·
1583 1669 1659 1724 Τὸ
1693 1684 1845 1740 παρ-

259 1781 480 1836 αυτίκα
524 1777 789 1848 ἐλαφρὸν
835 1773 947 1844 τῆς
990 1774 1282 1843 θλίψεως,
1331 1774 1459 1827 καθ’
1501 1771 1847 1841 ὑπερϐολὴν

261 1884 349 1947 είς
393 1879 744 1949 ὑπερϐολὴν
791 1876 1035 1931 αἰώνιον
1079 1874 1273 1944 βάρος
1322 1871 1511 1940 δόξης
1559 1870 1844 1941 κατεργά-

261 1983 435 2044 ζεται.
465 1983 530 2035 El
558 1981 615 2034 δὲ
638 1979 885 2034 τοιαῦται
914 1977 1123 2048 θλίψεις
1151 1976 1407 2048 ἐλαφραὶ,
1436 1972 1616 2045 πολλῷ
1645 1974 1847 2043 μᾶλλον

262 2085 317 2137 αἱ
348 2082 564 2137 οῖκοθεν
597 2078 806 2152 ἡδοναί.

332 2210 446 2263 Καὶ
482 2209 542 2261 οὐ
589 2206 750 2265 τοῦτο
794 2205 957 2277 μόνον
1005 2202 1172 2261 ἐστὶνκ
1191 2200 1355 2257 αὑτοῦ
1404 2201 1466 2255 τδ
1510 2200 1844 2273 θαυμαστὸν,

261 2310 341 2363 ὅτι
394 2308 697 2380 περιουσίᾳ.
735 2306 837 2378 τῆς
890 2304 1199 2377 προθυμίας
1246 2302 1369 2357 ούδέ
1427 2302 1694 2374 ᾐσθάνετο
1739 2301 1849 2357 τῶν

263 2411 444 2465 πόνων
468 2409 576 2462 τῶν
605 2408 745 2478 ὑπὲρ
768 2407 869 2478 τῆς
894 2405 1117 2479 ἀρετῆς,
1145 2404 1263 2458 ἀλλ’
1290 2405 1370 2457 ὅτι
1396 2403 1519 2457 ούδέ
1550 2405 1645 2456 ἐπὶ
1674 2402 1851 2474 μισθῷ

260 2515 471 2585 ταύτην
519 2512 727 2583 μετῄει.
770 2510 966 2581 Ἡμεῖς
1010 2508 1107 2580 μὲν
1149 2508 1259 2579 γὰρ
1298 2506 1419 2559 οὐδὲ
1469 2505 1677 2578 μισθῶν
1716 2523 1852 2577 προ-

264 2615 534 2686 κειμένων
563 2610 871 2682 ἀνεχόμεθα
895 2609 1006 2663 τῶν
1035 2609 1174 2681 ὑπὲρ
1206 2607 1375 2679 αὐτῆς
1405 2606 1680 2680 ίδρὼτων;
1710 2608 1854 2659 ἐκεῖ·

266 2733 352 2780 νος
396 2710 549 2787 [4851
590 2712 647 2767 δὲ
677 2712 772 2765 καὶ
814 2711 983 2781 χωρὶς
1024 2710 1134 2763 τῶν
1179 2706 1431 2762 ἐπάθλων
1464 2707 1633 2779 αὐτὴν
1675 2708 1854 2779 ἠσπά-

265 2814 389 2879 ζετο
416 2815 514 2868 καὶ
542 2812 736 2882 ἐφίλει,
768 2811 863 2865 καὶ
899 2808 970 2863 τά
996 2808 1257 2863 δοκοῦντα
1291 2808 1465 2880 αὐτῆς
1504 2805 1644 2861 εἶναι
1674 2806 1853 2862 κωλύ-

269 2934 415 2989 ματα
446 2914 587 2987 μετά
616 2915 797 2986 πάσης
832 2911 1143 2984 ὑπερήλατο
1168 2911 1268 2982 τῆς
1298 2910 1579 2974 εὐκολίας·
1610 2910 1705 2965 καὶ
1729 2908 1853 2963 οὔτε

268 3017 521 3088 σώματος
558 3014 864 3079 ἀσθένειαν,
901 3015 963 3068 οὐ
1011 3011 1355 3083 πραγμάτων
1404 3010 1747 3081 περίστασιν,
1791 3008 1860 3063 ού”

267 3118 484 3189 φύσεως
528 3116 842 3189 τυραννίδα,
872 3115 974 3168 οὐκ
1004 3113 1135 3167 ἄλλο
1163 3113 1315 3165 οὐδὲν
1341 3109 1606 3183 ᾐτιάσατο
1628 3127 1641 3142 ·
1677 3112 1855 3165 καίτοι

267 3222 361 3275 καὶ
404 3217 730 3290 στρατηγῶν
782 3216 878 3270 καὶ
928 3214 1194 3286 βασιλέων
1244 3213 1499 3267 ἁπάντων
1531 3212 1639 3267 τῶν
1685 3214 1856 3268 ὄντων

268 3319 360 3373 ἐπὶ
404 3320 512 3391 γῆς
564 3314 785 3389 μείζονα
823 3313 1080 3388 φροντίδα
1123 3312 1521 3387 ἐγχειρισθεὶς,
1562 3313 1677 3366 ἀλλ’
1707 3315 1856 3384 ὅμως

269 3420 391 3475 καθ’
422 3418 664 3489 ἑκάστην
711 3416 931 3488 ἡκμαζε
963 3415 1066 3486 τὴν
1095 3412 1337 3486 ἡμέραν,
1381 3413 1479 3466 καὶ⁵
1516 3413 1626 3467 τῶν
1670 3414 1854 3467 κινδύ-

271 3540 378 3580 νων
411 3519 834 3589 ἐπιτεινομένων
860 3515 1031 3587 αὑτῷ,
1060 3514 1262 3588 νεαρὰν
1301 3514 1568 3586 ἐκέκτητο
1604 3514 1702 3587 τὴν
1730 3533 1859 3587 προ-

268 3618 632 3693 θυμίαν·,καὶ
670 3617 827 3672 τοῦτο
874 3616 1053 3687 δηλῶν
1106 3616 1283 3686 ἐλεγε-
1338 3616 1464 3672 Τῶν
1509 3617 1627 3687 μὲν
1662 3619 1857 3672 ὀπίσω

267 3720 841 3788 ἐπιλανθανόμενος,
878 3716 1006 3783 τοῖς
1033 3715 1102 3770 δὲ
1146 3716 1488 3787 ἔμπροσθεν
1523 3718 1858 3773 ἐπεκτεινό-

263 3835 483 3892 μενος·
518 3818 615 3873 καὶ
659 3816 892 3872 θανάτου
934 3816 1409 3888 προσδοκωμένου,
1456 3820 1536 3881 είς
1570 3818 1858 3883 κοινωνίαν

268 3924 381 3995 τῆς
398 3921 593 3995 ἡδονῆς
619 3918 825 3990 ταύτης
855 3916 1043 3972 ἐκάλει
1068 3917 1245 3987 λέγων
1266 3936 1280 3950 ·
1316 3918 1560 3988 Χαίρετε
1584 3919 1685 3973 καί
1713 3934 1860 3991 συγ-

268 4020 510 4094 χαιρετέ
534 4037 669 4091 μοι·
695 4018 792 4073 καὶ
818 4017 1079 4073 κινδύνων
1104 4017 1470 4090 ἐπικειμένων
1494 4020 1590 4074 καὶ
1624 4020 1856 4091 ὓδρεων,

270 4125 370 4179 καὶ
392 4122 617 4193 ἀτιμίας
647 4119 889 4194 ἀπάσης,
922 4119 1151 4192 ἐσκίρτα
1185 4119 1377 4175 πάλιν·
1408 4121 1505 4175 καὶ
1546 4122 1861 4195 Κορινθίοις

270 4222 605 4277 ἐπιστέλλων
638 4221 814 4290 ἔλεγε·
852 4220 951 4275 Διύ
986 4221 1087 4276 καί
1129 4219 1360 4276 εὐδοκῶ
1401 4221 1856 4292 ἐνάσθενείαις,

267 4325 343 4381 ἐν
374 4324 643 4395 ὕϐρεσιν,
669 4323 740 4378 ἐν
770 4322 1047 4394 διωγμοῖς
1066 4340 1080 4354 ·
1113 4324 1208 4378 καὶ⁸
1238 4322 1379 4378 ὅπλα
1406 4323 1464 4377 δέ
1490 4325 1630 4379 αὐτὰ
1656 4326 1862 4381 δικαιο-

272 4426 444 4496 σύνης
474 4423 726 4490 ἐκάλεσε,
756 4423 973 4486 δεικνὺς
1002 4423 1085 4477 ὅτι
1117 4424 1211 4478 καὶ
1239 4424 1492 4481 ἐντεῦθεν
1519 4425 1591 4480 τά
1630 4426 1861 4497 μέγιστα

270 4521 604 4598 ἐκαρποῦτο,
626 4516 723 4579 καὶ
750 4526 861 4588 τοῖς
882 4521 1108 4595 ἐχθροῖς
1136 4525 1403 4580 πάντοθεν
1432 4526 1731 4599 ἀχείρωτος
1758 4523 1856 4600 ἦν·

269 4628 373 4684 καὶ
402 4624 679 4697 πανταχοῦ
712 4622 1127 4696 μαστιζόμενος,
1168 4624 1544 4697 ὑϐριζόμενος,
1593 4628 1861 4701 λοιδορού-

274 4744 475 4799 μενος,
525 4724 715 4797 ῶσπερ
759 4725 819 4780 ἐν
870 4723 1163 4797 θριάμϐοις
1204 4724 1601 4798 ἐμπομπεύων,
1649 4731 1743 4784 καὶ
1794 4730 1863 4784 τά

272 4827 515 4897 τρόπαια
550 4825 750 4897 συνεχῆ
774 4811 1053 4896 πανταχοῦ
1079 4826 1184 4897 γῆς
1217 4827 1391 4893 ίστάς,
1417 4825 1591 4893 οὕτως
1623 4829 1861 4884 ἐκαλλω·

271 4930 485 4996 πίζετο,
520 4928 615 4983 καὶ
650 4927 811 5000 χάριν
849 4926 1118 4999 ὡμολόγει
1161 4926 1240 4998 τῷ
1275 4927 1394 5001 Θεῷ
1427 4928 1602 4999 λέγων
1622 4948 1637 4962 ·
1679 4931 1861 5003 Χάρις

270 5030 348 5085 δὲ
376 5028 459 5094 τῷ
493 5025 615 5093 Θεῷ
640 5025 722 5093 τῷ
752 5027 1011 5082 πάντοτε
1041 5029 1453 5099 θριαμϐεύοντι
1482 5030 1663 5101 ἡμᾶς.
1752 5048 1755 5051 λ

352 5128 465 5182 Καὶ
506 5127 610 5201 τὴν
651 5128 1043 5201 ἀσχημοσύνην
1072 5128 1169 5184 καὶ
1198 5130 1301 5202 τὴν
1348 5130 1505 5203 ὓϐριν
1536 5132 1634 5203 τὴν
1679 5133 1769 5189 διά
1802 5137 1863 5190 τὸ

273 5229 544 5302 κήρυγμα
590 5228 872 5300 μᾶλλον,ἢ
912 5230 1074 5301 ἡμεῖς
1112 5229 1212 5300 τὴν
1260 5232 1449 5303 τιμὴν,
1504 5233 1719 5301 ἐδίωκε,
1769 5239 1865 5291 καὶ

275 5328 377 5383 τδν
411 5328 664 5395 θάνατον,
697 5327 732 5399 ἢ
760 5330 923 5400 ἡμεῖς
959 5328 1060 5402 τὴν
1093 5330 1265 5403 ζωὴν,
1309 5333 1402 5386 καὶ
1439 5334 1537 5406 τὴν
1575 5336 1782 5401 πενίαν,
1827 5340 1861 5410 ἢ

278 5429 377 5484 τδν
415 5428 644 5482 πλοῦτοι·
688 5430 871 5501 ἡμεῖς.
906 5430 1005 5483 καὶ
1043 5432 1171 5496 τοὺς
1216 5433 1412 5498 πόνους
1452 5436 1674 5507 μᾶλλον,
1702 5439 1734 5509 ἢ
1765 5440 1866 5503 τὰς

278 5531 497 5593 ἀνέσεις
528 5530 725 5601 ἕτεροι,
758 5532 854 5586 καὶ
888 5533 987 5603 οὐχ
1018 5533 1203 5597 ἁπλῶς
1252 5536 1476 5606 μᾶλλον,
1516 5538 1651 5593 ἀλλά
1684 5540 1867 5612 πολλῷ

279 5631 513 5707 μᾶλλον,
553 5632 647 5685 καὶ
674 5632 734 5685 τδ
779 5631 1064 5688 λυπεῖσθαι
1100 5636 1282 5703 πλέον,
1318 5639 1351 5711 ἡ
1391 5639 1453 5693 τὸ
1491 5642 1703 5714 χαίρειν
1747 5644 1866 5698 ἐτε-

280 5749 393 5807 ροι,
422 5731 486 5787 τὸ
513 5732 909 5805 ὑπερεύχεσθαι
947 5733 1056 5788 τῶν
1082 5735 1290 5806 ἐχθρῶν
1320 5739 1542 5813 μᾶλλον,
1578 5743 1612 5815 ἢ
1640 5744 1699 5798 τὸ
1732 5764 1865 5803 κατ-

606 5839 873 5901 Ριτιιοι..
920 5840 1035 5904 Gn.
1087 5843 1154 5907 L.
1241 5852 1249 5858 '

1055 350 1145 407 DE
1179 347 1526 407 LAUDIBUS
1565 348 1625 403 S.
1664 343 1872 403 PAULI
1918 340 2279 399 APOSTOLI.
2320 340 2557 397 HOMIL.
2604 339 2671 395 ll.

3416 335 3517 392 480

1950 449 2206 523 εύχεσθαι
2256 454 2455 525 ἐτεροι.
2493 452 2605 507 Καὶ
2647 448 2980 524 ἀντέστρεφε
3035 450 3148 507 τῶν
3193 453 3537 525 πραγμάτων

1949 557 2048 631 τὴν
2080 558 2253 628 τάξιν,
2296 559 2497 632 μᾶλλον
2529 558 2588 613 δέ
2637 560 2799 631 ἡμεῖς
2840 555 3275 628 ἀνεστρέψαμεν,
3311 556 3539 620 -ἐκεῖνος

1948 662 2026 729 δέ,
2060 663 2251 737 ὥσπερ
2275 665 2305 718 ό
2344 664 2479 727 Θεὸς
2522 659 2933 735 ἐνομοθέτησεν,
2971 659 3144 725 οὕτως
3191 659 3362 731 αὐτὴν
3401 658 3537 728 ἐφύ-

1949 765 2132 822 λαττε.
2159 768 2346 823 Ταῦτα
2388 768 2486 840 μὲν
2530 768 2640 839 γάρ
2686 766 2828 822 κατὰ
2868 764 3029 835 φύσιν
3068 764 3307 828 ἅπαντα,
3352 765 3540 819 ἐκεῖνα

1948 868 2008 923 δέ
2038 868 2371 941 τούναντίον.
2417 869 2515 932 Τίς
2556 868 2763 922 τούτων
2810 865 3122 932 ἀπόδειξις;
3177 865 3413 929 Παῦλος,
3446 865 3540 919 άν-

1951 967 2169 1039 θρωπος
2212 969 2310 1034 ὢν,
2338 970 2445 1024 καὶ
2488 968 2699 1033 τούτοις
2746 968 3048 1039 ἐπιτρέχων
3080 965 3348 1037 μᾶλλονῆ
3396 964 3541 1018 ἐκεί-

1951 1084 2081 1132 νοις.
2110 1069 2207 1121 Ἐν
2252 1067 2427 1141 τούτῳ
2467 1068 2699 1140 φοϐερὸν
2734 1065 2804 1140 ἦν
2847 1069 3008 1139 μόνον
3051 1069 3146 1121 καὶ
3185 1066 3441 1138 φευκτὸν,
3481 1065 3544 1118 τὸ

1953 1169 2326 1242 προσκροῦσαι
2357 1170 2497 1242 Θεῷ,
2532 1171 2718 1242 ἕτερον
2758 1170 2814 1224 δὲ
2843 1169 2997 1223 οὐδέν
3018 1185 3034 1199 ·
3069 1167 3258 1237 ὥσπερ
3288 1160 3384 1220 οὖν
3424 1164 3543 1219 ούδέ

1952 1272 2205 1327 ποθεινὸν
2236 1273 2364 1328 ἀλλο
2402 1292 2475 1339 τι,
2520 1273 2596 1337 ὡς
2629 1272 2693 1327 τὸ
2718 1273 2926 1343 -ἀρέσαι
2967 1270 3121 1342 Θεῷ·
3165 1270 3261 1325 καὶ
3303 1269 3365 1323 οὐ
3398 1268 3547 1338 λέγω

1952 1373 2060 1426 τῶν
2098 1373 2381 1445 παρόντων
2410 1373 2582 1445 οὐδὲν,
2626 1373 2743 1426 ἀλλ’
2768 1373 2890 1426 ούδέ
2936 1371 3044 1425 τῶν
3096 1369 3420 1441 μελλόντων.
3449 1369 3543 1439 Μὴ

1952 1472 2061 1544 γάρ
2116 1490 2208 1544 μοι
2253 1474 2441 1538 πόλεις
2484 1474 2646 1546 εἴπης
2694 1474 2791 1527 καὶ
2827 1473 2956 1545 ἔθνη
3009 1472 3106 1527 καὶ
3158 1471 3401 1543 βασιλεῖς
3449 1469 3546 1524 καὶ

1955 1574 2291 1645 στρατόπεδα
2335 1575 2430 1629 καὶ
2457 1575 2595 1629 ὅπλα
2634 1574 2729 1628 καὶ
2762 1575 3024 1647 χρήματα
3070 1572 3169 1627 καὶ
3205 1571 3547 1643 σατραπείας

1953 1676 2049 1731 καὶ
2073 1675 2421 1740 δυναστείας·
2453 1676 2575 1729 ούδέ
2606 1676 2715 1746 γάρ
2748 1676 2997 1747 ἀράχνην
3040 1674 3215 1729 ταῦτα
3248 1672 3390 1730 εῖναι
3427 1676 3548 1731 ἐνό-

1957 1794 2143 1850 μισεν·
2193 1778 2308 1832 ἀλλ’
2359 1779 2501 1833 αύτά
2557 1779 2627 1832 τά
2677 1780 2735 1832 ἐν
2781 1781 2895 1842 τοῖς
2942 1779 3192 1851 οὐρανοῖς
3231 1779 3404 1864 τίθει,
3452 1781 3547 1833 καὶ

1952 1880 2077 1935 τότε
2107 1880 2274 1935 αὑτοῦ
2319 1880 2440 1951 ὄψει
2488 1880 2580 1934 τὸν
2611 1880 2842 1953 σφοδρὸν
2893 1882 3073 1953 ἔρωτα
3115 1882 3208 1936 τὸν
3260 1882 3397 1955 πρὸς
3453 1883 3548 1937 τὸν

1954 1984 2208 2057 Χριστόν.
2235 1975 2405 2047 Οὗτος
2432 1982 2544 2055 γὰρ
2572 1985 2711 2053 πρὸς
2739 1984 2917 2037 ἐκεῖνο
2943 1983 3004 2036 τὸ
3038 1958 3289 2057 φίλτρον,
3312 1985 3413 2039 οὐκ
3444 1985 3545 2054 ἀγ-

1954 2084 2131 2154 γέλων
2159 2083 2319 2150 ἀξίαν
2350 2084 2683 2156 ἐθαύμασεν,
2722 2084 2823 2137 οὐκ
2877 2085 3254 2156 ἀρχαγγέλων,
3290 2085 3392 2139 οὐκ
3422 2085 3552 2140 ἄλλο

1956 2184 2196 2239 τοιοῦτον
2229 2180 2404 2239 οὐδέν;
2456 2184 2531 2238 Τὸ
2583 2184 2695 2257 γάρ
2748 2183 3009 2238 ἁπάντων
3072 2185 3259 2255 μεῖζον
3309 2182 3453 2256 εἶχεν
3492 2186 3551 2239 ἐν

1958 2287 2156 2359 ἐαυτῷ,
2200 2289 2293 2342 τὸν
2345 2287 2438 2342 τοῦ
2483 2286 2722 2359 Χριστοῦ
2765 2287 2980 2359 ἔρωτα,
3029 2288 3121 2342 καὶ
3172 2288 3312 2359 μετὰ
3358 2288 3551 2341 τούτου

1958 2388 2176 2443 πάντων
2218 2389 2410 2444 ἐαυτὸν
2470 2384 2889 2461 μακαριώτερον
2940 2383 3083 2442 εἶναι
3146 2391 3405 2460 ἐνόμισε·
3456 2392 3553 2444 καὶ

1958 2488 2147 2543 τούτου
2176 2474 2365 2562 χωρὶς,
2394 2490 2517 2543 ούδέ
2545 2490 2655 2543 τῶν
2685 2492 3048 2563 κυριοτὴτων,
3080 2489 3203 2543 ούδέ
3230 2490 3338 2543 τῶν
3369 2489 3554 2563 ἀρχῶν

1959 2592 2054 2643 καὶ
2082 2590 2190 2644 τῶν
2218 2590 2478 2655 ἐξουσιῶν
2521 2563 2774 2660 γενέσθαι
2801 2590 2954 2663 [484]
2984 2589 3203 2662 ηὔχετο,
3238 2590 3379 2645 ἀλλά
3413 2592 3553 2662 μετὰ

1954 2695 2058 2763 τῆς
2119 2692 2341 2763 ἀγάπης
2402 2693 2608 2765 ταύτης
2671 2696 2728 2747 ἐν
2791 2693 3044 2763 ἐσχάτοις
3097 2690 3240 2748 εἶναι
3300 2692 3555 2747 ἐϐούλετο

1965 2794 2164 2868 μᾶλλον
2193 2796 2289 2847 καὶ
2328 2794 2435 2848 τῶν
2466 2795 2870 2867 κολαζομένων,
2902 2796 2935 2868 ἢ
2968 2796 3173 2867 ταύτης
3218 2795 3409 2866 χωρὶς,
3443 2794 3555 2851 τῶν

1962 2895 2148 2968 ἄκρων
2205 2896 2301 2951 καὶ
2350 2895 2462 2950 τῶν
2516 2897 2875 2968 τιμωμένων·
2924 2896 3148 2961 κόλασις
3200 2896 3312 2969 γάρ
3362 2896 3556 2967 ἐκείνῳ

1965 2997 2083 3067 μία,
2110 2996 2170 3051 τὸ
2205 2998 2308 3067 τῆς
2341 2997 2564 3069 ἀγάπης
2595 2999 2802 3068 ταύτης
2841 2998 3159 3069 ἀποτυχεῖν.
3202 2996 3376 3051 Τοῦτο
3406 2998 3557 3069 αὐτῷ

1962 3094 2175 3165 γέεννα,
2215 3097 2375 3151 τοῦτο
2419 3098 2686 3169 τιμωρία,
2730 3097 2891 3151 τοῦτο
2940 3098 3111 3169 μυρία
3155 3098 3333 3152 κακά·
3366 3098 3557 3169 ῶσπερ

1964 3202 2057 3255 καὶ
2096 3200 2427 3266 ἀπόλαυσις,
2473 3200 2537 3255 τὸ
2581 3201 2787 3273 ταύτης
2839 3204 3147 3273 ἐπιτυχεῖν·
3201 3202 3362 3257 τοῦτο
3418 3203 3554 3276 ζωὴ,

1963 3305 2119 3357 τοῦτο
2158 3304 2384 3376 κόσμος,
2415 3303 2573 3358 τοῦτο
2610 3304 2861 3374 ἄγγελος,
2891 3306 3052 3360 τοῦτο
3097 3308 3363 3379 παρόντα,
3394 3307 3559 3363 τοῦτο

1967 3405 2251 3475 μέλλοντα,
2300 3404 2459 3459 τοῦτο
2506 3405 2785 3475 βασιλεία,
2826 3406 2988 3461 τοῦτο
3041 3409 3364 3479 ἐπαγγελία,
3398 3408 3557 3463 τοῦτο

1963 3506 2031 3560 τὰ
2064 3507 2233 3578 μυρία
2267 3507 2482 3576 ἀγαθά·
2514 3507 2703 3580 ἕτερον
2732 3509 2790 3563 δὲ
2827 3509 2980 3563 οὐδὲν
3012 3509 3122 3562 τῶν
3158 3510 3233 3582 μὴ
3278 3513 3558 3582 φερόντων

1964 3607 2219 3672 ἐνταῦθα,
2268 3608 2387 3662 ούδέ
2446 3608 2713 3681 λυπηρὸν,
2760 3608 2882 3663 οὐδὲ
2928 3610 3032 3681 ἡδὺ
3086 3608 3226 3664 εἶναι
3274 3612 3559 3683 ἐνόμιζεν·

1963 3706 2080 3762 ἀλλ’
2122 3707 2267 3763 οὕτω
2310 3710 2636 3782 κατεφρόνει
2684 3710 2795 3765 τῶν
2837 3711 3136 3783 ὁρωμένων
3189 3713 3430 3780 πάντων,
3480 3715 3558 3778 ὡς

1964 3806 2065 3878 τῆς
2102 3812 2563 3882 κατασηπομένης
2605 3810 2861 3882 βοτάνης·
2891 3810 3228 3883 τύραννοιδέ
3260 3814 3430 3885 αὐτῷ,
3464 3817 3559 3869 καὶ

1965 3909 2126 3981 δῆμοι
2172 3910 2347 3983 θυμοῦ
2382 3911 2655 3977 πνέοντες,
2699 3913 2965 3978 κώνωπες
2996 3910 3137 3969 εἶναι
3167 3916 3417 3971 ἐδόκουν·
3464 3916 3560 3970 θά-

1967 4028 2126 4075 νατος
2156 4012 2215 4066 δέ
2245 4014 2395 4084 αὐτῷ
2443 4016 2538 4069 καὶ
2581 4016 2846 4086 τιμωρίαι
2881 4016 2976 4067 καὶ
3027 4016 3218 4087 μυρίαι
3268 4018 3556 4085 κολάσεις,

1969 4113 2174 4167 παίδων
2220 4113 2548 4187 ἀθύρματα·
2588 4115 2727 4188 πλὴν
2773 4117 2827 4171 εῐ
2873 4134 3006 4171 ποτε
3056 4117 3145 4172 διὰ
3185 4118 3278 4173 τὸν
3323 4120 3559 4191 Χριστὸν

1968 4214 2230 4286 ὑπέμενε.
2257 4215 2391 4269 Τότε
2426 4216 2535 4289 γάρ
2560 4218 2655 4295 καὶ
2682 4217 2853 4273 ταῦτα
2888 4219 3189 4290 ἠσπάζετο,
3219 4222 3315 4277 καὶ
3348 4225 3431 4286 είς
3458 4223 3559 4295 τὴν

1970 4316 2159 4370 ἅλυσιν
2208 4316 2383 4382 οὕτως
2431 4319 2855 4385 ἐκαλλωπίζετο,
2910 4322 2989 4385 ὡς
3024 4322 3148 4376 ούδέ
3204 4323 3265 4377 τὸ
3322 4323 3560 4395 διάδημα

1967 4415 2159 4489 Νέρων
2190 4419 2285 4472 ἐπὶ
2332 4418 2433 4490 τῆς
2467 4419 2709 4492 κεφαλῆς
2752 4421 2891 4492 ἔχων
2913 4438 2927 4453 ·
2968 4423 3063 4477 καὶ
3093 4423 3154 4477 τὸ
3187 4423 3560 4496 δεσμωτήριον

1967 4521 2024 4575 δέ
2056 4521 2210 4592 ᾤκει,
2247 4522 2325 4587 ὠς
2352 4523 2515 4577 αὐτὸν
2557 4524 2648 4578 τὸν
2686 4525 2939 4598 οὐρανὸν,
2988 4528 3081 4581 καὶ
3125 4528 3419 4600 τραύματα
3467 4532 3563 4584 καὶ

1973 4624 2243 4693 μάστιγας
2287 4623 2503 4695 ἐδέχετο
2528 4626 2677 4696 ἥδιον
2703 4627 2912 4681 τούτων
2941 4628 3052 4683 τῶν
3082 4629 3151 4683 τά
3200 4630 3429 4703 βραδεῖα
3461 4634 3563 4705 ἀρ-

1970 4723 2287 4788 παζόντων·
2319 4726 2414 4779 καὶ
2445 4727 2576 4791 τοὺς
2608 4727 2806 4793 πόνους
2833 4729 3009 4799 ἐφίλει
3038 4732 3149 4785 τῶν
3180 4732 3433 4788 ἐπάθλων
3460 4736 3562 4806 οὐχ

1970 4821 2151 4897 ἦττον,
2179 4826 2409 4882 ἔπαθλον
2439 4830 2569 4894 τοὺς
2593 4831 2790 4897 πόνους
2820 4828 2958 4887 εἶναι
2990 4834 3265 4905 νομίζων·
3292 4836 3381 4891 διὰ
3404 4838 3564 4893 τοῦτο

1970 4928 2064 4981 καὶ
2107 4929 2266 5001 χάριν
2310 4929 2509 4996 αὐτοὺς
2556 4932 2761 4989 ἐκάλει.
2812 4933 3015 4988 Σκόπει
3046 4934 3125 4988 δέ·
3159 4935 3435 4992 Ἔπαθλον
3467 4934 3560 5010 ἦν,

1969 5027 2031 5081 τὸ
2059 5028 2324 5083 ἀναλῦσαι
2363 5031 2458 5084 καὶ
2501 5032 2599 5085 σὺν
2641 5032 2865 5105 Χριστῷ
2893 5029 3053 5099 εἶναι,
3088 5035 3149 5091 τὸ
3177 5037 3235 5092 δέ
3279 5039 3561 5110 ἐπιμεῖναι

1970 5129 2036 5197 τῇ
2074 5128 2255 5199 σαρκὶ,
2300 5131 2330 5183 ό
2365 5129 2513 5200 ἀγὼν
2556 5122 2741 5196 οὗτος·
2780 5134 2898 5188 ἀλλ’
2937 5138 3083 5208 ὅμως
3146 5138 3306 5193 τοῦτο
3360 5140 3560 5210 μᾶλλον

1971 5228 2204 5300 αἱρεῖται
2273 5231 2483 5286 ἐκείνου
2505 5274 2519 5296 ,
2574 5218 2670 5289 καῖ¹
2718 5237 3144 5310 ἀναγκαιότερον
3200 5240 3352 5312 αύτῷ
3421 5237 3562 5297 εἶναί

1972 5346 2139 5399 φησι·
2176 5332 2236 5385 τὸ
2266 5330 2515 5406 ἀνάθεμα
2563 5338 2671 5403 ἀπὸ
2710 5340 2946 5412 Χριστοῦ
2988 5343 3263 5411 γενέσθαι,
3297 5346 3446 5414 ἀγὼν
3492 5344 3562 5417 ἦν

1973 5429 2068 5483 καὶ
2103 5432 2293 5497 πόνος,
2338 5435 2539 5505 μᾶλλον
2586 5437 2644 5491 δέ
2692 5441 2784 5495 καὶ
2822 5442 2961 5512 ὑπὲρ
2996 5444 3182 5498 ἀγῶνα
3218 5449 3313 5499 καὶ
3360 5449 3557 5501 πόνον·

1972 5552 2034 5605 τὸ
2066 5556 2181 5624 μετ’
2213 5556 2400 5624 αὐτοῦ,
2432 5559 2684 5617 ἔπαθλον.
2726 5564 2886 5618 Ἀλλά
2912 5565 3071 5621 τοῦτο
3096 5567 3298 5637 μᾶλλον
3323 5573 3560 5642 αἱρεῖται

1974 5652 2179 5709 ἐκείνου
2205 5657 2294 5711 διὰ
2322 5660 2412 5713 τὸν
2442 5662 2695 5733 Χριστόν.
2738 5664 2877 5718 Ἀλλ’
2907 5668 3035 5731 ἴσως
3073 5668 3217 5725 εἴποι
3247 5688 3330 5735 τις
3361 5672 3447 5734 ἂν,
3477 5674 3561 5726 ὅτι

1973 5755 2144 5811 ταῦτα
2184 5760 2361 5815 πάντα
2404 5761 2492 5818 διὰ
2520 5762 2610 5817 τὸν
2642 5765 2874 5836 Χριστὸν
2913 5768 3040 5840 ἡδέα
3088 5772 3237 5841 αύτῷ
3270 5768 3357 5843 ἦν.
3392 5774 3562 5828 Τοῦτο

3174 5862 3211 5924 5
