4206 6308
650 369 761 428 εει

668 486 779 558 γὰρ
804 481 906 536 καὶ
956 476 1065 546 ἐγώ
1105 490 1277 545 φημι,
1316 470 1398 523 δτι
1443 469 1586 537 ἅπερ
1630 465 1867 539 ἀθυμίας
1903 465 2033 533 ἡμῖν
2065 461 2232 525 αἴτια,

666 557 841 638 ταῦτα
885 576 1075 643 ἐκείνῳ
1114 568 1354 641 μεγάλην
1389 566 1596 618 ἔτικτεν
1626 563 1835 633 ἡδονήν.
1874 561 1983 613 Καὶ
2018 558 2069 611 τί
2100 557 2242 625 λέγω

670 674 947 735 κινδύνους
992 668 1087 722 καὶ
1116 665 1216 733 τάς
1252 663 1416 724 ἄλλας
1465 657 1869 721 ταλαιπωρίαςς
1898 653 2007 707 Καὶ
2034 652 2142 723 γάρ
2185 653 2241 703 ἐν

668 769 883 840 ἀθυμία
932 756 1288 835 διηνεκεῖῆν·
1340 757 1420 809 διὸ
1463 756 1557 809 καὶ
1604 754 1783 821 ἔλεγε·
1842 750 1937 817 Τίς
1972 745 2239 810 ἀσθενεῖ,

670 839 918 924 καὶούκ
946 856 1211 920 ἀσθενῶ;
1242 856 1333 920 τίς
1367 848 1842 911 σκανδαλίζεται,
1871 845 1969 899 καὶ
1997 845 2109 898 οὐκ
2129 839 2245 911 ἐγὼ

670 961 1003 1030 πυροῦμαις
1048 953 1193 1023 Πλὴν
1238 951 1287 1004 εἰ
1321 951 1415 1004 καὶ
1457 948 1554 1019 τὴν
1597 944 1830 1015 ἀθυμίαν
1876 938 2064 1013 ἡδονὴν
2101 936 2244 1007 ἔχειν

669 1062 821 1112 εἴποι
857 1072 940 1117 τις
984 1052 1069 1107 ἀν.
1099 1046 1425 1115 Πολλοίιγάρ
1455 1044 1544 1097 καὶ
1591 1040 1699 1093 τῶν
1727 1037 1893 1091 τέκνα
1942 1032 2244 1089 ἀποδαλόνυ

657 1172 810 1216 Ἶπίων,
847 1146 1282 1219 συγχωρούμενοι
1316 1143 1411 1213 μὲν
1443 1140 1678 1210 θρηνεῖν,
1717 1132 2068 1205 παραμυθίαν
2108 1131 2248 1201 λαμ-

672 1251 932 1304 ϐάνουσιε
963 1242 1295 1311 κωλυόμενοι
1327 1237 1405 1304 δὲ,
1449 1233 1701 1302 ἀλγοῦσι·
1738 1230 1989 1298 καθάπερ
2020 1224 2113 1281 οῦν
2155 1226 2249 1280 καὶ

674 1348 711 1399 ὁ
733 1342 961 1405 Παῦλος,
995 1336 1188 1399 νυκτὸς
1222 1334 1316 1388 καὶ
1342 1331 1553 1405 ἡμέρας
1576 1327 1848 1397 δακρύων,
1896 1321 2248 1395 παραμυθίαν

682 1438 1020 1510 ἐλάμὸανεν·
1069 1433 1241 1495 οὐδεὶς
1295 1428 1404 1499 γὰρ
1452 1425 1594 1479 οὕτω
1638 1425 1707 1477 τά
1758 1423 1936 1475 οἰκεῖα
1982 1417 2249 1487 ἐπένθησε

683 1533 851 1597 κακὰ,
876 1533 951 1595 ὡς
975 1530 1042 1584 τά
1072 1527 1322 1598 ἀλλότρια
1355 1524 1577 1583 ἐκεῖνος.
1616 1519 1743 1582 Πῶς
1772 1518 1882 1589 γάρ
1913 1517 2015 1568 οἴει
2053 1514 2252 1567 διακεῖ-

687 1636 811 1689 σθαι
851 1631 1008 1686 αὐτὸν
1054 1626 1320 1682 Ἰουδαίων
1367 1624 1428 1676 οὐ
1474 1618 1817 1689 σωζομένων,
1852 1617 1940 1670 ἵνα
1984 1613 2250 1677 σωθῶσιν,

686 1733 977 1805 εὐχόμενον
1015 1729 1264 1781 ἐκπεσεῖν
1306 1724 1406 1793 τῆς
1430 1723 1540 1778 ἀνω
1565 1720 1757 1790 δόξης;
1797 1717 1957 1771 Ὅθεν
1986 1715 2141 1785 δῆλον
2173 1713 2254 1766 ὅτι

688 1836 750 1891 τὸ
788 1836 861 1904 μὴ
894 1828 1159 1893 σώζεσθαι
1212 1825 1407 1887 αὐτοὺς
1442 1820 1620 1891 πολλῷ
1658 1818 2031 1891 χαλεπώτερον
2076 1810 2164 1884 ἦν.
2193 1812 2258 1865 Εἰ

689 1936 800 2005 γὰρ
834 1927 1331 2003 μηχαλεπώτερον,
1360 1924 1458 1975 οὐκ
1488 1919 1549 1974 ἂν
1591 1918 1793 1989 ηὔξατο
1819 1918 2021 1970 ἐκεῖνοο
2049 1915 2124 1978 ὡς
2151 1913 2259 1984 γάρ

690 2031 1020 2101 κουφότερον
1066 2026 1257 2087 εἵλετο,
1300 2021 1395 2076 καὶ
1432 2018 1629 2092 μᾶλλον
1659 2016 1810 2089 [485]
1853 2016 1978 2087 ἐχον
2008 2030 2261 2085 παραμυ-

693 2128 842 2182 θίαν’
888 2125 983 2178 καὶ
1027 2122 1126 2190 οὐχ
1160 2117 1342 2180 ἁπλῶς
1384 2115 1654 2176 ἐΰούλετο,
1701 2110 1837 2165 ἀλλά
1882 2110 1977 2163 καί
2016 2109 2145 2162 ἐθόα
2176 2106 2262 2160 λέ-

693 2240 834 2295 γων’
877 2226 996 2276 Ὅτι
1041 2221 1205 2286 λύπη
1236 2217 1339 2287 μοί
1383 2216 1536 2277 ἐστι,
1583 2212 1678 2267 καὶ
1710 2210 1895 2277 ὀδύνη
1934 2208 2012 2277 τῇ
2052 2206 2263 2276 καρδίᾳ.

692 2338 832 2392 μου.
882 2318 985 2371 Τὸν
1024 2310 1116 2369 οῦν
1168 2312 1287 2366 καθ’
1335 2310 1591 2378 ἑκάστην.
1640 2306 1717 2369 ῶς
1761 2306 1953 2370 εἰπεῖν,
1984 2303 2124 2371 ὑπὲρ
2157 2301 2265 2354 τῶν

696 2421 797 2493 τὴν
824 2414 1150 2485 οἰκουμένην
1174 2409 1462 2493 οἰκούντων
1490 2406 1781 2475 ἀλγοῦντα,
1815 2405 1907 2457 καὶ
1934 2402 2073 2473 ὑπὲρ
2103 2401 2269 2455 ἀπάν-
2298 2464 2303 2469 τ

698 2484 808 2573 τῶν
855 2516 1027 2585 κοινῇ,
1061 2484 1385 2573 καὶίίέθνῶν,
1425 2508 1521 2561 καὶ
1567 2505 1793 2569 πόλεω.,
1842 2504 1934 2557 καὶ
1966 2502 2106 2574 ὑπὲρ
2152 2502 2268 2564 ἑνὸς

700 2619 953 2679 ἑκάστου,
980 2611 1086 2666 τίνι
1115 2610 1179 2665 ἀν
1213 2626 1297 2672 τις
1325 2606 1580 2677 δυνηθείη
1612 2603 1981 2676 παραϐαλεῖν;
2026 2603 2161 2671 ποίῳ
2192 2618 2267 2653 m-

700 2720 881 2791 δήρῳ;
922 2712 1060 2783 ποίῳ
1104 2710 1405 2779 ἀδάμαντις
1440 2706 1503 2759 Τί
1538 2706 1602 2760 ἀν
1646 2722 1729 2767 τις
1766 2703 1977 2775 ἐκείνην
2022 2704 2270 2756 καλέσειε

701 2819 801 2889 τὴν
843 2813 1056 2886 ψυχήν;
1090 2808 1318 2883 χρυσῆν,
1364 2806 1399 2880 ἢ
1430 2803 1832 2877 ἀδαμαντίνην;
1868 2804 1962 2856 καὶ⁵
2006 2801 2115 2872 γάρ
2146 2801 2273 2855 ἀδά-

708 2932 905 2990 μαντος
930 2910 999 2985 ἦν
1030 2908 1230 2972 παντὸς
1258 2906 1607 2979 στερροτέρα,
1636 2905 1731 2957 καὶ
1758 2901 1959 2974 χρυσοῦ
1991 2903 2084 2955 καὶ
2111 2901 2273 2955 λίθων

704 3015 903 3087 τιμίων
945 3009 1275 3083 τιμιωτέρα·
1317 3005 1576 3074 κάκείνης
1610 3002 1709 3074 μὲν
1737 2997 1831 3055 οῦν
1872 3002 1971 3071 τῆς
2000 2999 2132 3071 ὕλης
2175 3000 2276 3071 τὴν

706 3115 951 3172 εὐτονίαν
1002 3108 1330 3182 παρελάσει,
1385 3104 1589 3175 ταύτης
1641 3103 1700 3157 δέ
1756 3103 1854 3173 τὴν
1907 3101 2273 3156 πολυτέλειαν.

708 3220 827 3273 Τίνι
856 3216 922 3270 ἂν
966 3210 1059 3268 οῦν
1094 3228 1178 3275 τις
1215 3208 1384 3279 αὐτὴν
1426 3204 1763 3278 παραδάλοι;
1806 3202 1927 3259 Τῶν
1962 3203 2061 3274 μὲν
2102 3202 2278 3258 οὐσῶν

708 3318 951 3389 οὐδεμιᾷ.

779 3421 842 3472 Εἰ
868 3418 928 3472 δὲ
962 3414 1161 3488 χρυσὸς
1186 3412 1402 3483 ἀδάμας
1436 3410 1667 3480 γένοιτο.
1694 3408 1792 3461 καὶ
1814 3408 2025 3478 ἀδάμας
2055 3406 2276 3480 χρυσὸς,

711 3524 831 3578 τότε
861 3518 1109 3575 ὁπωσοῦν
1138 3514 1317 3571 αὐτῶν
1348 3512 1599 3579 τεύξεται
1626 3510 1725 3581 τῆς
1766 3509 1990 3573 εἰκόνος.
2030 3508 2189 3562 ’Δλλά
2225 3509 2281 3561 τί

714 3648 806 3686 μοι
844 3610 1210 3696 παραϐάλλειν
1255 3618 1520 3689 ἀδάμαντι
1552 3615 1648 3669 καὶ
1690 3613 1901 3686 χρυσῷ;
1941 3613 2046 3666 Τὸν
2079 3612 2280 3682 κόσμον

713 3725 929 3789 ἀντίθες
977 3723 1191 3777 ἃπαντα
1213 3760 1226 3783 ,
1280 3718 1377 3772 καὶ
1429 3717 1549 3770 τότε
1598 3713 1717 3783 ὕψει
1769 3712 2137 3767 καθέλκουσαν
2184 3711 2279 3765 τοῦ

715 3828 927 3886 Παύλου
963 3826 1063 3897 τὴν
1104 3822 1303 3893 ψυχήν.
1339 3820 1402 3872 Εἰ
1445 3817 1557 3888 γάρ
1584 3817 1716 3887 περί
1751 3814 1861 3869 τῶν
1904 3816 1962 3867 ἐν
2009 3813 2281 3885 μηλωταῖς

714 3929 811 3983 καὶ
849 3924 1133 3997 σπηλαίοις
1169 3921 1264 3974 καί¹
1294 3920 1353 3973 ἐν
1403 3915 1585 3989 μικρῷ
1634 3915 1789 3985 μέρει
1819 3914 1918 3984 τῆς
1960 3914 2283 3985 οἰκουμένης

715 4026 1132 4097 διαπρεψάντων
1179 4018 1338 4073 τοῦτό
1392 4033 1555 4087 φησιν
1606 4017 1843 4078 ἐκεῖνος,
1877 4012 2053 4097 πολλῷ
2085 4013 2284 4097 μᾶλλον

716 4096 861 4180 περί
883 4106 1046 4161 αὐτοῦ
1084 4105 1151 4158 ἂν
1182 4102 1432 4170 εἴποιμεν
1468 4099 1653 4169 ἡμεῖς,
1681 4097 1757 4160 ὡς
1784 4097 1867 4150 ὅτι
1897 4096 2113 4151 πάντων
2155 4096 2284 4150 ἀντ-

718 4211 865 4275 άξιος
909 4204 998 4280 ἦν.
1044 4208 1107 4260 Εἰ
1136 4203 1317 4258 τοίνυν
1354 4203 1382 4254 ό
1413 4201 1617 4269 κόσμος
1660 4197 1823 4252 αὐτοῦ
1866 4198 1965 4251 οὐκ
1993 4198 2160 4265 ἄξιος,
2202 4197 2285 4263 τίς

719 4312 897 4376 ἅξιος;
940 4308 1082 4377 τάχα
1120 4307 1148 4359 ό
1180 4303 1439 4375 οὐρανόςς
1489 4299 1647 4353 Ἀλλά
1688 4301 1781 4353 καὶ
1825 4298 1984 4353 τοῦτο
2032 4300 2281 4371 σμικρόν.

719 4417 782 4469 Εἰ
826 4415 935 4484 γάρ
968 4411 1127 4473 αὐτὸς
1177 4404 1407 4479 οὐρανοῦ
1457 4404 1594 4475 μετά
1638 4404 1747 4458 τῶν
1788 4405 1846 4457 ἐν
1878 4406 1991 4468 τοῖς
2037 4404 2287 4475 οὐρανοῖς

720 4513 1056 4586 προετίμησε
1100 4510 1194 4563 τοῦ
1226 4507 1494 4560 Δεσπότου
1527 4504 1626 4575 τὴν
1655 4504 1897 4575 ἀγάπην,
1926 4503 2107 4575 ⁸πολλῷ
2149 4504 2287 4576 μᾶλ-

719 4613 812 4668 λον
837 4615 866 4665 ὀ
897 4611 1171 4678 Δεσπότης
1196 4609 1224 4661 δ
1256 4605 1506 4660 τοσοῦτον
1545 4604 1709 4659 αὐτοῦ
1752 4604 2119 4676 ἀγαθώτερος,
2161 4606 2285 4659 ὅσον

722 4712 989 4783 πονηρίας
1037 4708 1325 4777 ἀγαθότης.
1361 4706 1569 4777 μυρίων
1609 4705 1769 4760 αὐτὸν
1811 4707 2056 4777 οὐρανῶν
2099 4723 2285 4777 προτι.

726 4816 911 4886 μήσει.
955 4814 1029 4866 Οὐ
1070 4810 1179 4881 γὰρ
1211 4810 1412 4880 ὁμοίως
1462 4809 1609 4880 ἡμᾶς
1641 4808 1815 4877 φιλεῖ,
1849 4808 2098 4880 καθάπερ
2127 4810 2287 4881 ἡμεῖς

723 4915 906 4979 αὐτὸν,
937 4912 1073 4966 άλλά
1116 4908 1370 4963 τοσοῦτον
1401 4908 1582 4976 πλέον,
1617 4908 1740 4962 ὅσον
1784 4908 1903 4962 οὐδὲ
1934 4908 2075 4979 λόγῳ
2106 4928 2286 4983 παρα-

724 5016 921 5085 στῆσαι
956 5012 1055 5065 ἐνι.
1086 5009 1286 5063 Σκόπει
1326 5007 1458 5078 γοῦν
1488 5007 1693 5081 ἡλίκων
1723 5008 1885 5064 αὐτὸν
1914 5011 2008 5063 καί
2047 5010 2152 5082 πρὸ
2187 5011 2287 5081 τῆς

728 5114 1027 5186 μελλούσης
1051 5111 1281 5183 ἠξίωσεν
1306 5108 1675 5172 ἀναστάσεως.
1714 5110 1808 5173 Εἰς
1835 5110 2158 5180 παράδεισον
2188 5112 2289 5184 ἤρ-

725 5230 920 5279 πασεν,
962 5213 1042 5275 είς
1096 5210 1281 5283 τρίτον
1334 5210 1613 5280 ἀνήγαγεν
1660 5209 1909 5282 οὐρανὸν,
1963 5211 2289 5286 ἀπορρήτων

728 5314 951 5385 ἐποίησε
991 5310 1247 5365 κοινωνὸν
1291 5308 1569 5375 τοιούτων,
1616 5307 1653 5363 ἀ
1698 5310 1888 5380 μηδενί
1916 5311 2024 5366 τῶν
2068 5312 2165 5384 τὴν
2197 5315 2291 5369 ἀν-

728 5412 1004 5483 θρωπίνην
1052 5410 1324 5480 λαχόντων
1371 5409 1532 5479 φύσιν
1567 5408 1734 5483 θέμις,
1770 5412 1962 5464 εἰπεῖν.
1996 5413 2104 5466 Καὶ
2148 5415 2291 5485 μάλα

729 5514 947 5576 εἰκότως
971 5529 985 5543 '
1017 5513 1113 5565 καὶ
1140 5509 1248 5581 γὰρ
1277 5513 1334 5563 ἐν
1367 5514 1437 5581 γῇ
1478 5508 1725 5580 βαδίζων,
1753 5511 1828 5574 ὡς
1872 5512 2009 5582 μετά
2046 5513 2291 5582 ἀγγέλων

730 5613 1059 5684 περιπολῶν,
1104 5610 1277 5674 οὕτως
1324 5611 1589 5681 ἔπραττεν
1639 5610 1852 5665 ᾶπαντα
1938 5615 2033 5668 καὶ
2080 5614 2290 5686 σώματι

732 5712 906 5783 θνητῷ
965 5711 1361 5784 συνδεδεμένος,
1405 5710 1503 5781 τὴν
1545 5709 1766 5766 ἐκείνων
1806 5711 2150 5786 καθαρότητα
2195 5718 2291 5771 ἐπ-

1357 352 1416 404 3.
1457 348 1740 407 JOANNIS
1773 347 2257 406 CHRYSOSTOMI
2299 349 2614 401 AIICIIIEP.
2645 346 3189 403 CUNS'IANTINOP.

3802 338 3913 396 διεὲ

2342 457 2633 522 εδείκνυτο,
2666 459 2761 511 καὶ
2788 458 3055 525 ἀνάγκαις
3084 452 3377 515 τοσαύταις
3400 451 3775 522 ὑποκείμενος,
3802 453 3916 521 ἐφι-

2340 566 2569 619 λονείκει
2600 565 2711 619 τῶν
2741 564 2851 619 ἀνω
2874 563 3155 633 δυνάμεων
3188 561 3353 631 μηδὲν
3398 558 3617 613 ἔλαττον
3658 559 3917 627 φανῆναι.

2341 676 2452 731 Καὶ
2483 675 2593 747 γὰρ
2636 674 2711 737 ὡς
2757 671 2956 743 πτηνὸς
2995 672 3096 741 τὴν
3128 669 3453 740 οἰκουμένην
3485 668 3772 739 διέδραμε,
3822 671 3920 721 καὶ

2342 785 2419 849 ώς
2446 782 2735 854 ἀσώματος
2761 782 2938 836 πόνων
2962 778 3256 853 ὑπερεώρα
3284 779 3379 834 καί
3406 777 3687 842 κινδύνων,
3713 778 3807 833 καὶ
3843 778 3925 841 ώς

2343 891 2434 947 τδν
2477 889 2704 963 οὐρανὸν
2730 889 2831 960 ἠδη
2879 884 3082 957 λαχὼν,
3126 883 3454 956 κατεφρόνει
3499 884 3616 937 τῶν
3645 886 3738 939 ἐπὶ
3782 884 3921 952 γῆς.

2341 999 2439 1056 καί
2468 1000 2545 1063 ώς
2579 998 2696 1070 μετ’
2736 996 2916 1051 αὐτῶν
2955 994 3430 1067 ἀναστρεφόμενος
3469 993 3581 1047 τῶν
3612 993 3929 1064 ἀσωμάτων

2332 1106 2645 1176 δυνάμεων,
2676 1101 2820 1157 οὕτω
2854 1100 3118 1173 διηνεκῶς
3159 1097 3477 1171 ἐγρηγορὼς
3523 1093 3616 1169 ἦν.
3640 1097 3829 1152 Καίτοι
3859 1116 3927 1166 γε

2344 1207 2567 1277 ἄγγελοι
2594 1205 2856 1269 πολλάκις
2884 1202 3329 1275 ἐνεχειρίσθησαν
3358 1202 3489 1273 εθνη
3512 1202 3774 1274 διάφορα·
3808 1201 3933 1255 an?

2347 1316 2467 1371 οὐδὲ
2496 1309 2578 1380 εἷς
2612 1313 2788 1369 αὐτῶν
2816 1312 2877 1366 τὸ
2911 1311 3079 1375 ἔθνος,
3108 1311 3137 1364 δ
3169 1310 3559 1382 ἐνεπιστεύθη,
3588 1309 3761 1375 οὓτως
3794 1312 3933 1381 quo.

2350 1424 2608 1496 νόμησεν,
2648 1420 2725 1486 ῶς
2760 1419 2976 1484 Παῦλος
3012 1419 3113 1491 τὴν
3156 1418 3485 1490 οἰκουμένην
3528 1418 3767 1473 ἃπασαν.
3814 1419 3935 1472 Καὶ

2356 1534 2432 1605 μή
2467 1550 2556 1603 μοι
2591 1531 2719 1600 λέγε
2748 1532 2831 1584 ὅτι
2864 1528 3078 1593 Παῦλος
3109 1528 3209 1580 οὐκ
3234 1521 3304 1598 ἦν
3332 1529 3361 1581 ό
3391 1525 3563 1581 ταῦτα
3593 1523 3929 1598 οἰκονομῶν·

2355 1645 2449 1699 καὶ
2488 1643 2597 1715 γάρ
2642 1643 2737 1695 καὶ
2766 1640 2931 1704 αὐτὸς
2964 1638 3231 1710 ὁμολογῶ,
3280 1639 3345 1692 Εἰ
3372 1638 3482 1709 γάρ
3518 1638 3611 1691 καὶ
3663 1638 3739 1710 μὴ
3767 1637 3938 1701 αὐτὸς

2355 1744 2425 1820 ἦν
2448 1749 2477 1802 ό
2501 1745 2674 1801 ταῦτα
2701 1744 2898 1809 ἀνύων,
2921 1743 3035 1797 ἀλλ’
3059 1743 3182 1797 οὐδὲ
3211 1741 3383 1806 οὐτως
3416 1741 3571 1805 ἐκτὸς
3607 1737 3683 1813 ἦν
3702 1741 3811 1795 τῶν
3834 1742 3941 1794 ἐπὶ

2356 1851 2565 1916 τούτοις
2604 1851 2859 1915 ἐπαίνων,
2907 1848 3095 1920 ἐπειδὴ
3131 1848 3321 1901 ἐαυτὸν
3349 1844 3493 1899 οῦτω
3527 1845 3943 1899 κατεσκεύασεν

2358 1956 2508 2023 ἀξιον
2548 1955 2648 2022 τῆς
2677 1952 2943 2024 τοσαύτης
2968 1953 3208 2024 χάριτος.
3239 1950 3299 2004 '0
3329 1950 3549 2021 Μιχαὴλ
3573 1949 3635 2003 τδ
3662 1949 3771 2002 τῶν
3802 1949 3943 2003 Ἰου-

2359 2057 2523 2114 δαίων
2552 2056 2701 2118 ἔθνος
2748 2053 2905 2126 [486]
2944 2053 3308 2124 ἐνεχειρίσθη·
3353 2050 3563 2114 Παῦλος
3604 2051 3661 2104 δέ
3694 2051 3801 2120 γῆν
3839 2052 3944 2106 καὶ

2363 2159 2651 2223 θάλατταν,
2699 2153 2929 2226 χαίτην
2978 2153 3326 2224 οἰκουμένην,
3378 2154 3474 2207 καὶ
3512 2153 3611 2224 τὴν
3653 2153 3941 2222 ἀοίκητον.

2362 2263 2475 2319 Καὶ
2500 2260 2671 2316 ταῦτα
2695 2260 2795 2315 οὐκ
2828 2258 3097 2329 ἀγγέλους
3135 2256 3370 2331 ὑϐρίζων
3402 2255 3568 2325 λέγω,
3604 2256 3680 2328 μὴ
3705 2255 3949 2325 γένοιτο,

2364 2369 2502 2424 ἀλλά
2528 2366 2765 2429 δεικνύς,
2792 2365 2876 2418 ὅτι
2901 2362 3123 2417 δυνατὸν
3155 2360 3251 2415 ἀνθ
3261 2378 3443 2432 ρωπον
3471 2361 3603 2415 ὄντα
3650 2362 3765 2430 μετ’
3796 2359 3951 2412 ἐκεί-

2366 2490 2472 2528 νων
2521 2468 2694 2536 εἶναι,
2748 2469 2846 2523 καί⁵
2895 2469 3065 2537 ἐγγύς
3103 2467 3284 2521 αὐτῶν
3339 2466 3581 2520 ἑστάναι.
3633 2465 3744 2518 Καὶ
3797 2464 3953 2527 τίνος

2368 2583 2551 2635 ἕνεκεν
2583 2583 2683 2634 οὐκ
2713 2578 2936 2648 ἀγγελοι
2964 2576 3137 2631 ταῦτα
3181 2576 3658 2664 ἐνεχειρίσθησανς
3697 2577 3813 2630 Ἵνα
3846 2593 3957 2647 μη-

2369 2690 2561 2761 δεμίαν
2591 2687 2887 2756 ἀπολογίαν
2928 2684 3059 2756 ἔχῃς
3089 2684 3369 2755 ῥᾳθυμῶν,
3410 2684 3544 2755 μηδὲ
3573 2686 3653 2747 εἰς
3694 2683 3792 2754 τὴν
3820 2683 3952 2736 δια-

2370 2797 2543 2869 φορὰν
2566 2796 2669 2865 τῆς
2706 2794 2922 2865 φύσεως
2951 2793 3304 2863 καταφεύγῃς
3338 2791 3649 2846 καθεύδων’
3686 2790 3861 2854 ἄλλως
3894 2791 3961 2846 δὲ

2372 2905 2469 2960 καὶ
2493 2904 2553 2957 τὸ
2577 2900 2764 2973 θαῦμα
2798 2900 2980 2971 μεῖζον
3009 2900 3239 2967 ἐγίνετο.
3266 2898 3391 2961 Πῶς
3420 2898 3528 2969 γάρ
3549 2898 3610 2950 οὐ
3637 2896 3959 2967 θαυμαστὸν

2375 3014 2470 3068 καί
2502 3009 2825 3083 παράδοξον,
2872 3007 2981 3062 ἀπὸ
3031 3005 3281 3077 γλώττης
3333 3004 3569 3075 πηλίνης
3621 3002 3956 3075 ἐκπηδῶντα.

2374 3117 2551 3186 λόγον,
2589 3115 2817 3168 θάνατον
2860 3109 3205 3183 φυγαδεύειν,
3237 3109 3613 3179 ἁμαρτήματα
3653 3106 3825 3173 λύειν,
3852 3123 3961 3160 πε-

2376 3218 2710 3293 πηρωμένιην
2738 3213 2985 3288 διορθοῦν
3016 3213 3199 3285 φύσιν,
3232 3212 3327 3280 καί
3352 3211 3452 3282 τὴν
3490 3214 3595 3284 γῆν
3623 3211 3973 3284 ἐργάζεσθαι·

2375 3322 2630 3396 οὐρανόν;
2668 3321 2767 3375 Διά
2792 3318 2952 3373 τοῦτο
2997 3317 3373 3389 ἐκπλήττομαι
3415 3315 3512 3370 τοῦ
3560 3315 3701 3369 Θεοῦ
3724 3316 3823 3389 τὴν
3862 3315 3959 3370 δύο

2378 3444 2563 3497 ναμιν,
2589 3423 2679 3479 διά
2702 3420 2876 3477 ταῦτα
2909 3422 3180 3493 θαυμάζω
3223 3420 3316 3474 τοῦ
3361 3420 3578 3474 Παύλου
3606 3419 3707 3493 τὴν
3749 3420 3959 3493 προθυο

2384 3527 2531 3599 μίαν,
2573 3526 2655 3580 ὅτι
2700 3522 2971 3594 τοσαύτην
3015 3521 3309 3587 ὐπεδέξατο
3353 3522 3536 3594 χάριν,
3586 3523 3669 3577 ὅτι
3716 3523 3970 3578 τοιοῦτον

2384 3634 2795 3709 παρεσκεύασεν
2828 3634 3037 3687 ἑαυτόν.
3069 3634 3180 3687 Καὶ
3215 3633 3361 3705 ὑμᾶς
3392 3634 3696 3704 παρακαλῶ
3726 3636 3802 3707 μὴ
3832 3634 3963 3689 θαυ-

2384 3746 2580 3817 μάζειν
2616 3744 2796 3815 μόνον,
2842 3740 2979 3795 ἀλλά
3028 3742 3123 3794 καί
3184 3741 3472 3812 μιμεῖσθαι
3500 3740 3594 3799 ,τὸ
3652 3740 3965 3811 ἀρχέτυπον

2380 3848 2537 3902 τοῦτο
2566 3847 2663 3917 τῆς
2693 3845 2893 3917 ἀρετῆς
2912 3862 2925 3876 ο
2953 3843 3098 3899 οῦτω
3126 3843 3233 3916 γάρ
3262 3842 3609 3916 δυνησόμεθά
3636 3842 3745 3897 τῶν
3780 3844 3958 3905 αὐτῶν

3417 3948 3479 4002 Εἰ
3539 3949 3599 4002 δέ
3657 3947 3963 4019 θαυμάζεις

2383 4057 2618 4123 ἀκούων,
2652 4056 2756 4119 δτι,
2793 4054 2863 4108 τά
2888 4055 3029 4109 αὐτά
3066 4052 3442 4125 κατορθώσας,
3468 4053 3575 4107 τῶν
3616 4052 3798 4107 αὐτῶν
3841 4052 3965 4107 ἐπι-

2385 3948 2664 4023 στεφάνων
2734 3950 3062 4021 κοινωνῆσαι
3127 3949 3339 4020 ἐκείνῳ.

2384 4164 2567 4237 τεύξῃ,
2609 4162 2837 4217 ἄκουσον
2865 4160 3031 4215 αὐτοῦ
3074 4158 3250 4214 ταῦτα
3291 4158 3574 4227 λέγοντοςο
3612 4156 3725 4212 Τὸν
3754 4156 3967 4227 ἀγῶνα

2385 4267 2493 4323 τὸν
2530 4266 2721 4321 καλὸν
2752 4264 3103 4335 ἠγώνισμαι,
3136 4263 3245 4317 τὸν
3270 4261 3494 4332 δρόμον
3518 4261 3821 4326 τετέλεκα,
3840 4260 3967 4329 ,τὴν

2388 4373 2595 4426 πίστιν
2621 4370 2945 4439 τετήρηκαθ
2973 4369 3190 4423 λοιπὸν
3214 4368 3524 4424 ἀπόκειταί
3543 4383 3646 4437 μοι
3670 4370 3705 4422 ὁ
3740 4364 3851 4435 τῆς
3883 4364 3968 4420 δο-

2387 4476 2717 4542 καιοσὺνης
2754 4468 3071 4541 στέφανος,
3106 4471 3176 4515 λι·
3202 4469 3503 4526 ἀποδώσει
3538 4486 3641 4539 μοι
3685 4468 3902 4537 Κύριος
3932 4471 3968 4523 d

2386 4577 2613 4644 δίκαιος
2651 4575 2856 4645 κριτὴς
2883 4576 2952 4629 ἐν
2978 4576 3181 4643 ἐκεινῃ
3211 4572 3285 4643 τῇ
3314 4572 3536 4644 ἡμέρα·
3572 4573 3645 4628 οὐ
3672 4573 3869 4643 μόνον
3894 4570 3968 4625 δὲ

2384 4681 2536 4751 ἐμοὶ,
2571 4680 2731 4736 ἀλλὰ
2765 4681 2863 4733 καί
2899 4664 3051 4734 πᾶσι
3081 4677 3206 4745 τοῖς
3236 4677 3582 4747 ἠγαπηκόσι
3613 4674 3729 4744 τὴν
3749 4674 3970 4744 ἐπιφὰο

2385 4802 2553 4841 ratur
2576 4781 2784 4839 αὐτοῦ.
2820 4783 2987 4855 Ὁρᾷς
3016 4781 3136 4847 πῶς
3165 4781 3375 4848 πάντας
3407 4782 3489 4844 εἰς
3520 4781 3620 4853 τὴν
3650 4780 3821 4851 αὐτὴν
3848 4797 3971 4834 κοι-

2386 4888 2581 4944 νωνίαν
2608 4889 2791 4955 καλεῖς
2832 4887 2986 4941 Ἐπεὶ
3023 4881 3117 4940 οὖν
3152 4886 3326 4941 ἀπασι
3370 4885 3656 4957 πρόκειται
3690 4883 3761 4939 τά
3798 4885 3968 4950 αὐτὰ,

2388 4993 2587 5057 πάντες
2625 4990 3016 5059 σπουδάσωμεν
3044 4987 3183 5053 ἄξιοι
3231 4987 3481 5057 γενέσθαι
3531 4986 3642 5042 τῶν
3687 4988 3966 5059 ἐπηγγελ-

2392 5098 2567 5168 μένων
2612 5093 2865 5165 ἀγαθῶΨ
2895 5093 2991 5147 καὶ
3037 5091 3113 5164 μὴ
3156 5092 3317 5164 μόνον
3353 5093 3418 5147 τὸ
3460 5091 3697 5165 μέγεθος
3734 5090 3829 5145 καὶ
3871 5092 3971 5146 τὸν

2389 5200 2551 5267 δγκον
2583 5200 2690 5253 τῶν
2721 5196 3159 5269 κατορθωμάτων
3188 5197 3407 5267 ἴδωμεν,
3441 5195 3579 5249 ἀλλά
3615 5194 3713 5249 καὶ
3746 5194 3839 5249 τὸν
3870 5198 3970 5249 τό-

2390 5321 2480 5360 νον
2505 5304 2604 5376 τῆς
2632 5302 2956 5379 προθυμίας,
2987 5300 3054 5353 δι’
3075 5295 3144 5373 ἧς
3180 5299 3449 5372 τοσαύτην
3478 5300 3828 5354 ἐπεσπάσατο
3865 5301 3972 5372 χά-

2395 5430 2498 5485 ριν,
2535 5410 2629 5465 καί
2664 5409 2725 5463 τὸ
2751 5410 2854 5481 τῆς
2897 5408 3113 5479 φύσεως
3142 5406 3435 5477 συγγενές’
3472 5406 3583 5463 τῶν
3625 5406 3731 5480 γάρ
3782 5407 3973 5462 αὐτῶν

2389 5518 2523 5588 ἡμῖν
2552 5513 2905 5586 ἐκοινώνησεν
2929 5512 3201 5567 ἁπάντων.
3230 5511 3340 5565 Καὶ
3365 5510 3509 5566 οὕτω
3540 5510 3633 5565 καὶ
3659 5510 3727 5564 τά
3760 5510 3974 5584 σφόδρα

2391 5617 2830 5689 δυσκατόρθωτα,
2874 5617 3035 5689 ῥᾴδια
3061 5616 3193 5687 ἡμῖν
3221 5616 3473 5686 φανεῖται
3502 5615 3596 5670 καί
3644 5611 3840 5684 κοῦφα,
3870 5615 3969 5668 καὶ

2396 5725 2488 5780 τὸν
2516 5723 2721 5795 βραχὺν
2748 5720 2935 5777 τοῦτον
2973 5719 3245 5791 καμόντες
3277 5718 3487 5797 χρόνον,
3514 5718 3607 5775 τὸν
3635 5718 3831 5790 ἀγήρω
3870 5726 3997 5780 καὶ»
