  <div class='ocr_page' id='page_1' title='image "/cluster/home/n/w/nwhite01/storage/ocr_20150623/50/pst.000005712496/078.png"; bbox 0 0 4206 6318; ppageno 0'>
   <div class='ocr_carea' id='block_1_1' title="bbox 286 375 380 431">
    <p class='ocr_par' dir='ltr' id='par_1_1' title="bbox 286 375 380 431">
     <span class='ocr_line' id='line_1_1' title="bbox 286 375 380 431; baseline 0.011 -2"><span class='ocrx_word' id='word_1_1' title='bbox 286 375 380 431; x_wconf 68' lang='grc' dir='ltr'><strong>ιςι</strong></span> 
     </span>
    </p>
   </div>
   <div class='ocr_carea' id='block_1_2' title="bbox 286 492 1859 567">
    <p class='ocr_par' dir='ltr' id='par_1_2' title="bbox 286 492 1859 567">
     <span class='ocr_line' id='line_1_2' title="bbox 286 492 1859 567; baseline -0.001 -18"><span class='ocrx_word' id='word_1_2' title='bbox 286 493 574 560; x_wconf 79' lang='lat' dir='ltr'><strong>conﬁteor;</strong></span> <span class='ocrx_word' id='word_1_3' title='bbox 616 492 869 564; x_wconf 86' lang='lat' dir='ltr'><strong>quoniam</strong></span> <span class='ocrx_word' id='word_1_4' title='bbox 913 509 1033 567; x_wconf 70' lang='lat' dir='ltr'><strong>quas</strong></span> <span class='ocrx_word' id='word_1_5' title='bbox 1072 494 1228 552; x_wconf 89' lang='lat' dir='ltr'><strong>nobis</strong></span> <span class='ocrx_word' id='word_1_6' title='bbox 1274 503 1395 550; x_wconf 84' lang='lat' dir='ltr'><strong>sunt</strong></span> <span class='ocrx_word' id='word_1_7' title='bbox 1417 509 1576 550; x_wconf 82' lang='lat' dir='ltr'><strong>causa</strong></span> <span class='ocrx_word' id='word_1_8' title='bbox 1613 494 1859 559; x_wconf 67' lang='lat' dir='ltr'><strong>tristitiae,</strong></span> 
     </span>
    </p>
   </div>
   <div class='ocr_carea' id='block_1_3' title="bbox 289 585 1863 689">
    <p class='ocr_par' dir='ltr' id='par_1_3' title="bbox 289 585 1863 689">
     <span class='ocr_line' id='line_1_3' title="bbox 289 585 1863 689; baseline -0.001 -50"><span class='ocrx_word' id='word_1_9' title='bbox 289 588 397 641; x_wconf 59' lang='lat' dir='ltr'><strong>hac</strong></span> <span class='ocrx_word' id='word_1_10' title='bbox 428 585 505 640; x_wconf 94' lang='lat' dir='ltr'><strong>illi</strong></span> <span class='ocrx_word' id='word_1_11' title='bbox 534 585 809 655; x_wconf 81' lang='lat' dir='ltr'><strong>pariebant</strong></span> <span class='ocrx_word' id='word_1_12' title='bbox 837 587 1120 642; x_wconf 79' lang='lat' dir='ltr'><strong>maximam</strong></span> <span class='ocrx_word' id='word_1_13' title='bbox 1149 589 1496 689; x_wconf 63' lang='lat' dir='ltr'><strong>voluptatem.</strong></span> <span class='ocrx_word' id='word_1_14' title='bbox 1523 585 1591 641; x_wconf 86' lang='lat' dir='ltr'><strong>Et</strong></span> <span class='ocrx_word' id='word_1_15' title='bbox 1618 585 1743 656; x_wconf 86' lang='lat' dir='ltr'><strong>quid</strong></span> <span class='ocrx_word' id='word_1_16' title='bbox 1763 599 1863 689; x_wconf 80' lang='lat' dir='ltr'><strong>ego</strong></span> 
     </span>
    </p>
   </div>
   <div class='ocr_carea' id='block_1_4' title="bbox 287 677 1860 780">
    <p class='ocr_par' dir='ltr' id='par_1_4' title="bbox 287 677 1860 780">
     <span class='ocr_line' id='line_1_4' title="bbox 287 677 1860 780; baseline -0.003 -48"><span class='ocrx_word' id='word_1_17' title='bbox 287 677 516 746; x_wconf 89' lang='lat' dir='ltr'><strong>pericula</strong></span> <span class='ocrx_word' id='word_1_18' title='bbox 547 691 919 749; x_wconf 71' lang='lat' dir='ltr'><strong>aerumnasque</strong></span> <span class='ocrx_word' id='word_1_19' title='bbox 942 678 1345 734; x_wconf 84' lang='lat' dir='ltr'><strong>commemoro?</strong></span> <span class='ocrx_word' id='word_1_20' title='bbox 1375 679 1430 734; x_wconf 95' lang='lat' dir='ltr'><strong>in</strong></span> <span class='ocrx_word' id='word_1_21' title='bbox 1461 693 1692 780; x_wconf 62' lang='lat' dir='ltr'><strong>interere</strong></span> <span class='ocrx_word' id='word_1_22' title='bbox 1719 679 1860 780; x_wconf 70' lang='lat' dir='ltr'><strong>enim</strong></span> 
     </span>
    </p>
   </div>
   <div class='ocr_carea' id='block_1_5' title="bbox 283 763 1861 842">
    <p class='ocr_par' dir='ltr' id='par_1_5' title="bbox 283 763 1861 842">
     <span class='ocr_line' id='line_1_5' title="bbox 283 763 1861 842; baseline 0.003 -23"><span class='ocrx_word' id='word_1_23' title='bbox 283 763 518 823; x_wconf 82' lang='lat' dir='ltr'><strong>maximo</strong></span> <span class='ocrx_word' id='word_1_24' title='bbox 562 769 650 826; x_wconf 92' lang='lat' dir='ltr'><strong>ille</strong></span> <span class='ocrx_word' id='word_1_25' title='bbox 669 770 1000 837; x_wconf 85' lang='lat' dir='ltr'><strong>versabatur,</strong></span> <span class='ocrx_word' id='word_1_26' title='bbox 1043 779 1258 842; x_wconf 76' lang='lat' dir='ltr'><strong>propter</strong></span> <span class='ocrx_word' id='word_1_27' title='bbox 1291 770 1430 841; x_wconf 90' lang='lat' dir='ltr'><strong>quod</strong></span> <span class='ocrx_word' id='word_1_28' title='bbox 1461 769 1702 825; x_wconf 87' lang='lat' dir='ltr'><strong>dicebat:</strong></span> <span class='ocrx_word' id='word_1_29' title='bbox 1736 768 1861 835; x_wconf 84' lang='lat' dir='ltr'><strong>Quis</strong></span> 
     </span>
    </p>
   </div>
   <div class='ocr_carea' id='block_1_6' title="bbox 279 861 1860 967">
    <p class='ocr_par' dir='ltr' id='par_1_6' title="bbox 279 861 1860 967">
     <span class='ocr_line' id='line_1_6' title="bbox 279 861 1860 967; baseline 0.001 -55"><span class='ocrx_word' id='word_1_30' title='bbox 279 861 588 929; x_wconf 77' lang='lat' dir='ltr'><strong>inﬁrmatur,</strong></span> <span class='ocrx_word' id='word_1_31' title='bbox 619 871 665 917; x_wconf 80' lang='lat' dir='ltr'><strong>et</strong></span> <span class='ocrx_word' id='word_1_32' title='bbox 692 879 783 934; x_wconf 82' lang='lat' dir='ltr'><strong>ego</strong></span> <span class='ocrx_word' id='word_1_33' title='bbox 808 880 909 918; x_wconf 83' lang='lat' dir='ltr'><strong>non</strong></span> <span class='ocrx_word' id='word_1_34' title='bbox 945 864 1176 931; x_wconf 77' lang='lat' dir='ltr'><strong>inﬁrmor</strong></span> <span class='ocrx_word' id='word_1_35' title='bbox 1196 864 1221 916; x_wconf 72' lang='grc'><em>7</em></span> <span class='ocrx_word' id='word_1_36' title='bbox 1242 863 1353 932; x_wconf 86' lang='lat' dir='ltr'><strong>quis</strong></span> <span class='ocrx_word' id='word_1_37' title='bbox 1394 861 1784 967; x_wconf 51' lang='lat' dir='ltr'><strong>scandalizatur,</strong></span> <span class='ocrx_word' id='word_1_38' title='bbox 1813 871 1860 967; x_wconf 75' lang='lat' dir='ltr'><strong>et</strong></span> 
     </span>
    </p>
   </div>
   <div class='ocr_carea' id='block_1_7' title="bbox 278 955 1858 1061">
    <p class='ocr_par' dir='ltr' id='par_1_7' title="bbox 278 955 1858 1061">
     <span class='ocr_line' id='line_1_7' title="bbox 278 955 1858 1061; baseline 0.003 -55"><span class='ocrx_word' id='word_1_39' title='bbox 278 968 365 1022; x_wconf 71' lang='lat' dir='ltr'><strong>ego</strong></span> <span class='ocrx_word' id='word_1_40' title='bbox 394 970 497 1007; x_wconf 82' lang='lat' dir='ltr'><strong>non</strong></span> <span class='ocrx_word' id='word_1_41' title='bbox 523 971 643 1009; x_wconf 89' lang='lat' dir='ltr'><strong>uror</strong></span> <span class='ocrx_word' id='word_1_42' title='bbox 662 955 755 1027; x_wconf 73' lang='lat'><strong>(2.</strong></span> <span class='ocrx_word' id='word_1_43' title='bbox 786 955 905 1009; x_wconf 85' lang='lat' dir='ltr'><strong>Cor.</strong></span> <span class='ocrx_word' id='word_1_44' title='bbox 938 958 1024 1012; x_wconf 86' lang='lat' dir='ltr'><strong>ii.</strong></span> <span class='ocrx_word' id='word_1_45' title='bbox 1050 957 1120 1013; x_wconf 74' lang='lat'><strong>29</strong></span> <span class='ocrx_word' id='word_1_46' title='bbox 1151 956 1211 1025; x_wconf 87' lang='lat'><strong>)?</strong></span> <span class='ocrx_word' id='word_1_47' title='bbox 1237 956 1348 1011; x_wconf 90' lang='lat' dir='ltr'><strong>Etsi</strong></span> <span class='ocrx_word' id='word_1_48' title='bbox 1378 957 1429 1010; x_wconf 87' lang='lat' dir='ltr'><strong>in</strong></span> <span class='ocrx_word' id='word_1_49' title='bbox 1459 971 1690 1061; x_wconf 66' lang='lat' dir='ltr'><strong>maerore</strong></span> <span class='ocrx_word' id='word_1_50' title='bbox 1718 955 1858 1061; x_wconf 75' lang='lat' dir='ltr'><strong>dicat</strong></span> 
     </span>
    </p>
   </div>
   <div class='ocr_carea' id='block_1_8' title="bbox 275 1047 1852 1152">
    <p class='ocr_par' dir='ltr' id='par_1_8' title="bbox 275 1047 1852 1152">
     <span class='ocr_line' id='line_1_8' title="bbox 275 1047 1852 1152; baseline 0.003 -55"><span class='ocrx_word' id='word_1_51' title='bbox 275 1058 487 1114; x_wconf 90' lang='lat' dir='ltr'><strong>quoque</strong></span> <span class='ocrx_word' id='word_1_52' title='bbox 511 1047 629 1115; x_wconf 87' lang='lat' dir='ltr'><strong>quis</strong></span> <span class='ocrx_word' id='word_1_53' title='bbox 657 1047 834 1102; x_wconf 86' lang='lat' dir='ltr'><strong>inesse</strong></span> <span class='ocrx_word' id='word_1_54' title='bbox 879 1047 1106 1118; x_wconf 84' lang='lat' dir='ltr'><strong>aliquam</strong></span> <span class='ocrx_word' id='word_1_55' title='bbox 1135 1049 1462 1124; x_wconf 80' lang='lat' dir='ltr'><strong>voluptatem</strong></span> <span class='ocrx_word' id='word_1_56' title='bbox 1488 1066 1502 1102; x_wconf 92' lang='lat'><strong>:</strong></span> <span class='ocrx_word' id='word_1_57' title='bbox 1533 1048 1852 1152; x_wconf 49' lang='lat' dir='ltr'><strong>multi-enirn</strong></span> 
     </span>
    </p>
   </div>
   <div class='ocr_carea' id='block_1_9' title="bbox 273 1133 1852 1210">
    <p class='ocr_par' dir='ltr' id='par_1_9' title="bbox 273 1133 1852 1210">
     <span class='ocr_line' id='line_1_9' title="bbox 273 1133 1852 1210; baseline 0.006 -24"><span class='ocrx_word' id='word_1_58' title='bbox 273 1133 484 1190; x_wconf 88' lang='lat' dir='ltr'><strong>illorum</strong></span> <span class='ocrx_word' id='word_1_59' title='bbox 527 1137 616 1206; x_wconf 86' lang='lat' dir='ltr'><strong>qui</strong></span> <span class='ocrx_word' id='word_1_60' title='bbox 667 1138 894 1193; x_wconf 78' lang='lat' dir='ltr'><strong>filiorum</strong></span> <span class='ocrx_word' id='word_1_61' title='bbox 933 1140 1194 1194; x_wconf 79' lang='lat' dir='ltr'><strong>mortibus</strong></span> <span class='ocrx_word' id='word_1_62' title='bbox 1245 1139 1610 1205; x_wconf 79' lang='lat' dir='ltr'><strong>vulnerantur,</strong></span> <span class='ocrx_word' id='word_1_63' title='bbox 1655 1141 1852 1210; x_wconf 89' lang='lat' dir='ltr'><strong>aliquid</strong></span> 
     </span>
    </p>
   </div>
   <div class='ocr_carea' id='block_1_10' title="bbox 271 1227 1853 1300">
    <p class='ocr_par' dir='ltr' id='par_1_10' title="bbox 271 1227 1853 1300">
     <span class='ocr_line' id='line_1_10' title="bbox 271 1227 1853 1300; baseline 0.003 -19"><span class='ocrx_word' id='word_1_64' title='bbox 271 1227 652 1284; x_wconf 71' lang='lat' dir='ltr'><strong>consolationis</strong></span> <span class='ocrx_word' id='word_1_65' title='bbox 702 1230 990 1300; x_wconf 90' lang='lat' dir='ltr'><strong>accipiunt,</strong></span> <span class='ocrx_word' id='word_1_66' title='bbox 1039 1231 1086 1286; x_wconf 91' lang='lat' dir='ltr'><strong>si</strong></span> <span class='ocrx_word' id='word_1_67' title='bbox 1119 1245 1241 1286; x_wconf 90' lang='lat' dir='ltr'><strong>eum</strong></span> <span class='ocrx_word' id='word_1_68' title='bbox 1288 1231 1399 1286; x_wconf 85' lang='lat' dir='ltr'><strong>suis</strong></span> <span class='ocrx_word' id='word_1_69' title='bbox 1439 1231 1652 1286; x_wconf 78' lang='lat' dir='ltr'><strong>fletibus</strong></span> <span class='ocrx_word' id='word_1_70' title='bbox 1685 1231 1853 1288; x_wconf 86' lang='lat' dir='ltr'><strong>relin-</strong></span> 
     </span>
    </p>
   </div>
   <div class='ocr_carea' id='block_1_11' title="bbox 268 1321 1847 1428">
    <p class='ocr_par' dir='ltr' id='par_1_11' title="bbox 268 1321 1847 1428">
     <span class='ocr_line' id='line_1_11' title="bbox 268 1321 1847 1428; baseline 0.006 -57"><span class='ocrx_word' id='word_1_71' title='bbox 268 1327 534 1386; x_wconf 86' lang='lat' dir='ltr'><strong>quuntur;</strong></span> <span class='ocrx_word' id='word_1_72' title='bbox 578 1321 849 1392; x_wconf 74' lang='lat' dir='ltr'><strong>magisque</strong></span> <span class='ocrx_word' id='word_1_73' title='bbox 873 1322 1074 1390; x_wconf 82' lang='lat' dir='ltr'><strong>dolent,</strong></span> <span class='ocrx_word' id='word_1_74' title='bbox 1106 1338 1228 1378; x_wconf 88' lang='lat' dir='ltr'><strong>cum</strong></span> <span class='ocrx_word' id='word_1_75' title='bbox 1255 1322 1440 1428; x_wconf 76' lang='lat' dir='ltr'><strong>dolere</strong></span> <span class='ocrx_word' id='word_1_76' title='bbox 1479 1324 1847 1428; x_wconf 74' lang='lat' dir='ltr'><strong>prohibentur.</strong></span> 
     </span>
    </p>
   </div>
   <div class='ocr_carea' id='block_1_12' title="bbox 265 1409 1848 1480">
    <p class='ocr_par' dir='ltr' id='par_1_12' title="bbox 265 1409 1848 1480">
     <span class='ocr_line' id='line_1_12' title="bbox 265 1409 1848 1480; baseline 0.005 -17"><span class='ocrx_word' id='word_1_77' title='bbox 265 1409 352 1464; x_wconf 84' lang='lat' dir='ltr'><strong>Sic</strong></span> <span class='ocrx_word' id='word_1_78' title='bbox 381 1409 542 1480; x_wconf 90' lang='lat' dir='ltr'><strong>igitur</strong></span> <span class='ocrx_word' id='word_1_79' title='bbox 570 1419 624 1466; x_wconf 91' lang='lat' dir='ltr'><strong>et</strong></span> <span class='ocrx_word' id='word_1_80' title='bbox 649 1411 844 1467; x_wconf 82' lang='lat' dir='ltr'><strong>Paulus</strong></span> <span class='ocrx_word' id='word_1_81' title='bbox 872 1423 1030 1469; x_wconf 91' lang='lat' dir='ltr'><strong>nocte</strong></span> <span class='ocrx_word' id='word_1_82' title='bbox 1050 1422 1106 1469; x_wconf 93' lang='lat' dir='ltr'><strong>et</strong></span> <span class='ocrx_word' id='word_1_83' title='bbox 1127 1413 1218 1470; x_wconf 90' lang='lat' dir='ltr'><strong>die</strong></span> <span class='ocrx_word' id='word_1_84' title='bbox 1239 1414 1656 1469; x_wconf 77' lang='lat' dir='ltr'><strong>consolationem</strong></span> <span class='ocrx_word' id='word_1_85' title='bbox 1701 1416 1848 1471; x_wconf 86' lang='lat' dir='ltr'><strong>exei-</strong></span> 
     </span>
    </p>
   </div>
   <div class='ocr_carea' id='block_1_13' title="bbox 266 1497 1846 1573">
    <p class='ocr_par' dir='ltr' id='par_1_13' title="bbox 266 1497 1846 1573">
     <span class='ocr_line' id='line_1_13' title="bbox 266 1497 1846 1573; baseline 0.006 -23"><span class='ocrx_word' id='word_1_86' title='bbox 266 1497 445 1564; x_wconf 85' lang='lat' dir='ltr'><strong>piebat</strong></span> <span class='ocrx_word' id='word_1_87' title='bbox 501 1515 568 1554; x_wconf 90' lang='lat' dir='ltr'><strong>ex</strong></span> <span class='ocrx_word' id='word_1_88' title='bbox 619 1499 870 1573; x_wconf 86' lang='lat' dir='ltr'><strong>laerymis</strong></span> <span class='ocrx_word' id='word_1_89' title='bbox 899 1519 913 1554; x_wconf 90' lang='lat'>:</span> <span class='ocrx_word' id='word_1_90' title='bbox 944 1502 1120 1557; x_wconf 88' lang='lat' dir='ltr'><strong>nullus</strong></span> <span class='ocrx_word' id='word_1_91' title='bbox 1154 1503 1415 1572; x_wconf 82' lang='lat' dir='ltr'><strong>siquidem</strong></span> <span class='ocrx_word' id='word_1_92' title='bbox 1468 1512 1616 1558; x_wconf 88' lang='lat' dir='ltr'><strong>tanto</strong></span> <span class='ocrx_word' id='word_1_93' title='bbox 1655 1504 1846 1560; x_wconf 81' lang='lat' dir='ltr'><strong>aﬂ&#39;ectu</strong></span> 
     </span>
    </p>
   </div>
   <div class='ocr_carea' id='block_1_14' title="bbox 263 1588 1840 1662">
    <p class='ocr_par' dir='ltr' id='par_1_14' title="bbox 263 1588 1840 1662">
     <span class='ocr_line' id='line_1_14' title="bbox 263 1588 1840 1662; baseline 0.006 -22"><span class='ocrx_word' id='word_1_94' title='bbox 263 1588 400 1641; x_wconf 90' lang='lat' dir='ltr'><strong>maia</strong></span> <span class='ocrx_word' id='word_1_95' title='bbox 426 1589 662 1659; x_wconf 89' lang='lat' dir='ltr'><strong>propria,</strong></span> <span class='ocrx_word' id='word_1_96' title='bbox 690 1607 847 1662; x_wconf 90' lang='lat' dir='ltr'><strong>quam</strong></span> <span class='ocrx_word' id='word_1_97' title='bbox 875 1592 966 1647; x_wconf 91' lang='lat' dir='ltr'><strong>ille</strong></span> <span class='ocrx_word' id='word_1_98' title='bbox 993 1591 1222 1648; x_wconf 80' lang='lat' dir='ltr'><strong>deflebat</strong></span> <span class='ocrx_word' id='word_1_99' title='bbox 1245 1593 1436 1649; x_wconf 90' lang='lat' dir='ltr'><strong>aliena.</strong></span> <span class='ocrx_word' id='word_1_100' title='bbox 1481 1594 1840 1662; x_wconf 81' lang='lat' dir='ltr'><strong>Quemadmo-</strong></span> 
     </span>
    </p>
   </div>
   <div class='ocr_carea' id='block_1_15' title="bbox 259 1676 1840 1754">
    <p class='ocr_par' dir='ltr' id='par_1_15' title="bbox 259 1676 1840 1754">
     <span class='ocr_line' id='line_1_15' title="bbox 259 1676 1840 1754; baseline 0.006 -24"><span class='ocrx_word' id='word_1_101' title='bbox 259 1676 384 1730; x_wconf 92' lang='lat' dir='ltr'><strong>dum</strong></span> <span class='ocrx_word' id='word_1_102' title='bbox 415 1679 561 1734; x_wconf 92' lang='lat' dir='ltr'><strong>enim</strong></span> <span class='ocrx_word' id='word_1_103' title='bbox 591 1681 738 1735; x_wconf 91' lang='lat' dir='ltr'><strong>illum</strong></span> <span class='ocrx_word' id='word_1_104' title='bbox 767 1682 1000 1752; x_wconf 91' lang='lat' dir='ltr'><strong>opinaris</strong></span> <span class='ocrx_word' id='word_1_105' title='bbox 1020 1683 1296 1750; x_wconf 82' lang='lat' dir='ltr'><strong>afﬂictum,</strong></span> <span class='ocrx_word' id='word_1_106' title='bbox 1326 1698 1445 1739; x_wconf 92' lang='lat' dir='ltr'><strong>eum</strong></span> <span class='ocrx_word' id='word_1_107' title='bbox 1494 1683 1840 1754; x_wconf 84' lang='lat' dir='ltr'><strong>perditionem</strong></span> 
     </span>
    </p>
   </div>
   <div class='ocr_carea' id='block_1_16' title="bbox 257 1765 1839 1844">
    <p class='ocr_par' dir='ltr' id='par_1_16' title="bbox 257 1765 1839 1844">
     <span class='ocr_line' id='line_1_16' title="bbox 257 1765 1839 1844; baseline 0.007 -25"><span class='ocrx_word' id='word_1_108' title='bbox 257 1765 568 1824; x_wconf 68' lang='lat' dir='ltr'><strong>Judzorum</strong></span> <span class='ocrx_word' id='word_1_109' title='bbox 597 1770 761 1838; x_wconf 88' lang='lat' dir='ltr'><strong>dolet,</strong></span> <span class='ocrx_word' id='word_1_110' title='bbox 790 1774 900 1842; x_wconf 85' lang='lat' dir='ltr'><strong>qui,</strong></span> <span class='ocrx_word' id='word_1_111' title='bbox 925 1783 985 1827; x_wconf 91' lang='lat' dir='ltr'><strong>ut</strong></span> <span class='ocrx_word' id='word_1_112' title='bbox 1025 1773 1100 1827; x_wconf 89' lang='lat' dir='ltr'><strong>illi</strong></span> <span class='ocrx_word' id='word_1_113' title='bbox 1130 1773 1263 1828; x_wconf 87' lang='lat' dir='ltr'><strong>salvi</strong></span> <span class='ocrx_word' id='word_1_114' title='bbox 1306 1774 1516 1842; x_wconf 83' lang='lat' dir='ltr'><strong>flerent,</strong></span> <span class='ocrx_word' id='word_1_115' title='bbox 1557 1777 1788 1844; x_wconf 89' lang='lat' dir='ltr'><strong>seipsum</strong></span> <span class='ocrx_word' id='word_1_116' title='bbox 1810 1790 1839 1830; x_wconf 91' lang='lat' dir='ltr'><strong>a</strong></span> 
     </span>
    </p>
   </div>
   <div class='ocr_carea' id='block_1_17' title="bbox 255 1861 1840 1936">
    <p class='ocr_par' dir='ltr' id='par_1_17' title="bbox 255 1861 1840 1936">
     <span class='ocr_line' id='line_1_17' title="bbox 255 1861 1840 1936; baseline 0.006 -23"><span class='ocrx_word' id='word_1_117' title='bbox 255 1861 508 1914; x_wconf 73' lang='lat' dir='ltr'><strong>emiorum</strong></span> <span class='ocrx_word' id='word_1_118' title='bbox 554 1863 723 1932; x_wconf 90' lang='lat' dir='ltr'><strong>gloria</strong></span> <span class='ocrx_word' id='word_1_119' title='bbox 766 1865 1010 1934; x_wconf 88' lang='lat' dir='ltr'><strong>cupiebat</strong></span> <span class='ocrx_word' id='word_1_120' title='bbox 1043 1865 1253 1920; x_wconf 87' lang='lat' dir='ltr'><strong>excludi</strong></span> <span class='ocrx_word' id='word_1_121' title='bbox 1283 1867 1301 1936; x_wconf 96' lang='lat'><strong>(</strong></span> <span class='ocrx_word' id='word_1_122' title='bbox 1333 1866 1484 1920; x_wconf 85' lang='lat' dir='ltr'><strong>Rom.</strong></span> <span class='ocrx_word' id='word_1_123' title='bbox 1515 1867 1571 1922; x_wconf 91' lang='lat'><strong>9.</strong></span> <span class='ocrx_word' id='word_1_124' title='bbox 1603 1867 1635 1922; x_wconf 78' lang='lat'><strong>3</strong></span> <span class='ocrx_word' id='word_1_125' title='bbox 1667 1868 1725 1936; x_wconf 88' lang='lat'><strong>)?</strong></span> <span class='ocrx_word' id='word_1_126' title='bbox 1772 1867 1840 1922; x_wconf 91' lang='lat' dir='ltr'><strong>Et</strong></span> 
     </span>
    </p>
   </div>
   <div class='ocr_carea' id='block_1_18' title="bbox 254 1950 1838 2027">
    <p class='ocr_par' dir='ltr' id='par_1_18' title="bbox 254 1950 1838 2027">
     <span class='ocr_line' id='line_1_18' title="bbox 254 1950 1838 2027; baseline 0.007 -24"><span class='ocrx_word' id='word_1_127' title='bbox 254 1950 380 2004; x_wconf 92' lang='lat' dir='ltr'><strong>inde</strong></span> <span class='ocrx_word' id='word_1_128' title='bbox 401 1952 504 2006; x_wconf 90' lang='lat' dir='ltr'><strong>hoc</strong></span> <span class='ocrx_word' id='word_1_129' title='bbox 531 1953 865 2010; x_wconf 79' lang='lat' dir='ltr'><strong>manifestum</strong></span> <span class='ocrx_word' id='word_1_130' title='bbox 891 1958 1130 2027; x_wconf 87' lang='lat' dir='ltr'><strong>est,quia</strong></span> <span class='ocrx_word' id='word_1_131' title='bbox 1145 1958 1346 2012; x_wconf 88' lang='lat' dir='ltr'><strong>scilicet</strong></span> <span class='ocrx_word' id='word_1_132' title='bbox 1373 1973 1478 2011; x_wconf 91' lang='lat' dir='ltr'><strong>non</strong></span> <span class='ocrx_word' id='word_1_133' title='bbox 1499 1959 1689 2012; x_wconf 85' lang='lat' dir='ltr'><strong>salvari</strong></span> <span class='ocrx_word' id='word_1_134' title='bbox 1717 1960 1838 2014; x_wconf 89' lang='lat' dir='ltr'><strong>illos</strong></span> 
     </span>
    </p>
   </div>
   <div class='ocr_carea' id='block_1_19' title="bbox 252 2044 1834 2120">
    <p class='ocr_par' dir='ltr' id='par_1_19' title="bbox 252 2044 1834 2120">
     <span class='ocr_line' id='line_1_19' title="bbox 252 2044 1834 2120; baseline 0.007 -25"><span class='ocrx_word' id='word_1_135' title='bbox 252 2044 498 2098; x_wconf 85' lang='lat' dir='ltr'><strong>acerbius</strong></span> <span class='ocrx_word' id='word_1_136' title='bbox 521 2047 838 2115; x_wconf 74' lang='lat' dir='ltr'><strong>aestimabat,</strong></span> <span class='ocrx_word' id='word_1_137' title='bbox 865 2064 1025 2119; x_wconf 89' lang='lat' dir='ltr'><strong>quam</strong></span> <span class='ocrx_word' id='word_1_138' title='bbox 1053 2051 1285 2120; x_wconf 87' lang='lat' dir='ltr'><strong>seipsum</strong></span> <span class='ocrx_word' id='word_1_139' title='bbox 1309 2050 1485 2119; x_wconf 89' lang='lat' dir='ltr'><strong>perire</strong></span> <span class='ocrx_word' id='word_1_140' title='bbox 1510 2069 1523 2105; x_wconf 93' lang='lat'>:</span> <span class='ocrx_word' id='word_1_141' title='bbox 1546 2061 1635 2104; x_wconf 92' lang='lat' dir='ltr'><strong>aut</strong></span> <span class='ocrx_word' id='word_1_142' title='bbox 1663 2053 1705 2105; x_wconf 92' lang='lat' dir='ltr'><strong>si</strong></span> <span class='ocrx_word' id='word_1_143' title='bbox 1731 2069 1834 2107; x_wconf 91' lang='lat' dir='ltr'><strong>non</strong></span> 
     </span>
    </p>
   </div>
   <div class='ocr_carea' id='block_1_20' title="bbox 252 2135 1831 2212">
    <p class='ocr_par' dir='ltr' id='par_1_20' title="bbox 252 2135 1831 2212">
     <span class='ocr_line' id='line_1_20' title="bbox 252 2135 1831 2212; baseline 0.008 -26"><span class='ocrx_word' id='word_1_144' title='bbox 252 2135 514 2199; x_wconf 85' lang='lat' dir='ltr'><strong>acerbius,</strong></span> <span class='ocrx_word' id='word_1_145' title='bbox 549 2154 834 2208; x_wconf 90' lang='lat' dir='ltr'><strong>numquam</strong></span> <span class='ocrx_word' id='word_1_146' title='bbox 861 2140 1004 2194; x_wconf 85' lang='lat' dir='ltr'><strong>aliud</strong></span> <span class='ocrx_word' id='word_1_147' title='bbox 1029 2150 1302 2210; x_wconf 88' lang='lat' dir='ltr'><strong>optasset:</strong></span> <span class='ocrx_word' id='word_1_148' title='bbox 1325 2143 1464 2212; x_wconf 91' lang='lat' dir='ltr'><strong>quod</strong></span> <span class='ocrx_word' id='word_1_149' title='bbox 1487 2143 1663 2212; x_wconf 89' lang='lat' dir='ltr'><strong>utique</strong></span> <span class='ocrx_word' id='word_1_150' title='bbox 1684 2146 1831 2212; x_wconf 87' lang='lat' dir='ltr'><strong>quasi</strong></span> 
     </span>
    </p>
   </div>
   <div class='ocr_carea' id='block_1_21' title="bbox 251 2224 1832 2301">
    <p class='ocr_par' dir='ltr' id='par_1_21' title="bbox 251 2224 1832 2301">
     <span class='ocr_line' id='line_1_21' title="bbox 251 2224 1832 2301; baseline 0.008 -25"><span class='ocrx_word' id='word_1_151' title='bbox 251 2224 583 2283; x_wconf 85' lang='lat' dir='ltr'><strong>tolerabilius</strong></span> <span class='ocrx_word' id='word_1_152' title='bbox 611 2229 791 2298; x_wconf 77' lang='lat' dir='ltr'><strong>elegit.</strong></span> <span class='ocrx_word' id='word_1_153' title='bbox 823 2229 920 2297; x_wconf 86' lang='lat' dir='ltr'><strong>Qui</strong></span> <span class='ocrx_word' id='word_1_154' title='bbox 952 2245 1071 2285; x_wconf 91' lang='lat' dir='ltr'><strong>cum</strong></span> <span class='ocrx_word' id='word_1_155' title='bbox 1103 2241 1248 2286; x_wconf 88' lang='lat' dir='ltr'><strong>certe</strong></span> <span class='ocrx_word' id='word_1_156' title='bbox 1285 2247 1380 2301; x_wconf 89' lang='lat' dir='ltr'><strong>spe</strong></span> <span class='ocrx_word' id='word_1_157' title='bbox 1403 2234 1630 2287; x_wconf 88' lang='lat' dir='ltr'><strong>maxima</strong></span> <span class='ocrx_word' id='word_1_158' title='bbox 1672 2235 1832 2289; x_wconf 88' lang='lat' dir='ltr'><strong>futuri</strong></span> 
     </span>
    </p>
   </div>
   <div class='ocr_carea' id='block_1_22' title="bbox 248 2315 1827 2393">
    <p class='ocr_par' dir='ltr' id='par_1_22' title="bbox 248 2315 1827 2393">
     <span class='ocr_line' id='line_1_22' title="bbox 248 2315 1827 2393; baseline 0.009 -27"><span class='ocrx_word' id='word_1_159' title='bbox 248 2315 451 2382; x_wconf 75' lang='lat' dir='ltr'><strong>praemii</strong></span> <span class='ocrx_word' id='word_1_160' title='bbox 485 2318 812 2386; x_wconf 73' lang='lat' dir='ltr'><strong>posceretur,</strong></span> <span class='ocrx_word' id='word_1_161' title='bbox 864 2336 969 2374; x_wconf 89' lang='lat' dir='ltr'><strong>non</strong></span> <span class='ocrx_word' id='word_1_162' title='bbox 1021 2321 1379 2390; x_wconf 88' lang='lat' dir='ltr'><strong>perfunctorie</strong></span> <span class='ocrx_word' id='word_1_163' title='bbox 1432 2323 1558 2377; x_wconf 91' lang='lat' dir='ltr'><strong>illud</strong></span> <span class='ocrx_word' id='word_1_164' title='bbox 1591 2325 1827 2393; x_wconf 89' lang='lat' dir='ltr'><strong>optabat,</strong></span> 
     </span>
    </p>
   </div>
   <div class='ocr_carea' id='block_1_23' title="bbox 246 2403 1828 2483">
    <p class='ocr_par' dir='ltr' id='par_1_23' title="bbox 246 2403 1828 2483">
     <span class='ocr_line' id='line_1_23' title="bbox 246 2403 1828 2483; baseline 0.008 -29"><span class='ocrx_word' id='word_1_165' title='bbox 246 2403 339 2456; x_wconf 87' lang='lat' dir='ltr'><strong>sed</strong></span> <span class='ocrx_word' id='word_1_166' title='bbox 364 2405 626 2460; x_wconf 85' lang='lat' dir='ltr'><strong>clamabat</strong></span> <span class='ocrx_word' id='word_1_167' title='bbox 644 2407 828 2463; x_wconf 87' lang='lat' dir='ltr'><strong>dicens</strong></span> <span class='ocrx_word' id='word_1_168' title='bbox 849 2427 861 2460; x_wconf 89' lang='lat'>:</span> <span class='ocrx_word' id='word_1_169' title='bbox 890 2409 1141 2476; x_wconf 81' lang='lat' dir='ltr'><strong>Quoniam</strong></span> <span class='ocrx_word' id='word_1_170' title='bbox 1167 2412 1371 2464; x_wconf 77' lang='lat' dir='ltr'><strong>tristitia</strong></span> <span class='ocrx_word' id='word_1_171' title='bbox 1391 2423 1462 2465; x_wconf 83' lang='lat' dir='ltr'><strong>est</strong></span> <span class='ocrx_word' id='word_1_172' title='bbox 1483 2414 1604 2465; x_wconf 78' lang='lat' dir='ltr'><strong>mihi</strong></span> <span class='ocrx_word' id='word_1_173' title='bbox 1625 2431 1828 2483; x_wconf 80' lang='lat' dir='ltr'><strong>magna,</strong></span> 
     </span>
    </p>
   </div>
   <div class='ocr_carea' id='block_1_24' title="bbox 243 2496 1828 2576">
    <p class='ocr_par' dir='ltr' id='par_1_24' title="bbox 243 2496 1828 2576">
     <span class='ocr_line' id='line_1_24' title="bbox 243 2496 1828 2576; baseline 0.009 -32"><span class='ocrx_word' id='word_1_174' title='bbox 243 2502 290 2544; x_wconf 80' lang='lat' dir='ltr'><strong>et</strong></span> <span class='ocrx_word' id='word_1_175' title='bbox 318 2496 594 2576; x_wconf 72' lang='lat' dir='ltr'><strong>continuus</strong></span> <span class='ocrx_word' id='word_1_176' title='bbox 621 2496 768 2551; x_wconf 89' lang='lat' dir='ltr'><strong>dolor</strong></span> <span class='ocrx_word' id='word_1_177' title='bbox 797 2502 939 2553; x_wconf 86' lang='lat' dir='ltr'><strong>cordi</strong></span> <span class='ocrx_word' id='word_1_178' title='bbox 969 2517 1076 2554; x_wconf 85' lang='lat' dir='ltr'><strong>meo</strong></span> <span class='ocrx_word' id='word_1_179' title='bbox 1127 2501 1290 2567; x_wconf 85' lang='lat' dir='ltr'><strong>(Ibid.</strong></span> <span class='ocrx_word' id='word_1_180' title='bbox 1320 2520 1367 2556; x_wconf 80' lang='grc' dir='ltr'><strong>υ.</strong></span> <span class='ocrx_word' id='word_1_181' title='bbox 1399 2504 1434 2556; x_wconf 74' lang='lat'><strong>2</strong></span> <span class='ocrx_word' id='word_1_182' title='bbox 1457 2504 1497 2574; x_wconf 92' lang='lat'><strong>).</strong></span> <span class='ocrx_word' id='word_1_183' title='bbox 1531 2504 1680 2558; x_wconf 81' lang='lat' dir='ltr'><strong>Hunc</strong></span> <span class='ocrx_word' id='word_1_184' title='bbox 1701 2521 1828 2576; x_wconf 87' lang='lat' dir='ltr'><strong>ergo</strong></span> 
     </span>
    </p>
   </div>
   <div class='ocr_carea' id='block_1_25' title="bbox 244 2571 1825 2655">
    <p class='ocr_par' dir='ltr' id='par_1_25' title="bbox 244 2571 1825 2655">
     <span class='ocr_line' id='line_1_25' title="bbox 244 2571 1825 2655; baseline 0.009 -19"><span class='ocrx_word' id='word_1_185' title='bbox 244 2582 310 2638; x_wconf 89' lang='lat' dir='ltr'><strong>de</strong></span> <span class='ocrx_word' id='word_1_186' title='bbox 335 2571 604 2655; x_wconf 50' lang='lat' dir='ltr'><strong>singulis:</strong></span> <span class='ocrx_word' id='word_1_187' title='bbox 631 2598 688 2642; x_wconf 93' lang='lat' dir='ltr'><strong>ut</strong></span> <span class='ocrx_word' id='word_1_188' title='bbox 719 2590 787 2642; x_wconf 86' lang='lat' dir='ltr'><strong>ita</strong></span> <span class='ocrx_word' id='word_1_189' title='bbox 825 2589 1072 2654; x_wconf 76' lang='lat' dir='ltr'><strong>dixerim,</strong></span> <span class='ocrx_word' id='word_1_190' title='bbox 1106 2571 1488 2647; x_wconf 83' lang='lat' dir='ltr'><strong>habitatoribus</strong></span> <span class='ocrx_word' id='word_1_191' title='bbox 1512 2595 1690 2648; x_wconf 89' lang='lat' dir='ltr'><strong>mundi</strong></span> <span class='ocrx_word' id='word_1_192' title='bbox 1721 2605 1825 2650; x_wconf 85' lang='lat' dir='ltr'><strong>tam</strong></span> 
     </span>
    </p>
   </div>
   <div class='ocr_carea' id='block_1_26' title="bbox 241 2673 1828 2754">
    <p class='ocr_par' dir='ltr' id='par_1_26' title="bbox 241 2673 1828 2754">
     <span class='ocr_line' id='line_1_26' title="bbox 241 2673 1828 2754; baseline 0.011 -28"><span class='ocrx_word' id='word_1_193' title='bbox 241 2673 590 2731; x_wconf 87' lang='lat' dir='ltr'><strong>vehementer</strong></span> <span class='ocrx_word' id='word_1_194' title='bbox 607 2678 897 2745; x_wconf 90' lang='lat' dir='ltr'><strong>dolentem,</strong></span> <span class='ocrx_word' id='word_1_195' title='bbox 923 2692 974 2735; x_wconf 90' lang='lat' dir='ltr'><strong>et</strong></span> <span class='ocrx_word' id='word_1_196' title='bbox 996 2683 1048 2735; x_wconf 92' lang='lat' dir='ltr'><strong>in</strong></span> <span class='ocrx_word' id='word_1_197' title='bbox 1079 2698 1363 2738; x_wconf 89' lang='lat' dir='ltr'><strong>commune</strong></span> <span class='ocrx_word' id='word_1_198' title='bbox 1402 2701 1498 2754; x_wconf 85' lang='lat' dir='ltr'><strong>pro</strong></span> <span class='ocrx_word' id='word_1_199' title='bbox 1523 2690 1746 2752; x_wconf 89' lang='lat' dir='ltr'><strong>cunctis,</strong></span> <span class='ocrx_word' id='word_1_200' title='bbox 1775 2700 1828 2743; x_wconf 87' lang='lat' dir='ltr'><strong>et</strong></span> 
     </span>
    </p>
   </div>
   <div class='ocr_carea' id='block_1_27' title="bbox 238 2766 1828 2844">
    <p class='ocr_par' dir='ltr' id='par_1_27' title="bbox 238 2766 1828 2844">
     <span class='ocr_line' id='line_1_27' title="bbox 238 2766 1828 2844; baseline 0.011 -27"><span class='ocrx_word' id='word_1_201' title='bbox 238 2766 484 2832; x_wconf 77' lang='lat' dir='ltr'><strong>gentibus</strong></span> <span class='ocrx_word' id='word_1_202' title='bbox 509 2776 564 2822; x_wconf 85' lang='lat' dir='ltr'><strong>et</strong></span> <span class='ocrx_word' id='word_1_203' title='bbox 602 2769 842 2833; x_wconf 89' lang='lat' dir='ltr'><strong>urbibus,</strong></span> <span class='ocrx_word' id='word_1_204' title='bbox 872 2787 967 2840; x_wconf 90' lang='lat' dir='ltr'><strong>pro</strong></span> <span class='ocrx_word' id='word_1_205' title='bbox 1013 2789 1330 2844; x_wconf 87' lang='lat' dir='ltr'><strong>unoquoque</strong></span> <span class='ocrx_word' id='word_1_206' title='bbox 1375 2778 1714 2844; x_wconf 76' lang='lat' dir='ltr'><strong>peculiariter</strong></span> <span class='ocrx_word' id='word_1_207' title='bbox 1760 2781 1828 2834; x_wconf 92' lang='lat' dir='ltr'><strong>ia-</strong></span> 
     </span>
    </p>
   </div>
   <div class='ocr_carea' id='block_1_28' title="bbox 239 2862 1819 2945">
    <p class='ocr_par' dir='ltr' id='par_1_28' title="bbox 239 2862 1819 2945">
     <span class='ocr_line' id='line_1_28' title="bbox 239 2862 1819 2945; baseline 0.011 -37"><span class='ocrx_word' id='word_1_208' title='bbox 239 2867 592 2923; x_wconf 86' lang='lat' dir='ltr'><strong>tnentantem,</strong></span> <span class='ocrx_word' id='word_1_209' title='bbox 622 2862 831 2914; x_wconf 87' lang='lat' dir='ltr'><strong>cuinam</strong></span> <span class='ocrx_word' id='word_1_210' title='bbox 851 2879 1027 2918; x_wconf 90' lang='lat' dir='ltr'><strong>rerum</strong></span> <span class='ocrx_word' id='word_1_211' title='bbox 1045 2865 1237 2935; x_wconf 85' lang='lat' dir='ltr'><strong>aliquis</strong></span> <span class='ocrx_word' id='word_1_212' title='bbox 1264 2871 1458 2945; x_wconf 86' lang='lat' dir='ltr'><strong>poterit</strong></span> <span class='ocrx_word' id='word_1_213' title='bbox 1487 2885 1819 2941; x_wconf 88' lang='lat' dir='ltr'><strong>comparare,</strong></span> 
     </span>
    </p>
   </div>
   <div class='ocr_carea' id='block_1_29' title="bbox 236 2948 1824 3034">
    <p class='ocr_par' dir='ltr' id='par_1_29' title="bbox 236 2948 1824 3034">
     <span class='ocr_line' id='line_1_29' title="bbox 236 2948 1824 3034; baseline 0.012 -34"><span class='ocrx_word' id='word_1_214' title='bbox 236 2949 317 3000; x_wconf 87' lang='lat' dir='ltr'><strong>cui</strong></span> <span class='ocrx_word' id='word_1_215' title='bbox 372 2948 537 3015; x_wconf 88' lang='lat' dir='ltr'><strong>ferro,</strong></span> <span class='ocrx_word' id='word_1_216' title='bbox 566 2953 650 3005; x_wconf 89' lang='lat' dir='ltr'><strong>cui</strong></span> <span class='ocrx_word' id='word_1_217' title='bbox 696 2953 1006 3009; x_wconf 83' lang='lat' dir='ltr'><strong>adamanti?</strong></span> <span class='ocrx_word' id='word_1_218' title='bbox 1035 2956 1295 3022; x_wconf 85' lang='lat' dir='ltr'><strong>Quidnam</strong></span> <span class='ocrx_word' id='word_1_219' title='bbox 1321 2961 1513 3030; x_wconf 84' lang='lat' dir='ltr'><strong>aliquis</strong></span> <span class='ocrx_word' id='word_1_220' title='bbox 1542 2964 1682 3018; x_wconf 87' lang='lat' dir='ltr'><strong>illam</strong></span> <span class='ocrx_word' id='word_1_221' title='bbox 1726 2981 1824 3034; x_wconf 89' lang='lat' dir='ltr'><strong>ap-</strong></span> 
     </span>
    </p>
   </div>
   <div class='ocr_carea' id='block_1_30' title="bbox 238 3038 1822 3117">
    <p class='ocr_par' dir='ltr' id='par_1_30' title="bbox 238 3038 1822 3117">
     <span class='ocr_line' id='line_1_30' title="bbox 238 3038 1822 3117; baseline 0.014 -28"><span class='ocrx_word' id='word_1_222' title='bbox 238 3038 393 3106; x_wconf 81' lang='lat' dir='ltr'><strong>pellet</strong></span> <span class='ocrx_word' id='word_1_223' title='bbox 443 3041 699 3109; x_wconf 88' lang='lat' dir='ltr'><strong>animam,</strong></span> <span class='ocrx_word' id='word_1_224' title='bbox 732 3058 1018 3101; x_wconf 87' lang='lat' dir='ltr'><strong>aureamne</strong></span> <span class='ocrx_word' id='word_1_225' title='bbox 1060 3049 1249 3117; x_wconf 87' lang='lat' dir='ltr'><strong>magis,</strong></span> <span class='ocrx_word' id='word_1_226' title='bbox 1284 3065 1351 3104; x_wconf 89' lang='lat' dir='ltr'><strong>an</strong></span> <span class='ocrx_word' id='word_1_227' title='bbox 1384 3052 1822 3111; x_wconf 61' lang='lat' dir='ltr'><strong>adamantinam?</strong></span> 
     </span>
    </p>
   </div>
   <div class='ocr_carea' id='block_1_31' title="bbox 236 3127 1822 3213">
    <p class='ocr_par' dir='ltr' id='par_1_31' title="bbox 236 3127 1822 3213">
     <span class='ocr_line' id='line_1_31' title="bbox 236 3127 1822 3213; baseline 0.013 -32"><span class='ocrx_word' id='word_1_228' title='bbox 236 3127 362 3192; x_wconf 81' lang='lat' dir='ltr'><strong>Nam</strong></span> <span class='ocrx_word' id='word_1_229' title='bbox 393 3139 450 3184; x_wconf 90' lang='lat' dir='ltr'><strong>et</strong></span> <span class='ocrx_word' id='word_1_230' title='bbox 476 3141 592 3185; x_wconf 90' lang='lat' dir='ltr'><strong>erat</strong></span> <span class='ocrx_word' id='word_1_231' title='bbox 619 3135 764 3187; x_wconf 91' lang='lat' dir='ltr'><strong>omni</strong></span> <span class='ocrx_word' id='word_1_232' title='bbox 795 3136 1074 3193; x_wconf 89' lang='lat' dir='ltr'><strong>adamante</strong></span> <span class='ocrx_word' id='word_1_233' title='bbox 1101 3138 1308 3206; x_wconf 84' lang='lat' dir='ltr'><strong>fortior,</strong></span> <span class='ocrx_word' id='word_1_234' title='bbox 1335 3149 1390 3195; x_wconf 93' lang='lat' dir='ltr'><strong>et</strong></span> <span class='ocrx_word' id='word_1_235' title='bbox 1417 3158 1546 3197; x_wconf 90' lang='lat' dir='ltr'><strong>auro</strong></span> <span class='ocrx_word' id='word_1_236' title='bbox 1570 3148 1822 3213; x_wconf 86' lang='lat' dir='ltr'><strong>gemmis-</strong></span> 
     </span>
    </p>
   </div>
   <div class='ocr_carea' id='block_1_32' title="bbox 235 3222 1818 3303">
    <p class='ocr_par' dir='ltr' id='par_1_32' title="bbox 235 3222 1818 3303">
     <span class='ocr_line' id='line_1_32' title="bbox 235 3222 1818 3303; baseline 0.011 -31"><span class='ocrx_word' id='word_1_237' title='bbox 235 3235 334 3289; x_wconf 85' lang='lat' dir='ltr'><strong>que</strong></span> <span class='ocrx_word' id='word_1_238' title='bbox 354 3222 675 3290; x_wconf 84' lang='lat' dir='ltr'><strong>pretiosior:</strong></span> <span class='ocrx_word' id='word_1_239' title='bbox 699 3232 753 3279; x_wconf 91' lang='lat' dir='ltr'><strong>et</strong></span> <span class='ocrx_word' id='word_1_240' title='bbox 772 3225 992 3281; x_wconf 86' lang='lat' dir='ltr'><strong>alteram</strong></span> <span class='ocrx_word' id='word_1_241' title='bbox 1011 3229 1226 3299; x_wconf 91' lang='lat' dir='ltr'><strong>quidem</strong></span> <span class='ocrx_word' id='word_1_242' title='bbox 1249 3235 1524 3286; x_wconf 88' lang='lat' dir='ltr'><strong>materiam</strong></span> <span class='ocrx_word' id='word_1_243' title='bbox 1551 3236 1818 3303; x_wconf 84' lang='lat' dir='ltr'><strong>firmitate,</strong></span> 
     </span>
    </p>
   </div>
   <div class='ocr_carea' id='block_1_33' title="bbox 234 3310 1820 3394">
    <p class='ocr_par' dir='ltr' id='par_1_33' title="bbox 234 3310 1820 3394">
     <span class='ocr_line' id='line_1_33' title="bbox 234 3310 1820 3394; baseline 0.013 -32"><span class='ocrx_word' id='word_1_244' title='bbox 234 3310 454 3365; x_wconf 87' lang='lat' dir='ltr'><strong>alteram</strong></span> <span class='ocrx_word' id='word_1_245' title='bbox 482 3327 613 3367; x_wconf 89' lang='lat' dir='ltr'><strong>vero</strong></span> <span class='ocrx_word' id='word_1_246' title='bbox 641 3316 971 3384; x_wconf 87' lang='lat' dir='ltr'><strong>pretiositate</strong></span> <span class='ocrx_word' id='word_1_247' title='bbox 991 3321 1296 3388; x_wconf 88' lang='lat' dir='ltr'><strong>superabat.</strong></span> <span class='ocrx_word' id='word_1_248' title='bbox 1326 3322 1420 3376; x_wconf 90' lang='lat' dir='ltr'><strong>Cui</strong></span> <span class='ocrx_word' id='word_1_249' title='bbox 1447 3339 1575 3394; x_wconf 86' lang='lat' dir='ltr'><strong>ergo</strong></span> <span class='ocrx_word' id='word_1_250' title='bbox 1598 3328 1675 3381; x_wconf 89' lang='lat' dir='ltr'><strong>rei</strong></span> <span class='ocrx_word' id='word_1_251' title='bbox 1706 3329 1820 3382; x_wconf 77' lang='lat' dir='ltr'><strong>inec</strong></span> 
     </span>
    </p>
   </div>
   <div class='ocr_carea' id='block_1_34' title="bbox 234 3400 1819 3487">
    <p class='ocr_par' dir='ltr' id='par_1_34' title="bbox 234 3400 1819 3487">
     <span class='ocr_line' id='line_1_34' title="bbox 234 3400 1819 3487; baseline 0.013 -35"><span class='ocrx_word' id='word_1_252' title='bbox 234 3400 296 3456; x_wconf 89' lang='lat' dir='ltr'><strong>ab</strong></span> <span class='ocrx_word' id='word_1_253' title='bbox 337 3401 518 3471; x_wconf 91' lang='lat' dir='ltr'><strong>aliquo</strong></span> <span class='ocrx_word' id='word_1_254' title='bbox 564 3403 743 3459; x_wconf 90' lang='lat' dir='ltr'><strong>anima</strong></span> <span class='ocrx_word' id='word_1_255' title='bbox 791 3410 1173 3478; x_wconf 72' lang='lat' dir='ltr'><strong>comparetur?</strong></span> <span class='ocrx_word' id='word_1_256' title='bbox 1202 3411 1400 3468; x_wconf 87' lang='lat' dir='ltr'><strong>Earum</strong></span> <span class='ocrx_word' id='word_1_257' title='bbox 1449 3416 1661 3484; x_wconf 89' lang='lat' dir='ltr'><strong>quidem</strong></span> <span class='ocrx_word' id='word_1_258' title='bbox 1700 3434 1819 3487; x_wconf 76' lang='lat' dir='ltr'><strong>qua:</strong></span> 
     </span>
    </p>
   </div>
   <div class='ocr_carea' id='block_1_35' title="bbox 232 3493 778 3549">
    <p class='ocr_par' dir='ltr' id='par_1_35' title="bbox 232 3493 778 3549">
     <span class='ocr_line' id='line_1_35' title="bbox 232 3493 778 3549; baseline 0.005 -4"><span class='ocrx_word' id='word_1_259' title='bbox 232 3501 352 3545; x_wconf 85' lang='lat' dir='ltr'><strong>sunt</strong></span> <span class='ocrx_word' id='word_1_260' title='bbox 375 3493 598 3549; x_wconf 88' lang='lat' dir='ltr'><strong>omnino</strong></span> <span class='ocrx_word' id='word_1_261' title='bbox 625 3494 778 3549; x_wconf 90' lang='lat' dir='ltr'><strong>nulli.</strong></span> 
     </span>
    </p>
   </div>
   <div class='ocr_carea' id='block_1_36' title="bbox 297 3623 1817 3708">
    <p class='ocr_par' dir='ltr' id='par_1_36' title="bbox 297 3623 1817 3708">
     <span class='ocr_line' id='line_1_36' title="bbox 297 3623 1817 3708; baseline 0.019 -32"><span class='ocrx_word' id='word_1_262' title='bbox 297 3623 499 3680; x_wconf 82' lang='lat' dir='ltr'><strong>Paulus</strong></span> <span class='ocrx_word' id='word_1_263' title='bbox 525 3643 652 3682; x_wconf 72' lang='lat' dir='ltr'><strong>auro</strong></span> <span class='ocrx_word' id='word_1_264' title='bbox 671 3641 720 3683; x_wconf 80' lang='lat' dir='ltr'><strong>et</strong></span> <span class='ocrx_word' id='word_1_265' title='bbox 746 3632 1016 3689; x_wconf 77' lang='lat' dir='ltr'><strong>adamante</strong></span> <span class='ocrx_word' id='word_1_266' title='bbox 1039 3638 1484 3708; x_wconf 62' lang='lat' dir='ltr'><strong>Ionian—Quod</strong></span> <span class='ocrx_word' id='word_1_267' title='bbox 1506 3645 1550 3699; x_wconf 91' lang='lat' dir='ltr'><strong>si</strong></span> <span class='ocrx_word' id='word_1_268' title='bbox 1575 3648 1658 3702; x_wconf 85' lang='lat' dir='ltr'><strong>vel</strong></span> <span class='ocrx_word' id='word_1_269' title='bbox 1685 3663 1817 3705; x_wconf 88' lang='lat' dir='ltr'><strong>auro</strong></span> 
     </span>
    </p>
   </div>
   <div class='ocr_carea' id='block_1_37' title="bbox 231 3715 1809 3808">
    <p class='ocr_par' dir='ltr' id='par_1_37' title="bbox 231 3715 1809 3808">
     <span class='ocr_line' id='line_1_37' title="bbox 231 3715 1809 3808; baseline 0.018 -40"><span class='ocrx_word' id='word_1_270' title='bbox 231 3715 526 3774; x_wconf 80' lang='lat' dir='ltr'><strong>adamantis</strong></span> <span class='ocrx_word' id='word_1_271' title='bbox 548 3720 818 3791; x_wconf 81' lang='lat' dir='ltr'><strong>fortitudo,</strong></span> <span class='ocrx_word' id='word_1_272' title='bbox 847 3726 928 3780; x_wconf 85' lang='lat' dir='ltr'><strong>vel</strong></span> <span class='ocrx_word' id='word_1_273' title='bbox 953 3728 1218 3784; x_wconf 88' lang='lat' dir='ltr'><strong>adamanti</strong></span> <span class='ocrx_word' id='word_1_274' title='bbox 1240 3732 1412 3790; x_wconf 89' lang='lat' dir='ltr'><strong>honor</strong></span> <span class='ocrx_word' id='word_1_275' title='bbox 1433 3736 1649 3794; x_wconf 90' lang='lat' dir='ltr'><strong>daretur</strong></span> <span class='ocrx_word' id='word_1_276' title='bbox 1675 3745 1809 3808; x_wconf 89' lang='lat' dir='ltr'><strong>auri,</strong></span> 
     </span>
    </p>
   </div>
   <div class='ocr_carea' id='block_1_38' title="bbox 231 3811 1814 3901">
    <p class='ocr_par' dir='ltr' id='par_1_38' title="bbox 231 3811 1814 3901">
     <span class='ocr_line' id='line_1_38' title="bbox 231 3811 1814 3901; baseline 0.018 -40"><span class='ocrx_word' id='word_1_277' title='bbox 231 3818 338 3863; x_wconf 89' lang='lat' dir='ltr'><strong>tum</strong></span> <span class='ocrx_word' id='word_1_278' title='bbox 377 3811 517 3866; x_wconf 91' lang='lat' dir='ltr'><strong>forte</strong></span> <span class='ocrx_word' id='word_1_279' title='bbox 553 3812 734 3883; x_wconf 88' lang='lat' dir='ltr'><strong>aliquo</strong></span> <span class='ocrx_word' id='word_1_280' title='bbox 761 3816 922 3871; x_wconf 91' lang='lat' dir='ltr'><strong>modo</strong></span> <span class='ocrx_word' id='word_1_281' title='bbox 950 3824 1278 3888; x_wconf 86' lang='lat' dir='ltr'><strong>comparatio</strong></span> <span class='ocrx_word' id='word_1_282' title='bbox 1305 3827 1421 3894; x_wconf 84' lang='lat' dir='ltr'><strong>ejus</strong></span> <span class='ocrx_word' id='word_1_283' title='bbox 1448 3827 1594 3884; x_wconf 88' lang='lat' dir='ltr'><strong>Pauli</strong></span> <span class='ocrx_word' id='word_1_284' title='bbox 1634 3845 1814 3901; x_wconf 84' lang='lat' dir='ltr'><strong>posset</strong></span> 
     </span>
    </p>
   </div>
   <div class='ocr_carea' id='block_1_39' title="bbox 229 3900 1811 3986">
    <p class='ocr_par' dir='ltr' id='par_1_39' title="bbox 229 3900 1811 3986">
     <span class='ocr_line' id='line_1_39' title="bbox 229 3900 1811 3986; baseline 0.018 -36"><span class='ocrx_word' id='word_1_285' title='bbox 229 3900 412 3955; x_wconf 73' lang='lat' dir='ltr'><strong>animae</strong></span> <span class='ocrx_word' id='word_1_286' title='bbox 434 3907 739 3960; x_wconf 86' lang='lat' dir='ltr'><strong>convenire.</strong></span> <span class='ocrx_word' id='word_1_287' title='bbox 758 3905 862 3961; x_wconf 87' lang='lat' dir='ltr'><strong>Sed</strong></span> <span class='ocrx_word' id='word_1_288' title='bbox 883 3909 1007 3978; x_wconf 90' lang='lat' dir='ltr'><strong>quid</strong></span> <span class='ocrx_word' id='word_1_289' title='bbox 1029 3927 1127 3980; x_wconf 88' lang='lat' dir='ltr'><strong>ego</strong></span> <span class='ocrx_word' id='word_1_290' title='bbox 1143 3911 1501 3986; x_wconf 86' lang='lat' dir='ltr'><strong>adamantem,</strong></span> <span class='ocrx_word' id='word_1_291' title='bbox 1524 3922 1602 3976; x_wconf 85' lang='lat' dir='ltr'><strong>vel</strong></span> <span class='ocrx_word' id='word_1_292' title='bbox 1625 3938 1811 3979; x_wconf 90' lang='lat' dir='ltr'><strong>aurum</strong></span> 
     </span>
    </p>
   </div>
   <div class='ocr_carea' id='block_1_40' title="bbox 228 3989 1813 4072">
    <p class='ocr_par' dir='ltr' id='par_1_40' title="bbox 228 3989 1813 4072">
     <span class='ocr_line' id='line_1_40' title="bbox 228 3989 1813 4072; baseline 0.019 -31"><span class='ocrx_word' id='word_1_293' title='bbox 228 3989 290 4042; x_wconf 88' lang='lat' dir='ltr'><strong>ad</strong></span> <span class='ocrx_word' id='word_1_294' title='bbox 324 3991 730 4050; x_wconf 84' lang='lat' dir='ltr'><strong>similitudinem</strong></span> <span class='ocrx_word' id='word_1_295' title='bbox 751 3996 956 4052; x_wconf 86' lang='lat' dir='ltr'><strong>adduco</strong></span> <span class='ocrx_word' id='word_1_296' title='bbox 981 4000 1164 4056; x_wconf 79' lang='lat' dir='ltr'><strong>Pauli?</strong></span> <span class='ocrx_word' id='word_1_297' title='bbox 1188 4005 1438 4062; x_wconf 82' lang='lat' dir='ltr'><strong>Mundam</strong></span> <span class='ocrx_word' id='word_1_298' title='bbox 1469 4011 1514 4065; x_wconf 89' lang='lat' dir='ltr'><strong>si</strong></span> <span class='ocrx_word' id='word_1_299' title='bbox 1541 4026 1572 4066; x_wconf 91' lang='lat' dir='ltr'><strong>e</strong></span> <span class='ocrx_word' id='word_1_300' title='bbox 1601 4013 1813 4072; x_wconf 88' lang='lat' dir='ltr'><strong>diverso</strong></span> 
     </span>
    </p>
   </div>
   <div class='ocr_carea' id='block_1_41' title="bbox 228 4081 1812 4178">
    <p class='ocr_par' dir='ltr' id='par_1_41' title="bbox 228 4081 1812 4178">
     <span class='ocr_line' id='line_1_41' title="bbox 228 4081 1812 4178; baseline 0.021 -46"><span class='ocrx_word' id='word_1_301' title='bbox 228 4081 491 4150; x_wconf 85' lang='lat' dir='ltr'><strong>appendas</strong></span> <span class='ocrx_word' id='word_1_302' title='bbox 519 4096 731 4139; x_wconf 87' lang='lat' dir='ltr'><strong>omnem</strong></span> <span class='ocrx_word' id='word_1_303' title='bbox 750 4127 766 4153; x_wconf 94' lang='lat'><strong>,</strong></span> <span class='ocrx_word' id='word_1_304' title='bbox 795 4095 923 4144; x_wconf 91' lang='lat' dir='ltr'><strong>tunc</strong></span> <span class='ocrx_word' id='word_1_305' title='bbox 953 4091 1154 4149; x_wconf 85' lang='lat' dir='ltr'><strong>videbis</strong></span> <span class='ocrx_word' id='word_1_306' title='bbox 1196 4107 1379 4166; x_wconf 87' lang='lat' dir='ltr'><strong>aperte</strong></span> <span class='ocrx_word' id='word_1_307' title='bbox 1410 4100 1554 4157; x_wconf 92' lang='lat' dir='ltr'><strong>Pauli</strong></span> <span class='ocrx_word' id='word_1_308' title='bbox 1593 4121 1812 4178; x_wconf 77' lang='lat' dir='ltr'><strong>vergere</strong></span> 
     </span>
    </p>
   </div>
   <div class='ocr_carea' id='block_1_42' title="bbox 227 4170 1811 4257">
    <p class='ocr_par' dir='ltr' id='par_1_42' title="bbox 227 4170 1811 4257">
     <span class='ocr_line' id='line_1_42' title="bbox 227 4170 1811 4257; baseline 0.021 -35"><span class='ocrx_word' id='word_1_309' title='bbox 227 4170 428 4237; x_wconf 87' lang='lat' dir='ltr'><strong>pondus</strong></span> <span class='ocrx_word' id='word_1_310' title='bbox 467 4174 744 4230; x_wconf 80' lang='lat' dir='ltr'><strong>examinis.</strong></span> <span class='ocrx_word' id='word_1_311' title='bbox 791 4177 845 4233; x_wconf 91' lang='lat' dir='ltr'><strong>Si</strong></span> <span class='ocrx_word' id='word_1_312' title='bbox 871 4181 1010 4235; x_wconf 90' lang='lat' dir='ltr'><strong>cnim</strong></span> <span class='ocrx_word' id='word_1_313' title='bbox 1041 4183 1108 4238; x_wconf 92' lang='lat' dir='ltr'><strong>de</strong></span> <span class='ocrx_word' id='word_1_314' title='bbox 1151 4185 1252 4249; x_wconf 91' lang='lat' dir='ltr'><strong>iis,</strong></span> <span class='ocrx_word' id='word_1_315' title='bbox 1286 4191 1375 4257; x_wconf 92' lang='lat' dir='ltr'><strong>qui</strong></span> <span class='ocrx_word' id='word_1_316' title='bbox 1424 4191 1476 4246; x_wconf 89' lang='lat' dir='ltr'><strong>in</strong></span> <span class='ocrx_word' id='word_1_317' title='bbox 1521 4170 1730 4252; x_wconf 69' lang='lat' dir='ltr'><strong>melotis</strong></span> <span class='ocrx_word' id='word_1_318' title='bbox 1756 4211 1811 4256; x_wconf 89' lang='lat' dir='ltr'><strong>et</strong></span> 
     </span>
    </p>
   </div>
   <div class='ocr_carea' id='block_1_43' title="bbox 223 4263 1806 4360">
    <p class='ocr_par' dir='ltr' id='par_1_43' title="bbox 223 4263 1806 4360">
     <span class='ocr_line' id='line_1_43' title="bbox 223 4263 1806 4360; baseline 0.023 -48"><span class='ocrx_word' id='word_1_319' title='bbox 223 4263 502 4329; x_wconf 89' lang='lat' dir='ltr'><strong>specubus,</strong></span> <span class='ocrx_word' id='word_1_320' title='bbox 526 4274 580 4319; x_wconf 88' lang='lat' dir='ltr'><strong>et</strong></span> <span class='ocrx_word' id='word_1_321' title='bbox 607 4266 655 4320; x_wconf 90' lang='lat' dir='ltr'><strong>in</strong></span> <span class='ocrx_word' id='word_1_322' title='bbox 682 4270 874 4338; x_wconf 84' lang='lat' dir='ltr'><strong>exigua</strong></span> <span class='ocrx_word' id='word_1_323' title='bbox 895 4274 1042 4327; x_wconf 87' lang='lat' dir='ltr'><strong>orbis</strong></span> <span class='ocrx_word' id='word_1_324' title='bbox 1069 4287 1217 4344; x_wconf 87' lang='lat' dir='ltr'><strong>parte</strong></span> <span class='ocrx_word' id='word_1_325' title='bbox 1246 4283 1592 4342; x_wconf 82' lang='lat' dir='ltr'><strong>versabantur</strong></span> <span class='ocrx_word' id='word_1_326' title='bbox 1620 4290 1806 4360; x_wconf 82' lang='lat' dir='ltr'><strong>(Hebr.</strong></span> 
     </span>
    </p>
   </div>
   <div class='ocr_carea' id='block_1_44' title="bbox 227 4351 1807 4442">
    <p class='ocr_par' dir='ltr' id='par_1_44' title="bbox 227 4351 1807 4442">
     <span class='ocr_line' id='line_1_44' title="bbox 227 4351 1807 4442; baseline 0.022 -40"><span class='ocrx_word' id='word_1_327' title='bbox 227 4351 278 4402; x_wconf 87' lang='lat' dir='ltr'><strong>ii</strong></span> <span class='ocrx_word' id='word_1_328' title='bbox 339 4351 481 4422; x_wconf 69' lang='grc' dir='ltr'><strong>ὃὸ),</strong></span> <span class='ocrx_word' id='word_1_329' title='bbox 512 4352 612 4409; x_wconf 87' lang='lat' dir='ltr'><strong>hoc</strong></span> <span class='ocrx_word' id='word_1_330' title='bbox 637 4355 836 4412; x_wconf 87' lang='lat' dir='ltr'><strong>dictum</strong></span> <span class='ocrx_word' id='word_1_331' title='bbox 866 4370 946 4414; x_wconf 87' lang='lat' dir='ltr'><strong>est</strong></span> <span class='ocrx_word' id='word_1_332' title='bbox 979 4379 994 4416; x_wconf 91' lang='lat'><strong>:</strong></span> <span class='ocrx_word' id='word_1_333' title='bbox 1021 4376 1220 4434; x_wconf 92' lang='lat' dir='ltr'><strong>quanto</strong></span> <span class='ocrx_word' id='word_1_334' title='bbox 1249 4374 1416 4442; x_wconf 90' lang='lat' dir='ltr'><strong>magis</strong></span> <span class='ocrx_word' id='word_1_335' title='bbox 1443 4390 1539 4429; x_wconf 89' lang='lat' dir='ltr'><strong>nos</strong></span> <span class='ocrx_word' id='word_1_336' title='bbox 1569 4351 1807 4438; x_wconf 80' lang='lat' dir='ltr'><strong>dicemus</strong></span> 
     </span>
    </p>
   </div>
   <div class='ocr_carea' id='block_1_45' title="bbox 226 4439 1805 4529">
    <p class='ocr_par' dir='ltr' id='par_1_45' title="bbox 226 4439 1805 4529">
     <span class='ocr_line' id='line_1_45' title="bbox 226 4439 1805 4529; baseline 0.022 -37"><span class='ocrx_word' id='word_1_337' title='bbox 226 4439 439 4496; x_wconf 82' lang='lat' dir='ltr'><strong>Paulum</strong></span> <span class='ocrx_word' id='word_1_338' title='bbox 469 4445 667 4500; x_wconf 86' lang='lat' dir='ltr'><strong>mundo</strong></span> <span class='ocrx_word' id='word_1_339' title='bbox 689 4487 705 4513; x_wconf 93' lang='lat'><strong>,</strong></span> <span class='ocrx_word' id='word_1_340' title='bbox 733 4458 788 4503; x_wconf 93' lang='lat' dir='ltr'><strong>et</strong></span> <span class='ocrx_word' id='word_1_341' title='bbox 821 4454 1070 4511; x_wconf 88' lang='lat' dir='ltr'><strong>omnibus</strong></span> <span class='ocrx_word' id='word_1_342' title='bbox 1096 4463 1298 4529; x_wconf 52' lang='lat' dir='ltr'><strong>quaaxin</strong></span> <span class='ocrx_word' id='word_1_343' title='bbox 1339 4439 1536 4521; x_wconf 80' lang='lat' dir='ltr'><strong>mundo</strong></span> <span class='ocrx_word' id='word_1_344' title='bbox 1574 4480 1696 4524; x_wconf 85' lang='lat' dir='ltr'><strong>sunt</strong></span> <span class='ocrx_word' id='word_1_345' title='bbox 1724 4473 1805 4527; x_wconf 80' lang='lat' dir='ltr'><strong>di-</strong></span> 
     </span>
    </p>
   </div>
   <div class='ocr_carea' id='block_1_46' title="bbox 218 4533 1806 4626">
    <p class='ocr_par' dir='ltr' id='par_1_46' title="bbox 218 4533 1806 4626">
     <span class='ocr_line' id='line_1_46' title="bbox 218 4533 1806 4626; baseline 0.024 -45"><span class='ocrx_word' id='word_1_346' title='bbox 218 4533 502 4598; x_wconf 78' lang='lat' dir='ltr'><strong>gniorem?</strong></span> <span class='ocrx_word' id='word_1_347' title='bbox 529 4534 584 4589; x_wconf 91' lang='lat' dir='ltr'><strong>Si</strong></span> <span class='ocrx_word' id='word_1_348' title='bbox 628 4537 786 4608; x_wconf 86' lang='lat' dir='ltr'><strong>igitur</strong></span> <span class='ocrx_word' id='word_1_349' title='bbox 823 4557 892 4597; x_wconf 92' lang='lat' dir='ltr'><strong>eo</strong></span> <span class='ocrx_word' id='word_1_350' title='bbox 929 4547 1156 4604; x_wconf 91' lang='lat' dir='ltr'><strong>mundus</strong></span> <span class='ocrx_word' id='word_1_351' title='bbox 1201 4551 1393 4621; x_wconf 87' lang='lat' dir='ltr'><strong>dignus</strong></span> <span class='ocrx_word' id='word_1_352' title='bbox 1423 4571 1527 4612; x_wconf 92' lang='lat' dir='ltr'><strong>non</strong></span> <span class='ocrx_word' id='word_1_353' title='bbox 1575 4570 1691 4626; x_wconf 80' lang='lat' dir='ltr'><strong>est,</strong></span> <span class='ocrx_word' id='word_1_354' title='bbox 1737 4565 1806 4619; x_wconf 91' lang='lat' dir='ltr'><strong>sit</strong></span> 
     </span>
    </p>
   </div>
   <div class='ocr_carea' id='block_1_47' title="bbox 218 4622 1799 4714">
    <p class='ocr_par' dir='ltr' id='par_1_47' title="bbox 218 4622 1799 4714">
     <span class='ocr_line' id='line_1_47' title="bbox 218 4622 1799 4714; baseline 0.024 -38"><span class='ocrx_word' id='word_1_355' title='bbox 218 4622 351 4678; x_wconf 88' lang='lat' dir='ltr'><strong>forte</strong></span> <span class='ocrx_word' id='word_1_356' title='bbox 377 4627 459 4680; x_wconf 86' lang='lat' dir='ltr'><strong>vel</strong></span> <span class='ocrx_word' id='word_1_357' title='bbox 480 4631 666 4684; x_wconf 66' lang='lat' dir='ltr'><strong>cmium</strong></span> <span class='ocrx_word' id='word_1_358' title='bbox 691 4649 705 4694; x_wconf 91' lang='lat'><strong>;</strong></span> <span class='ocrx_word' id='word_1_359' title='bbox 736 4636 829 4689; x_wconf 90' lang='lat' dir='ltr'><strong>sed</strong></span> <span class='ocrx_word' id='word_1_360' title='bbox 858 4637 996 4692; x_wconf 85' lang='lat' dir='ltr'><strong>istud</strong></span> <span class='ocrx_word' id='word_1_361' title='bbox 1026 4656 1238 4714; x_wconf 91' lang='lat' dir='ltr'><strong>quoque</strong></span> <span class='ocrx_word' id='word_1_362' title='bbox 1268 4646 1531 4705; x_wconf 88' lang='lat' dir='ltr'><strong>invenitur</strong></span> <span class='ocrx_word' id='word_1_363' title='bbox 1560 4654 1799 4714; x_wconf 83' lang='lat' dir='ltr'><strong>inferius.</strong></span> 
     </span>
    </p>
   </div>
   <div class='ocr_carea' id='block_1_48' title="bbox 216 4713 1799 4807">
    <p class='ocr_par' dir='ltr' id='par_1_48' title="bbox 216 4713 1799 4807">
     <span class='ocr_line' id='line_1_48' title="bbox 216 4713 1799 4807; baseline 0.023 -41"><span class='ocrx_word' id='word_1_364' title='bbox 216 4713 268 4766; x_wconf 88' lang='lat' dir='ltr'><strong>Si</strong></span> <span class='ocrx_word' id='word_1_365' title='bbox 300 4716 442 4771; x_wconf 83' lang='lat' dir='ltr'><strong>enim</strong></span> <span class='ocrx_word' id='word_1_366' title='bbox 469 4717 569 4773; x_wconf 85' lang='lat' dir='ltr'><strong>iste</strong></span> <span class='ocrx_word' id='word_1_367' title='bbox 607 4736 714 4776; x_wconf 87' lang='lat' dir='ltr'><strong>non</strong></span> <span class='ocrx_word' id='word_1_368' title='bbox 738 4725 907 4780; x_wconf 75' lang='lat' dir='ltr'><strong>solum</strong></span> <span class='ocrx_word' id='word_1_369' title='bbox 934 4731 1120 4786; x_wconf 60' lang='lat' dir='ltr'><strong>cauum</strong></span> <span class='ocrx_word' id='word_1_370' title='bbox 1185 4735 1277 4790; x_wconf 88' lang='lat' dir='ltr'><strong>sed</strong></span> <span class='ocrx_word' id='word_1_371' title='bbox 1307 4723 1425 4807; x_wconf 66' lang='lat' dir='ltr'><strong>quae</strong></span> <span class='ocrx_word' id='word_1_372' title='bbox 1455 4739 1716 4799; x_wconf 87' lang='lat' dir='ltr'><strong>habentur</strong></span> <span class='ocrx_word' id='word_1_373' title='bbox 1748 4713 1799 4803; x_wconf 84' lang='lat' dir='ltr'><strong>in</strong></span> 
     </span>
    </p>
   </div>
   <div class='ocr_carea' id='block_1_49' title="bbox 214 4805 1801 4907">
    <p class='ocr_par' dir='ltr' id='par_1_49' title="bbox 214 4805 1801 4907">
     <span class='ocr_line' id='line_1_49' title="bbox 214 4805 1801 4907; baseline 0.023 -49"><span class='ocrx_word' id='word_1_374' title='bbox 214 4805 358 4861; x_wconf 58' lang='lat' dir='ltr'><strong>caelis</strong></span> <span class='ocrx_word' id='word_1_375' title='bbox 380 4807 475 4863; x_wconf 88' lang='lat' dir='ltr'><strong>Dei</strong></span> <span class='ocrx_word' id='word_1_376' title='bbox 501 4815 796 4882; x_wconf 84' lang='lat' dir='ltr'><strong>postposuit</strong></span> <span class='ocrx_word' id='word_1_377' title='bbox 817 4818 1022 4876; x_wconf 85' lang='lat' dir='ltr'><strong>caritati</strong></span> <span class='ocrx_word' id='word_1_378' title='bbox 1047 4841 1061 4876; x_wconf 90' lang='lat'>:</span> <span class='ocrx_word' id='word_1_379' title='bbox 1091 4805 1362 4892; x_wconf 76' lang='lat' dir='ltr'><strong>quomodd</strong></span> <span class='ocrx_word' id='word_1_380' title='bbox 1385 4847 1489 4886; x_wconf 89' lang='lat' dir='ltr'><strong>non</strong></span> <span class='ocrx_word' id='word_1_381' title='bbox 1513 4840 1678 4907; x_wconf 86' lang='lat' dir='ltr'><strong>magis</strong></span> <span class='ocrx_word' id='word_1_382' title='bbox 1701 4841 1801 4895; x_wconf 73' lang='lat' dir='ltr'><strong>Do.</strong></span> 
     </span>
    </p>
   </div>
   <div class='ocr_carea' id='block_1_50' title="bbox 213 4899 1798 4995">
    <p class='ocr_par' dir='ltr' id='par_1_50' title="bbox 213 4899 1798 4995">
     <span class='ocr_line' id='line_1_50' title="bbox 213 4899 1798 4995; baseline 0.025 -46"><span class='ocrx_word' id='word_1_383' title='bbox 213 4899 388 4953; x_wconf 89' lang='lat' dir='ltr'><strong>minus</strong></span> <span class='ocrx_word' id='word_1_384' title='bbox 408 4941 424 4965; x_wconf 98' lang='lat'><strong>,</strong></span> <span class='ocrx_word' id='word_1_385' title='bbox 455 4901 542 4969; x_wconf 88' lang='lat' dir='ltr'><strong>qui</strong></span> <span class='ocrx_word' id='word_1_386' title='bbox 584 4911 732 4961; x_wconf 88' lang='lat' dir='ltr'><strong>tanto</strong></span> <span class='ocrx_word' id='word_1_387' title='bbox 763 4917 845 4964; x_wconf 89' lang='lat' dir='ltr'><strong>est</strong></span> <span class='ocrx_word' id='word_1_388' title='bbox 868 4911 1146 4983; x_wconf 86' lang='lat' dir='ltr'><strong>benignior</strong></span> <span class='ocrx_word' id='word_1_389' title='bbox 1174 4917 1372 4990; x_wconf 88' lang='lat' dir='ltr'><strong>Paulo,</strong></span> <span class='ocrx_word' id='word_1_390' title='bbox 1415 4899 1627 4995; x_wconf 61' lang='lat' dir='ltr'><strong>quanto</strong></span> <span class='ocrx_word' id='word_1_391' title='bbox 1643 4935 1798 4988; x_wconf 87' lang='lat' dir='ltr'><strong>maii-</strong></span> 
     </span>
    </p>
   </div>
   <div class='ocr_carea' id='block_1_51' title="bbox 214 4985 1798 5089">
    <p class='ocr_par' dir='ltr' id='par_1_51' title="bbox 214 4985 1798 5089">
     <span class='ocr_line' id='line_1_51' title="bbox 214 4985 1798 5089; baseline 0.026 -52"><span class='ocrx_word' id='word_1_392' title='bbox 214 4985 338 5039; x_wconf 88' lang='lat' dir='ltr'><strong>tiam</strong></span> <span class='ocrx_word' id='word_1_393' title='bbox 367 4988 572 5046; x_wconf 81' lang='lat' dir='ltr'><strong>bonitas</strong></span> <span class='ocrx_word' id='word_1_394' title='bbox 599 4997 902 5065; x_wconf 90' lang='lat' dir='ltr'><strong>antecellit,</strong></span> <span class='ocrx_word' id='word_1_395' title='bbox 954 5003 1246 5062; x_wconf 89' lang='lat' dir='ltr'><strong>innumeris</strong></span> <span class='ocrx_word' id='word_1_396' title='bbox 1285 4985 1406 5066; x_wconf 83' lang='lat' dir='ltr'><strong>eum</strong></span> <span class='ocrx_word' id='word_1_397' title='bbox 1431 4985 1574 5072; x_wconf 56' lang='lat' dir='ltr'><strong>exiis</strong></span> <span class='ocrx_word' id='word_1_398' title='bbox 1597 5020 1798 5089; x_wconf 88' lang='lat' dir='ltr'><strong>judicat</strong></span> 
     </span>
    </p>
   </div>
   <div class='ocr_carea' id='block_1_52' title="bbox 210 5074 1797 5175">
    <p class='ocr_par' dir='ltr' id='par_1_52' title="bbox 210 5074 1797 5175">
     <span class='ocr_line' id='line_1_52' title="bbox 210 5074 1797 5175; baseline 0.024 -47"><span class='ocrx_word' id='word_1_399' title='bbox 210 5074 551 5141; x_wconf 72' lang='lat' dir='ltr'><strong>digniorem?</strong></span> <span class='ocrx_word' id='word_1_400' title='bbox 573 5081 686 5138; x_wconf 83' lang='lat' dir='ltr'><strong>Non</strong></span> <span class='ocrx_word' id='word_1_401' title='bbox 715 5087 855 5141; x_wconf 91' lang='lat' dir='ltr'><strong>enim</strong></span> <span class='ocrx_word' id='word_1_402' title='bbox 885 5103 1141 5159; x_wconf 90' lang='lat' dir='ltr'><strong>quantum</strong></span> <span class='ocrx_word' id='word_1_403' title='bbox 1173 5112 1269 5153; x_wconf 89' lang='lat' dir='ltr'><strong>nos</strong></span> <span class='ocrx_word' id='word_1_404' title='bbox 1296 5100 1466 5172; x_wconf 83' lang='lat' dir='ltr'><strong>diligit</strong></span> <span class='ocrx_word' id='word_1_405' title='bbox 1495 5074 1797 5175; x_wconf 46' lang='lat' dir='ltr'><strong>Deusta;</strong></span> 
     </span>
    </p>
   </div>
   <div class='ocr_carea' id='block_1_53' title="bbox 211 5167 1793 5269">
    <p class='ocr_par' dir='ltr' id='par_1_53' title="bbox 211 5167 1793 5269">
     <span class='ocr_line' id='line_1_53' title="bbox 211 5167 1793 5269; baseline 0.028 -53"><span class='ocrx_word' id='word_1_406' title='bbox 211 5172 323 5218; x_wconf 84' lang='lat' dir='ltr'><strong>tum</strong></span> <span class='ocrx_word' id='word_1_407' title='bbox 337 5179 371 5220; x_wconf 82' lang='lat' dir='ltr'><strong>a</strong></span> <span class='ocrx_word' id='word_1_408' title='bbox 391 5167 542 5222; x_wconf 88' lang='lat' dir='ltr'><strong>nobis</strong></span> <span class='ocrx_word' id='word_1_409' title='bbox 556 5170 788 5242; x_wconf 80' lang='lat' dir='ltr'><strong>diligitur</strong></span> <span class='ocrx_word' id='word_1_410' title='bbox 815 5178 959 5246; x_wconf 86' lang='lat' dir='ltr'><strong>ipse;</strong></span> <span class='ocrx_word' id='word_1_411' title='bbox 990 5183 1082 5238; x_wconf 88' lang='lat' dir='ltr'><strong>sed</strong></span> <span class='ocrx_word' id='word_1_412' title='bbox 1105 5193 1250 5242; x_wconf 93' lang='lat' dir='ltr'><strong>tanto</strong></span> <span class='ocrx_word' id='word_1_413' title='bbox 1269 5167 1509 5262; x_wconf 71' lang='lat' dir='ltr'><strong>eil‘usius,</strong></span> <span class='ocrx_word' id='word_1_414' title='bbox 1541 5167 1793 5269; x_wconf 74' lang='lat' dir='ltr'><strong>quantum</strong></span> 
     </span>
    </p>
   </div>
   <div class='ocr_carea' id='block_1_54' title="bbox 209 5264 1373 5347">
    <p class='ocr_par' dir='ltr' id='par_1_54' title="bbox 209 5264 1373 5347">
     <span class='ocr_line' id='line_1_54' title="bbox 209 5264 1373 5347; baseline 0.027 -39"><span class='ocrx_word' id='word_1_415' title='bbox 209 5269 310 5310; x_wconf 77' lang='lat' dir='ltr'><strong>nec</strong></span> <span class='ocrx_word' id='word_1_416' title='bbox 334 5272 514 5314; x_wconf 80' lang='lat' dir='ltr'><strong>sermo</strong></span> <span class='ocrx_word' id='word_1_417' title='bbox 539 5264 752 5333; x_wconf 87' lang='lat' dir='ltr'><strong>quidem</strong></span> <span class='ocrx_word' id='word_1_418' title='bbox 776 5270 970 5328; x_wconf 87' lang='lat' dir='ltr'><strong>sufilcit</strong></span> <span class='ocrx_word' id='word_1_419' title='bbox 993 5278 1279 5347; x_wconf 87' lang='lat' dir='ltr'><strong>explicare.</strong></span> <span class='ocrx_word' id='word_1_420' title='bbox 1359 5306 1373 5314; x_wconf 65' lang='grc'><em>’</em></span> 
     </span>
    </p>
   </div>
   <div class='ocr_carea' id='block_1_55' title="bbox 283 5385 1791 5478">
    <p class='ocr_par' dir='ltr' id='par_1_55' title="bbox 283 5385 1791 5478">
     <span class='ocr_line' id='line_1_55' title="bbox 283 5385 1791 5478; baseline 0.028 -39"><span class='ocrx_word' id='word_1_421' title='bbox 283 5385 473 5453; x_wconf 71' lang='lat' dir='ltr'><strong>Quibus</strong></span> <span class='ocrx_word' id='word_1_422' title='bbox 510 5397 730 5462; x_wconf 63' lang='lat' dir='ltr'><strong>praedis</strong></span> <span class='ocrx_word' id='word_1_423' title='bbox 773 5402 825 5454; x_wconf 80' lang='lat' dir='ltr'><strong>in</strong></span> <span class='ocrx_word' id='word_1_424' title='bbox 854 5402 950 5457; x_wconf 70' lang='lat' dir='ltr'><strong>hac</strong></span> <span class='ocrx_word' id='word_1_425' title='bbox 995 5406 1093 5460; x_wconf 75' lang='lat' dir='ltr'><strong>vita</strong></span> <span class='ocrx_word' id='word_1_426' title='bbox 1139 5408 1336 5469; x_wconf 79' lang='lat' dir='ltr'><strong>Paulus</strong></span> <span class='ocrx_word' id='word_1_427' title='bbox 1375 5417 1590 5475; x_wconf 76' lang='lat' dir='ltr'><strong>donatus</strong></span> <span class='ocrx_word' id='word_1_428' title='bbox 1617 5426 1697 5478; x_wconf 83' lang='lat' dir='ltr'><strong>sit.</strong></span> <span class='ocrx_word' id='word_1_429' title='bbox 1721 5459 1791 5470; x_wconf 82' lang='lat'><strong>--</strong></span> 
     </span>
    </p>
   </div>
   <div class='ocr_carea' id='block_1_56' title="bbox 205 5475 1788 5578">
    <p class='ocr_par' dir='ltr' id='par_1_56' title="bbox 205 5475 1788 5578">
     <span class='ocr_line' id='line_1_56' title="bbox 205 5475 1788 5578; baseline 0.028 -47"><span class='ocrx_word' id='word_1_430' title='bbox 205 5475 617 5540; x_wconf 71' lang='lat' dir='ltr'><strong>Considamus</strong></span> <span class='ocrx_word' id='word_1_431' title='bbox 634 5501 762 5559; x_wconf 86' lang='lat' dir='ltr'><strong>ergo</strong></span> <span class='ocrx_word' id='word_1_432' title='bbox 777 5497 990 5562; x_wconf 85' lang='lat' dir='ltr'><strong>quantis</strong></span> <span class='ocrx_word' id='word_1_433' title='bbox 1012 5499 1158 5555; x_wconf 92' lang='lat' dir='ltr'><strong>illum</strong></span> <span class='ocrx_word' id='word_1_434' title='bbox 1178 5501 1466 5566; x_wconf 90' lang='lat' dir='ltr'><strong>honoribus</strong></span> <span class='ocrx_word' id='word_1_435' title='bbox 1481 5475 1652 5570; x_wconf 78' lang='lat' dir='ltr'><strong>etiam</strong></span> <span class='ocrx_word' id='word_1_436' title='bbox 1664 5475 1788 5578; x_wconf 76' lang='lat' dir='ltr'><strong>ante</strong></span> 
     </span>
    </p>
   </div>
   <div class='ocr_carea' id='block_1_57' title="bbox 203 5576 1783 5678">
    <p class='ocr_par' dir='ltr' id='par_1_57' title="bbox 203 5576 1783 5678">
     <span class='ocr_line' id='line_1_57' title="bbox 203 5576 1783 5678; baseline 0.028 -57"><span class='ocrx_word' id='word_1_437' title='bbox 203 5576 414 5640; x_wconf 78' lang='lat' dir='ltr'><strong>tempus</strong></span> <span class='ocrx_word' id='word_1_438' title='bbox 445 5579 847 5639; x_wconf 77' lang='lat' dir='ltr'><strong>resurrectionis</strong></span> <span class='ocrx_word' id='word_1_439' title='bbox 873 5587 1138 5646; x_wconf 77' lang='lat' dir='ltr'><strong>extulerit.</strong></span> <span class='ocrx_word' id='word_1_440' title='bbox 1184 5592 1240 5649; x_wconf 89' lang='lat' dir='ltr'><strong>in</strong></span> <span class='ocrx_word' id='word_1_441' title='bbox 1262 5601 1564 5666; x_wconf 84' lang='lat' dir='ltr'><strong>paradisum</strong></span> <span class='ocrx_word' id='word_1_442' title='bbox 1593 5612 1783 5678; x_wconf 80' lang='lat' dir='ltr'><strong>rapuit,</strong></span> 
     </span>
    </p>
   </div>
   <div class='ocr_carea' id='block_1_58' title="bbox 202 5661 1784 5762">
    <p class='ocr_par' dir='ltr' id='par_1_58' title="bbox 202 5661 1784 5762">
     <span class='ocr_line' id='line_1_58' title="bbox 202 5661 1784 5762; baseline 0.03 -49"><span class='ocrx_word' id='word_1_443' title='bbox 202 5669 256 5714; x_wconf 84' lang='lat' dir='ltr'><strong>et</strong></span> <span class='ocrx_word' id='word_1_444' title='bbox 282 5661 336 5717; x_wconf 84' lang='lat' dir='ltr'><strong>in</strong></span> <span class='ocrx_word' id='word_1_445' title='bbox 360 5665 548 5725; x_wconf 70' lang='lat' dir='ltr'><strong>uatium</strong></span> <span class='ocrx_word' id='word_1_446' title='bbox 566 5672 777 5728; x_wconf 78' lang='lat' dir='ltr'><strong>tertium</strong></span> <span class='ocrx_word' id='word_1_447' title='bbox 805 5676 1117 5752; x_wconf 72' lang='lat' dir='ltr'><strong>sublevavit,</strong></span> <span class='ocrx_word' id='word_1_448' title='bbox 1144 5661 1424 5750; x_wconf 73' lang='lat' dir='ltr'><strong>ineffabilis</strong></span> <span class='ocrx_word' id='word_1_449' title='bbox 1454 5701 1628 5754; x_wconf 80' lang='lat' dir='ltr'><strong>arcani</strong></span> <span class='ocrx_word' id='word_1_450' title='bbox 1654 5661 1784 5762; x_wconf 70' lang='lat' dir='ltr'><strong>iecit</strong></span> 
     </span>
    </p>
   </div>
   <div class='ocr_carea' id='block_1_59' title="bbox 1110 372 2684 443">
    <p class='ocr_par' dir='ltr' id='par_1_59' title="bbox 1110 372 2684 443">
     <span class='ocr_line' id='line_1_59' title="bbox 1110 372 2684 443; baseline 0.006 -10"><span class='ocrx_word' id='word_1_451' title='bbox 1110 374 1200 434; x_wconf 76' lang='lat' dir='ltr'><strong>DE</strong></span> <span class='ocrx_word' id='word_1_452' title='bbox 1239 374 1576 436; x_wconf 76' lang='lat' dir='ltr'><strong>LAUDlBUS</strong></span> <span class='ocrx_word' id='word_1_453' title='bbox 1612 372 1669 431; x_wconf 87' lang='lat' dir='ltr'><strong>S.</strong></span> <span class='ocrx_word' id='word_1_454' title='bbox 1711 372 1914 433; x_wconf 81' lang='lat' dir='ltr'><strong>PAULI</strong></span> <span class='ocrx_word' id='word_1_455' title='bbox 1955 376 2308 438; x_wconf 78' lang='lat' dir='ltr'><strong>APOSTOLI.</strong></span> <span class='ocrx_word' id='word_1_456' title='bbox 2349 381 2578 443; x_wconf 71' lang='lat' dir='ltr'><strong>iiOillL.</strong></span> <span class='ocrx_word' id='word_1_457' title='bbox 2619 386 2684 443; x_wconf 82' lang='grc'><strong>11.</strong></span> 
     </span>
    </p>
   </div>
   <div class='ocr_carea' id='block_1_60' title="bbox 3456 408 3565 461">
    <p class='ocr_par' dir='ltr' id='par_1_60' title="bbox 3456 408 3565 461">
     <span class='ocr_line' id='line_1_60' title="bbox 3456 408 3565 461; baseline -0.009 -2"><span class='ocrx_word' id='word_1_458' title='bbox 3456 408 3565 461; x_wconf 63' lang='grc' dir='ltr'><strong>4η</strong></span> 
     </span>
    </p>
   </div>
   <div class='ocr_carea' id='block_1_61' title="bbox 1972 499 3560 586">
    <p class='ocr_par' dir='ltr' id='par_1_61' title="bbox 1972 499 3560 586">
     <span class='ocr_line' id='line_1_61' title="bbox 1972 499 3560 586; baseline 0.017 -38"><span class='ocrx_word' id='word_1_459' title='bbox 1972 505 2092 550; x_wconf 83' lang='lat' dir='ltr'><strong>esse</strong></span> <span class='ocrx_word' id='word_1_460' title='bbox 2120 499 2427 570; x_wconf 82' lang='lat' dir='ltr'><strong>participem</strong></span> <span class='ocrx_word' id='word_1_461' title='bbox 2452 542 2468 567; x_wconf 94' lang='lat'><strong>,</strong></span> <span class='ocrx_word' id='word_1_462' title='bbox 2519 503 2808 576; x_wconf 90' lang='lat' dir='ltr'><strong>taliumque</strong></span> <span class='ocrx_word' id='word_1_463' title='bbox 2837 511 3208 580; x_wconf 86' lang='lat' dir='ltr'><strong>mysteriorum</strong></span> <span class='ocrx_word' id='word_1_464' title='bbox 3248 522 3518 575; x_wconf 83' lang='lat' dir='ltr'><strong>conscium</strong></span> <span class='ocrx_word' id='word_1_465' title='bbox 3547 566 3560 586; x_wconf 86' lang='lat'><strong>,</strong></span> 
     </span>
    </p>
   </div>
   <div class='ocr_carea' id='block_1_62' title="bbox 1971 587 3555 684">
    <p class='ocr_par' dir='ltr' id='par_1_62' title="bbox 1971 587 3555 684">
     <span class='ocr_line' id='line_1_62' title="bbox 1971 587 3555 684; baseline 0.019 -46"><span class='ocrx_word' id='word_1_466' title='bbox 1971 599 2090 655; x_wconf 69' lang='lat' dir='ltr'><strong>qua:</strong></span> <span class='ocrx_word' id='word_1_467' title='bbox 2117 587 2244 642; x_wconf 90' lang='lat' dir='ltr'><strong>nulli</strong></span> <span class='ocrx_word' id='word_1_468' title='bbox 2274 588 2548 648; x_wconf 89' lang='lat' dir='ltr'><strong>hominum</strong></span> <span class='ocrx_word' id='word_1_469' title='bbox 2578 593 2658 650; x_wconf 88' lang='lat' dir='ltr'><strong>fas</strong></span> <span class='ocrx_word' id='word_1_470' title='bbox 2683 596 2842 653; x_wconf 84' lang='lat' dir='ltr'><strong>fuerit</strong></span> <span class='ocrx_word' id='word_1_471' title='bbox 2867 602 3110 659; x_wconf 86' lang='lat' dir='ltr'><strong>confiteri</strong></span> <span class='ocrx_word' id='word_1_472' title='bbox 3149 606 3170 678; x_wconf 92' lang='lat'><strong>(</strong></span> <span class='ocrx_word' id='word_1_473' title='bbox 3187 607 3241 662; x_wconf 75' lang='lat'><strong>2.</strong></span> <span class='ocrx_word' id='word_1_474' title='bbox 3271 607 3388 664; x_wconf 87' lang='lat' dir='ltr'><strong>Cor.</strong></span> <span class='ocrx_word' id='word_1_475' title='bbox 3425 615 3489 667; x_wconf 75' lang='lat' dir='ltr'><strong>ii:</strong></span> <span class='ocrx_word' id='word_1_476' title='bbox 3513 621 3555 684; x_wconf 82' lang='grc'><strong>).</strong></span> 
     </span>
    </p>
   </div>
   <div class='ocr_carea' id='block_1_63' title="bbox 1969 673 3562 769">
    <p class='ocr_par' dir='ltr' id='par_1_63' title="bbox 1969 673 3562 769">
     <span class='ocr_line' id='line_1_63' title="bbox 1969 673 3562 769; baseline 0.021 -42"><span class='ocrx_word' id='word_1_477' title='bbox 1969 673 2078 732; x_wconf 83' lang='lat' dir='ltr'><strong>Nec</strong></span> <span class='ocrx_word' id='word_1_478' title='bbox 2105 677 2372 737; x_wconf 89' lang='lat' dir='ltr'><strong>immerito</strong></span> <span class='ocrx_word' id='word_1_479' title='bbox 2400 700 2414 737; x_wconf 89' lang='lat'><strong>:</strong></span> <span class='ocrx_word' id='word_1_480' title='bbox 2445 685 2705 755; x_wconf 85' lang='lat' dir='ltr'><strong>siquidem</strong></span> <span class='ocrx_word' id='word_1_481' title='bbox 2731 689 2924 748; x_wconf 90' lang='lat' dir='ltr'><strong>Paulus</strong></span> <span class='ocrx_word' id='word_1_482' title='bbox 2946 694 2996 748; x_wconf 93' lang='lat' dir='ltr'><strong>in</strong></span> <span class='ocrx_word' id='word_1_483' title='bbox 3025 673 3168 752; x_wconf 79' lang='lat' dir='ltr'><strong>terra</strong></span> <span class='ocrx_word' id='word_1_484' title='bbox 3187 701 3454 769; x_wconf 82' lang='lat' dir='ltr'><strong>gradiens,</strong></span> <span class='ocrx_word' id='word_1_485' title='bbox 3486 673 3562 760; x_wconf 83' lang='lat' dir='ltr'><strong>sie</strong></span> 
     </span>
    </p>
   </div>
   <div class='ocr_carea' id='block_1_64' title="bbox 1967 769 3555 853">
    <p class='ocr_par' dir='ltr' id='par_1_64' title="bbox 1967 769 3555 853">
     <span class='ocr_line' id='line_1_64' title="bbox 1967 769 3555 853; baseline 0.021 -35"><span class='ocrx_word' id='word_1_486' title='bbox 1967 779 2026 820; x_wconf 91' lang='lat' dir='ltr'><strong>se</strong></span> <span class='ocrx_word' id='word_1_487' title='bbox 2049 769 2238 837; x_wconf 84' lang='lat' dir='ltr'><strong>agebat</strong></span> <span class='ocrx_word' id='word_1_488' title='bbox 2264 771 2317 826; x_wconf 88' lang='lat' dir='ltr'><strong>in</strong></span> <span class='ocrx_word' id='word_1_489' title='bbox 2343 775 2545 830; x_wconf 89' lang='lat' dir='ltr'><strong>cunctis</strong></span> <span class='ocrx_word' id='word_1_490' title='bbox 2567 817 2583 844; x_wconf 93' lang='lat'><strong>,</strong></span> <span class='ocrx_word' id='word_1_491' title='bbox 2613 780 2762 848; x_wconf 89' lang='lat' dir='ltr'><strong>quasi</strong></span> <span class='ocrx_word' id='word_1_492' title='bbox 2790 783 3098 853; x_wconf 86' lang='lat' dir='ltr'><strong>angelorum</strong></span> <span class='ocrx_word' id='word_1_493' title='bbox 3130 793 3387 849; x_wconf 82' lang='lat' dir='ltr'><strong>societate</strong></span> <span class='ocrx_word' id='word_1_494' title='bbox 3412 795 3555 851; x_wconf 86' lang='lat' dir='ltr'><strong>frue-</strong></span> 
     </span>
    </p>
   </div>
   <div class='ocr_carea' id='block_1_65' title="bbox 1969 858 3556 950">
    <p class='ocr_par' dir='ltr' id='par_1_65' title="bbox 1969 858 3556 950">
     <span class='ocr_line' id='line_1_65' title="bbox 1969 858 3556 950; baseline 0.02 -41"><span class='ocrx_word' id='word_1_495' title='bbox 1969 865 2134 913; x_wconf 87' lang='lat' dir='ltr'><strong>retur.</strong></span> <span class='ocrx_word' id='word_1_496' title='bbox 2168 858 2300 916; x_wconf 87' lang='lat' dir='ltr'><strong>Nam</strong></span> <span class='ocrx_word' id='word_1_497' title='bbox 2328 865 2564 933; x_wconf 89' lang='lat' dir='ltr'><strong>passibili</strong></span> <span class='ocrx_word' id='word_1_498' title='bbox 2588 868 2762 926; x_wconf 87' lang='lat' dir='ltr'><strong>adhuc</strong></span> <span class='ocrx_word' id='word_1_499' title='bbox 2785 873 3065 945; x_wconf 88' lang='lat' dir='ltr'><strong>colligatus</strong></span> <span class='ocrx_word' id='word_1_500' title='bbox 3083 869 3315 950; x_wconf 69' lang='lat' dir='ltr'><strong>&#39;corpori,</strong></span> <span class='ocrx_word' id='word_1_501' title='bbox 3346 885 3556 941; x_wconf 89' lang='lat' dir='ltr'><strong>illorum</strong></span> 
     </span>
    </p>
   </div>
   <div class='ocr_carea' id='block_1_66' title="bbox 1966 951 3556 1046">
    <p class='ocr_par' dir='ltr' id='par_1_66' title="bbox 1966 951 3556 1046">
     <span class='ocr_line' id='line_1_66' title="bbox 1966 951 3556 1046; baseline 0.019 -43"><span class='ocrx_word' id='word_1_502' title='bbox 1966 951 2289 1019; x_wconf 88' lang='lat' dir='ltr'><strong>perfectione</strong></span> <span class='ocrx_word' id='word_1_503' title='bbox 2307 959 2586 1029; x_wconf 85' lang='lat' dir='ltr'><strong>gaudebat,</strong></span> <span class='ocrx_word' id='word_1_504' title='bbox 2613 966 2878 1035; x_wconf 89' lang='lat' dir='ltr'><strong>tantisque</strong></span> <span class='ocrx_word' id='word_1_505' title='bbox 2900 969 3268 1040; x_wconf 84' lang='lat' dir='ltr'><strong>l&#39;ragilitatibus</strong></span> <span class='ocrx_word' id='word_1_506' title='bbox 3287 979 3556 1046; x_wconf 87' lang='lat' dir='ltr'><strong>subditus,</strong></span> 
     </span>
    </p>
   </div>
   <div class='ocr_carea' id='block_1_67' title="bbox 1964 1040 3552 1134">
    <p class='ocr_par' dir='ltr' id='par_1_67' title="bbox 1964 1040 3552 1134">
     <span class='ocr_line' id='line_1_67' title="bbox 1964 1040 3552 1134; baseline 0.019 -39"><span class='ocrx_word' id='word_1_507' title='bbox 1964 1040 2016 1096; x_wconf 90' lang='lat' dir='ltr'><strong>in</strong></span> <span class='ocrx_word' id='word_1_508' title='bbox 2036 1044 2180 1100; x_wconf 93' lang='lat' dir='ltr'><strong>nullo</strong></span> <span class='ocrx_word' id='word_1_509' title='bbox 2201 1047 2420 1104; x_wconf 90' lang='lat' dir='ltr'><strong>inferior</strong></span> <span class='ocrx_word' id='word_1_510' title='bbox 2443 1056 2691 1122; x_wconf 89' lang='lat' dir='ltr'><strong>supernis</strong></span> <span class='ocrx_word' id='word_1_511' title='bbox 2712 1059 2995 1117; x_wconf 89' lang='lat' dir='ltr'><strong>virtutibus</strong></span> <span class='ocrx_word' id='word_1_512' title='bbox 3017 1078 3273 1134; x_wconf 84' lang='lat' dir='ltr'><strong>apparere</strong></span> <span class='ocrx_word' id='word_1_513' title='bbox 3292 1073 3552 1126; x_wconf 74' lang='lat' dir='ltr'><strong>certabat.</strong></span> 
     </span>
    </p>
   </div>
   <div class='ocr_carea' id='block_1_68' title="bbox 1959 1131 3553 1231">
    <p class='ocr_par' dir='ltr' id='par_1_68' title="bbox 1959 1131 3553 1231">
     <span class='ocr_line' id='line_1_68' title="bbox 1959 1131 3553 1231; baseline 0.02 -44"><span class='ocrx_word' id='word_1_514' title='bbox 1959 1131 2092 1188; x_wconf 85' lang='lat' dir='ltr'><strong>Nam</strong></span> <span class='ocrx_word' id='word_1_515' title='bbox 2132 1146 2186 1192; x_wconf 91' lang='lat' dir='ltr'><strong>et</strong></span> <span class='ocrx_word' id='word_1_516' title='bbox 2211 1146 2477 1211; x_wconf 87' lang='lat' dir='ltr'><strong>tamquam</strong></span> <span class='ocrx_word' id='word_1_517' title='bbox 2505 1157 2766 1215; x_wconf 88' lang='lat' dir='ltr'><strong>pennatus</strong></span> <span class='ocrx_word' id='word_1_518' title='bbox 2803 1159 2968 1208; x_wconf 91' lang='lat' dir='ltr'><strong>totum</strong></span> <span class='ocrx_word' id='word_1_519' title='bbox 2989 1131 3232 1212; x_wconf 75' lang='lat' dir='ltr'><strong>docendo</strong></span> <span class='ocrx_word' id='word_1_520' title='bbox 3261 1166 3553 1231; x_wconf 72' lang='lat' dir='ltr'><strong>pervolavit</strong></span> 
     </span>
    </p>
   </div>
   <div class='ocr_carea' id='block_1_69' title="bbox 1957 1228 3552 1327">
    <p class='ocr_par' dir='ltr' id='par_1_69' title="bbox 1957 1228 3552 1327">
     <span class='ocr_line' id='line_1_69' title="bbox 1957 1228 3552 1327; baseline 0.023 -46"><span class='ocrx_word' id='word_1_521' title='bbox 1957 1228 2165 1296; x_wconf 88' lang='lat' dir='ltr'><strong>orbem,</strong></span> <span class='ocrx_word' id='word_1_522' title='bbox 2195 1243 2250 1288; x_wconf 91' lang='lat' dir='ltr'><strong>et</strong></span> <span class='ocrx_word' id='word_1_523' title='bbox 2279 1235 2424 1291; x_wconf 90' lang='lat' dir='ltr'><strong>velut</strong></span> <span class='ocrx_word' id='word_1_524' title='bbox 2450 1239 2792 1312; x_wconf 88' lang='lat' dir='ltr'><strong>incorporeus</strong></span> <span class='ocrx_word' id='word_1_525' title='bbox 2818 1246 3029 1314; x_wconf 83' lang='lat' dir='ltr'><strong>labores</strong></span> <span class='ocrx_word' id='word_1_526' title='bbox 3060 1228 3399 1327; x_wconf 73' lang='lat' dir='ltr'><strong>periculaque</strong></span> <span class='ocrx_word' id='word_1_527' title='bbox 3417 1275 3552 1322; x_wconf 83' lang='lat' dir='ltr'><strong>con-</strong></span> 
     </span>
    </p>
   </div>
   <div class='ocr_carea' id='block_1_70' title="bbox 1959 1321 3554 1421">
    <p class='ocr_par' dir='ltr' id='par_1_70' title="bbox 1959 1321 3554 1421">
     <span class='ocr_line' id='line_1_70' title="bbox 1959 1321 3554 1421; baseline 0.024 -50"><span class='ocrx_word' id='word_1_528' title='bbox 1959 1321 2175 1390; x_wconf 73' lang='lat' dir='ltr'><strong>tempsit</strong></span> <span class='ocrx_word' id='word_1_529' title='bbox 2193 1363 2208 1388; x_wconf 91' lang='lat'><strong>,</strong></span> <span class='ocrx_word' id='word_1_530' title='bbox 2230 1333 2285 1378; x_wconf 92' lang='lat' dir='ltr'><strong>et</strong></span> <span class='ocrx_word' id='word_1_531' title='bbox 2301 1328 2451 1396; x_wconf 89' lang='lat' dir='ltr'><strong>quasi</strong></span> <span class='ocrx_word' id='word_1_532' title='bbox 2466 1330 2576 1399; x_wconf 93' lang='lat' dir='ltr'><strong>jam</strong></span> <span class='ocrx_word' id='word_1_533' title='bbox 2599 1333 2784 1390; x_wconf 64' lang='lat' dir='ltr'><strong>caelum</strong></span> <span class='ocrx_word' id='word_1_534' title='bbox 2806 1340 3103 1410; x_wconf 82' lang='lat' dir='ltr'><strong>possidens,</strong></span> <span class='ocrx_word' id='word_1_535' title='bbox 3123 1321 3554 1421; x_wconf 47' lang='lat' dir='ltr'><strong>cuncta—prorsus</strong></span> 
     </span>
    </p>
   </div>
   <div class='ocr_carea' id='block_1_71' title="bbox 1956 1412 3550 1514">
    <p class='ocr_par' dir='ltr' id='par_1_71' title="bbox 1956 1412 3550 1514">
     <span class='ocr_line' id='line_1_71' title="bbox 1956 1412 3550 1514; baseline 0.026 -54"><span class='ocrx_word' id='word_1_536' title='bbox 1956 1413 2164 1465; x_wconf 88' lang='lat' dir='ltr'><strong>terrena</strong></span> <span class='ocrx_word' id='word_1_537' title='bbox 2188 1412 2448 1484; x_wconf 82' lang='lat' dir='ltr'><strong>despexit.</strong></span> <span class='ocrx_word' id='word_1_538' title='bbox 2482 1430 2534 1474; x_wconf 89' lang='lat' dir='ltr'><strong>et</strong></span> <span class='ocrx_word' id='word_1_539' title='bbox 2560 1429 2823 1496; x_wconf 83' lang='lat' dir='ltr'><strong>tamquam</strong></span> <span class='ocrx_word' id='word_1_540' title='bbox 2853 1445 2972 1486; x_wconf 91' lang='lat' dir='ltr'><strong>cum</strong></span> <span class='ocrx_word' id='word_1_541' title='bbox 3000 1434 3128 1503; x_wconf 84' lang='lat' dir='ltr'><strong>ipsis</strong></span> <span class='ocrx_word' id='word_1_542' title='bbox 3161 1437 3271 1506; x_wconf 80' lang='lat' dir='ltr'><strong>jam</strong></span> <span class='ocrx_word' id='word_1_543' title='bbox 3298 1440 3550 1514; x_wconf 87' lang='lat' dir='ltr'><strong>incorpo-</strong></span> 
     </span>
    </p>
   </div>
   <div class='ocr_carea' id='block_1_72' title="bbox 1952 1499 3549 1592">
    <p class='ocr_par' dir='ltr' id='par_1_72' title="bbox 1952 1499 3549 1592">
     <span class='ocr_line' id='line_1_72' title="bbox 1952 1499 3549 1592; baseline 0.026 -42"><span class='ocrx_word' id='word_1_544' title='bbox 1952 1499 2060 1554; x_wconf 90' lang='lat' dir='ltr'><strong>reis</strong></span> <span class='ocrx_word' id='word_1_545' title='bbox 2084 1501 2365 1562; x_wconf 86' lang='lat' dir='ltr'><strong>virtutibus</strong></span> <span class='ocrx_word' id='word_1_546' title='bbox 2393 1509 2641 1581; x_wconf 83' lang='lat' dir='ltr'><strong>degeret,</strong></span> <span class='ocrx_word' id='word_1_547' title='bbox 2674 1517 2743 1572; x_wconf 91' lang='lat' dir='ltr'><strong>ita</strong></span> <span class='ocrx_word' id='word_1_548' title='bbox 2765 1518 2878 1591; x_wconf 84' lang='lat' dir='ltr'><strong>jugi</strong></span> <span class='ocrx_word' id='word_1_549' title='bbox 2907 1499 3102 1581; x_wconf 71' lang='lat' dir='ltr'><strong>mentis</strong></span> <span class='ocrx_word' id='word_1_550' title='bbox 3141 1529 3436 1590; x_wconf 84' lang='lat' dir='ltr'><strong>intentione</strong></span> <span class='ocrx_word' id='word_1_551' title='bbox 3467 1538 3549 1592; x_wconf 84' lang='lat' dir='ltr'><strong>vi-</strong></span> 
     </span>
    </p>
   </div>
   <div class='ocr_carea' id='block_1_73' title="bbox 1948 1590 3546 1691">
    <p class='ocr_par' dir='ltr' id='par_1_73' title="bbox 1948 1590 3546 1691">
     <span class='ocr_line' id='line_1_73' title="bbox 1948 1590 3546 1691; baseline 0.026 -49"><span class='ocrx_word' id='word_1_552' title='bbox 1948 1590 2218 1660; x_wconf 87' lang='lat' dir='ltr'><strong>gilavit.Et</strong></span> <span class='ocrx_word' id='word_1_553' title='bbox 2233 1601 2432 1669; x_wconf 86' lang='lat' dir='ltr'><strong>angelis</strong></span> <span class='ocrx_word' id='word_1_554' title='bbox 2446 1604 2655 1672; x_wconf 90' lang='lat' dir='ltr'><strong>quidem</strong></span> <span class='ocrx_word' id='word_1_555' title='bbox 2671 1623 2811 1679; x_wconf 61' lang='lat' dir='ltr'><strong>saepe</strong></span> <span class='ocrx_word' id='word_1_556' title='bbox 2826 1590 3152 1673; x_wconf 88' lang='lat' dir='ltr'><strong>diversarum</strong></span> <span class='ocrx_word' id='word_1_557' title='bbox 3169 1624 3400 1691; x_wconf 90' lang='lat' dir='ltr'><strong>gentium</strong></span> <span class='ocrx_word' id='word_1_558' title='bbox 3419 1642 3546 1684; x_wconf 88' lang='lat' dir='ltr'><strong>cura</strong></span> 
     </span>
    </p>
   </div>
   <div class='ocr_carea' id='block_1_74' title="bbox 1948 1685 3544 1787">
    <p class='ocr_par' dir='ltr' id='par_1_74' title="bbox 1948 1685 3544 1787">
     <span class='ocr_line' id='line_1_74' title="bbox 1948 1685 3544 1787; baseline 0.024 -52"><span class='ocrx_word' id='word_1_559' title='bbox 1948 1685 2229 1741; x_wconf 87' lang='lat' dir='ltr'><strong>commissa</strong></span> <span class='ocrx_word' id='word_1_560' title='bbox 2247 1698 2345 1754; x_wconf 89' lang='lat' dir='ltr'><strong>est,</strong></span> <span class='ocrx_word' id='word_1_561' title='bbox 2366 1694 2458 1747; x_wconf 88' lang='lat' dir='ltr'><strong>sed</strong></span> <span class='ocrx_word' id='word_1_562' title='bbox 2478 1697 2650 1751; x_wconf 91' lang='lat' dir='ltr'><strong>nullus</strong></span> <span class='ocrx_word' id='word_1_563' title='bbox 2665 1700 2872 1756; x_wconf 89' lang='lat' dir='ltr'><strong>illorum</strong></span> <span class='ocrx_word' id='word_1_564' title='bbox 2889 1705 2958 1758; x_wconf 92' lang='lat' dir='ltr'><strong>ita</strong></span> <span class='ocrx_word' id='word_1_565' title='bbox 2978 1685 3238 1766; x_wconf 70' lang='lat' dir='ltr'><strong>creditum</strong></span> <span class='ocrx_word' id='word_1_566' title='bbox 3253 1714 3352 1768; x_wconf 89' lang='lat' dir='ltr'><strong>sibi</strong></span> <span class='ocrx_word' id='word_1_567' title='bbox 3372 1732 3544 1787; x_wconf 84' lang='lat' dir='ltr'><strong>popu-</strong></span> 
     </span>
    </p>
   </div>
   <div class='ocr_carea' id='block_1_75' title="bbox 1946 1770 3540 1871">
    <p class='ocr_par' dir='ltr' id='par_1_75' title="bbox 1946 1770 3540 1871">
     <span class='ocr_line' id='line_1_75' title="bbox 1946 1770 3540 1871; baseline 0.024 -46"><span class='ocrx_word' id='word_1_568' title='bbox 1946 1770 2052 1826; x_wconf 91' lang='lat' dir='ltr'><strong>lum</strong></span> <span class='ocrx_word' id='word_1_569' title='bbox 2067 1777 2395 1851; x_wconf 85' lang='lat' dir='ltr'><strong>gubernavit,</strong></span> <span class='ocrx_word' id='word_1_570' title='bbox 2412 1795 2470 1839; x_wconf 94' lang='lat' dir='ltr'><strong>ut</strong></span> <span class='ocrx_word' id='word_1_571' title='bbox 2485 1786 2677 1844; x_wconf 88' lang='lat' dir='ltr'><strong>Paulus</strong></span> <span class='ocrx_word' id='word_1_572' title='bbox 2695 1794 2997 1853; x_wconf 86' lang='lat' dir='ltr'><strong>universum</strong></span> <span class='ocrx_word' id='word_1_573' title='bbox 3010 1802 3540 1871; x_wconf 88' lang='lat' dir='ltr'><strong>gubernavitorbem.</strong></span> 
     </span>
    </p>
   </div>
   <div class='ocr_carea' id='block_1_76' title="bbox 1943 1861 3537 1958">
    <p class='ocr_par' dir='ltr' id='par_1_76' title="bbox 1943 1861 3537 1958">
     <span class='ocr_line' id='line_1_76' title="bbox 1943 1861 3537 1958; baseline 0.026 -42"><span class='ocrx_word' id='word_1_574' title='bbox 1943 1861 2125 1935; x_wconf 84' lang='lat' dir='ltr'><strong>Neque</strong></span> <span class='ocrx_word' id='word_1_575' title='bbox 2141 1884 2269 1925; x_wconf 87' lang='lat' dir='ltr'><strong>vero</strong></span> <span class='ocrx_word' id='word_1_576' title='bbox 2286 1871 2451 1943; x_wconf 88' lang='lat' dir='ltr'><strong>dicas,</strong></span> <span class='ocrx_word' id='word_1_577' title='bbox 2473 1879 2593 1946; x_wconf 87' lang='lat' dir='ltr'><strong>quia</strong></span> <span class='ocrx_word' id='word_1_578' title='bbox 2611 1880 2726 1936; x_wconf 74' lang='lat' dir='ltr'><strong>tunc</strong></span> <span class='ocrx_word' id='word_1_579' title='bbox 2751 1899 2857 1941; x_wconf 89' lang='lat' dir='ltr'><strong>non</strong></span> <span class='ocrx_word' id='word_1_580' title='bbox 2884 1861 3292 1957; x_wconf 58' lang='lat' dir='ltr'><strong>perﬁciebantur</strong></span> <span class='ocrx_word' id='word_1_581' title='bbox 3305 1914 3334 1951; x_wconf 91' lang='lat' dir='ltr'><strong>a</strong></span> <span class='ocrx_word' id='word_1_582' title='bbox 3354 1899 3537 1958; x_wconf 85' lang='lat' dir='ltr'><strong>Paulo:</strong></span> 
     </span>
    </p>
   </div>
   <div class='ocr_carea' id='block_1_77' title="bbox 1945 1953 3537 2065">
    <p class='ocr_par' dir='ltr' id='par_1_77' title="bbox 1945 1953 3537 2065">
     <span class='ocr_line' id='line_1_77' title="bbox 1945 1953 3537 2065; baseline 0.026 -58"><span class='ocrx_word' id='word_1_583' title='bbox 1945 1953 2045 2011; x_wconf 85' lang='lat' dir='ltr'><strong>hoc</strong></span> <span class='ocrx_word' id='word_1_584' title='bbox 2064 1959 2206 2014; x_wconf 92' lang='lat' dir='ltr'><strong>enim</strong></span> <span class='ocrx_word' id='word_1_585' title='bbox 2228 1963 2385 2019; x_wconf 88' lang='lat' dir='ltr'><strong>etiam</strong></span> <span class='ocrx_word' id='word_1_586' title='bbox 2410 1984 2508 2038; x_wconf 90' lang='lat' dir='ltr'><strong>ego</strong></span> <span class='ocrx_word' id='word_1_587' title='bbox 2532 1970 2718 2028; x_wconf 84' lang='lat' dir='ltr'><strong>fateor.</strong></span> <span class='ocrx_word' id='word_1_588' title='bbox 2753 1977 2858 2032; x_wconf 89' lang='lat' dir='ltr'><strong>Sed</strong></span> <span class='ocrx_word' id='word_1_589' title='bbox 2885 1982 2985 2035; x_wconf 83' lang='lat' dir='ltr'><strong>e‘tsi</strong></span> <span class='ocrx_word' id='word_1_590' title='bbox 3013 1983 3126 2053; x_wconf 89' lang='lat' dir='ltr'><strong>ipse</strong></span> <span class='ocrx_word' id='word_1_591' title='bbox 3157 2003 3260 2043; x_wconf 93' lang='lat' dir='ltr'><strong>non</strong></span> <span class='ocrx_word' id='word_1_592' title='bbox 3290 2002 3405 2046; x_wconf 88' lang='lat' dir='ltr'><strong>erat</strong></span> <span class='ocrx_word' id='word_1_593' title='bbox 3446 1999 3537 2065; x_wconf 88' lang='lat' dir='ltr'><strong>qui</strong></span> 
     </span>
    </p>
   </div>
   <div class='ocr_carea' id='block_1_78' title="bbox 1940 2054 3538 2152">
    <p class='ocr_par' dir='ltr' id='par_1_78' title="bbox 1940 2054 3538 2152">
     <span class='ocr_line' id='line_1_78' title="bbox 1940 2054 3538 2152; baseline 0.028 -55"><span class='ocrx_word' id='word_1_594' title='bbox 1940 2059 2127 2102; x_wconf 90' lang='lat' dir='ltr'><strong>cuneta</strong></span> <span class='ocrx_word' id='word_1_595' title='bbox 2144 2054 2465 2123; x_wconf 86' lang='lat' dir='ltr'><strong>complebat,</strong></span> <span class='ocrx_word' id='word_1_596' title='bbox 2489 2076 2820 2134; x_wconf 90' lang='lat' dir='ltr'><strong>nequaquam</strong></span> <span class='ocrx_word' id='word_1_597' title='bbox 2841 2079 3013 2126; x_wconf 87' lang='lat' dir='ltr'><strong>tamen</strong></span> <span class='ocrx_word' id='word_1_598' title='bbox 3036 2077 3103 2130; x_wconf 90' lang='lat' dir='ltr'><strong>ab</strong></span> <span class='ocrx_word' id='word_1_599' title='bbox 3119 2092 3302 2135; x_wconf 89' lang='lat' dir='ltr'><strong>eorum</strong></span> <span class='ocrx_word' id='word_1_600' title='bbox 3319 2099 3538 2152; x_wconf 88' lang='lat' dir='ltr'><strong>operum</strong></span> 
     </span>
    </p>
   </div>
   <div class='ocr_carea' id='block_1_79' title="bbox 1939 2139 3537 2249">
    <p class='ocr_par' dir='ltr' id='par_1_79' title="bbox 1939 2139 3537 2249">
     <span class='ocr_line' id='line_1_79' title="bbox 1939 2139 3537 2249; baseline 0.027 -56"><span class='ocrx_word' id='word_1_601' title='bbox 1939 2139 2183 2198; x_wconf 90' lang='lat' dir='ltr'><strong>laudibus</strong></span> <span class='ocrx_word' id='word_1_602' title='bbox 2199 2151 2573 2216; x_wconf 88' lang='lat' dir='ltr'><strong>separabatur:</strong></span> <span class='ocrx_word' id='word_1_603' title='bbox 2593 2160 2713 2227; x_wconf 92' lang='lat' dir='ltr'><strong>quia</strong></span> <span class='ocrx_word' id='word_1_604' title='bbox 2735 2163 2910 2232; x_wconf 89' lang='lat' dir='ltr'><strong>utique</strong></span> <span class='ocrx_word' id='word_1_605' title='bbox 2931 2166 3145 2238; x_wconf 82' lang='lat' dir='ltr'><strong>dignum</strong></span> <span class='ocrx_word' id='word_1_606' title='bbox 3166 2182 3322 2229; x_wconf 78' lang='lat' dir='ltr'><strong>tanta:</strong></span> <span class='ocrx_word' id='word_1_607' title='bbox 3339 2139 3396 2232; x_wconf 69' lang='lat' dir='ltr'><strong>se</strong></span> <span class='ocrx_word' id='word_1_608' title='bbox 3411 2195 3537 2249; x_wconf 85' lang='lat' dir='ltr'><strong>gra-</strong></span> 
     </span>
    </p>
   </div>
   <div class='ocr_carea' id='block_1_80' title="bbox 1940 2231 3590 2337">
    <p class='ocr_par' dir='ltr' id='par_1_80' title="bbox 1940 2231 3590 2337">
     <span class='ocr_line' id='line_1_80' title="bbox 1940 2231 3590 2337; baseline 0.027 -54"><span class='ocrx_word' id='word_1_609' title='bbox 1940 2231 2025 2286; x_wconf 76' lang='lat' dir='ltr'><strong>tia:</strong></span> <span class='ocrx_word' id='word_1_610' title='bbox 2057 2241 2376 2306; x_wconf 62' lang='lat' dir='ltr'><strong>prrrparavit</strong></span> <span class='ocrx_word' id='word_1_611' title='bbox 2407 2242 2426 2314; x_wconf 92' lang='lat'>[</span> <span class='ocrx_word' id='word_1_612' title='bbox 2449 2262 2542 2312; x_wconf 89' lang='lat' dir='ltr'><strong>per</strong></span> <span class='ocrx_word' id='word_1_613' title='bbox 2570 2265 2726 2318; x_wconf 90' lang='lat' dir='ltr'><strong>quam</strong></span> <span class='ocrx_word' id='word_1_614' title='bbox 2775 2231 2880 2307; x_wconf 85' lang='lat' dir='ltr'><strong>tam</strong></span> <span class='ocrx_word' id='word_1_615' title='bbox 2912 2231 3186 2329; x_wconf 71' lang='lat' dir='ltr'><strong>magnifica</strong></span> <span class='ocrx_word' id='word_1_616' title='bbox 3212 2277 3264 2320; x_wconf 93' lang='lat' dir='ltr'><strong>et</strong></span> <span class='ocrx_word' id='word_1_617' title='bbox 3293 2231 3523 2337; x_wconf 49' lang='lat' dir='ltr'><strong>glot‘i’osa</strong></span> <span class='ocrx_word' id='word_1_618' title='bbox 3587 2314 3590 2316; x_wconf 87' lang='grc'><strong>-</strong></span> 
     </span>
    </p>
   </div>
   <div class='ocr_carea' id='block_1_81' title="bbox 1938 2324 3531 2418">
    <p class='ocr_par' dir='ltr' id='par_1_81' title="bbox 1938 2324 3531 2418">
     <span class='ocr_line' id='line_1_81' title="bbox 1938 2324 3531 2418; baseline 0.028 -44"><span class='ocrx_word' id='word_1_619' title='bbox 1938 2324 2215 2390; x_wconf 84' lang='lat' dir='ltr'><strong>perliceret</strong></span> <span class='ocrx_word' id='word_1_620' title='bbox 2241 2328 2282 2401; x_wconf 93' lang='lat'><strong>].</strong></span> <span class='ocrx_word' id='word_1_621' title='bbox 2316 2332 2555 2392; x_wconf 82' lang='lat' dir='ltr'><strong>Mieltael-i</strong></span> <span class='ocrx_word' id='word_1_622' title='bbox 2585 2355 2713 2409; x_wconf 88' lang='lat' dir='ltr'><strong>gens</strong></span> <span class='ocrx_word' id='word_1_623' title='bbox 2744 2324 3027 2404; x_wconf 71' lang='lat' dir='ltr'><strong>commissa</strong></span> <span class='ocrx_word' id='word_1_624' title='bbox 3058 2363 3139 2408; x_wconf 86' lang='lat' dir='ltr'><strong>est</strong></span> <span class='ocrx_word' id='word_1_625' title='bbox 3187 2324 3489 2416; x_wconf 43' lang='lat' dir='ltr'><strong>Judgeorum</strong></span> <span class='ocrx_word' id='word_1_626' title='bbox 3517 2385 3531 2418; x_wconf 85' lang='lat'><strong><em>:</em></strong></span> 
     </span>
    </p>
   </div>
   <div class='ocr_carea' id='block_1_82' title="bbox 1936 2411 3534 2510">
    <p class='ocr_par' dir='ltr' id='par_1_82' title="bbox 1936 2411 3534 2510">
     <span class='ocr_line' id='line_1_82' title="bbox 1936 2411 3534 2510; baseline 0.029 -46"><span class='ocrx_word' id='word_1_627' title='bbox 1936 2411 2100 2469; x_wconf 88' lang='lat' dir='ltr'><strong>Paulo</strong></span> <span class='ocrx_word' id='word_1_628' title='bbox 2130 2433 2256 2473; x_wconf 88' lang='lat' dir='ltr'><strong>vero</strong></span> <span class='ocrx_word' id='word_1_629' title='bbox 2284 2431 2444 2491; x_wconf 88' lang='lat' dir='ltr'><strong>terra,</strong></span> <span class='ocrx_word' id='word_1_630' title='bbox 2476 2442 2537 2482; x_wconf 88' lang='lat' dir='ltr'><strong>ac</strong></span> <span class='ocrx_word' id='word_1_631' title='bbox 2566 2437 2727 2487; x_wconf 86' lang='lat' dir='ltr'><strong>maria</strong></span> <span class='ocrx_word' id='word_1_632' title='bbox 2765 2447 2922 2508; x_wconf 85' lang='lat' dir='ltr'><strong>atque</strong></span> <span class='ocrx_word' id='word_1_633' title='bbox 2951 2443 3180 2500; x_wconf 81' lang='lat' dir='ltr'><strong>universi</strong></span> <span class='ocrx_word' id='word_1_634' title='bbox 3211 2451 3358 2504; x_wconf 87' lang='lat' dir='ltr'><strong>orbis</strong></span> <span class='ocrx_word' id='word_1_635' title='bbox 3385 2455 3534 2510; x_wconf 82' lang='lat' dir='ltr'><strong>habi-</strong></span> 
     </span>
    </p>
   </div>
   <div class='ocr_carea' id='block_1_83' title="bbox 1935 2504 3530 2611">
    <p class='ocr_par' dir='ltr' id='par_1_83' title="bbox 1935 2504 3530 2611">
     <span class='ocr_line' id='line_1_83' title="bbox 1935 2504 3530 2611; baseline 0.029 -57"><span class='ocrx_word' id='word_1_636' title='bbox 1935 2504 2062 2558; x_wconf 84' lang='lat' dir='ltr'><strong>latio</strong></span> <span class='ocrx_word' id='word_1_637' title='bbox 2091 2546 2104 2571; x_wconf 92' lang='lat'><strong>,</strong></span> <span class='ocrx_word' id='word_1_638' title='bbox 2137 2509 2412 2583; x_wconf 89' lang='lat' dir='ltr'><strong>ipsumque</strong></span> <span class='ocrx_word' id='word_1_639' title='bbox 2436 2517 2704 2576; x_wconf 88' lang='lat' dir='ltr'><strong>desertum</strong></span> <span class='ocrx_word' id='word_1_640' title='bbox 2733 2567 2746 2590; x_wconf 85' lang='lat'><strong>,</strong></span> <span class='ocrx_word' id='word_1_641' title='bbox 2795 2537 2848 2580; x_wconf 91' lang='lat' dir='ltr'><strong>et</strong></span> <span class='ocrx_word' id='word_1_642' title='bbox 2876 2530 2978 2586; x_wconf 89' lang='lat' dir='ltr'><strong>hoc</strong></span> <span class='ocrx_word' id='word_1_643' title='bbox 3006 2549 3109 2587; x_wconf 92' lang='lat' dir='ltr'><strong>non</strong></span> <span class='ocrx_word' id='word_1_644' title='bbox 3142 2538 3208 2592; x_wconf 85' lang='lat' dir='ltr'><strong>ad</strong></span> <span class='ocrx_word' id='word_1_645' title='bbox 3237 2541 3486 2611; x_wconf 87' lang='lat' dir='ltr'><strong>injuriam</strong></span> <span class='ocrx_word' id='word_1_646' title='bbox 3515 2589 3530 2609; x_wconf 85' lang='lat'><strong>,</strong></span> 
     </span>
    </p>
   </div>
   <div class='ocr_carea' id='block_1_84' title="bbox 1932 2596 3528 2700">
    <p class='ocr_par' dir='ltr' id='par_1_84' title="bbox 1932 2596 3528 2700">
     <span class='ocr_line' id='line_1_84' title="bbox 1932 2596 3528 2700; baseline 0.029 -55"><span class='ocrx_word' id='word_1_647' title='bbox 1932 2596 2070 2662; x_wconf 82' lang='lat' dir='ltr'><strong>quod</strong></span> <span class='ocrx_word' id='word_1_648' title='bbox 2094 2599 2247 2666; x_wconf 88' lang='lat' dir='ltr'><strong>absit,</strong></span> <span class='ocrx_word' id='word_1_649' title='bbox 2273 2606 2580 2674; x_wconf 81' lang='lat' dir='ltr'><strong>angelorum</strong></span> <span class='ocrx_word' id='word_1_650' title='bbox 2611 2629 2625 2677; x_wconf 94' lang='lat'><strong>;</strong></span> <span class='ocrx_word' id='word_1_651' title='bbox 2656 2616 2748 2670; x_wconf 91' lang='lat' dir='ltr'><strong>sed</strong></span> <span class='ocrx_word' id='word_1_652' title='bbox 2778 2622 3109 2680; x_wconf 86' lang='lat' dir='ltr'><strong>ostendimus</strong></span> <span class='ocrx_word' id='word_1_653' title='bbox 3133 2642 3252 2684; x_wconf 90' lang='lat' dir='ltr'><strong>esse</strong></span> <span class='ocrx_word' id='word_1_654' title='bbox 3276 2635 3528 2700; x_wconf 81' lang='lat' dir='ltr'><strong>possibile</strong></span> 
     </span>
    </p>
   </div>
   <div class='ocr_carea' id='block_1_85' title="bbox 1932 2683 3528 2784">
    <p class='ocr_par' dir='ltr' id='par_1_85' title="bbox 1932 2683 3528 2784">
     <span class='ocr_line' id='line_1_85' title="bbox 1932 2683 3528 2784; baseline 0.031 -50"><span class='ocrx_word' id='word_1_655' title='bbox 1932 2683 2035 2738; x_wconf 90' lang='lat' dir='ltr'><strong>illis</strong></span> <span class='ocrx_word' id='word_1_656' title='bbox 2065 2686 2332 2746; x_wconf 87' lang='lat' dir='ltr'><strong>hominem</strong></span> <span class='ocrx_word' id='word_1_657' title='bbox 2366 2701 2625 2768; x_wconf 90' lang='lat' dir='ltr'><strong>copulari,</strong></span> <span class='ocrx_word' id='word_1_658' title='bbox 2655 2705 2911 2779; x_wconf 86' lang='lat' dir='ltr'><strong>juxtaque</strong></span> <span class='ocrx_word' id='word_1_659' title='bbox 2939 2715 3148 2771; x_wconf 90' lang='lat' dir='ltr'><strong>illorum</strong></span> <span class='ocrx_word' id='word_1_660' title='bbox 3183 2725 3368 2779; x_wconf 87' lang='lat' dir='ltr'><strong>merita</strong></span> <span class='ocrx_word' id='word_1_661' title='bbox 3398 2741 3528 2784; x_wconf 88' lang='lat' dir='ltr'><strong>eon-</strong></span> 
     </span>
    </p>
   </div>
   <div class='ocr_carea' id='block_1_86' title="bbox 1929 2774 3529 2881">
    <p class='ocr_par' dir='ltr' id='par_1_86' title="bbox 1929 2774 3529 2881">
     <span class='ocr_line' id='line_1_86' title="bbox 1929 2774 3529 2881; baseline 0.03 -56"><span class='ocrx_word' id='word_1_662' title='bbox 1929 2774 2138 2832; x_wconf 88' lang='lat' dir='ltr'><strong>sistcre.</strong></span> <span class='ocrx_word' id='word_1_663' title='bbox 2172 2782 2331 2852; x_wconf 89' lang='lat' dir='ltr'><strong>Cujus</strong></span> <span class='ocrx_word' id='word_1_664' title='bbox 2360 2799 2536 2844; x_wconf 89' lang='lat' dir='ltr'><strong>autem</strong></span> <span class='ocrx_word' id='word_1_665' title='bbox 2565 2796 2638 2848; x_wconf 89' lang='lat' dir='ltr'><strong>rei</strong></span> <span class='ocrx_word' id='word_1_666' title='bbox 2668 2801 2837 2865; x_wconf 82' lang='lat' dir='ltr'><strong>gratia</strong></span> <span class='ocrx_word' id='word_1_667' title='bbox 2863 2819 2965 2858; x_wconf 88' lang='lat' dir='ltr'><strong>non</strong></span> <span class='ocrx_word' id='word_1_668' title='bbox 2987 2811 3191 2877; x_wconf 86' lang='lat' dir='ltr'><strong>angelis</strong></span> <span class='ocrx_word' id='word_1_669' title='bbox 3214 2815 3387 2881; x_wconf 88' lang='lat' dir='ltr'><strong>potius</strong></span> <span class='ocrx_word' id='word_1_670' title='bbox 3414 2818 3529 2873; x_wconf 68' lang='lat' dir='ltr'><strong>haec</strong></span> 
     </span>
    </p>
   </div>
   <div class='ocr_carea' id='block_1_87' title="bbox 1931 2869 3524 2968">
    <p class='ocr_par' dir='ltr' id='par_1_87' title="bbox 1931 2869 3524 2968">
     <span class='ocr_line' id='line_1_87' title="bbox 1931 2869 3524 2968; baseline 0.032 -51"><span class='ocrx_word' id='word_1_671' title='bbox 1931 2869 2318 2934; x_wconf 66' lang='lat' dir='ltr'><strong>praedicationis</strong></span> <span class='ocrx_word' id='word_1_672' title='bbox 2348 2892 2471 2934; x_wconf 90' lang='lat' dir='ltr'><strong>cura</strong></span> <span class='ocrx_word' id='word_1_673' title='bbox 2513 2890 2791 2943; x_wconf 87' lang='lat' dir='ltr'><strong>commissa</strong></span> <span class='ocrx_word' id='word_1_674' title='bbox 2823 2897 2948 2949; x_wconf 88' lang='lat' dir='ltr'><strong>est?</strong></span> <span class='ocrx_word' id='word_1_675' title='bbox 2979 2897 3044 2953; x_wconf 91' lang='lat' dir='ltr'><strong>Ut</strong></span> <span class='ocrx_word' id='word_1_676' title='bbox 3071 2904 3271 2959; x_wconf 90' lang='lat' dir='ltr'><strong>nullum</strong></span> <span class='ocrx_word' id='word_1_677' title='bbox 3319 2911 3524 2968; x_wconf 86' lang='lat' dir='ltr'><strong>scilicet</strong></span> 
     </span>
    </p>
   </div>
   <div class='ocr_carea' id='block_1_88' title="bbox 1927 2963 3524 3059">
    <p class='ocr_par' dir='ltr' id='par_1_88' title="bbox 1927 2963 3524 3059">
     <span class='ocr_line' id='line_1_88' title="bbox 1927 2963 3524 3059; baseline 0.033 -53"><span class='ocrx_word' id='word_1_678' title='bbox 1927 2963 2287 3018; x_wconf 78' lang='lat' dir='ltr'><strong>excusationis</strong></span> <span class='ocrx_word' id='word_1_679' title='bbox 2329 2970 2562 3027; x_wconf 90' lang='lat' dir='ltr'><strong>colorem</strong></span> <span class='ocrx_word' id='word_1_680' title='bbox 2607 2981 2879 3051; x_wconf 83' lang='lat' dir='ltr'><strong>negligens</strong></span> <span class='ocrx_word' id='word_1_681' title='bbox 2925 2989 3196 3058; x_wconf 84' lang='lat' dir='ltr'><strong>invenias,</strong></span> <span class='ocrx_word' id='word_1_682' title='bbox 3248 3014 3310 3053; x_wconf 88' lang='lat' dir='ltr'><strong>ac</strong></span> <span class='ocrx_word' id='word_1_683' title='bbox 3354 3016 3420 3056; x_wconf 90' lang='lat' dir='ltr'><strong>ne</strong></span> <span class='ocrx_word' id='word_1_684' title='bbox 3470 3014 3524 3059; x_wconf 92' lang='lat' dir='ltr'><strong>tu</strong></span> 
     </span>
    </p>
   </div>
   <div class='ocr_carea' id='block_1_89' title="bbox 1926 3048 3523 3151">
    <p class='ocr_par' dir='ltr' id='par_1_89' title="bbox 1926 3048 3523 3151">
     <span class='ocr_line' id='line_1_89' title="bbox 1926 3048 3523 3151; baseline 0.033 -52"><span class='ocrx_word' id='word_1_685' title='bbox 1926 3048 1989 3100; x_wconf 90' lang='lat' dir='ltr'><strong>ad</strong></span> <span class='ocrx_word' id='word_1_686' title='bbox 2015 3050 2373 3114; x_wconf 81' lang='lat' dir='ltr'><strong>diversitatem</strong></span> <span class='ocrx_word' id='word_1_687' title='bbox 2398 3075 2598 3121; x_wconf 75' lang='lat' dir='ltr'><strong>natura:</strong></span> <span class='ocrx_word' id='word_1_688' title='bbox 2624 3072 2938 3144; x_wconf 84' lang='lat' dir='ltr'><strong>confugeres</strong></span> <span class='ocrx_word' id='word_1_689' title='bbox 2958 3081 3271 3143; x_wconf 87' lang='lat' dir='ltr'><strong>dormiendo</strong></span> <span class='ocrx_word' id='word_1_690' title='bbox 3294 3109 3306 3143; x_wconf 93' lang='lat'><strong>:</strong></span> <span class='ocrx_word' id='word_1_691' title='bbox 3331 3093 3523 3151; x_wconf 86' lang='lat' dir='ltr'><strong>deinde</strong></span> 
     </span>
    </p>
   </div>
   <div class='ocr_carea' id='block_1_90' title="bbox 1928 3149 3517 3251">
    <p class='ocr_par' dir='ltr' id='par_1_90' title="bbox 1928 3149 3517 3251">
     <span class='ocr_line' id='line_1_90' title="bbox 1928 3149 3517 3251; baseline 0.033 -60"><span class='ocrx_word' id='word_1_692' title='bbox 1928 3149 1984 3192; x_wconf 94' lang='lat' dir='ltr'><strong>ut</strong></span> <span class='ocrx_word' id='word_1_693' title='bbox 2013 3153 2159 3199; x_wconf 89' lang='lat' dir='ltr'><strong>tanto</strong></span> <span class='ocrx_word' id='word_1_694' title='bbox 2189 3149 2346 3205; x_wconf 89' lang='lat' dir='ltr'><strong>etiam</strong></span> <span class='ocrx_word' id='word_1_695' title='bbox 2375 3157 2545 3224; x_wconf 82' lang='lat' dir='ltr'><strong>major</strong></span> <span class='ocrx_word' id='word_1_696' title='bbox 2585 3177 2802 3230; x_wconf 87' lang='lat' dir='ltr'><strong>operum</strong></span> <span class='ocrx_word' id='word_1_697' title='bbox 2844 3171 3128 3230; x_wconf 88' lang='lat' dir='ltr'><strong>admiratio</strong></span> <span class='ocrx_word' id='word_1_698' title='bbox 3168 3197 3476 3242; x_wconf 89' lang='lat' dir='ltr'><strong>nasceretur</strong></span> <span class='ocrx_word' id='word_1_699' title='bbox 3502 3234 3517 3251; x_wconf 96' lang='lat'><strong>,</strong></span> 
     </span>
    </p>
   </div>
   <div class='ocr_carea' id='block_1_91' title="bbox 1925 3239 3522 3345">
    <p class='ocr_par' dir='ltr' id='par_1_91' title="bbox 1925 3239 3522 3345">
     <span class='ocr_line' id='line_1_91' title="bbox 1925 3239 3522 3345; baseline 0.036 -63"><span class='ocrx_word' id='word_1_700' title='bbox 1925 3245 2122 3302; x_wconf 88' lang='lat' dir='ltr'><strong>quanto</strong></span> <span class='ocrx_word' id='word_1_701' title='bbox 2166 3239 2234 3295; x_wconf 92' lang='lat' dir='ltr'><strong>de</strong></span> <span class='ocrx_word' id='word_1_702' title='bbox 2292 3256 2476 3302; x_wconf 88' lang='lat' dir='ltr'><strong>natura</strong></span> <span class='ocrx_word' id='word_1_703' title='bbox 2526 3251 2776 3314; x_wconf 71' lang='lat' dir='ltr'><strong>inferiore</strong></span> <span class='ocrx_word' id='word_1_704' title='bbox 2827 3267 3192 3330; x_wconf 86' lang='lat' dir='ltr'><strong>procederent.</strong></span> <span class='ocrx_word' id='word_1_705' title='bbox 3244 3278 3522 3345; x_wconf 85' lang='lat' dir='ltr'><strong>Quomodo</strong></span> 
     </span>
    </p>
   </div>
   <div class='ocr_carea' id='block_1_92' title="bbox 1923 3325 3513 3440">
    <p class='ocr_par' dir='ltr' id='par_1_92' title="bbox 1923 3325 3513 3440">
     <span class='ocr_line' id='line_1_92' title="bbox 2828 3325 3513 3345; baseline 0.036 -31"><span class='ocrx_word' id='word_1_706' title='bbox 2828 3325 2840 3330; x_wconf 93' lang='lat'>_</span> <span class='ocrx_word' id='word_1_707' title='bbox 3183 3325 3190 3327; x_wconf 67' lang='lat'>,</span> <span class='ocrx_word' id='word_1_708' title='bbox 3251 3325 3513 3345; x_wconf 49' lang='lat' dir='ltr'><strong>rw.-.“</strong></span> 
     </span>
     <span class='ocr_line' id='line_1_93' title="bbox 1923 3325 3513 3440; baseline 0.035 -66"><span class='ocrx_word' id='word_1_709' title='bbox 1923 3325 2064 3378; x_wconf 91' lang='lat' dir='ltr'><strong>enim</strong></span> <span class='ocrx_word' id='word_1_710' title='bbox 2091 3343 2195 3382; x_wconf 89' lang='lat' dir='ltr'><strong>non</strong></span> <span class='ocrx_word' id='word_1_711' title='bbox 2216 3331 2528 3395; x_wconf 87' lang='lat' dir='ltr'><strong>admirabile</strong></span> <span class='ocrx_word' id='word_1_712' title='bbox 2551 3343 2649 3398; x_wconf 87' lang='lat' dir='ltr'><strong>hoc</strong></span> <span class='ocrx_word' id='word_1_713' title='bbox 2675 3358 2832 3419; x_wconf 88' lang='lat' dir='ltr'><strong>atque</strong></span> <span class='ocrx_word' id='word_1_714' title='bbox 2855 3355 3198 3424; x_wconf 83' lang='lat' dir='ltr'><strong>improvisum</strong></span> <span class='ocrx_word' id='word_1_715' title='bbox 3223 3369 3513 3440; x_wconf 85' lang='lat' dir='ltr'><strong>videretur,</strong></span> 
     </span>
    </p>
   </div>
   <div class='ocr_carea' id='block_1_93' title="bbox 1922 3429 3516 3534">
    <p class='ocr_par' dir='ltr' id='par_1_93' title="bbox 1922 3429 3516 3534">
     <span class='ocr_line' id='line_1_94' title="bbox 1922 3429 3516 3534; baseline 0.03 -67"><span class='ocrx_word' id='word_1_716' title='bbox 1922 3429 2040 3469; x_wconf 88' lang='lat' dir='ltr'><strong>cum</strong></span> <span class='ocrx_word' id='word_1_717' title='bbox 2063 3434 2126 3473; x_wconf 84' lang='lat' dir='ltr'><strong>ex</strong></span> <span class='ocrx_word' id='word_1_718' title='bbox 2152 3430 2355 3479; x_wconf 90' lang='lat' dir='ltr'><strong>terrena</strong></span> <span class='ocrx_word' id='word_1_719' title='bbox 2380 3429 2556 3500; x_wconf 82' lang='lat' dir='ltr'><strong>lingua</strong></span> <span class='ocrx_word' id='word_1_720' title='bbox 2580 3451 2755 3491; x_wconf 85' lang='lat' dir='ltr'><strong>sermo</strong></span> <span class='ocrx_word' id='word_1_721' title='bbox 2778 3448 3075 3519; x_wconf 81' lang='lat' dir='ltr'><strong>prosiliens,</strong></span> <span class='ocrx_word' id='word_1_722' title='bbox 3105 3467 3327 3513; x_wconf 91' lang='lat' dir='ltr'><strong>mortem</strong></span> <span class='ocrx_word' id='word_1_723' title='bbox 3351 3462 3516 3534; x_wconf 83' lang='lat' dir='ltr'><strong>fugat,</strong></span> 
     </span>
     <span class='ocr_line' id='line_1_95' title="bbox 1925 3514 2588 3534; baseline 0.008 -8"><span class='ocrx_word' id='word_1_724' title='bbox 1925 3520 2130 3534; x_wconf 25' lang='lat' dir='ltr'><strong>MM“,</strong></span> <span class='ocrx_word' id='word_1_725' title='bbox 2167 3514 2258 3534; x_wconf 32' lang='grc' dir='ltr'><strong>νη</strong></span> <span class='ocrx_word' id='word_1_726' title='bbox 2309 3520 2320 3534; x_wconf 90' lang='grc'><em>.</em></span> <span class='ocrx_word' id='word_1_727' title='bbox 2362 3522 2393 3534; x_wconf 93' lang='lat'><strong>._</strong></span> <span class='ocrx_word' id='word_1_728' title='bbox 2455 3533 2461 3534; x_wconf 54' lang='lat'><strong><em>,</em></strong></span> <span class='ocrx_word' id='word_1_729' title='bbox 2577 3527 2588 3534; x_wconf 92' lang='lat'><em>_</em></span> 
     </span>
    </p>
   </div>
   <div class='ocr_carea' id='block_1_94' title="bbox 1925 3514 3513 3616">
    <p class='ocr_par' dir='ltr' id='par_1_94' title="bbox 1925 3514 3513 3616">
     <span class='ocr_line' id='line_1_96' title="bbox 3065 3514 3513 3534; baseline 0.033 -20"><span class='ocrx_word' id='word_1_730' title='bbox 3065 3514 3073 3519; x_wconf 80' lang='grc'>,</span> 
     </span>
     <span class='ocr_line' id='line_1_97' title="bbox 1925 3514 3513 3616; baseline 0.033 -56"><span class='ocrx_word' id='word_1_731' title='bbox 1925 3520 2134 3577; x_wconf 89' lang='lat' dir='ltr'><strong>peccata</strong></span> <span class='ocrx_word' id='word_1_732' title='bbox 2160 3514 2416 3587; x_wconf 86' lang='lat' dir='ltr'><strong>dissolvit,</strong></span> <span class='ocrx_word' id='word_1_733' title='bbox 2450 3527 2694 3584; x_wconf 89' lang='lat' dir='ltr'><strong>tenebras</strong></span> <span class='ocrx_word' id='word_1_734' title='bbox 2724 3538 2977 3594; x_wconf 73' lang='lat' dir='ltr'><strong>caecitatis</strong></span> <span class='ocrx_word' id='word_1_735' title='bbox 3007 3543 3288 3616; x_wconf 87' lang='lat' dir='ltr'><strong>illuminat,</strong></span> <span class='ocrx_word' id='word_1_736' title='bbox 3317 3563 3371 3608; x_wconf 89' lang='lat' dir='ltr'><strong>et</strong></span> <span class='ocrx_word' id='word_1_737' title='bbox 3393 3573 3513 3611; x_wconf 82' lang='lat' dir='ltr'><strong>mu-</strong></span> 
     </span>
    </p>
   </div>
   <div class='ocr_carea' id='block_1_95' title="bbox 1916 4058 3509 4167">
    <p class='ocr_par' dir='ltr' id='par_1_95' title="bbox 1916 4058 3509 4167">
     <span class='ocr_line' id='line_1_98' title="bbox 1916 4058 3509 4167; baseline 0.032 -56"><span class='ocrx_word' id='word_1_738' title='bbox 1916 4058 2194 4118; x_wconf 89' lang='lat' dir='ltr'><strong>imitemini</strong></span> <span class='ocrx_word' id='word_1_739' title='bbox 2243 4067 2343 4123; x_wconf 87' lang='lat' dir='ltr'><strong>hoc</strong></span> <span class='ocrx_word' id='word_1_740' title='bbox 2387 4079 2490 4128; x_wconf 90' lang='lat' dir='ltr'><strong>tam</strong></span> <span class='ocrx_word' id='word_1_741' title='bbox 2531 4077 2733 4134; x_wconf 90' lang='lat' dir='ltr'><strong>clarum</strong></span> <span class='ocrx_word' id='word_1_742' title='bbox 2778 4086 2986 4144; x_wconf 90' lang='lat' dir='ltr'><strong>virtutis</strong></span> <span class='ocrx_word' id='word_1_743' title='bbox 3037 4099 3389 4167; x_wconf 88' lang='lat' dir='ltr'><strong>exemplum:</strong></span> <span class='ocrx_word' id='word_1_744' title='bbox 3431 4109 3509 4161; x_wconf 88' lang='lat' dir='ltr'><strong>sic</strong></span> 
     </span>
    </p>
   </div>
   <div class='ocr_carea' id='block_1_96' title="bbox 1916 4160 3502 4263">
    <p class='ocr_par' dir='ltr' id='par_1_96' title="bbox 1916 4160 3502 4263">
     <span class='ocr_line' id='line_1_99' title="bbox 1916 4160 3502 4263; baseline 0.032 -63"><span class='ocrx_word' id='word_1_745' title='bbox 1916 4164 2143 4220; x_wconf 86' lang='lat' dir='ltr'><strong>namque</strong></span> <span class='ocrx_word' id='word_1_746' title='bbox 2175 4160 2465 4223; x_wconf 88' lang='lat' dir='ltr'><strong>poterimus</strong></span> <span class='ocrx_word' id='word_1_747' title='bbox 2517 4180 2834 4228; x_wconf 90' lang='lat' dir='ltr'><strong>coronarum</strong></span> <span class='ocrx_word' id='word_1_748' title='bbox 2881 4178 2997 4248; x_wconf 89' lang='lat' dir='ltr'><strong>ejus</strong></span> <span class='ocrx_word' id='word_1_749' title='bbox 3034 4197 3154 4240; x_wconf 88' lang='lat' dir='ltr'><strong>esse</strong></span> <span class='ocrx_word' id='word_1_750' title='bbox 3196 4191 3502 4263; x_wconf 87' lang='lat' dir='ltr'><strong>participes.</strong></span> 
     </span>
     <span class='ocr_line' id='line_1_100' title="bbox 1916 4241 2620 4263; baseline 0.031 -12"><span class='ocrx_word' id='word_1_751' title='bbox 1916 4241 2064 4263; x_wconf 45' lang='lat' dir='ltr'><strong>AM,</strong></span> <span class='ocrx_word' id='word_1_752' title='bbox 2105 4248 2137 4263; x_wconf 24' lang='grc' dir='ltr'><strong>ν.</strong></span> <span class='ocrx_word' id='word_1_753' title='bbox 2201 4249 2230 4263; x_wconf 93' lang='grc'>..</span> <span class='ocrx_word' id='word_1_754' title='bbox 2313 4252 2324 4263; x_wconf 95' lang='grc'><strong>.</strong></span> <span class='ocrx_word' id='word_1_755' title='bbox 2538 4259 2620 4263; x_wconf 44' lang='grc' dir='ltr'><strong>--ν</strong></span> 
     </span>
    </p>
   </div>
   <div class='ocr_carea' id='block_1_97' title="bbox 1913 4241 3503 4357">
    <p class='ocr_par' dir='ltr' id='par_1_97' title="bbox 1913 4241 3503 4357">
     <span class='ocr_line' id='line_1_101' title="bbox 2907 4241 3502 4263; baseline 0.003 -15"><span class='ocrx_word' id='word_1_756' title='bbox 2907 4241 2927 4248; x_wconf 54' lang='grc' dir='ltr'>ν</span> <span class='ocrx_word' id='word_1_757' title='bbox 3196 4241 3213 4256; x_wconf 89' lang='grc'><strong>,</strong></span> <span class='ocrx_word' id='word_1_758' title='bbox 3267 4241 3280 4246; x_wconf 67' lang='grc'><strong>-</strong></span> <span class='ocrx_word' id='word_1_759' title='bbox 3299 4241 3502 4263; x_wconf 75' lang='grc'><strong>----,.-.,.</strong></span> 
     </span>
     <span class='ocr_line' id='line_1_102' title="bbox 1913 4241 3503 4357; baseline 0.026 -61"><span class='ocrx_word' id='word_1_760' title='bbox 1913 4241 2065 4309; x_wconf 92' lang='lat' dir='ltr'><strong>Quod</strong></span> <span class='ocrx_word' id='word_1_761' title='bbox 2095 4248 2137 4300; x_wconf 88' lang='lat' dir='ltr'><strong>si</strong></span> <span class='ocrx_word' id='word_1_762' title='bbox 2166 4249 2355 4321; x_wconf 86' lang='lat' dir='ltr'><strong>aliquis</strong></span> <span class='ocrx_word' id='word_1_763' title='bbox 2398 4272 2494 4310; x_wconf 93' lang='lat' dir='ltr'><strong>nos</strong></span> <span class='ocrx_word' id='word_1_764' title='bbox 2518 4259 2716 4318; x_wconf 77' lang='lat' dir='ltr'><strong>dixisse</strong></span> <span class='ocrx_word' id='word_1_765' title='bbox 2741 4267 2965 4325; x_wconf 86' lang='lat' dir='ltr'><strong>miratur</strong></span> <span class='ocrx_word' id='word_1_766' title='bbox 2984 4315 2998 4338; x_wconf 97' lang='lat'><strong>,</strong></span> <span class='ocrx_word' id='word_1_767' title='bbox 3029 4277 3149 4346; x_wconf 87' lang='lat' dir='ltr'><strong>quia</strong></span> <span class='ocrx_word' id='word_1_768' title='bbox 3178 4282 3503 4357; x_wconf 87' lang='lat' dir='ltr'><strong>quicumque</strong></span> 
     </span>
     <span class='ocr_line' id='line_1_103' title="bbox 1915 4332 2671 4357; baseline 0 0"><span class='ocrx_word' id='word_1_769' title='bbox 1915 4332 2151 4357; x_wconf 62' lang='grc' dir='ltr'><strong>Ι.-ι-----,ξ.</strong></span> <span class='ocrx_word' id='word_1_770' title='bbox 2178 4339 2232 4357; x_wconf 61' lang='lat' dir='ltr'><strong>h,</strong></span> <span class='ocrx_word' id='word_1_771' title='bbox 2286 4343 2318 4357; x_wconf 78' lang='grc' dir='ltr'><strong>ι·</strong></span> <span class='ocrx_word' id='word_1_772' title='bbox 2462 4348 2473 4357; x_wconf 77' lang='lat'>.</span> <span class='ocrx_word' id='word_1_773' title='bbox 2658 4353 2671 4357; x_wconf 90' lang='lat'><em>_</em></span> 
     </span>
    </p>
   </div>
   <div class='ocr_carea' id='block_1_98' title="bbox 1914 4332 3505 4446">
    <p class='ocr_par' dir='ltr' id='par_1_98' title="bbox 1914 4332 3505 4446">
     <span class='ocr_line' id='line_1_104' title="bbox 1914 4332 3505 4446; baseline 0.03 -60"><span class='ocrx_word' id='word_1_774' title='bbox 1914 4332 2155 4392; x_wconf 87' lang='lat' dir='ltr'><strong>habuerit</strong></span> <span class='ocrx_word' id='word_1_775' title='bbox 2176 4339 2318 4396; x_wconf 84' lang='lat' dir='ltr'><strong>Pauli</strong></span> <span class='ocrx_word' id='word_1_776' title='bbox 2343 4348 2552 4416; x_wconf 88' lang='lat' dir='ltr'><strong>merita,</strong></span> <span class='ocrx_word' id='word_1_777' title='bbox 2576 4353 2760 4409; x_wconf 88' lang='lat' dir='ltr'><strong>eadem</strong></span> <span class='ocrx_word' id='word_1_778' title='bbox 2787 4359 2856 4413; x_wconf 92' lang='lat' dir='ltr'><strong>sit</strong></span> <span class='ocrx_word' id='word_1_779' title='bbox 2875 4332 3346 4427; x_wconf 41' lang='lat' dir='ltr'><strong>etiaidhabiiturus</strong></span> <span class='ocrx_word' id='word_1_780' title='bbox 3364 4332 3505 4446; x_wconf 54' lang='lat' dir='ltr'><strong>pia:-</strong></span> 
     </span>
    </p>
   </div>
   <div class='ocr_carea' id='block_1_99' title="bbox 1910 4424 3499 4536">
    <p class='ocr_par' dir='ltr' id='par_1_99' title="bbox 1910 4424 3499 4536">
     <span class='ocr_line' id='line_1_105' title="bbox 1910 4424 3499 4536; baseline 0.03 -60"><span class='ocrx_word' id='word_1_781' title='bbox 1910 4424 2015 4479; x_wconf 91' lang='lat' dir='ltr'><strong>mia</strong></span> <span class='ocrx_word' id='word_1_782' title='bbox 2038 4467 2054 4493; x_wconf 94' lang='lat'><strong>,</strong></span> <span class='ocrx_word' id='word_1_783' title='bbox 2085 4428 2253 4499; x_wconf 91' lang='lat' dir='ltr'><strong>ipsum</strong></span> <span class='ocrx_word' id='word_1_784' title='bbox 2294 4436 2472 4493; x_wconf 91' lang='lat' dir='ltr'><strong>audiat</strong></span> <span class='ocrx_word' id='word_1_785' title='bbox 2501 4442 2570 4494; x_wconf 89' lang='lat' dir='ltr'><strong>ita</strong></span> <span class='ocrx_word' id='word_1_786' title='bbox 2600 4443 2866 4504; x_wconf 90' lang='lat' dir='ltr'><strong>dicentem</strong></span> <span class='ocrx_word' id='word_1_787' title='bbox 2893 4467 2906 4505; x_wconf 92' lang='lat'><strong>:</strong></span> <span class='ocrx_word' id='word_1_788' title='bbox 2937 4451 3199 4514; x_wconf 84' lang='lat' dir='ltr'><strong>Certamen</strong></span> <span class='ocrx_word' id='word_1_789' title='bbox 3224 4503 3238 4526; x_wconf 95' lang='lat'><strong>,</strong></span> <span class='ocrx_word' id='word_1_790' title='bbox 3290 4424 3459 4536; x_wconf 58' lang='lat' dir='ltr'><strong>inqruit</strong></span> <span class='ocrx_word' id='word_1_791' title='bbox 3482 4509 3499 4534; x_wconf 93' lang='lat'><strong>,</strong></span> 
     </span>
     <span class='ocr_line' id='line_1_106' title="bbox 1912 4514 2292 4536; baseline 0.029 -11"><span class='ocrx_word' id='word_1_792' title='bbox 1912 4514 1982 4536; x_wconf 28' lang='grc' dir='ltr'><strong>ιη</strong></span> <span class='ocrx_word' id='word_1_793' title='bbox 2012 4535 2019 4536; x_wconf 21' lang='grc' dir='ltr'><em>γ</em></span> <span class='ocrx_word' id='word_1_794' title='bbox 2203 4533 2211 4536; x_wconf 92' lang='lat'>_</span> <span class='ocrx_word' id='word_1_795' title='bbox 2282 4527 2292 4536; x_wconf 95' lang='lat'><strong>.</strong></span> 
     </span>
    </p>
   </div>
   <div class='ocr_carea' id='block_1_100' title="bbox 1908 4514 3504 4624">
    <p class='ocr_par' dir='ltr' id='par_1_100' title="bbox 1908 4514 3504 4624">
     <span class='ocr_line' id='line_1_107' title="bbox 3224 4514 3499 4536; baseline 0.029 -10"><span class='ocrx_word' id='word_1_796' title='bbox 3224 4514 3238 4526; x_wconf 85' lang='lat'><strong>.</strong></span> <span class='ocrx_word' id='word_1_797' title='bbox 3290 4514 3459 4536; x_wconf 84' lang='grc'><strong>----.---</strong></span> <span class='ocrx_word' id='word_1_798' title='bbox 3482 4514 3499 4534; x_wconf 77' lang='grc' dir='ltr'><strong>ν</strong></span> 
     </span>
     <span class='ocr_line' id='line_1_108' title="bbox 1908 4514 3504 4624; baseline 0.029 -56"><span class='ocrx_word' id='word_1_799' title='bbox 1908 4514 2090 4573; x_wconf 80' lang='lat' dir='ltr'><strong>bonum</strong></span> <span class='ocrx_word' id='word_1_800' title='bbox 2110 4527 2292 4578; x_wconf 66' lang='lat' dir='ltr'><strong>certari</strong></span> <span class='ocrx_word' id='word_1_801' title='bbox 2309 4569 2324 4594; x_wconf 92' lang='lat'><strong>,</strong></span> <span class='ocrx_word' id='word_1_802' title='bbox 2357 4545 2557 4585; x_wconf 87' lang='lat' dir='ltr'><strong>cursum</strong></span> <span class='ocrx_word' id='word_1_803' title='bbox 2598 4545 2940 4597; x_wconf 77' lang='lat' dir='ltr'><strong>consummavi</strong></span> <span class='ocrx_word' id='word_1_804' title='bbox 2955 4587 2970 4611; x_wconf 97' lang='lat'><strong>,</strong></span> <span class='ocrx_word' id='word_1_805' title='bbox 2997 4548 3149 4614; x_wconf 74' lang='lat' dir='ltr'><strong>ﬁdem</strong></span> <span class='ocrx_word' id='word_1_806' title='bbox 3173 4557 3363 4610; x_wconf 77' lang='lat' dir='ltr'><strong>servavi</strong></span> <span class='ocrx_word' id='word_1_807' title='bbox 3388 4576 3408 4624; x_wconf 86' lang='lat'><strong><em>;</em></strong></span> <span class='ocrx_word' id='word_1_808' title='bbox 3438 4562 3504 4615; x_wconf 84' lang='lat' dir='ltr'><strong>de</strong></span> 
     </span>
    </p>
   </div>
   <div class='ocr_carea' id='block_1_101' title="bbox 1907 4619 3502 4710">
    <p class='ocr_par' dir='ltr' id='par_1_101' title="bbox 1907 4619 3502 4710">
     <span class='ocr_line' id='line_1_109' title="bbox 1907 4619 3502 4710; baseline 0.029 -51"><span class='ocrx_word' id='word_1_809' title='bbox 1907 4619 2086 4664; x_wconf 69' lang='lat' dir='ltr'><strong>cratera</strong></span> <span class='ocrx_word' id='word_1_810' title='bbox 2128 4619 2346 4683; x_wconf 86' lang='lat' dir='ltr'><strong>reposita</strong></span> <span class='ocrx_word' id='word_1_811' title='bbox 2373 4631 2446 4674; x_wconf 81' lang='lat' dir='ltr'><strong>est</strong></span> <span class='ocrx_word' id='word_1_812' title='bbox 2471 4625 2595 4680; x_wconf 79' lang='lat' dir='ltr'><strong>mihi</strong></span> <span class='ocrx_word' id='word_1_813' title='bbox 2623 4643 2808 4684; x_wconf 86' lang='lat' dir='ltr'><strong>corona</strong></span> <span class='ocrx_word' id='word_1_814' title='bbox 2840 4633 3057 4702; x_wconf 72' lang='lat' dir='ltr'><strong>justitiar</strong></span> <span class='ocrx_word' id='word_1_815' title='bbox 3079 4681 3098 4709; x_wconf 91' lang='lat'><strong>,</strong></span> <span class='ocrx_word' id='word_1_816' title='bbox 3139 4659 3291 4710; x_wconf 86' lang='lat' dir='ltr'><strong>quam</strong></span> <span class='ocrx_word' id='word_1_817' title='bbox 3327 4649 3502 4704; x_wconf 79' lang='lat' dir='ltr'><strong>reddet</strong></span> 
     </span>
    </p>
   </div>
   <div class='ocr_carea' id='block_1_102' title="bbox 1905 4702 3500 4796">
    <p class='ocr_par' dir='ltr' id='par_1_102' title="bbox 1905 4702 3500 4796">
     <span class='ocr_line' id='line_1_110' title="bbox 1905 4702 3500 4796; baseline 0.027 -43"><span class='ocrx_word' id='word_1_818' title='bbox 1905 4702 2029 4756; x_wconf 79' lang='lat' dir='ltr'><strong>mihi</strong></span> <span class='ocrx_word' id='word_1_819' title='bbox 2056 4703 2299 4762; x_wconf 84' lang='lat' dir='ltr'><strong>Dominus</strong></span> <span class='ocrx_word' id='word_1_820' title='bbox 2326 4711 2377 4764; x_wconf 91' lang='lat' dir='ltr'><strong>in</strong></span> <span class='ocrx_word' id='word_1_821' title='bbox 2399 4713 2480 4767; x_wconf 87' lang='lat' dir='ltr'><strong>die</strong></span> <span class='ocrx_word' id='word_1_822' title='bbox 2503 4715 2592 4770; x_wconf 81' lang='lat' dir='ltr'><strong>illa</strong></span> <span class='ocrx_word' id='word_1_823' title='bbox 2603 4719 2776 4787; x_wconf 80' lang='lat' dir='ltr'><strong>justus</strong></span> <span class='ocrx_word' id='word_1_824' title='bbox 2797 4725 2957 4792; x_wconf 83' lang='lat' dir='ltr'><strong>judea:</strong></span> <span class='ocrx_word' id='word_1_825' title='bbox 2981 4745 3000 4781; x_wconf 91' lang='lat'><strong><em>:</em></strong></span> <span class='ocrx_word' id='word_1_826' title='bbox 3021 4702 3121 4786; x_wconf 73' lang='lat' dir='ltr'><strong>non</strong></span> <span class='ocrx_word' id='word_1_827' title='bbox 3148 4702 3312 4790; x_wconf 73' lang='lat' dir='ltr'><strong>solum</strong></span> <span class='ocrx_word' id='word_1_828' title='bbox 3331 4702 3500 4796; x_wconf 74' lang='lat' dir='ltr'><strong>autem</strong></span> 
     </span>
    </p>
   </div>
   <div class='ocr_carea' id='block_1_103' title="bbox 1904 4793 3495 4896">
    <p class='ocr_par' dir='ltr' id='par_1_103' title="bbox 1904 4793 3495 4896">
     <span class='ocr_line' id='line_1_111' title="bbox 1904 4793 3495 4896; baseline 0.028 -53"><span class='ocrx_word' id='word_1_829' title='bbox 1904 4793 2059 4858; x_wconf 81' lang='lat' dir='ltr'><strong>mihi,</strong></span> <span class='ocrx_word' id='word_1_830' title='bbox 2081 4797 2172 4850; x_wconf 80' lang='lat' dir='ltr'><strong>sed</strong></span> <span class='ocrx_word' id='word_1_831' title='bbox 2198 4809 2245 4852; x_wconf 91' lang='lat' dir='ltr'><strong>et</strong></span> <span class='ocrx_word' id='word_1_832' title='bbox 2284 4800 2345 4856; x_wconf 80' lang='lat' dir='ltr'><strong>iis</strong></span> <span class='ocrx_word' id='word_1_833' title='bbox 2369 4805 2457 4872; x_wconf 84' lang='lat' dir='ltr'><strong>qui</strong></span> <span class='ocrx_word' id='word_1_834' title='bbox 2480 4807 2698 4878; x_wconf 85' lang='lat' dir='ltr'><strong>diligunt</strong></span> <span class='ocrx_word' id='word_1_835' title='bbox 2732 4814 3000 4873; x_wconf 72' lang='lat' dir='ltr'><strong>adveruum</strong></span> <span class='ocrx_word' id='word_1_836' title='bbox 3026 4823 3136 4891; x_wconf 85' lang='lat' dir='ltr'><strong>ejus</strong></span> <span class='ocrx_word' id='word_1_837' title='bbox 3167 4825 3242 4896; x_wconf 75' lang='grc'><strong>(2.</strong></span> <span class='ocrx_word' id='word_1_838' title='bbox 3275 4793 3406 4884; x_wconf 72' lang='lat' dir='ltr'><strong>Tini.</strong></span> 
     </span>
    </p>
   </div>
   <div class='ocr_carea' id='block_1_104' title="bbox 1903 4882 3487 4992">
    <p class='ocr_par' dir='ltr' id='par_1_104' title="bbox 1903 4882 3487 4992">
     <span class='ocr_line' id='line_1_112' title="bbox 1903 4882 3487 4992; baseline 0.027 -57"><span class='ocrx_word' id='word_1_839' title='bbox 1903 4882 1954 4934; x_wconf 89' lang='lat'><strong>7.</strong></span> <span class='ocrx_word' id='word_1_840' title='bbox 1983 4882 2075 4955; x_wconf 91' lang='lat'><strong>8).</strong></span> <span class='ocrx_word' id='word_1_841' title='bbox 2108 4886 2266 4944; x_wconf 84' lang='lat' dir='ltr'><strong>Vides</strong></span> <span class='ocrx_word' id='word_1_842' title='bbox 2296 4902 2440 4949; x_wconf 90' lang='lat' dir='ltr'><strong>certe</strong></span> <span class='ocrx_word' id='word_1_843' title='bbox 2478 4901 2747 4966; x_wconf 89' lang='lat' dir='ltr'><strong>quomodo</strong></span> <span class='ocrx_word' id='word_1_844' title='bbox 2775 4917 2998 4964; x_wconf 90' lang='lat' dir='ltr'><strong>cunctos</strong></span> <span class='ocrx_word' id='word_1_845' title='bbox 3020 4882 3074 4966; x_wconf 74' lang='lat' dir='ltr'><strong>in</strong></span> <span class='ocrx_word' id='word_1_846' title='bbox 3101 4882 3487 4992; x_wconf 31' lang='lat' dir='ltr'><strong>eamdemg—io:</strong></span> 
     </span>
    </p>
   </div>
   <div class='ocr_carea' id='block_1_105' title="bbox 1901 4975 3490 5069">
    <p class='ocr_par' dir='ltr' id='par_1_105' title="bbox 1901 4975 3490 5069">
     <span class='ocr_line' id='line_1_113' title="bbox 1901 4975 3490 5069; baseline 0.026 -41"><span class='ocrx_word' id='word_1_847' title='bbox 1901 4975 1994 5030; x_wconf 64' lang='lat' dir='ltr'><strong>rite</strong></span> <span class='ocrx_word' id='word_1_848' title='bbox 2021 4983 2444 5039; x_wconf 91' lang='lat' dir='ltr'><strong>communionem</strong></span> <span class='ocrx_word' id='word_1_849' title='bbox 2475 4993 2668 5046; x_wconf 83' lang='lat' dir='ltr'><strong>vocet?</strong></span> <span class='ocrx_word' id='word_1_850' title='bbox 2693 4994 2824 5062; x_wconf 91' lang='lat' dir='ltr'><strong>Quia</strong></span> <span class='ocrx_word' id='word_1_851' title='bbox 2848 4998 3007 5068; x_wconf 89' lang='lat' dir='ltr'><strong>igitur</strong></span> <span class='ocrx_word' id='word_1_852' title='bbox 3031 5007 3276 5064; x_wconf 89' lang='lat' dir='ltr'><strong>omnibus</strong></span> <span class='ocrx_word' id='word_1_853' title='bbox 3302 5013 3490 5069; x_wconf 88' lang='lat' dir='ltr'><strong>eadem</strong></span> 
     </span>
    </p>
   </div>
   <div class='ocr_carea' id='block_1_106' title="bbox 1900 5072 3492 5175">
    <p class='ocr_par' dir='ltr' id='par_1_106' title="bbox 1900 5072 3492 5175">
     <span class='ocr_line' id='line_1_114' title="bbox 1900 5072 3492 5175; baseline 0.024 -53"><span class='ocrx_word' id='word_1_854' title='bbox 1900 5083 2091 5123; x_wconf 90' lang='lat' dir='ltr'><strong>corona</strong></span> <span class='ocrx_word' id='word_1_855' title='bbox 2111 5072 2290 5141; x_wconf 71' lang='lat' dir='ltr'><strong>gloriae</strong></span> <span class='ocrx_word' id='word_1_856' title='bbox 2308 5081 2571 5149; x_wconf 89' lang='lat' dir='ltr'><strong>proposita</strong></span> <span class='ocrx_word' id='word_1_857' title='bbox 2586 5094 2683 5148; x_wconf 90' lang='lat' dir='ltr'><strong>est,</strong></span> <span class='ocrx_word' id='word_1_858' title='bbox 2706 5087 3011 5147; x_wconf 73' lang='lat' dir='ltr'><strong>Studeamus</strong></span> <span class='ocrx_word' id='word_1_859' title='bbox 3023 5109 3208 5155; x_wconf 91' lang='lat' dir='ltr'><strong>omnes</strong></span> <span class='ocrx_word' id='word_1_860' title='bbox 3221 5099 3334 5156; x_wconf 83' lang='lat' dir='ltr'><strong>fieri</strong></span> <span class='ocrx_word' id='word_1_861' title='bbox 3348 5104 3492 5175; x_wconf 87' lang='lat' dir='ltr'><strong>digni</strong></span> 
     </span>
    </p>
   </div>
   <div class='ocr_carea' id='block_1_107' title="bbox 1899 5160 3493 5265">
    <p class='ocr_par' dir='ltr' id='par_1_107' title="bbox 1899 5160 3493 5265">
     <span class='ocr_line' id='line_1_115' title="bbox 1899 5160 3493 5265; baseline 0.025 -52"><span class='ocrx_word' id='word_1_862' title='bbox 1899 5160 2001 5215; x_wconf 91' lang='lat' dir='ltr'><strong>illis</strong></span> <span class='ocrx_word' id='word_1_863' title='bbox 2027 5161 2176 5218; x_wconf 88' lang='lat' dir='ltr'><strong>bonis</strong></span> <span class='ocrx_word' id='word_1_864' title='bbox 2201 5207 2216 5232; x_wconf 91' lang='lat'><strong>,</strong></span> <span class='ocrx_word' id='word_1_865' title='bbox 2238 5182 2356 5237; x_wconf 82' lang='lat' dir='ltr'><strong>quae</strong></span> <span class='ocrx_word' id='word_1_866' title='bbox 2382 5175 2637 5240; x_wconf 89' lang='lat' dir='ltr'><strong>promissa</strong></span> <span class='ocrx_word' id='word_1_867' title='bbox 2663 5189 2803 5234; x_wconf 92' lang='lat' dir='ltr'><strong>sunt.</strong></span> <span class='ocrx_word' id='word_1_868' title='bbox 2831 5181 3012 5254; x_wconf 89' lang='lat' dir='ltr'><strong>Neque</strong></span> <span class='ocrx_word' id='word_1_869' title='bbox 3030 5189 3202 5245; x_wconf 89' lang='lat' dir='ltr'><strong>solum</strong></span> <span class='ocrx_word' id='word_1_870' title='bbox 3229 5160 3493 5265; x_wconf 56' lang='lat' dir='ltr'><strong>magniiu—</strong></span> 
     </span>
    </p>
   </div>
   <div class='ocr_carea' id='block_1_108' title="bbox 1897 5251 3491 5344">
    <p class='ocr_par' dir='ltr' id='par_1_108' title="bbox 1897 5251 3491 5344">
     <span class='ocr_line' id='line_1_116' title="bbox 1897 5251 3491 5344; baseline 0.024 -40"><span class='ocrx_word' id='word_1_871' title='bbox 1897 5251 2072 5309; x_wconf 89' lang='lat' dir='ltr'><strong>dinem</strong></span> <span class='ocrx_word' id='word_1_872' title='bbox 2099 5265 2257 5326; x_wconf 85' lang='lat' dir='ltr'><strong>atque</strong></span> <span class='ocrx_word' id='word_1_873' title='bbox 2283 5263 2623 5320; x_wconf 89' lang='lat' dir='ltr'><strong>eminentiam</strong></span> <span class='ocrx_word' id='word_1_874' title='bbox 2655 5269 2705 5322; x_wconf 92' lang='lat' dir='ltr'><strong>in</strong></span> <span class='ocrx_word' id='word_1_875' title='bbox 2738 5271 2827 5325; x_wconf 92' lang='lat' dir='ltr'><strong>illo</strong></span> <span class='ocrx_word' id='word_1_876' title='bbox 2853 5273 3108 5333; x_wconf 88' lang='lat' dir='ltr'><strong>debemus</strong></span> <span class='ocrx_word' id='word_1_877' title='bbox 3150 5285 3491 5344; x_wconf 89' lang='lat' dir='ltr'><strong>considerare</strong></span> 
     </span>
    </p>
   </div>
   <div class='ocr_carea' id='block_1_109' title="bbox 1896 5344 3490 5442">
    <p class='ocr_par' dir='ltr' id='par_1_109' title="bbox 1896 5344 3490 5442">
     <span class='ocr_line' id='line_1_117' title="bbox 1896 5344 3490 5442; baseline 0.024 -47"><span class='ocrx_word' id='word_1_878' title='bbox 1896 5344 2146 5400; x_wconf 86' lang='lat' dir='ltr'><strong>virtutum</strong></span> <span class='ocrx_word' id='word_1_879' title='bbox 2163 5359 2214 5403; x_wconf 88' lang='lat' dir='ltr'><strong>et</strong></span> <span class='ocrx_word' id='word_1_880' title='bbox 2229 5364 2530 5423; x_wconf 91' lang='lat' dir='ltr'><strong>promptum</strong></span> <span class='ocrx_word' id='word_1_881' title='bbox 2549 5358 2677 5414; x_wconf 91' lang='lat' dir='ltr'><strong>illud</strong></span> <span class='ocrx_word' id='word_1_882' title='bbox 2697 5364 2857 5418; x_wconf 91' lang='lat' dir='ltr'><strong>animi</strong></span> <span class='ocrx_word' id='word_1_883' title='bbox 2878 5366 3013 5436; x_wconf 88' lang='lat' dir='ltr'><strong>ejus,</strong></span> <span class='ocrx_word' id='word_1_884' title='bbox 3037 5379 3196 5442; x_wconf 88' lang='lat' dir='ltr'><strong>atque</strong></span> <span class='ocrx_word' id='word_1_885' title='bbox 3211 5375 3490 5434; x_wconf 84' lang='lat' dir='ltr'><strong>robustum</strong></span> 
     </span>
    </p>
   </div>
   <div class='ocr_carea' id='block_1_110' title="bbox 1897 5439 3490 5538">
    <p class='ocr_par' dir='ltr' id='par_1_110' title="bbox 1897 5439 3490 5538">
     <span class='ocr_line' id='line_1_118' title="bbox 1897 5439 3490 5538; baseline 0.023 -49"><span class='ocrx_word' id='word_1_886' title='bbox 1897 5439 2244 5507; x_wconf 86' lang='lat' dir='ltr'><strong>propositum,</strong></span> <span class='ocrx_word' id='word_1_887' title='bbox 2278 5461 2371 5514; x_wconf 91' lang='lat' dir='ltr'><strong>per</strong></span> <span class='ocrx_word' id='word_1_888' title='bbox 2397 5450 2538 5518; x_wconf 90' lang='lat' dir='ltr'><strong>quod</strong></span> <span class='ocrx_word' id='word_1_889' title='bbox 2563 5452 2628 5506; x_wconf 90' lang='lat' dir='ltr'><strong>ad</strong></span> <span class='ocrx_word' id='word_1_890' title='bbox 2656 5463 2854 5511; x_wconf 87' lang='lat' dir='ltr'><strong>tantam</strong></span> <span class='ocrx_word' id='word_1_891' title='bbox 2889 5463 3080 5516; x_wconf 92' lang='lat' dir='ltr'><strong>meruit</strong></span> <span class='ocrx_word' id='word_1_892' title='bbox 3110 5439 3333 5534; x_wconf 85' lang='lat' dir='ltr'><strong>gratiam</strong></span> <span class='ocrx_word' id='word_1_893' title='bbox 3370 5487 3490 5538; x_wconf 89' lang='lat' dir='ltr'><strong>per-</strong></span> 
     </span>
    </p>
   </div>
   <div class='ocr_carea' id='block_1_111' title="bbox 1896 5529 3483 5625">
    <p class='ocr_par' dir='ltr' id='par_1_111' title="bbox 1896 5529 3483 5625">
     <span class='ocr_line' id='line_1_119' title="bbox 1896 5529 3483 5625; baseline 0.022 -45"><span class='ocrx_word' id='word_1_894' title='bbox 1896 5529 2074 5584; x_wconf 86' lang='lat' dir='ltr'><strong>venire</strong></span> <span class='ocrx_word' id='word_1_895' title='bbox 2105 5551 2118 5586; x_wconf 90' lang='lat'><strong>:</strong></span> <span class='ocrx_word' id='word_1_896' title='bbox 2150 5535 2242 5589; x_wconf 90' lang='lat' dir='ltr'><strong>sed</strong></span> <span class='ocrx_word' id='word_1_897' title='bbox 2273 5547 2325 5590; x_wconf 89' lang='lat' dir='ltr'><strong>et</strong></span> <span class='ocrx_word' id='word_1_898' title='bbox 2355 5549 2556 5596; x_wconf 65' lang='lat' dir='ltr'><strong>natura:</strong></span> <span class='ocrx_word' id='word_1_899' title='bbox 2577 5545 2912 5613; x_wconf 86' lang='lat' dir='ltr'><strong>societatem,</strong></span> <span class='ocrx_word' id='word_1_900' title='bbox 2945 5567 3042 5623; x_wconf 88' lang='lat' dir='ltr'><strong>per</strong></span> <span class='ocrx_word' id='word_1_901' title='bbox 3067 5529 3224 5625; x_wconf 78' lang='lat' dir='ltr'><strong>quam</strong></span> <span class='ocrx_word' id='word_1_902' title='bbox 3253 5569 3304 5613; x_wconf 89' lang='lat' dir='ltr'><strong>et</strong></span> <span class='ocrx_word' id='word_1_903' title='bbox 3329 5563 3483 5615; x_wconf 80' lang='lat' dir='ltr'><strong>nobis</strong></span> 
     </span>
    </p>
   </div>
   <div class='ocr_carea' id='block_1_112' title="bbox 1894 5623 3483 5716">
    <p class='ocr_par' dir='ltr' id='par_1_112' title="bbox 1894 5623 3483 5716">
     <span class='ocr_line' id='line_1_120' title="bbox 1894 5623 3483 5716; baseline 0.021 -42"><span class='ocrx_word' id='word_1_904' title='bbox 1894 5623 1946 5679; x_wconf 88' lang='lat' dir='ltr'><strong>in</strong></span> <span class='ocrx_word' id='word_1_905' title='bbox 1978 5626 2183 5681; x_wconf 89' lang='lat' dir='ltr'><strong>cunctis</strong></span> <span class='ocrx_word' id='word_1_906' title='bbox 2206 5627 2293 5682; x_wconf 93' lang='lat' dir='ltr'><strong>ille</strong></span> <span class='ocrx_word' id='word_1_907' title='bbox 2321 5632 2597 5703; x_wconf 86' lang='lat' dir='ltr'><strong>participat</strong></span> <span class='ocrx_word' id='word_1_908' title='bbox 2626 5655 2638 5688; x_wconf 85' lang='lat'><strong>:</strong></span> <span class='ocrx_word' id='word_1_909' title='bbox 2671 5648 2723 5692; x_wconf 89' lang='lat' dir='ltr'><strong>et</strong></span> <span class='ocrx_word' id='word_1_910' title='bbox 2749 5640 2826 5695; x_wconf 89' lang='lat' dir='ltr'><strong>sic</strong></span> <span class='ocrx_word' id='word_1_911' title='bbox 2851 5643 3008 5698; x_wconf 89' lang='lat' dir='ltr'><strong>etiam</strong></span> <span class='ocrx_word' id='word_1_912' title='bbox 3035 5623 3154 5716; x_wconf 64' lang='lat' dir='ltr'><strong>quae</strong></span> <span class='ocrx_word' id='word_1_913' title='bbox 3185 5649 3337 5706; x_wconf 70' lang='lat' dir='ltr'><strong>valde</strong></span> <span class='ocrx_word' id='word_1_914' title='bbox 3359 5665 3483 5707; x_wconf 79' lang='lat' dir='ltr'><strong>sunt</strong></span> 
     </span>
    </p>
   </div>
   <div class='ocr_carea' id='block_1_113' title="bbox 1894 5716 3483 5814">
    <p class='ocr_par' dir='ltr' id='par_1_113' title="bbox 1894 5716 3483 5814">
     <span class='ocr_line' id='line_1_121' title="bbox 1894 5716 3483 5814; baseline 0.021 -47"><span class='ocrx_word' id='word_1_915' title='bbox 1894 5716 2054 5771; x_wconf 90' lang='lat' dir='ltr'><strong>ardua</strong></span> <span class='ocrx_word' id='word_1_916' title='bbox 2073 5760 2087 5782; x_wconf 93' lang='lat'><strong>,</strong></span> <span class='ocrx_word' id='word_1_917' title='bbox 2117 5719 2267 5776; x_wconf 86' lang='lat' dir='ltr'><strong>nobis</strong></span> <span class='ocrx_word' id='word_1_918' title='bbox 2297 5719 2466 5780; x_wconf 77' lang='lat' dir='ltr'><strong>facilia</strong></span> <span class='ocrx_word' id='word_1_919' title='bbox 2494 5727 2809 5788; x_wconf 78' lang='lat' dir='ltr'><strong>videbuntur</strong></span> <span class='ocrx_word' id='word_1_920' title='bbox 2837 5744 2888 5791; x_wconf 85' lang='lat' dir='ltr'><strong>ei</strong></span> <span class='ocrx_word' id='word_1_921' title='bbox 2917 5736 3072 5807; x_wconf 86' lang='lat' dir='ltr'><strong>levia,</strong></span> <span class='ocrx_word' id='word_1_922' title='bbox 3103 5740 3355 5814; x_wconf 75' lang='lat' dir='ltr'><strong>brevique</strong></span> <span class='ocrx_word' id='word_1_923' title='bbox 3383 5746 3483 5801; x_wconf 71' lang='lat' dir='ltr'><strong>hoc</strong></span> 
     </span>
    </p>
   </div>
  </div>
