4206 6308
691 369 798 429 433

692 491 931 551 tempore
961 478 1261 534 laborantes
1289 470 1739 544 incorruptibilem
1782 470 1932 526 illam
1953 465 2272 539 gestabimus

694 581 855 641 atque
895 566 1249 625 inmortalem
1285 578 1571 631 coronam,
1599 561 1767 634 gratia
1808 569 1862 617 et
1904 556 2263 615 misericordia

1401 359 1459 415 S.
1496 355 1775 417 JOANNIS
1808 348 2281 412 CHRYSOSTOMI
2319 349 2637 407 ARClllEP.
2676 344 3213 405 CONSTANTINOP.

3862 348 3964 404 (85

2381 464 2591 519 Domini
2616 465 2782 520 nostri
2802 463 2927 520 Jesu
2948 463 3167 531 Christi,
3192 462 3278 519 cui
3302 473 3385 519 est
3410 463 3575 535 gloria
3603 471 3657 519 et
3678 462 3967 531 imperium

2372 569 2515 610 nunc
2545 564 2599 609 et
2624 569 2838 625 semper
2856 564 2910 608 et
2937 553 2991 609 in
3015 554 3210 610 sarcula
3236 554 3576 610 smculorum.
3605 556 3798 610 Amen.

695 707 3961 745 ______________________________________—__________

1552 832 1691 901 DE
1742 824 2259 901 LAUDIBUS
2308 825 2683 899 SANCTI
2739 825 3056 929 PAULI

2166 1017 2485 1063 APOSTOU.

2034 1140 2268 1151 —-—_

1324 1234 1537 1274 BOIILM
1568 1231 1642 1271 IH.

764 1377 959 1433 Beatus
978 1374 1177 1432 Paulus
1197 1415 1211 1440 ,
1241 1373 1329 1444 qui
1357 1379 1556 1427 tantam
1576 1370 1687 1424 vim
1711 1367 1956 1425 humanm
1982 1368 2271 1423 alacritatis

691 1469 961 1536 ostendit,
999 1475 1059 1523 ut
1086 1465 1151 1521 ad
1176 1465 1364 1521 cazlum
1390 1475 1602 1533 quoque
1637 1451 1813 1532 ipsuni
1836 1460 2043 1516 valeret
2077 1460 2272 1515 subvo-

694 1559 828 1623 lare,
860 1557 1267 1629 praztermittens
1290 1552 1509 1627 angelos
1533 1561 1588 1607 et
1612 1551 1962 1622 archangelos
1985 1592 2000 1617 ,
2032 1550 2272 1621 aliasque

691 1651 914 1705 virtutes
936 1688 954 1715 ,
983 1645 1264 1719 aliquando
1292 1644 1504 1716 quidem
1532 1659 1630 1699 suo
1656 1643 1909 1712 exemplo
1947 1635 2147 1697 Christi
2173 1655 2271 1696 nos

694 1741 812 1796 ﬁeri
840 1740 1130 1795 imitatores
1153 1737 1323 1807 jubet,
1351 1734 1624 1791 dicendo:
1655 1733 1941 1789 Imitatores
1969 1734 2068 1787 mei
2093 1740 2267 1799 estote,

689 1832 815 1886 sicut
834 1841 882 1885 et
901 1847 990 1901 ego
1016 1829 1200 1885 Christi
1222 1829 1305 1898 (1.
1332 1826 1450 1884 Cor.
1480 1827 1567 1883 11.
1584 1826 1618 1880 1
1646 1826 1665 1893 )
1698 1842 1712 1878 :
1741 1823 2179 1895 aliquando‘vero
2203 1822 2272 1878 de

691 1937 751 1977 se
778 1920 1009 1976 reticens
1031 1961 1047 1987 ,
1070 1919 1136 1975 ad
1164 1918 1328 1989 ipsius
1356 1932 1454 1972 nos
1483 1916 1837 1972 imitationem
1863 1915 1957 1971 Dei
1986 1914 2222 1970 extendit
2249 1953 2265 1980 ,

690 2012 913 2067 dicens:
943 2010 1117 2065 Estote
1142 2025 1260 2081 ergo
1287 2009 1557 2062 imitatores
1585 2006 1678 2062 Dei
1701 2046 1717 2073 ,
1754 2007 1879 2061 sicut
1902 2005 1999 2075 ﬁlii
2024 2003 2273 2058 carissimi

696 2103 921 2175 (Ep/tes.
950 2104 1003 2158 5.
1036 2103 1111 2170 1).
1139 2101 1258 2157 iam
1289 2114 1417 2155 vero
1444 2099 1835 2163 demonstrans,
1868 2095 2007 2167 quod
2036 2095 2170 2150 nihil
2203 2095 2274 2148 ita

694 2196 832 2249 hanc
859 2192 1205 2247 imitationem
1239 2191 1424 2260 pariat,
1453 2204 1611 2259 quam
1640 2189 1685 2243 si
1716 2190 1783 2241 ita
1808 2187 1949 2242 vivat
1975 2185 2187 2257 aliquis,
2217 2193 2275 2239 ut

696 2285 892 2339 bonum
924 2284 1039 2353 ejus
1067 2283 1119 2337 in
1158 2295 1443 2336 commune
1487 2279 1766 2349 proﬁciat,
1810 2286 1971 2348 atque
2011 2276 2272 2332 universis

697 2375 844 2429 utilia
874 2373 1147 2445 provideat
1173 2413 1187 2437 ,
1216 2370 1459 2439 adjunxit
1491 2389 1504 2425 :
1538 2369 1802 2423 Ambulate
1826 2370 1881 2423 in
1907 2368 2115 2422 caritate
2143 2366 2162 2437 (
2184 2365 2265 2420 Ib.

694 2481 741 2517 υ.
769 2463 804 2516 2
829 2466 845 2531 )
873 2480 886 2516 :
921 2463 1040 2516 ideo
1066 2476 1184 2515 eum
1214 2460 1455 2525 dixisset,
1484 2458 1772 2513 Imitatores
1802 2459 1898 2512 mei
1926 2467 2099 2522 estote,
2132 2472 2267 2512 con-

699 2554 845 2607 tinuo
871 2553 937 2607 de
966 2552 1185 2605 caritate
1206 2550 1455 2604 disseruit
1482 2592 1496 2615 ,
1520 2549 1641 2617 quia
1670 2547 1784 2602 haec
1812 2548 2078 2618 praecipue
2108 2547 2274 2602 virtus

696 2643 939 2697 homines
985 2643 1095 2696 Deo
1140 2641 1409 2710 proximos
1453 2639 1595 2693 facit.
1641 2638 2088 2706 Quantaacumque
2132 2638 2274 2692 enim

698 2736 803 2790 sint
833 2733 949 2788 aliae
974 2773 990 2798 ,
1018 2731 1322 2788 inferiorem
1356 2737 1602 2784 tenentes
1636 2729 1810 2783 locum
1831 2769 1847 2795 ,
1899 2737 2105 2784 cunctae
2128 2728 2274 2784 circa

702 2824 972 2879 hominum
1002 2822 1174 2878 studia
1202 2828 1501 2883 versantur,
1535 2827 1592 2872 ut
1619 2825 1703 2872 est
1729 2831 1903 2887 pugna
1932 2826 2116 2871 contra
2142 2831 2273 2870 con-

699 2913 1099 2984 cupiscentiam,
1116 2919 1175 2967 ut
1198 2910 1339 2981 quod
1358 2910 1615 2965 adversus
1630 2908 1808 2979 gulam
1832 2906 2033 2978 geritur
2057 2905 2275 2971 bellum,

702 3015 757 3061 ut
783 3006 837 3060 in
867 3004 1099 3058 avaritia:
1136 3002 1405 3056 interitum
1444 3000 1587 3055 acies
1620 2998 1905 3065 ordinata,
1938 3005 1995 3052 ut
2021 3010 2141 3065 cum
2172 2996 2279 3051 ira-

701 3097 909 3153 cundiae
938 3095 1117 3151 furore
1144 3092 1452 3157 conﬂictus;
1485 3091 1704 3162 diligere
1728 3104 1856 3145 vero
1883 3088 2037 3143 nobis
2064 3087 2281 3157 Deoque

698 3200 984 3245 commune
1013 3194 1112 3240 est.
1134 3184 1431 3254 1’ropterea
1449 3192 1502 3239 et
1516 3181 1759 3238 Christus
1788 3179 2111 3250 imperabat:
2131 3177 2285 3232 Orate

700 3299 791 3351 pro
829 3277 1248 3335 calumniantibus
1284 3286 1330 3329 et
1369 3272 1771 3346 persequentibus
1800 3287 1885 3326 vos
1914 3312 1930 3339 ,
1969 3279 2023 3323 ut
2048 3270 2161 3324 sitis
2189 3269 2285 3338 ﬁlii

702 3373 874 3427 Patris
899 3370 1045 3426 vestri
1065 3411 1081 3437 ,
1109 3369 1195 3439 qui
1216 3368 1268 3421 in
1286 3367 1431 3420 melis
1461 3373 1531 3420 est
1554 3366 1573 3436 (
1596 3362 1781 3417 Matth.
1806 3363 1860 3417 5.
1888 3362 1978 3416 44.
2010 3360 2081 3416 45
2100 3358 2140 3429 ).
2172 3358 2286 3414 Hoc

703 3466 861 3535 igitur
884 3475 937 3518 et
963 3462 1159 3517 Paulus
1188 3459 1487 3528 intelligens
1513 3464 1824 3510 cunctorum
1853 3467 1974 3517 esse
2002 3459 2159 3521 caput
2186 3451 2285 3505 bo-

704 3569 895 3609 norum
924 3593 938 3618 ,
978 3552 1122 3607 omni
1158 3550 1210 3604 in
1249 3563 1309 3604 se
1335 3546 1511 3602 studio
1535 3543 1835 3613 exprimere
1862 3541 2089 3596 curavit.
2120 3538 2288 3593 Nemo

701 3647 840 3700 enim
864 3646 933 3698 ita
959 3642 1140 3697 dilexit
1167 3639 1409 3694 inimicos
1427 3677 1443 3701 ,
1473 3650 1629 3689 nemo
1654 3647 1776 3702 erga
1804 3630 2142 3686 insidiatores
2180 3638 2287 3683 tam

705 3737 975 3791 beneficus
1004 3734 1098 3787 fuit
1120 3774 1133 3798 ,
1162 3731 1336 3785 nullus
1366 3743 1462 3798 pro
1488 3725 1835 3781 alﬂictoribus
1858 3723 1968 3778 suis
1996 3730 2139 3777 tanta
2163 3735 2288 3791 per-

705 3845 893 3899 pessus
913 3837 1011 3882 est.
1035 3826 1147 3879 Non
1170 3825 1311 3877 enim
1340 3822 1448 3882 ille,
1475 3818 1597 3889 quid
1622 3817 1939 3887 patiebatur,
1967 3814 2061 3869 sed
2084 3824 2287 3867 natura:

704 3921 947 3990 cellulam
973 3914 1257 3986 cogitabat,
1285 3920 1587 3982 quantoque
1614 3908 1780 3977 magis
1802 3905 2161 3961 ell'erebantur
2188 3903 2288 3957 ini-

710 4010 831 4066 mici
858 4050 873 4076 ,
908 4017 1053 4062 tanto
1093 4019 1276 4060 eorum
1319 4001 1484 4070 magis
1529 3996 1884 4052 miserabatur
1913 3993 2191 4048 insaniam.
2222 3991 2295 4047 Ut

708 4102 850 4157 enim
892 4098 1079 4167 aliquis
1124 4103 1270 4164 pater
1313 4091 1615 4146 aﬂiceretur
1658 4101 1784 4156 erga
1836 4084 2002 4139 lilium
2043 4081 2293 4152 phrenesi

709 4190 1151 4262 comprehensum
1178 4226 1191 4249 ,
1235 4184 1386 4253 cujus
1426 4189 1623 4252 quanto
1666 4176 1835 4248 magis
1881 4174 2137 4231 conviciis
2176 4173 2293 4227 icti-

712 4284 914 4352 busque
945 4281 1216 4351 pulsatur,
1258 4284 1406 4330 tanto
1446 4272 1614 4343 magis
1652 4285 1772 4325 eum
1820 4267 2107 4324 miseratur
2136 4276 2296 4334 atque

713 4374 873 4429 dellet
901 4389 913 4425 :
947 4371 1017 4424 ita
1048 4379 1099 4423 et
1128 4367 1219 4420 ille
1248 4366 1333 4435 qui
1362 4380 1428 4419 ex
1458 4363 1568 4432 ipsa
1599 4358 1961 4431 magnitudine
1984 4356 2294 4429 passionum

714 4477 900 4519 eorum
926 4502 941 4523 ,
988 4474 1018 4513 a
1064 4457 1252 4528 quibus
1294 4453 1645 4523 amigebatur,
1667 4450 1912 4507 morbum
1955 4448 2294 4519 conjiciebat,

716 4555 915 4621 majora
944 4548 1049 4605 illis
1080 4545 1361 4601 adhibebat
1391 4543 1620 4598 fomenta
1649 4541 1879 4611 pietatis.

789 4643 985 4695 Caritas
1022 4649 1068 4694 et
1099 4635 1423 4691 mansuetudo
1455 4632 1630 4686 Pauli.
1659 4656 1731 4683 -ρ-
1759 4630 1895 4685 Audi
1925 4631 2106 4700 igitur,
2137 4644 2297 4701 quam

716 4736 1013 4807 patienter,
1046 4744 1202 4800 quam
1248 4734 1522 4782 mansuete
1550 4724 1705 4779 nobis
1746 4738 1844 4794 pro
1885 4723 1992 4778 illis
2020 4724 2298 4792 loquatur.

718 4829 807 4899 qui
838 4840 958 4881 eum
986 4821 1266 4893 quinquies
1294 4819 1704 4874 verberaverant
1723 4858 1737 4881 ,
1770 4817 1857 4886 qui
1886 4832 2005 4871 eum
2034 4816 2303 4888 lapidave-

722 4928 862 4984 rant,
886 4916 974 4987 qui
997 4916 1293 4973 vinxerant,
1317 4910 1407 4982 qui
1431 4910 1545 4978 ejus
1565 4909 1737 4979 ipsum
1761 4907 2013 4962 sitiebant
2032 4923 2301 4969 cruorem,

724 5012 920 5080 quique
948 5008 1093 5060 illum
1125 5002 1361 5074 quotidie
1385 5001 1689 5069 discerpere
1711 4998 2025 5070 gestiebant.
2058 4997 2302 5053 Testimo-

726 5103 886 5159 nium,
920 5098 1109 5166 inquit,
1140 5094 1244 5148 illis
1273 5091 1527 5163 per/libro,
1555 5091 1792 5159 quoniam
1814 5089 2182 5142 inundationem
2211 5086 2309 5142 Dei

730 5190 929 5253 habent,
959 5188 1046 5241 sed
1077 5203 1177 5241 non
1215 5184 1487 5239 secundum
1527 5182 1787 5237 scientiam
1826 5182 1844 5249 (
1877 5181 2025 5236 Rom.
2073 5181 2159 5236 10.
2202 5179 2237 5234 2
2266 5183 2301 5250 ).

734 5281 799 5335 lit
835 5293 1017 5332 rursus
1054 5290 1148 5331 eos
1175 5318 1187 5339 ,
1215 5274 1304 5345 qui
1334 5288 1392 5327 se
1421 5288 1578 5342 supra
1628 5272 1744 5325 illos
1800 5271 2079 5339 superbius
2122 5270 2309 5326 elierc-

736 5373 859 5422 lmnt
884 5410 897 5433 ,
932 5367 1220 5422 relrznnans
1250 5384 1263 5418 :
1295 5363 1449 5429 Noli,
1485 5364 1577 5428 ait,
1606 5362 1766 5415 altum
1796 5376 1971 5431 sapere
1991 5402 2009 5427 ,
2048 5361 2137 5414 sed
2161 5361 2312 5414 time:

737 5463 780 5516 si
819 5460 946 5513 enim
975 5457 1109 5512 Dcns
1145 5454 1461 5510 naturalibus
1494 5453 1648 5506 ramis
1690 5468 1788 5505 non
1819 5452 2067 5522 pepercit,
2097 5467 2158 5504 ne
2185 5454 2316 5522 forte

734 5567 827 5604 nec
849 5549 934 5602 libi
964 5557 1133 5619 parcat
1159 5546 1334 5617 (Rom.
1359 5546 1442 5598 11.
1473 5544 1562 5599 20.
1582 5544 1699 5609 21).
1728 5543 1860 5609 Quia
1882 5542 2023 5596 enim
2050 5555 2315 5610 cognove-

738 5652 843 5695 rut.
892 5638 1210 5695 dominicam
1244 5638 1294 5691 in
1326 5636 1443 5691 illos
1468 5636 1576 5705 jam
1606 5633 1927 5705 prooessissc
1956 5640 2274 5687 sententiam
2301 5674 2314 5699 ,

634 5728 641 5737 '
742 5729 881 5800 quod
909 5745 1068 5784 unum
1100 5735 1152 5782 et
1176 5728 1347 5782 solum
1370 5728 1555 5783 eratin
1582 5742 1672 5782 sua
1702 5731 1979 5795 potestate,
2013 5722 2315 5794 praestabat.

2269 1120 2607 1177 EE.—

2380 1235 2537 1307 Saepe
2583 1238 2973 1309 tacrymabatur
3010 1242 3351 1299 vehementer
3395 1258 3491 1313 pro
3535 1246 3638 1301 illis
3666 1287 3683 1314 ,
3714 1246 3965 1312 dolebat,

2375 1330 2615 1386 volentes
2641 1332 2743 1385 illis
2773 1333 3026 1388 insultare
3054 1335 3389 1403 prohibebat,
3415 1347 3596 1407 atque,
3628 1342 3679 1392 in
3705 1350 3964 1409 quantum

2373 1429 2584 1490 poterat
2609 1463 2623 1488 ,
2656 1421 2932 1478 laborabat
2961 1425 3200 1479 umbram
3231 1428 3311 1480 eis
3336 1428 3567 1498 aliquam
3598 1432 3969 1487 excusationis

2374 1512 2686 1569 obtendere.
2707 1513 2775 1567 Et
2792 1516 2913 1584 quia
2943 1527 3157 1586 propter
3178 1518 3565 1574 contumaciam
3587 1536 3772 1576 eorum
3802 1532 3966 1592 atque

2373 1604 2622 1705 duritiam
2647 1646 2662 1671 ,
2677 1607 3029 1705 persuadere
3066 1609 3171 1663 illis
3210 1608 3368 1664 iidem
3397 1626 3646 1667 sermone
3671 1628 3777 1667 non
3806 1624 3964 1682 pote-

2376 1705 2495 1764 rat,
2527 1696 2595 1751 ad
2640 1696 2911 1753 oritiones
2958 1699 3369 1755 convertebatur
3416 1702 3681 1757 assiduas.
3730 1702 3964 1767 Fratres,

2374 1784 2583 1857 inquit,
2638 1785 2869 1840 uoluntas
2909 1788 3109 1856 quidem
3156 1789 3325 1844 cordis
3363 1791 3460 1844 mei
3498 1801 3544 1845 et
3581 1792 3856 1846 obsecratio
3896 1792 3967 1845 ad

2373 1874 2542 1932 Deum
2567 1878 2625 1946 ﬁt
2653 1892 2746 1945 pro
2765 1878 2868 1946 illis
2886 1880 2941 1932 in
2967 1879 3180 1932 salutem
3199 1879 3371 1950 (Rom.
3407 1881 3492 1935 10.
3521 1884 3599 1952 1).
3624 1883 3729 1952 Spe
3748 1899 3967 1953 quoque

2377 1967 2597 2023 meliore
2631 1967 2752 2022 illos
2780 1969 3025 2023 sollicitat
3046 2010 3062 2032 .
3090 1971 3275 2027 dicens
3299 1989 3312 2025 :
3345 1972 3472 2027 Sine
3512 1975 3801 2043 piemtenﬁa
3825 1976 3964 2027 enim

2375 2065 2491 2112 sunt
2516 2058 2651 2111 dona
2675 2067 2721 2112 et
2747 2060 2940 2113 vacatio
2963 2058 3059 2114 Dei
3086 2060 3105 2131 (
3134 2048 3282 2115 Rom.
3307 2062 3393 2117 11.
3426 2062 3498 2117 ἳθ
3518 2062 3565 2133 ),
3596 2077 3665 2117 ne
3694 2077 3792 2133 spe
3813 2064 3968 2118 exci-

2376 2147 2505 2204 dant
2528 2158 2583 2204 et
2610 2160 2850 2220 pereant.
2877 2150 3005 2218 Qua:
3036 2152 3216 2223 utique
3243 2158 3420 2207 omnia
3448 2165 3572 2208 sunt
3595 2154 3753 2209 verba
3777 2170 3969 2209 aman-

2378 2241 2467 2306 tis,
2509 2249 2563 2294 et
2604 2239 2757 2295 valde
2795 2255 2978 2295 eorum
3004 2242 3319 2298 utilitatibus
3361 2244 3684 2313 providentis
3715 2263 3729 2297 :
3758 2256 3815 2299 ut
3840 2261 3966 2300 cum

2376 2330 2527 2399 dicit,
2563 2331 2736 2386 Veniet
2755 2349 2817 2387 ea:
2832 2333 2982 2399 Sion,
3003 2335 3092 2405 qui
3110 2336 3311 2407 eripiat,
3340 2347 3385 2389 et
3411 2345 3603 2390 avertat
3623 2338 3910 2405 impietates
3934 2354 3967 2389 a

2377 2422 2536 2477 Iacob
2563 2422 2716 2495 (Isai.
2738 2423 2826 2479 59.
2845 2424 2958 2494 20).
2985 2424 3323 2482 Mordebatur
3346 2430 3486 2482 enim
3511 2429 3880 2494 vehementer,
3908 2445 3972 2484 ac

2380 2516 2591 2585 penitus
2633 2515 2996 2572 dissecabatur
3022 2558 3037 2583 ,
3085 2533 3205 2572 cum
3250 2534 3344 2573 eos
3393 2530 3676 2591 pereuntes
3718 2520 3969 2585 videret,

2377 2619 2597 2681 propter
2617 2609 2757 2679 quod
2784 2619 2838 2664 et
2877 2610 3041 2663 multa
3082 2611 3266 2665 solatia
3291 2610 3413 2666 huic
3438 2612 3724 2666 adhibebat
3750 2611 3925 2668 dolori
3951 2652 3971 2680 ,

2380 2700 2665 2777 aliquando
2685 2700 2897 2769 quidem
2925 2700 3108 2756 dicens
3138 2719 3151 2754 :
3193 2699 3366 2756 Veniet
3394 2719 3455 2757 ea:
3476 2704 3625 2767 Sion,
3652 2704 3740 2772 qui
3759 2702 3971 2773 eripiat,

2381 2802 2429 2847 et
2452 2801 2644 2847 avertat
2664 2792 2949 2860 impietates
2976 2809 3008 2845 a
3032 2791 3193 2846 Jacob
3221 2792 3396 2865 (Rom.
3424 2795 3506 2849 11.
3538 2794 3653 2863 ‘26);
3683 2793 3975 2864 aliquando

2383 2896 2531 2949 vero,
2558 2882 2626 2936 Et
2647 2884 2731 2937 isti
2756 2900 2855 2937 non
2872 2884 3199 2937 crediderunt
3223 2884 3275 2937 in
3300 2893 3513 2937 vestram
3544 2885 3973 2952 misericordiam,
4064 2935 4076 2938 -

2382 2983 2440 3028 ut
2465 2984 2511 3029 et
2535 2974 2632 3044 ipsi
2671 2975 3067 3029 misericordiam
3097 2985 3463 3045 consequantur
3491 2974 3678 3045 (Rom.
3714 2977 3800 3029 11.
3832 2976 3895 3030 31
3928 2974 3970 3045 ).

2383 3064 2535 3121 Facit
2560 3075 2737 3121 autem
2770 3066 2871 3120 hoc
2897 3067 3055 3121 etiam
3082 3064 3363 3132 Jeremias,
3394 3065 3501 3119 vim
3524 3065 3807 3135 quamdam
3834 3064 3975 3118 inle-

2384 3170 2530 3222 rens,
2554 3168 2715 3225 atque
2742 3156 3070 3211 contendens
3090 3156 3486 3212 excusationem
3514 3156 3741 3225 aliquam
3764 3169 3862 3225 pro
3882 3155 3976 3212 de-

2388 3246 2749 3316 linquentibus
2769 3247 3032 3313 invenire,
3060 3256 3109 3301 et
3134 3261 3275 3301 nunc
3294 3245 3505 3317 quidem
3526 3245 3742 3300 dicens:
3767 3243 3832 3299 Si
3864 3260 3977 3315 pee-

2390 3348 2505 3393 cata
2522 3348 2695 3393 nostra
2711 3340 2993 3392 restiterunt
3012 3339 3175 3402 nobis,
3200 3339 3283 3408 {ac
3304 3349 3508 3409 propter
3541 3347 3589 3390 te
3617 3334 3748 3408 (Jer.
3774 3337 3864 3392 M.
3882 3337 3974 3403 ἠς

2390 3438 2444 3485 et
2472 3443 2686 3485 rursus:
2710 3428 2829 3484 Non
2852 3431 2993 3485 estin
3015 3430 3218 3484 homine
3238 3431 3318 3484 uia
3338 3429 3448 3491 eius
3469 3438 3537 3489 et,
3556 3443 3647 3481 nec
3672 3429 3823 3482 homo
3843 3429 3934 3483 ibit
3954 3470 3975 3495 ,

2391 3530 2438 3576 et
2464 3521 2643 3593 diriget
2666 3523 2761 3576 iter
2786 3537 2932 3574 suum
2964 3520 2983 3588 (
3000 3519 3189 3574 Jerem.
3220 3520 3310 3576 10.
3343 3520 3416 3575 25
3434 3520 3478 3591 ).
3510 3520 3576 3575 Et
3598 3534 3782 3575 rursus
3811 3537 3825 3573 :
3867 3518 3983 3573 He-

2392 3623 2557 3669 mento
2571 3615 2812 3685 quoniam
2829 3614 2991 3683 pulvis
3008 3630 3180 3668 sanius
3199 3612 3366 3683 (Psal.
3386 3612 3536 3669 l0“
3550 3610 3623 3684 4).
3644 3611 3756 3666 Mos
3777 3612 3981 3667 etenim

2393 3717 2476 3763 est
2502 3708 2720 3761 omnino
2795 3707 3176 3762 celeberrimus
3241 3716 3297 3761 ut
3330 3708 3394 3773 ii,
3426 3707 3516 3777 qui
3546 3721 3640 3777 pro
3665 3695 3983 3776 delinquen-

2394 3800 2535 3855 tibus
2564 3800 2937 3870 deprecantur,
2959 3800 3059 3854 etsi
3086 3800 3215 3853 nihil
3254 3798 3502 3853 idoneum
3546 3797 3771 3853 ail‘erant
3792 3798 3862 3852 ad
3887 3812 3982 3852 ro-

2393 3891 2625 3962 gandum
2651 3932 2667 3957 ,
2690 3891 2879 3945 saltem
2909 3891 3149 3949 umbram
3180 3889 3463 3960 quamdam
3494 3888 3855 3945 excusationis
3884 3904 3985 3959 pro

2394 3982 2475 4037 eis
2502 3989 2811 4050 opponant,
2843 3995 2948 4034 non
2975 3990 3118 4035 certa
3142 3981 3429 4036 verborum
3456 3980 3784 4051 proprietate
3809 3980 3987 4036 mutti-

2399 4080 2527 4138 tam,
2549 4085 2647 4125 nec
2671 4086 2789 4140 quas
2814 4070 2947 4125 trahi
2973 4071 3139 4141 possit
3164 4071 3215 4125 in
3238 4070 3506 4141 dogmata,
3534 4070 3630 4126 sed
3656 4087 3777 4142 qua:
3804 4082 3987 4128 tamen

2397 4163 2704 4219 consoletur
2718 4178 2814 4233 pro
2835 4162 3179 4233 pereuntibus
3204 4162 3465 4218 dolentes.
3497 4161 3614 4217 Non
3642 4177 3771 4234 ergo
3798 4163 3990 4233 hujus-

2398 4254 2541 4309 modi
2565 4254 2945 4309 excusationes
2964 4253 3327 4323 scrupulosius
3352 4252 3711 4322 ponderemus
3734 4294 3751 4320 ,
3776 4253 3874 4309 sed
3902 4254 3983 4309 in.

2402 4345 2719 4416 telligamus,
2742 4358 2861 4400 esse
2886 4344 3004 4399 illas
3021 4343 3252 4399 dolentis
3271 4344 3483 4411 animae,
3508 4350 3562 4398 et
3581 4342 3763 4399 dicere
3786 4339 3989 4413 aliqtiid

2401 4450 2501 4507 pro
2528 4436 2893 4506 peccatoribus
2922 4433 3247 4505 requirentis
3267 4474 3283 4501 ,
3311 4433 3571 4505 juxtaque
3598 4438 3740 4490 hunc
3768 4434 3991 4491 modum

2402 4527 2521 4583 inec
2544 4543 2660 4596 quae
2694 4528 2936 4596 superius
2978 4527 3117 4581 dicta
3163 4536 3288 4583 sunt
3324 4540 3641 4583 censeamus
3670 4544 3685 4581 :
3717 4528 3802 4582 An
3830 4526 3998 4599 igitur

2402 4635 2528 4691 erga
2557 4621 2700 4675 solos
2730 4620 2942 4676 Judaeos
2971 4620 3089 4676 talis
3110 4621 3393 4685 exstiterit,
3425 4636 3551 4692 erga
3576 4629 3863 4678 extraneos
3898 4637 4001 4678 au~

2406 4720 2511 4767 tem
2531 4750 2548 4778 ,
2591 4726 2698 4765 non
2738 4711 2854 4766 ita?
2882 4711 3118 4767 omnium
3156 4711 3470 4768 mitissimus
3495 4722 3613 4768 erat
3647 4719 3704 4766 et
3728 4727 3855 4784 erga
3892 4713 3999 4769 do-

2406 4802 2658 4857 mesticos
2682 4809 2737 4856 et
2771 4816 2896 4871 erga
2924 4811 3227 4858 extraneos.
3266 4802 3407 4858 Audi
3445 4802 3606 4875 igitur
3635 4803 3765 4874 quid
3805 4804 3873 4860 ad
3901 4805 4003 4860 Ti-

2410 4893 2682 4949 m0theum
2730 4893 2799 4947 sit
2841 4894 3051 4949 locutus
3102 4912 3119 4949 :
3175 4895 3435 4963 Servum,
3482 4896 3697 4967 inquit,
3750 4888 3848 4951 Dei
3898 4914 4007 4953 non

2410 4994 2600 5056 Oportet
2644 4986 2844 5055 litigare
2865 5027 2881 5052 ,
2934 4985 3022 5039 sed
3075 4996 3392 5041 mansuetum
3445 5003 3552 5042 esse
3600 5003 3721 5057 erga
3789 5004 3962 5042 omnes
3987 5030 4003 5054 ,

2412 5077 2664 5130 doctorem
2716 5076 2784 5129 ad
2835 5076 3163 5141 docendum,
3213 5078 3485 5147 patientem
3514 5118 3529 5143 ,
3586 5094 3702 5132 cum
3759 5080 4012 5132 modestia

2414 5168 2763 5237 corripientem
2790 5184 2895 5231 eos,
2926 5168 3012 5237 qui
3036 5169 3272 5223 resistunt
3298 5208 3316 5235 ,
3346 5170 3391 5222 si
3420 5169 3625 5237 quando
3651 5168 3735 5222 det
3758 5169 3834 5221 illi
3866 5167 4014 5223 Deus

2417 5260 2756 5329 ptenitentiam
2781 5260 2849 5313 ad
2877 5261 3274 5331 cognoscendam
3302 5262 3558 5315 ueritatem
3581 5302 3595 5325 ,
3626 5270 3679 5314 ut
3708 5261 4013 5332 resipiscam

2416 5369 2448 5404 a
2474 5351 2658 5406 diaboli
2683 5352 2893 5421 laqueis,
2922 5367 2953 5404 a
2976 5368 3073 5422 quo
3098 5352 3235 5420 capti
3247 5361 3475 5407 tenentur
3501 5352 3571 5406 ad
3595 5346 3756 5422 ipsius
3775 5354 4013 5407 volunta-

2419 5453 2520 5498 tem
2540 5442 2629 5515 (2.
2657 5441 2787 5498 Tim.
2819 5443 2875 5497 2.
2903 5443 3241 5513 24-26).“5
3264 5455 3444 5499 autem
3472 5443 3673 5509 videre,
3704 5458 3866 5515 quam
3896 5457 4015 5498 ιιιο-
4108 5474 4109 5479 η

2421 5535 2571 5591 destc
2590 5536 2751 5591 etiam
2776 5551 2898 5591 cum
2929 5534 3032 5591 illis
3063 5535 3328 5605 loquatur,
3357 5534 3448 5606 qui
3470 5535 3521 5590 in
3549 5544 3766 5605 peccata
3791 5549 4020 5599 corrue-

2424 5629 2583 5683 rant?
2613 5628 2747 5683 Audi
2777 5628 2902 5699 quid
2922 5627 3214 5684 Corinthiis
3242 5628 3435 5684 dixerit
3460 5646 3475 5683 :
3506 5626 3700 5696 Timeo,
3727 5628 3920 5698 inquit,
3954 5644 4023 5683 ne

2426 5728 2576 5794 forte,
2606 5738 2715 5777 cum
2734 5738 2926 5793 venero,
2954 5743 3055 5782 non
3076 5725 3247 5797 quales
3267 5724 3378 5780 volo
3400 5722 3649 5778 inveniam
3678 5737 3762 5777 vos
3789 5721 3846 5794 (2
3892 5720 4026 5778 Cor.
