4206 6308
696 341 798 396 έ33

694 458 858 521 ονε-υς
887 454 1057 517 θέλω,
1087 453 1237 520 εὕρω
1265 451 1416 520 ὑμᾶς
1437 471 1450 481 ’
1479 452 1573 504 καὶ
1603 453 1719 522 μετ’
1746 451 1920 520 ὀλίγα,
1951 449 2044 517 Μὴ
2075 450 2262 503 πάλιν

691 546 946 599 ἐλθόντα
968 561 1043 614 με
1070 530 1402 609 ταπεινώσῃ
1433 545 1464 595 ό
1488 543 1630 608 Θεός
1657 560 1775 611 μου
1796 541 1940 610 πρὸς
1967 539 2145 606 ὑμᾶς,
2166 542 2264 594 καὶ

694 636 976 700 πενθήσω
1010 633 1275 700 πολλοὺς
1295 632 1412 687 τῶν
1441 633 1997 702 προημαρτηκότων,
2052 631 2149 684 καὶ
2176 631 2261 700 μὴ

691 726 1189 795 μετανοησάντων
1223 723 1322 776 ἐπὶ
1358 721 1430 790 τῇ
1457 723 1741 792 ἀσελγείᾳ
1785 722 1881 775 καὶ
1926 722 2262 790 ἀκαθαρσίᾳ

694 811 734 886 ᾖ
767 815 1054 883 ἔπραξαν.
1087 815 1194 867 Καὶ
1214 812 1485 876 Γαλάταις
1505 813 1560 866 δέ
1590 812 1814 882 γράφων
1836 812 1988 878 ἐλεγε
2008 829 2022 843 ο
2055 812 2261 866 Τεκνία

690 924 830 976 μου,
867 908 973 970 οὓς
1019 902 1204 958 πάλιν
1241 903 1449 967 ὠδίνω,
1484 903 1653 972 ἀχρις
1696 898 1767 957 οὗ
1801 900 2087 970 μορφωθῆ
2132 905 2263 969 Χρι-

694 998 842 1063 στὸς
877 998 945 1050 ἐν
969 995 1127 1064 ὑμῖν.
1161 995 1272 1048 Καὶ
1307 995 1445 1066 ύπέρ
1489 993 1582 1046 τοῦ
1616 993 2044 1064 πεπορνευκότος
2093 993 2260 1047 ἄκου-

695 1107 786 1140 σον
820 1087 1006 1148 αὐτοῦ,
1037 1087 1152 1150 πῶς
1178 1087 1277 1157 οὐχ
1321 1081 1482 1156 ἦττον
1509 1084 1712 1137 ἐκείνου
1751 1085 1843 1136 καὶ
1877 1085 2126 1138 ὀδυνᾶται
2170 1086 2263 1137 καὶ

693 1179 1002 1250 παρακαλεῖ
1043 1178 1247 1245 λέγων’
1289 1176 1606 1244 Κιρώσατε
1643 1177 1731 1240 είς
1773 1175 1961 1228 αὑτὸν
1997 1175 2258 1243 ἀγάπην.

695 1269 804 1322 Καὶ
835 1268 993 1338 ἡνίκα
1019 1269 1076 1321 δέ
1107 1268 1270 1321 αὑτὸν
1290 1263 1568 1330 ἐξέκοπτε,
1599 1265 1734 1335 μετὰ
1770 1263 1978 1317 πολλῶν
2009 1265 2261 1336 δακρύων

691 1357 848 1411 τοῦτο
877 1358 1067 1410 ἐποίει.
1115 1359 1215 1412 Ἐκ
1250 1356 1356 1426 γάρ
1385 1353 1625 1422 πολλῆς
1655 1355 1937 1422 θλίψεως,
1969 1355 2119 1425 φησὶ,
2162 1356 2258 1409 καὶ

692 1449 965 1518 συνοχῆς
1012 1449 1260 1518 καρδίας
1297 1449 1531 1516 ἔγραψα
1577 1446 1741 1516 ὑμῖν,
1786 1448 1897 1514 οὐχ
1935 1447 2034 1498 ἵνα
2068 1449 2261 1513 λυπη-

691 1539 854 1608 θῆτε,
890 1540 1053 1592 ἀλλὰ
1094 1540 1194 1591 ἵνα
1235 1535 1421 1605 γνῶτε
1451 1535 1565 1604 τὴν
1604 1534 1864 1603 ἀγάπην,
1895 1533 1975 1601 ἣν
2002 1535 2121 1603 ἔχω
2156 1551 2262 1587 πε.

689 1631 1052 1700 ρισσοτέρως
1079 1631 1165 1696 είς
1198 1627 1381 1698 ὑμᾶς·
1419 1628 1513 1680 καὶ⁵
1552 1627 1741 1680 πάλιν·
1782 1627 2108 1696 Ἐγε-νόμην
2140 1625 2263 1691 τοῖς

704 1722 1014 1786 Ἰουδαίοις
1033 1721 1112 1786 ὡς
1159 1718 1467 1784 Ἰουδαῖος,
1513 1717 1640 1784 τοῖς
1674 1717 1792 1772 ὑπὸ
1821 1717 2110 1786 νόμονὼς
2143 1713 2262 1772 ὕπὸ

691 1813 901 1880 νόμον,
944 1810 1069 1876 τοῖς
1116 1809 1482 1863 ἀσθενοῦσιν
1508 1809 1588 1873 ὡς
1616 1800 1903 1878 ἀσθενὴς,
1945 1805 2068 1872 τοῖς
2113 1806 2257 1859 πᾶσι

692 1902 905 1972 γέγονα
934 1902 1002 1954 τὰ
1049 1905 1265 1963 πάντα,
1301 1901 1402 1952 τνα
1449 1899 1687 1963 πάντως
1720 1898 1886 1962 τινὰς
1917 1897 2123 1951 σώσω’
2167 1896 2261 1950 καὶ

691 1990 928 2060 ἀλλαχοῦ
958 1991 1149 2044 πάλιν·
1186 1992 1308 2044 ἰνα
1341 1988 1711 2058 παραστήσω
1733 1988 1928 2042 πάντα
1951 1988 2265 2057 ἄνθρωπον

693 2077 928 2136 τέλειον
956 2083 1027 2134 ὲν
1067 2079 1300 2148 Χριστῷ
1344 2079 1560 2147 Ἰησοῦ.
1587 2073 1740 2140 Εἶδες
1780 2079 1958 2149 ψυχὴν
2003 2079 2266 2151 ὑπερϐαί-

695 2190 890 2226 νουσαν
926 2175 1105 2226 πᾶσαν
1121 2171 1272 2243 [489]
1295 2172 1392 2240 τὴν
1418 2175 1555 2242 γῆνς
1580 2172 1762 2224 Πάντα
1791 2170 2074 2243 ἄνθρωπον
2105 2187 2265 2240 προσ-

694 2265 919 2334 εδόκησε
951 2263 1320 2333 παραστῆσαι,
1356 2261 1451 2314 καὶ
1475 2263 1535 2316 τό
1561 2279 1626 2330 γε
1660 2261 1823 2314 αὐτοῦ
1855 2262 2038 2333 μέρος,
2060 2260 2264 2323 πάντας

694 2356 1028 2426 παρέστησε.
1055 2355 1166 2408 Kh!
1185 2353 1291 2423 γάρ
1330 2353 1516 2424 ῶσπερ
1560 2352 1658 2423 τὴν
1695 2354 2017 2422 οἰκουμένην
2047 2353 2266 2406 ἅπασαν

695 2448 964 2516 γεννήσας
1000 2445 1183 2509 αὐτὸς,
1207 2442 1380 2507 οὕτως
1427 2443 1758 2513 ἐθορυϐεῖτο,
1799 2443 1970 2505 οὕτως
2011 2442 2264 2514 ἔτρεχεν,

697 2536 838 2590 οῦτω
869 2537 1072 2598 πάντας
1127 2534 1456 2597 ἐσπούδαζεν
1501 2535 1814 2601 εἰσαγαγεῖν
1854 2534 1934 2595 είς
1979 2533 2077 2602 τὴν
2110 2531 2265 2601 βασι-

698 2627 867 2690 λείαν,
899 2627 1234 2696 θεραπεύων,
1263 2624 1614 2696 παρακαλῶν,
1640 2623 2087 2693 ὑπισχνούμενος,
2117 2622 2270 2692 εὐχόο

703 2735 884 2788 μενος,
923 2717 1196 2781 ἱκετεύων,
1224 2717 1348 2780 τοὺς
1367 2716 1626 2785 δαίμονας
1648 2713 1849 2784 φοϐῶν,
1879 2715 2005 2776 τοὺς
2027 2713 2268 2781 διαφθεί-

705 2825 894 2876 ροντας
929 2806 1187 2872 ἐλαύνων,
1215 2807 1302 2860 δια
1331 2804 1651 2877 παρουσίας,
1682 2804 1769 2857 διὰ
1797 2804 2160 2875 γραμμάτων,
2183 2803 2270 2855 διὰ

701 2902 984 2972 ῥημάτων,
1019 2899 1108 2952 διὰ
1153 2901 1513 2970 πραγμάτων,
1547 2896 1637 2950 διά
1667 2895 1944 2967 μαθητῶν,
1972 2895 2038 2948 δι’
2077 2893 2268 2947 ἑαυτοῦ

701 2993 836 3054 τοὺς.
874 2991 1171 3053 πίπτοντας
1207 2988 1472 3060 ἀνορθῶν,
1520 2987 1646 3050 τοὺς
1695 2983 1934 3047 ἑστῶτας
1980 2982 2268 3054 στηρίζων,

699 3083 978 3154 διεγείρων
1032 3083 1156 3146 τοὺς
1213 3081 1386 3151 χαμαὶ
1438 3079 1758 3149 κειμένους,
1793 3076 2110 3147 θεραπεύων
2147 3075 2271 3137 τοὺς

704 3174 1212 3246 συντετριμμένους,
1250 3173 1484 3241 ἀλείφων
1514 3172 1640 3234 τοὺς
1683 3168 2075 3241 ῥᾳθυμοῦντας,
2109 3166 2270 3234 φοϐε-

707 3267 799 3336 ρὸν
824 3265 1038 3335 ἐμϐοῶν
1075 3266 1170 3320 ἐπὶ
1201 3268 1311 3328 τοῖς
1347 3263 1586 3338 ἐχθροῖς,
1614 3262 1776 3332 δριμὺ
1805 3261 2014 3330 βλέπων
2040 3257 2134 3310 ἐπὶ
2161 3260 2271 3320 τοῖς

703 3357 982 3428 πολεμίοις
1002 3375 1016 3389 ο
1047 3357 1294 3428 καθάπερ
1320 3373 1402 3418 τις
1425 3354 1724 3425 στρατηγὸς
1756 3353 1788 3423 ἢ
1817 3353 2033 3424 ἄριστος
2067 3349 2268 3420 ἰατρὸς.

703 3448 864 3512 αὐτὸς
909 3449 1256 3517 σκευοφόρος,
1303 3447 1464 3509 αύτὸς
1499 3444 1863 3513 ὑπασπιστὴς,
1903 3442 2064 3502 αὐτὸς
2102 3441 2271 3510 ὑπερ-

702 3539 994 3608 ασπιστὴς,
1015 3539 1176 3602 αὐτὸς
1200 3539 1574 3608 παραστάτης,
1605 3536 1764 3598 αὐτὸς
1791 3535 1965 3586 πάντα
1993 3532 2272 3601 γινόμενος

703 3629 781 3698 τῷ
826 3627 1170 3698 στρατοπέδῳ
1253 3628 1345 3680 καὶ
1374 3628 1472 3680 οὐκ
1503 3627 1559 3678 ἐν
1608 3629 1721 3689 τοῖς
1756 3625 2142 3692 πνευματικοῖς
2179 3621 2271 3691 μό-

703 3736 812 3783 νον,
842 3719 975 3771 ἀλλά
1000 3719 1090 3770 καὶ
1119 3720 1176 3770 ἐν
1209 3721 1319 3781 τοῖς
1350 3722 1629 3788 σαρκικοῖς
1657 3715 1854 3785 πολλὴν
1883 3715 1983 3784 τὴν
2019 3714 2270 3783 πρόνοιαν

703 3807 1082 3873 ἐπεδείκνυτο,
1134 3807 1331 3876 πολλὴν
1387 3808 1488 3878 τὴν
1531 3806 1792 3874 σπουδήν.
1833 3807 2095 3857 Ἀκουσον
2141 3803 2270 3871 γοῦν

702 3897 891 3960 αὑτοῦ,
915 3896 1033 3958 πῶς
1063 3897 1201 3966 ὑπὲρ
1229 3898 1355 3966 μιᾶς
1389 3895 1644 3963 γυναικὸς
1665 3896 1800 3967 πρὸς
1835 3896 2125 3965 ὁλόκληρον
2153 3897 2272 3947 ἐπι-

707 3986 915 4040 στέλλει
955 3987 1124 4057 δῆμον
1153 3986 1326 4054 λέγων
1348 4004 1361 4016 ·
1402 3987 1732 4054 Συνίστημι
1759 3985 1826 4037 δὲ
1855 3986 1996 4053 ὑμῖν
2031 3987 2270 4052 Φοίϐην.

704 4077 818 4145 τὴν
845 4078 1119 4146 ἀδελφὴν
1145 4077 1331 4146 ημῶν,
1355 4075 1637 4131 διάκονον
1671 4076 1868 4129 οὖσαν
1892 4075 1999 4143 τῆς
2027 4077 2275 4142 Ἐκκληο

703 4169 845 4232 σίας
873 4168 984 4235 τῆς
1021 4169 1092 4222 ἐν
1118 4167 1458 4236 Κεγχρεαῖς,
1495 4168 1594 4219 ἵνα
1633 4165 2048 4233 προσδέξησθε
2081 4167 2277 4233 αὐτὴν

703 4257 772 4310 ἐν
801 4257 995 4324 Κυρίῳ
1021 4254 1203 4320 ἀξίως
1226 4255 1341 4308 τῶν
1364 4254 1563 4323 ἀγίων,
1599 4253 1695 4307 καὶ
1727 4253 2072 4322 παραστῆτε
2096 4255 2272 4323 αὐτῇ,

702 4349 774 4401 ἐν
797 4341 845 4414 ᾧ
873 4348 949 4401 ἂν
968 4346 1133 4416 ὑμῶν
1159 4345 1452 4416 πράγματι
1473 4345 1660 4416 χρήζῃ
1683 4359 1697 4373 ⁶
1733 4346 1826 4399 καὶ
1849 4346 2009 4400 πάλιν
2025 4363 2037 4376 ο
2067 4347 2276 4402 οἶδατε

687 4435 819 4505 τὴν
845 4440 1041 4492 οὶκίαν
1062 4437 1334 4507 Στεφανᾶ
1352 4454 1364 4468 ·
1388 4438 1488 4490 ἵνα
1516 4436 1614 4490 καὶ
1643 4439 1811 4505 ὑμεῖς
1843 4438 2275 4506 ὑποτάσσησθε

705 4531 830 4597 τοῖς
879 4532 1200 4596 τοιούτοιςο
1250 4530 1345 4582 καὶ
1392 4529 1590 4583 πάλινο
1641 4529 2094 4598 Ἐπιγινὼσκετε
2135 4531 2276 4596 τοὺς

706 4621 1032 4687 τοιούτους.
1070 4619 1174 4675 Καὶ
1212 4620 1321 4691 γὰρ
1351 4621 1445 4674 καὶ
1493 4619 1651 4674 τοῦτο
1693 4621 1820 4674 ῐδιον
1853 4622 1950 4694 τῆς
1990 4622 2276 4693 φιλοστορ-

703 4713 827 4781 γίας
865 4713 973 4766 τῶν
1021 4713 1214 4780 ἁγίων,
1249 4713 1310 4766 τὺ
1355 4713 1450 4766 καὶ
1479 4713 1538 4766 ἐν
1587 4713 1793 4777 τούτοις
1839 4714 2072 4786 βοηθεῖν.
2120 4716 2276 4770 Ούτω

706 4805 799 4857 καὶ
830 4806 860 4857 ὁ
904 4804 1202 4868 Ἐλισσαῖος
1241 4803 1342 4875 τὴν
1382 4804 1785 4876 ὑποδεξαμένην
1823 4806 1985 4860 αὐτὸν
2019 4810 2273 4876 γυναῖκα,

704 4896 806 4949 οὐκ
834 4896 892 4949 ἐν
920 4896 1032 4959 τοῖς
1060 4897 1448 4966 πνευματικοῖς
1482 4895 1642 4965 μόνον
1673 4896 1889 4965 ὠφέλει,
1917 4896 2053 4951 ἀλλά
2091 4898 2185 4954 καὶ
2217 4901 2275 4952 ἐν

706 4988 820 5047 τοῖς
864 4988 1144 5056 σαρκικοῖς
1172 4985 1501 5049 ἐσπούδαζεν
1525 4987 1848 5057 ἀμείϐεσθαι
1866 5004 1881 5020 ⁶
1911 4989 1992 5043 διὸ
2027 4991 2120 5043 καὶ
2161 4990 2276 5044 ἐλε-

705 5089 830 5142 γεν*
871 5075 943 5127 ει
969 5075 1062 5140 τίς
1085 5076 1219 5128 ἐστί
1245 5092 1342 5130 σοι
1375 5077 1558 5146 λόγος
1595 5077 1743 5146 πρὸς
1777 5079 1884 5134 τὸν
1913 5079 2200 5144 βασιλέα,
2235 5081 2272 5150 ἣ

706 5171 857 5239 πρὸς
887 5171 994 5224 τὸν
1029 5170 1463 5240 ἀρχοντα;Καὶ
1501 5171 1553 5224 τί
1594 5171 1912 5243 θαυμάζεις,
1953 5177 2000 5227 εί
2040 5175 2138 5244 την
2171 5175 2275 5227 ἀπὸ

707 5263 815 5314 τῶν
843 5262 1186 5333 γραμμάτων
1241 5266 1468 5334 παρεῖχε
1513 5263 1766 5317 σύστασιν
1797 5266 1825 5316 ὁ
1871 5265 2099 5331 Παῦλος,
2139 5267 2274 5318 ὅπου

710 5371 772 5421 γε
799 5354 893 5406 καὶ⁵
922 5352 1102 5406 καλῶν
1131 5371 1282 5415 τινας
1305 5355 1442 5424 πρὸς
1472 5353 1689 5416 ἐαυτὸν,
1718 5353 1836 5405 ούδέ
1873 5352 2029 5405 τοῦτο
2061 5354 2275 5418 ἀνάξιον

709 5440 846 5498 εἶναι
881 5445 1120 5516 ἐνόμισε,
1149 5446 1209 5498 τὸ
1238 5445 1329 5498 καί
1361 5445 1488 5516 περὶ
1517 5443 1741 5514 ἐφοδίων
1769 5443 1951 5497 αὐτῶν
1973 5444 2273 5514 φροντίσαι,

710 5538 804 5589 καὶ
848 5536 1178 5591 καταθέσθαι
1219 5537 1352 5590 αὐτὸ
1390 5537 1449 5590 ἐν
1501 5536 1796 5607 ἐπιστολῇ;
1847 5535 1955 5588 Καὶ
2000 5536 2109 5606 γὰρ
2160 5539 2276 5590 ἐπι-

709 5625 942 5678 στέλλων
965 5627 1108 5696 Τίτῳ
1131 5625 1291 5696 φησίο
1317 5623 1520 5692 Ζηνᾶν
1545 5625 1653 5678 τὸν
1677 5623 1926 5693 νομικὸν
1952 5623 2051 5678 καὶ
2075 5625 2274 5679 Ἀπολ-

710 5715 796 5769 λὼ
849 5717 1191 5780 σπουδαίως
1246 5714 1636 5782 πρόπεμψον,
1688 5716 1789 5771 ἵνα
1837 5715 2026 5785 μηδὲν
2074 5717 2276 5784 αὐτοῖς

1379 342 1434 398 S.
1475 338 1758 397 JOANNIS
1798 335 2286 394 CHRYSOSTOMI
2326 333 2643 391 ARCHIEP.
2686 327 3232 388 CONSTANTINOP.

3829 335 3944 391 686”

2367 456 2566 522 λείπῃ.
2622 455 2684 507 El
2731 456 2787 508 δέ
2836 454 3266 526 παρατιθέμενος
3310 451 3452 504 οὕτω
3486 447 3790 515 σπουδαίως
3847 452 3937 517 ἐξ·

2365 543 2601 614 έπεμπε,
2651 545 2830 616 πολλῷ
2876 545 3095 616 μᾶλλον,
3128 543 3181 595 εί
3206 560 3308 595 που
3353 540 3757 602 κινδυνεύοντας
3805 537 3936 603 εἶδε,

2364 634 2539 686 πάντα
2558 632 2623 688 ἂν
2651 633 2905 705 ἔπραξεν.
2929 634 3070 704 Ὅρα
3098 631 3226 712 γοῦν
3251 633 3345 684 καὶ
3375 631 3510 700 πρὸς
3544 631 3632 683 τὸν
3658 628 3936 699 Φιλήμονα

2365 725 2711 790 ἐπιστέλλων,
2744 727 2919 796 πόσην
2961 725 3192 776 ποιεῖται
3227 721 3458 791 σπουδὴν
3487 720 3574 774 διὰ
3624 721 3938 790 Ὀνήσιμον,

2364 817 2457 869 καὶ
2479 818 2594 880 πῶς
2625 816 2881 880 συνετῶς,
2908 814 3026 878 πῶς
3048 812 3419 884 κηδεμονικῶς
3445 811 3768 864 ἐπιστέλλει.
3801 810 3862 862 ’0
3880 809 3938 862 δέ

2363 908 2503 978 ὑπὲρ
2534 907 2651 970 ἐνὸς
2681 907 2912 972 οἰκέτου,
2946 905 3042 958 καὶ
3068 903 3242 958 ταῦτα
3275 901 3512 971 φυγάδος
3543 900 3939 971 γεγενημένου,

2362 999 2456 1050 καὶ
2482 998 2811 1068 ὑφελομένου
2864 997 3036 1050 πολλά
3083 993 3194 1048 τῶν
3239 992 3569 1046 δεσποτικῶν
3591 1032 3606 1053 ,
3647 991 3940 1062 ὁλόκληρον

2365 1090 2437 1159 μὴ
2485 1087 2962 1159 παραιτησάμενος
3002 1085 3274 1140 συνθεῖναι
3321 1083 3626 1152 ἐπιστολὴν,
3686 1083 3941 1153 ἐννόησον

2365 1182 2547 1251 ἡλίκος
2576 1198 2638 1233 πε
2650 1183 2702 1252 ρὶ
2716 1181 2840 1244 τοὺς
2869 1180 3061 1242 ἀλλους
3089 1175 3176 1245 ἦν.
3202 1177 3315 1232 Καὶ
3336 1175 3442 1248 γὰρ
3469 1175 3526 1227 ἓν
3555 1175 3713 1244 μόνον
3744 1175 3939 1246 αἰσχύ-

2363 1289 2458 1342 νης
2497 1272 2646 1335 ἄξιον
2685 1268 2932 1341 ἐνόμιζεν
2966 1264 3126 1333 εἷναι,
3154 1269 3234 1331 τὸ,
3259 1267 3376 1320 δέον
3418 1266 3668 1335 γενέσθαι
3697 1283 3754 1319 τι
3803 1265 3940 1335 πρὸς

2365 1363 2660 1434 σωτηρίαν,
2701 1363 2966 1432 παριδεῖν.
2991 1361 3091 1413 Διά
3114 1361 3272 1413 τούτο
3306 1358 3485 1411 πάντα
3512 1358 3703 1421 ἐκίνει,
3725 1359 3820 1411 καὶ
3851 1357 3938 1410 οὐ·

2362 1455 2450 1508 δέν
2469 1453 2633 1506 ῶκνει
2657 1453 2899 1522 δαπανᾷν
2919 1452 3060 1522 ὑπὲρ
3090 1451 3200 1502 τῶν
3233 1449 3574 1518 σωζομένων,
3600 1449 3660 1500 οὐ
3696 1449 3941 1519 ῥήματα,

2362 1546 2421 1597 ού
2456 1545 2730 1614 χρήματα,
2753 1543 2813 1594 ού
2842 1541 3002 1612 σῶμα
3023 1557 3037 1572 ·
3069 1542 3098 1592 ὁ
3130 1540 3239 1611 γὰρ
3265 1539 3524 1611 μυριάκις
3552 1539 3744 1592 ἐαυτὸν
3775 1538 3938 1590 θανά-

2361 1650 2474 1694 τοις
2502 1633 2711 1694 ἐκδοὺς,
2743 1629 2924 1699 πολλῷ
2966 1629 3166 1700 μᾶλλον
3186 1629 3305 1682 ούδέ
3339 1627 3636 1699 χρημάτων
3663 1627 3940 1695 ἐφείσατο,

2363 1721 2417 1772 εί
2439 1737 2501 1788 γε
2528 1719 2729 1790 παρῆν.
2746 1718 2856 1771 Καὶ
2873 1717 2925 1770 τί
2949 1718 3114 1786 λέγω,
3137 1719 3190 1769 εῐ
3209 1734 3274 1785 γε
3301 1716 3513 1787 παρῆν,
3534 1718 3645 1771 Καὶ
3664 1717 3772 1787 γὰρ
3791 1716 3942 1788 [490]

2367 1811 2442 1882 μὴ
2471 1810 2754 1881 παρόντων
2781 1809 3005 1864 δυνατὸν
3046 1809 3237 1874 δεῖξαι,
3265 1808 3348 1861 ὅτι
3381 1809 3482 1862 οὐκ
3525 1809 3798 1876 ἐφείσατο.
3833 1809 3941 1862 Καὶ

2368 1903 2444 1974 μὴ
2475 1903 2700 1972 νομίσῃς
2730 1901 2960 1972 αἴνιγμα
2994 1897 3132 1954 εἶναι
3157 1902 3217 1954 τὸ
3257 1904 3427 1972 ῥῆμα,
3451 1902 3566 1956 ἀλλ’
3595 1901 3761 1956 αὐτοῦ
3780 1903 3942 1956 πάλιν

2365 1996 2594 2049 ἄκουσον
2621 1994 2902 2062 λέγοντος·
2932 1994 3013 2046 ὅτι
3036 1994 3266 2048 Ἥδιστα
3308 1994 3625 2064 δαπανήσω,
3663 1996 3758 2047 καὶ
3787 1996 3934 2047 ἐκδαο

2366 2083 2754 2153 πανηθήσομαι
2780 2083 2921 2153 ὑπὲρ
2948 2082 3056 2134 τῶν
3091 2082 3280 2152 ψυχῶν
3326 2083 3498 2154 ὑμῶν.
3530 2085 3642 2138 Καὶ
3675 2084 3943 2153 Ἐφεσίοις

2366 2173 2692 2244 δημηγορῶν
2714 2171 2898 2240 ἔλεγεν
2920 2187 2934 2201 ·
2960 2172 3126 2225 Αὐτοὶ
3152 2173 3328 2228 οἴδατε
3352 2175 3434 2226 ὅτι
3459 2177 3579 2237 ταῖς
3601 2175 3815 2245 χρείαις
3844 2192 3944 2244 μου

2367 2265 2461 2316 καὶ
2486 2267 2596 2327 τοῖς
2616 2259 2734 2318 οὖσι
2763 2263 2881 2334 μετ’
2905 2263 3039 2334 ἐμοῦ
3065 2264 3413 2334 ὑπηρέτησαν
3450 2267 3506 2317 αἱ
3551 2267 3732 2336 χεῖρες
3759 2259 3943 2318 αὗται.

2369 2354 2475 2406 Καὶ
2519 2353 2592 2406 ῶν
2643 2354 2846 2424 μέγας,
2891 2355 2949 2406 ἐν
2981 2353 3058 2423 τῷ
3106 2354 3384 2424 κεφαλαίῳ
3433 2355 3542 2407 τῶν
3587 2353 3842 2421 ἀγαθῶν,
3878 2359 3944 2426 τῇ

2369 2442 2579 2515 ἀγάπῃ,
2624 2442 2820 2512 φλογὸς
2856 2442 3036 2512 πάσης
3059 2443 3412 2513 σφοδρότερος
3435 2438 3535 2512 ἦν·
3573 2444 3667 2496 καὶ
3696 2443 3945 2513 καθάπερ

2372 2533 2588 2605 σίδηρος
2636 2536 2715 2596 είς
2757 2533 2869 2603 πῦρ
2903 2532 3197 2603 εμπεσὼν,
3237 2533 3359 2595 ὅλος
3383 2534 3591 2601 γίνεται
3631 2533 3764 2604 πῦρ,
3803 2533 3946 2587 οὕτω

2371 2626 2465 2677 καὶ
2497 2624 2657 2688 αὐτὸς
2695 2623 2770 2693 τῷ
2792 2624 2924 2693 πυρὶ
2950 2624 3050 2693 τῆς
3079 2623 3298 2694 ἀγάπης
3330 2624 3608 2694 ἀναφθεὶς,
3643 2625 3764 2688 ὅλος
3791 2627 3942 2694 γέγο-

2371 2735 2457 2770 νεν
2480 2720 2666 2788 ἀγάπη
2687 2737 2698 2748 ο
2729 2718 2824 2771 καὶ
2852 2718 3042 2789 ῶσπερ
3075 2717 3252 2780 κοινὸς
3291 2717 3473 2789 πατὴρ
3493 2718 3593 2786 τῆς
3623 2719 3947 2789 οἰκουμένης

2372 2807 2588 2875 ἀπάσης
2609 2807 2706 2869 ῶν,
2724 2804 2865 2858 οὕτω
2885 2808 3008 2870 τοὺς
3035 2806 3431 2876 γεγεννηκότας
3447 2807 3642 2869 αὐτοὺς
3665 2808 3948 2877 ἐμιμεῖτο·

2376 2898 2574 2968 μᾶλλον
2602 2898 2659 2950 δὲ
2699 2899 2792 2950 καὶ
2842 2899 3050 2961 πάντας
3101 2898 3278 2967 ὑπερη
3305 2914 3496 2950 -.οντισε
3539 2898 3814 2968 πατέρας,
3856 2905 3951 2956 καὶ

2375 2988 2700 3060 σωματικῶν
2729 2989 2822 3041 καὶ
2867 2988 3254 3059 πνευματικῶν
3290 2988 3475 3041 ἕνεκεν
3507 2988 3826 3059 φροντίδων,
3858 2988 3955 3041 καὶ

2374 3082 2651 3150 χρήματα,
2684 3079 2777 3130 καὶ
2828 3079 3048 3149 ῥήματα
3073 3116 3087 3138 ,
3119 3077 3211 3129 καὶ
3261 3076 3441 3148 σῶμα,
3482 3079 3575 3130 καὶ⁵
3615 3077 3813 3149 ψυχὴν,
3856 3073 3958 3132 καὶ

2375 3169 2550 3221 πάντα
2579 3168 2845 3230 ἐπιδιδοὺς
2868 3169 3006 3238 ὑπὲρ
3032 3167 3137 3220 τῶν
3171 3167 3564 3239 ἠγαπημένων.

2445 3260 2545 3312 Διά
2578 3260 2734 3312 τοῦτο
2779 3260 2872 3311 καὶ
2906 3259 3179 3330 πλήρωμα
3213 3258 3381 3328 αὐτὴν
3425 3257 3611 3312 ἐκάλει
3638 3259 3825 3330 νόμου,
3859 3267 3955 3316 καὶ

2376 3351 2667 3420 σύνδεσμον
2690 3350 3043 3420 τελειότητος,
3067 3350 3407 3421 καὶμητέρα
3428 3350 3537 3404 τῶν
3565 3351 3784 3419 ἀγαθῶν
3816 3351 3958 3404 πάν-

2373 3459 2498 3501 των,
2533 3442 2627 3493 καὶ
2669 3441 2842 3510 ἀρχὴν
2869 3444 2961 3492 καὶ
2983 3440 3136 3504 τέλος
3171 3441 3400 3511 ἀρετῆς·
3437 3441 3517 3495 διὸ
3543 3443 3636 3494 καὶ
3661 3441 3844 3510 ἔλεγε·
3881 3444 3953 3499 Τύ

2375 3533 2443 3586 δὲ
2469 3534 2645 3597 τέλος
2675 3531 2782 3598 τῆς
2809 3527 3165 3603 ἐπαγγελίας
3194 3532 3394 3600 ἀγάπη
3425 3533 3492 3587 ἐκ
3513 3535 3775 3602 καθαρᾶς
3813 3552 3951 3604 acap-

2375 3622 2535 3687 δίας.
2562 3623 2656 3675 καὶ
2685 3621 3095 3687 συνειδήσεως
3109 3621 3338 3691 ἀγαθῆς
3362 3638 3376 3652 ⁶
3402 3623 3495 3675 καὶ
3520 3624 3700 3689 πάλιν,
3728 3616 3798 3670 Τὸ
3814 3618 3953 3689 γὰρ,

2377 3721 2459 3772 Οὐ
2493 3721 2864 3787 μοιχεύσεις,
2924 3723 2996 3772 οὐ
3033 3720 3371 3787 φονεύσεις,
3412 3719 3508 3773 καὶ
3553 3721 3611 3773 εῑ
3654 3737 3746 3786 τις
3781 3720 3953 3788 ἑτέρα

2373 3819 2612 3886 ἐντολὴ,
2638 3819 2705 3871 ὲν
2750 3817 2828 3883 τῷ
2855 3820 3014 3887 λόγῳ
3042 3819 3229 3885 τούτῳ
3267 3819 3810 3887 ἀνακεφαλαιοῦται
3831 3861 3847 3884 ,
3881 3823 3954 3876 ἐν

2373 3921 2475 3988 τῷ,
2508 3922 2553 3974 ‘A
2565 3920 2855 3990 γαπήσεις
2874 3920 2978 3973 τὸν
2990 3923 3256 3989 πλησίον
3268 3937 3384 3975 σου
3406 3921 3486 3987 ὡς
3499 3925 3780 3995 σεαυτόν.
3799 3925 3956 3978 Ἐπεὶ

2375 4019 2464 4076 οὖν
2486 4023 2626 4095 ἀρχὴ
2665 4025 2757 4077 καὶ
2777 4023 2927 4087 τέλος
2955 4024 3048 4076 καί
3074 4023 3251 4077 πάντα
3275 4023 3345 4076 τὰ
3367 4022 3547 4092 ἀγαθά
3565 4025 3598 4096 η
3619 4025 3832 4095 ἀγάπη,
3852 4028 3949 4081 καὶ

2375 4122 2547 4196 ταύτῃ
2597 4124 2688 4176 τὸν
2730 4122 2937 4177 Παῦλον
2979 4123 3342 4194 ζηλώσωμεν·
3379 4123 3613 4197 καὶγὰρ
3661 4120 3817 4190 οὗτος
3867 4128 3956 4180 ἐν-

2375 4221 2563 4274 τεῦθεν
2616 4221 2855 4285 τοιοῦτος
2901 4221 3136 4288 ἐγένετο.
3160 4221 3252 4292 Μὴ
3282 4221 3391 4293 γάρ
3429 4239 3520 4293 μοι
3566 4225 3693 4287 τοὺς
3723 4227 3957 4295 νεκροὺς

2377 4322 2556 4393 εἴπῃς,
2580 4321 2672 4386 οὓς
2705 4323 2988 4393 ἀνέστησε,
3019 4322 3154 4393 μηδὲ
3187 4326 3315 4387 τοὺς
3343 4323 3598 4395 λεπροὺς,
3624 4324 3719 4389 οὓς
3751 4326 3958 4398 ἐκάθη-

2379 4435 2472 4488 ρεν
2487 4435 2500 4448 ·
2528 4419 2679 4472 οὐδὲν
2703 4417 2904 4473 τούτων
2930 4421 2959 4472 ὁ
2980 4418 3114 4482 Θεὸς
3136 4409 3457 4491 ἐπιζητήσει
3485 4420 3638 4491 παρὰ
3659 4420 3775 4476 σοῦ.
3799 4423 3955 4495 Κτῆ-

2379 4535 2470 4572 σαι
2496 4518 2594 4590 τὴν
2624 4519 2843 4590 ἀγάπην
2869 4519 2970 4591 τὴν
3003 4519 3241 4584 Παύλου,
3273 4520 3369 4573 καὶ
3407 4521 3501 4574 τὸν
3529 4521 3790 4591 στέφανον
3809 4521 3956 4588 εξεις

2376 4619 2800 4690 ἀπηρτισμένον.
2837 4621 2933 4684 Τις
2959 4620 3135 4674 ταῦτά
3174 4638 3380 4693 φησιν;
3414 4621 3588 4686 Αὐτὸς
3616 4623 3648 4677 δ
3679 4621 3780 4692 τῆς
3813 4623 3958 4692 ἀγάσ

2377 4735 2485 4788 πης
2525 4719 2778 4789 τροφεὺς,
2808 4713 2960 4784 οὗτος
2996 4721 3025 4772 6
3072 4720 3166 4773 καὶ
3197 4719 3461 4790 σημείων,
3501 4720 3600 4775 καὶ
3631 4719 3955 4792 θαυμάτων,

2376 4817 2470 4871 καὶ
2493 4816 2700 4889 μυρίων
2731 4818 2899 4889 αὐτὴν
2923 4818 3127 4890 ἐτέρων
3149 4818 3393 4890 προθείς.
3425 4815 3644 4892 Ἐπειδὴ
3677 4820 3786 4892 γάρ
3817 4820 3956 4892 σφό-

2375 4920 2477 4990 δρα
2514 4917 2683 4990 αὐτὴν
2722 4917 3110 4991 κατωρθὼκει,
3140 4919 3230 4973 διὰ
3277 4917 3436 4973 τοῦτο
3479 4918 3574 4973 καὶ
3609 4919 3749 4990 μετά
3797 4919 3961 4991 ἀκρι-

2375 5021 2528 5084 6είας
2577 5022 2746 5091 αὐτῆς
2797 5017 2904 5074 οἶδε
2949 5020 3048 5093 τὴν
3087 5020 3259 5092 ίσχύν.
3320 5020 3601 5075 Ἐντεῦθεν
3655 5021 3749 5075 καὶ
3791 5021 3960 5086 αὐτὸς

2376 5119 2614 5184 τοιοῦτος
2652 5120 2868 5188 ἐγένετο
2893 5159 2905 5182 ,
2955 5121 3048 5174 καὶ
3079 5120 3231 5175 οὐδὲν
3267 5119 3442 5184 οὕτως
3491 5119 3655 5175 αὑτὸν
3699 5120 3960 5189 ἐποίησεν

2375 5221 2543 5284 ἀξιον,
2573 5221 2648 5283 ὡς
2692 5222 2724 5290 ή
2775 5219 2873 5289 τῆς
2920 5219 3146 5292 ἀγάπης
3198 5221 3459 5292 δύναμις·
3513 5222 3594 5275 διὸ
3637 5222 3729 5274 καὶ
3762 5221 3956 5289 ἐλεγεο

2377 5319 2640 5387 Ζηλοῦτε
2692 5321 2763 5373 τὰ
2805 5320 3141 5390 χαρίσματα
3192 5321 3266 5376 τὰ
3313 5322 3657 5388 κρείττονι-α’
3701 5319 3798 5373 καί
3865 5319 3959 5373 ἐτι

2376 5413 2502 5464 καθ’
2525 5411 2869 5479 ὑπερϐολὴν
2899 5412 3044 5482 όρὸν
3071 5411 3218 5482 ὑμῖν
3254 5412 3550 5481 δείκνυμι,
3599 5404 3698 5480 τὴν
3732 5409 3959 5482 ἀγάπην

2377 5509 2570 5579 λέγων,
2601 5510 2699 5578 τὴν
2749 5509 3040 5581 καλλίστην
3069 5510 3186 5564 ὁδὸν
3228 5511 3320 5564 καὶ
3359 5511 3567 5581 ῥᾳδίαν.
3604 5508 3822 5579 Ταύτην
3853 5508 3958 5560 τοῖο

2377 5629 2469 5665 νυν
2511 5611 2602 5664 καὶ
2632 5611 2791 5678 ἡμεῖς
2821 5608 3125 5681 βαδίζωμεν
3157 5610 3447 5680 διηνεκῶς,
3494 5609 3580 5662 ἵνα
3613 5608 3706 5662 καὶ
3740 5605 3957 5660 Παῦλον

2382 5715 2598 5784 ἴδωμεν,
2642 5709 2839 5781 μᾶλλον
2871 5711 2929 5764 δὲ
2977 5711 3068 5764 τὸν
3099 5710 3311 5765 Παύλου
3356 5711 3652 5776 Δεσπότην,
3700 5710 3792 5763 καὶ
3842 5708 3954 5764 τῶν
