4206 6318
337 355 447 411 εδδ

336 471 428 525 12.
455 467 579 538 20),
607 475 661 523 et
676 463 832 540 paulo
855 472 996 536 post,
1025 462 1125 532 Ne,
1148 479 1260 517 cum
1285 464 1464 517 iterum
1481 475 1678 527 uenero,
1699 456 1927 511 Itumilict

331 579 422 615 me
457 559 590 614 Deus
620 557 760 628 apud
786 573 871 611 vos
893 597 909 624 ,
939 565 984 611 et
1023 557 1222 626 lugeam
1251 553 1438 606 multos
1463 567 1526 604 ω
1552 550 1628 602 his
1652 590 1666 613 ,
1699 548 1784 617 qui
1810 555 1927 600 ante

331 659 667 722 peccaverunt
683 690 698 713 ,
729 658 778 703 et
804 664 903 701 non
929 657 1131 717 egerunt
1162 644 1501 713 paenitentiam
1527 657 1680 710 super
1708 640 1924 692 immun-

336 745 474 797 ditia
493 785 508 808 ,
540 750 586 796 et
617 740 982 810 fornicatione,
1019 749 1063 790 et
1101 735 1415 805 impudicitia
1441 777 1455 800 ,
1492 749 1642 804 quant
1667 737 1924 802 gesserunt

334 834 419 904 (2.
447 831 566 889 σοι’.
600 827 685 884 12.
708 825 822 894 21).
847 827 914 882 Et
938 828 1004 881 ad
1034 827 1247 882 Galatas
1267 866 1282 888 ,
1317 823 1493 878 Filioli
1515 865 1531 891 ,
1564 821 1733 892 inquit
1757 862 1771 885 ,
1801 820 1920 887 mei,

329 938 463 992 quos
491 923 669 976 iterum
696 920 927 992 parturio
950 958 965 983 ,
997 918 1155 970 donec
1179 915 1409 970 Christus
1439 913 1683 978 {armetur
1708 911 1761 965 in
1787 911 1923 965 vobis

335 1011 488 1081 (Gal.
516 1013 572 1066 ι.
598 1009 710 1082 19).
742 1010 812 1065 Et
841 1011 893 1063 in
914 1022 1072 1063 causa
1101 1007 1216 1076 ejus
1236 1046 1249 1070 ,
1281 1005 1373 1074 qui
1403 1003 1576 1058 fuerat
1604 1002 1917 1067 fornicatus,

333 1118 447 1156 non
473 1103 648 1157 minus
671 1083 735 1158 eo
757 1101 894 1171 ipso,
917 1100 1005 1169 qui
1030 1114 1124 1168 pro
1146 1110 1365 1168 peccato
1384 1085 1480 1151 suo
1511 1093 1918 1158 lamentabatur,

330 1192 504 1258 delet,
529 1207 730 1263 proque
753 1191 846 1245 illo
868 1191 1004 1245 alios
1024 1189 1340 1258 deprecatur
1365 1187 1547 1241 dicens
1573 1204 1587 1239 :
1617 1184 1924 1254 Conﬁrmate

329 1286 392 1338 in
417 1285 562 1337 illum
581 1283 837 1335 caritatem
861 1281 880 1347 (
903 1279 959 1333 2.
986 1278 1105 1334 Cor.
1136 1278 1190 1331 2.
1222 1278 1254 1332 8
1277 1282 1315 1347 ).
1348 1278 1464 1346 8οά,
1483 1279 1642 1332 etiam
1664 1317 1678 1340 ,
1709 1276 1920 1344 quando

333 1375 489 1429 illum
513 1374 582 1428 sb
608 1371 865 1426 Ecclesiae
886 1385 1114 1439 corpore
1143 1358 1595 1438 separabatfcum
1620 1367 1797 1421 multis
1821 1367 1922 1422 hoc

333 1466 590 1537 lacrymis
616 1465 922 1534 gemituque
950 1462 1196 1516 faciebat.
1231 1461 1312 1514 Ea:
1332 1460 1509 1526 multa,
1541 1461 1728 1529 inquit,
1758 1459 1919 1513 tribu-

332 1559 528 1612 latione
561 1565 606 1611 et
634 1556 868 1627 angustia
907 1553 1072 1608 cordis
1115 1553 1295 1621 scripsi
1332 1552 1466 1605 vobis
1496 1568 1586 1622 per
1615 1553 1799 1606 multas
1837 1552 1918 1605 la-

329 1664 535 1719 crymas
557 1687 574 1714 ,
615 1664 715 1700 non
757 1655 812 1699 ut
847 1643 1211 1699 contristemini
1236 1685 1252 1709 ,
1292 1643 1381 1696 sed
1409 1651 1462 1695 ut
1489 1644 1658 1696 sciatis
1682 1643 1918 1712 quoniam

329 1742 594 1793 caritatem
610 1739 816 1791 habeam
832 1736 1166 1790 abundantius
1183 1735 1235 1788 in
1249 1750 1331 1787 vos
1348 1731 1453 1803 (Ib.
1472 1749 1519 1787 υ.
1539 1733 1613 1804 4).
1631 1733 1696 1787 Et
1708 1749 1916 1787 rursus:

337 1832 534 1886 Factus
551 1848 660 1885 sum
678 1829 875 1884 Iudaeis
903 1840 1156 1901 tamquam
1176 1827 1387 1880 Judteus
1414 1867 1427 1891 ,
1470 1827 1566 1890 Itis,
1598 1826 1680 1894 qui
1700 1826 1790 1878 sub
1812 1826 1918 1896 lege

328 1934 500 1988 erant,
536 1923 676 1992 quasi
705 1920 796 1975 sub
835 1920 943 1991 lege
968 1935 1168 1983 essem;
1206 1919 1369 1987 factus
1411 1934 1524 1972 sum
1564 1917 1798 1983 infirmus
1833 1918 1912 1970 in-

328 2018 498 2084 ﬁrmis
519 2057 534 2082 ,
567 2015 799 2068 omnibus
827 2013 995 2066 omnia
1022 2012 1184 2080 factus
1210 2027 1344 2075 sum,
1375 2019 1428 2062 ut
1450 2026 1622 2062 omnes
1649 2010 1920 2078 salvos-fa-

327 2124 497 2161 cerem
523 2107 595 2177 (1.
625 2104 742 2159 Cor.
765 2105 820 2160 9.
841 2101 1051 2171 20-22).
1095 2102 1158 2155 Et
1177 2100 1296 2154 alibi
1324 2114 1507 2154 rursus
1531 2118 1542 2151 :
1572 2098 1635 2153 Ut
1657 2101 1918 2153 exhibeant

328 2215 534 2252 omnem
561 2198 810 2251 hominem
839 2195 1115 2265 perfectum
1140 2192 1193 2245 in
1218 2190 1414 2246 Christo
1439 2189 1471 2242 J
1480 2207 1564 2244 esu
1581 2189 1713 2259 (Col.
1732 2190 1780 2244 1.
1798 2189 1914 2258 28).

334 2289 585 2346 Vidistin'
605 2290 835 2342 animam
863 2285 1038 2340 omnia
1061 2292 1271 2337 terrena
1296 2280 1672 2350 superantem?
1692 2280 1916 2333 Omnem

326 2383 475 2438 cnim
515 2394 730 2451 prorsus
778 2378 1046 2433 hominem
1087 2376 1199 2431 Deo
1232 2374 1485 2429 exhibere
1527 2372 1772 2441 cupiebat
1800 2414 1815 2436 ,
1863 2380 1916 2426 et

323 2487 540 2542 omnes,
575 2479 826 2542 quantum
860 2469 912 2523 in
943 2470 1058 2538 ipso
1087 2474 1250 2534 esset,
1281 2464 1536 2519 exhibuit.
1583 2463 1744 2530 Quasi
1773 2464 1914 2517 enim

325 2567 634 2623 universum
663 2562 916 2618 mundum
946 2561 1248 2632 genuisset,
1279 2558 1355 2612 sic
1382 2555 1806 2627 perturbabatur,
1838 2553 1915 2608 sic

323 2657 595 2718 currebat,
618 2655 696 2710 sic
711 2665 898 2708 omnes
918 2653 970 2706 in
985 2648 1220 2721 'regnum
1246 2648 1338 2703 Dei
1359 2646 1642 2702 festinabat
1662 2645 1914 2699 inducere

325 2745 681 2802 ministerium
724 2751 984 2813 prestans
1007 2781 1021 2806 ,
1069 2752 1291 2794 monens
1318 2779 1335 2805 ,
1377 2737 1633 2807 pollicens
1657 2775 1672 2800 ,
1712 2749 1870 2789 orans
1893 2775 1909 2800 ,

325 2838 652 2908 supplicans,
685 2834 959 2889 daemones
989 2829 1306 2894 terriﬁcans,
1339 2837 1681 2896 corruptores
1706 2824 1912 2877 anima-

311 2945 446 2983 rum
479 2927 698 2996 fugatis,
750 2939 845 2994 per
884 2921 1367 2985 commorationes,
1411 2932 1502 2986 per
1523 2917 1766 2981 litteras,
1812 2929 1909 2982 per

321 3032 636 3081 sermones;
673 3031 764 3084 per
787 3029 871 3068 res
901 3022 1097 3083 gestas,
1133 3027 1227 3081 per
1252 3008 1563 3078 discipulos,
1598 3021 1692 3075 per
1715 3014 1911 3060 semet-

323 3110 499 3178 ipsum
528 3106 820 3161 conabatur
841 3107 1043 3172 erigere
1067 3103 1327 3165 labantes,
1350 3108 1550 3153 stantes
1575 3111 1702 3151 vero
1730 3095 1909 3149 ﬁrma-

323 3219 408 3267 re,
444 3201 584 3254 humi
611 3200 851 3269 jacentes
875 3198 1136 3259 attollere,
1163 3209 1354 3248 sanare
1384 3191 1662 3254 contritos,
1685 3199 1906 3258 torpen-

323 3304 410 3348 tes
459 3293 578 3346 oleo
627 3289 1017 3345 exhortationis
1066 3286 1324 3351 animare,
1383 3284 1610 3338 inimicis
1655 3284 1907 3338 insonare

324 3383 652 3445 terribiliter,
675 3381 856 3435 hostes
875 3379 1152 3434 minaciter
1171 3376 1383 3441 intueri,
1415 3375 1785 3445 instar'optimi
1813 3391 1906 3429 cu-

318 3479 534 3548 jusdam
561 3476 711 3530 ducis
735 3490 799 3529 ac
826 3472 1012 3528 medici
1045 3471 1171 3527 artis
1189 3487 1304 3526 sua:
1324 3473 1667 3524 instrumenta
1693 3477 1906 3539 gestan-

327 3572 419 3636 tis,
460 3577 724 3638 protector
753 3565 864 3634 ipse
894 3563 1198 3618 bellantium
1227 3603 1241 3628 ,
1276 3560 1388 3628 ipse
1430 3559 1644 3614 sedulus
1674 3565 1904 3626 a'groto-

317 3677 442 3716 tum
471 3660 729 3722 minister,
772 3667 824 3711 et
862 3670 994 3709 unus
1038 3652 1272 3708 omnium
1317 3650 1612 3704 officiorum
1647 3661 1903 3717 personas

316 3752 559 3822 gerebat,
589 3747 886 3804 exercitum
919 3745 1113 3814 ubique
1157 3741 1489 3797 custodiens.
1521 3739 1628 3794 Nec
1654 3739 1703 3791 in
1740 3737 1902 3806 Spiri-

319 3843 554 3898 tualibus
578 3841 772 3901 solum,
828 3837 920 3892 sed
969 3837 1021 3890 in
1070 3830 1369 3889 carnalibus
1421 3846 1632 3900 quoque
1675 3830 1899 3899 plurima

334 3935 572 4004 providae
582 3947 708 4003 erga
720 3943 912 3985 omnes
924 3941 1071 3981 cura:
1087 3933 1142 3981 et
1160 3925 1326 3980 studii
1342 3923 1658 3976 documenta
1688 3929 1899 3990 praesta

322 4023 433 4075 bat.
465 4019 598 4073 Audi
633 4020 806 4087 itaque
847 4011 1295 4087 quemadmodum
1338 4026 1436 4082 pro
1461 4027 1559 4065 una
1591 4011 1748 4065 etiam
1781 4027 1900 4064 mu-

321 4114 453 4169 liere
481 4111 546 4165 ad
577 4110 881 4165 universum
927 4108 1123 4162 scribat
1168 4104 1416 4175 populum
1437 4146 1452 4170 ,
1495 4104 1678 4158 dicens
1711 4103 1898 4157 :Com-

321 4203 503 4257 mendo
527 4210 693 4255 autem
714 4199 849 4254 vobis
883 4196 1104 4252 Phoeben
1135 4212 1355 4249 sororem
1398 4204 1649 4257 nostram,
1687 4210 1800 4263 quia
1827 4203 1901 4246 est

320 4297 373 4350 in
402 4293 674 4348 ministerio
699 4291 957 4354 Ecclesiae,
981 4306 1092 4360 qua:
1112 4298 1182 4342 est
1202 4274 1486 4352 Cenchreis,
1513 4295 1570 4339 ut
1593 4303 1701 4339 eam
1741 4287 1903 4340 susci-

322 4387 473 4457 piatis
494 4387 546 4438 in
576 4383 793 4437 Domino
819 4381 969 4451 digne
997 4379 1204 4444 sanctis,
1250 4388 1297 4431 et
1321 4377 1566 4430 assistatis
1591 4377 1656 4441 ei,
1687 4377 1738 4428 in
1769 4392 1897 4446 quo-

321 4495 530 4550 cumque
569 4476 768 4544 negotio
819 4473 968 4528 uestri
1012 4473 1284 4541 indiguerit
1331 4469 1507 4538 (Rom.
1565 4469 1650 4523 16.
1706 4469 1780 4539 1).
1837 4468 1903 4522 Et

321 4571 514 4625 iterum
540 4586 553 4621 :
588 4565 784 4630 Nostis,
815 4565 908 4630 ait,
955 4565 1160 4617 domum
1189 4561 1482 4630 Stephants,
1509 4570 1562 4612 ut
1590 4569 1637 4614 et
1665 4575 1750 4612 vos
1779 4558 1902 4613 sub-

319 4661 415 4714 diti
441 4659 551 4713 sitis
575 4656 821 4723 eiusmodi
846 4656 922 4725 (1.
952 4652 1069 4708 Cor.
1100 4652 1186 4708 16.
1221 4654 1284 4707 15
1329 4662 1377 4706 et
1404 4651 1516 4721 16).
1566 4651 1629 4706 Et
1665 4666 1849 4704 rursus
1883 4667 1897 4703 :

319 4749 620 4822 Cognoscite
646 4749 733 4818 qui
757 4745 1184 4817 hujusmodisunt
1228 4745 1246 4813 (
1277 4743 1358 4798 ib.
1382 4759 1428 4796 υ.
1459 4741 1526 4797 18
1559 4742 1598 4812 ).
1642 4741 1734 4797 Est
1759 4741 1900 4795 enim

318 4841 424 4898 hoc
447 4852 662 4910 quoque
681 4839 952 4908 proprium
981 4845 1035 4890 et
1060 4834 1322 4888 familiare
1363 4834 1413 4886 in
1450 4831 1734 4887 dilectione
1775 4846 1903 4886 san-

315 4941 560 4996 ctorum,
609 4937 669 4983 ut
697 4928 750 4983 in
781 4927 867 4982 his
911 4940 1124 4998 quoque
1171 4933 1503 4979 succurrant.
1537 4923 1627 4978 Sic
1667 4922 1810 4976 enim
1851 4931 1906 4976 et

316 5023 549 5078 Elisaus
569 5018 849 5074 mulierem
881 5017 1045 5082 illam,
1073 5015 1452 5078 susceptricem
1483 5028 1634 5068 suam
1665 5027 1768 5067 non
1795 5011 1905 5081 spi-

314 5110 603 5168 ritualibus
647 5109 854 5185 solum,
905 5108 1002 5162 sed
1059 5107 1216 5162 etiam
1263 5105 1564 5161 carnalibus
1622 5103 1898 5158 beneficiis

316 5207 630 5256 remanent
664 5197 740 5270 (4.
764 5196 891 5269 Reg.
927 5197 981 5251 1.
1015 5196 1101 5252 12.
1146 5195 1296 5266 sqq);
1329 5204 1544 5265 propter
1585 5192 1747 5264 quod,
1779 5208 1901 5248 cum

317 5291 485 5347 multa
509 5289 866 5346 sollicitudine
888 5302 1117 5357 curaque
1147 5286 1355 5341 dicebat
1383 5303 1396 5340 :
1429 5284 1588 5340 Estne
1631 5286 1727 5338 tibi
1743 5301 1905 5338 sermo

315 5383 389 5436 ad
417 5396 585 5452 regem
626 5379 702 5434 uel
747 5379 815 5432 ad
845 5378 1122 5449 principem
1151 5375 1332 5450 (Ibid.
1378 5392 1428 5429 υ.
1474 5376 1622 5447 l3)?
1668 5377 1733 5430 Et
1775 5375 1901 5446 quid

319 5474 538 5537 mirum,
567 5472 612 5526 si
639 5470 1130 5526 commendationes
1158 5483 1254 5538 per
1281 5469 1462 5522 literas
1490 5467 1736 5537 praestitit
1762 5467 1901 5521 Pau-

320 5566 428 5630 lus,
454 5562 543 5633 qui
561 5561 628 5617 ad
654 5576 714 5617 se
737 5561 941 5631 aliquos
972 5573 1247 5625 revocans,
1274 5574 1371 5615 nec
1391 5558 1458 5614 de
1481 5558 1671 5613 viatico
1694 5559 1904 5614 illorum

319 5669 503 5710 curam
529 5668 718 5725 gerere
739 5651 1053 5722 dedignatus
1077 5660 1175 5717 est,
1211 5650 1365 5722 idque
1386 5651 1558 5718 ipsum
1587 5651 1641 5706 in
1673 5651 1896 5722 epistola

314 5761 416 5803 sua
446 5746 717 5805 scriberet
771 5745 1043 5824 Siquidem
1097 5745 1332 5802 scribens
1381 5743 1501 5801 Tito
1530 5743 1602 5800 ait
1635 5761 1649 5798 :
1684 5741 1896 5814 lenam,

1194 347 1282 404 DE
1321 341 1660 403 LAUDlBUS
1695 341 1756 402 8.
1798 340 2000 400 PAULI
2040 341 2394 401 APOSTOLI.
2438 344 2663 402 IJOMIL.
2709 346 2799 402 Ill.

2034 457 2158 526 legis
2181 459 2415 525 peritum,
2443 468 2490 515 et
2516 460 2841 529 Apollonium
2871 462 3082 514 sollicite
3110 463 3374 531 praemitte,
3410 474 3461 516 ut
3491 466 3619 521 nihil

2030 547 2132 600 illis
2154 549 2279 602 desit
2307 550 2325 620 (
2352 547 2452 602 Tit.
2477 551 2529 604 5.
2557 552 2624 604 15
2647 553 2684 621 ).
2715 551 2814 618 Qui
2841 552 3224 607 commendans
3272 555 3478 623 aliquos
3505 566 3613 609 tam

2028 637 2268 693 studiose
2291 638 2501 708 scripsit
2526 648 2686 710 atque
2715 641 2966 707 sollicite,
3014 643 3183 697 multo
3230 645 3400 714 magis
3443 645 3613 700 sicubi

2028 727 2249 783 vidisset
2274 730 2652 799 periclitantes,
2675 743 2861 786 cuncta
2887 731 3120 789 fecisset.
3147 733 3230 789 Ad
3248 734 3613 790 Philemonem

2028 832 2240 888 quoque
2267 829 2483 889 pr0ptcr
2516 819 2826 876 Onesimum
2873 823 3137 891 scribens,
3187 824 3309 880 vide
3351 836 3609 895 quantum

2027 909 2287 978 impendit
2311 910 2562 978 studium,
2592 928 2750 983 quam
2779 913 2982 969 intente
3003 930 3067 972 ac
3094 916 3325 971 sollicite
3350 916 3611 986 deprece-

2027 1009 2129 1054 tur.
2161 1000 2262 1068 Qui
2288 1012 2462 1057 autean
2493 1019 2591 1074 pro
2631 1021 2738 1060 uno
2817 1008 3036 1062 servulo
3061 1044 3078 1070 ,
3170 1023 3346 1079 eoque
3420 1010 3610 1082 fugiti-

2027 1110 2093 1150 vo
2114 1138 2128 1162 ,
2181 1103 2236 1149 et
2271 1093 2358 1162 qui
2387 1108 2453 1148 ex
2485 1094 2869 1172 rebus-domini
2900 1097 3062 1151 multa
3085 1099 3440 1163 subtraxerat,
3475 1101 3606 1154 intc-

2023 1195 2194 1248 gram,
2223 1183 2472 1253 omnique
2497 1184 2688 1240 aliectu
2720 1186 2927 1254 plenam
2949 1187 3228 1257 epistolam
3250 1189 3366 1243 sine
3390 1199 3579 1244 cuncta
3595 1220 3613 1231 -

2027 1273 2170 1327 tione
2192 1277 2514 1343 composuit,
2540 1277 2713 1346 qualis
2741 1279 2880 1332 circa
2921 1278 3056 1333 alios
3101 1278 3276 1345 fuerit,
3312 1283 3603 1350 perpende.

2024 1363 2199 1419 Unum
2224 1368 2365 1421 enim
2409 1367 2509 1422 hoc
2553 1370 2639 1422 ille
2671 1370 2871 1438 pudore
2911 1369 3131 1441 dignum
3153 1372 3375 1440 putavit,
3413 1373 3610 1443 aliquid

2023 1459 2225 1514 scilicet
2253 1476 2349 1530 pro
2397 1461 2684 1531 cujuslibet
2719 1462 2889 1517 salute
2931 1463 3218 1534 negligere.
3251 1463 3477 1533 Propter
3508 1465 3609 1520 hoc

2021 1550 2212 1620 agebat
2240 1552 2439 1619 omnia,
2474 1561 2528 1608 et
2577 1554 2992 1617 commovebat;
3040 1569 3139 1610 nec
3189 1554 3409 1610 omnino
3455 1555 3609 1626 quid-

2022 1656 2180 1711 quam
2208 1656 2306 1712 pro
2334 1641 2438 1710 his,
2470 1645 2559 1713 qui
2588 1643 2839 1698 servandi
2885 1652 3057 1711 erant,
3105 1645 3458 1700 cunctabatur
3505 1647 3608 1699 im-

2023 1733 2277 1804 pendere,
2306 1749 2410 1790 non
2437 1736 2618 1802 verba,
2650 1752 2754 1791 non
2782 1739 3053 1805 pecunias,
3081 1753 3186 1792 non
3218 1738 3450 1808 denique
3490 1753 3604 1792 coro

2022 1839 2124 1896 pus
2168 1828 2359 1896 ipsum.
2407 1827 2508 1895 Qui
2539 1830 2683 1883 enim
2714 1829 2906 1884 millies
2949 1830 3186 1900 seipsum
3236 1829 3524 1885 tradiderat
3552 1832 3604 1883 in

2023 1929 2275 1989 mortem,
2299 1922 2467 1975 multo
2488 1922 2655 1992 magis
2681 1922 2727 1977 si
2770 1921 3063 1986 habuisset,
3109 1938 3208 1978 nec
3249 1923 3486 1992 pecuniis
3517 1937 3607 1990 pe-

2024 2012 2299 2080 percisset.
2332 2011 2401 2066 Et
2444 2011 2568 2082 quid
2597 2012 2754 2080 dico,
2800 2013 2845 2066 si
2874 2011 3182 2077 habuisset,
3231 2028 3350 2067 cum
3383 2013 3608 2082 probare

2026 2103 2244 2172 possim,
2293 2119 2399 2157 non
2449 2104 2754 2173 pepercisse
2800 2117 2924 2159 eum
2971 2103 3234 2172 pecuniis,
3265 2103 3426 2156 etiam
3477 2101 3608 2156 nihil

2024 2191 2354 2248 habentem?
2384 2193 2449 2250 Et
2497 2210 2565 2248 ne
2611 2194 2918 2264 ambiguum
2948 2204 3101 2264 putes
3129 2209 3270 2261 esse,
3293 2193 3434 2262 quod
3477 2193 3610 2248 dici-

2023 2298 2162 2350 mus,
2192 2283 2313 2338 audi
2333 2288 2502 2354 ipsum
2528 2299 2712 2338 rursus
2734 2284 3038 2354 loquentem
3066 2302 3078 2338 :
3108 2284 3382 2351 Quoniam,
3414 2283 3611 2353 inquit,

2023 2377 2250 2439 liberator,
2278 2377 2589 2448 impendant,
2619 2386 2664 2431 et
2694 2376 3114 2445 superimpendar
3155 2377 3262 2445 ipse
3282 2393 3372 2446 pro
3403 2377 3605 2428 anima-

2022 2470 2111 2522 bus
2141 2468 2314 2521 uestris
2344 2467 2362 2538 (
2392 2467 2446 2521 2.
2475 2466 2595 2522 Cor.
2624 2467 2712 2523 l2.
2741 2469 2809 2523 15
2836 2466 2858 2537 )¹
2891 2485 2902 2519 :
2931 2477 2984 2522 et
3008 2467 3272 2536 Ephesios
3301 2467 3603 2536 alloquens,

2019 2561 2093 2614 ait
2123 2579 2135 2613 :
2167 2560 2280 2630 Ipsi
2297 2561 2454 2626 scitis,
2479 2560 2718 2629 quoniam
2748 2558 3124 2614 necessitatibus
3148 2559 3292 2624 meis,
3318 2567 3362 2612 et
3404 2559 3484 2613 his
3521 2559 3612 2628 qui-

2017 2669 2211 2706 mecum
2240 2662 2400 2716 erant,
2427 2653 2837 2707 ministrauerunt
2857 2667 3038 2704 manus
3057 2651 3169 2705 istae
3193 2650 3332 2720 (Act.
3363 2650 3452 2705 20.
3491 2652 3608 2720 51).

2022 2744 2086 2801 Et
2105 2760 2224 2799 cum
2248 2745 2422 2801 celsus
2453 2744 2504 2799 in
2535 2744 2772 2800 omnium
2808 2744 3059 2798 virtutum
3101 2757 3226 2799 arce
3249 2784 3266 2810 ,
3300 2758 3492 2813 nempe
3517 2759 3606 2798 oa-

2019 2836 2174 2890 ritate
2221 2838 2555 2899 consisteret,
2614 2836 2758 2890 omni
2808 2835 3020 2890 ﬂamma
3049 2843 3164 2890 erat
3201 2835 3494 2891 ardentior.
3538 2834 3610 2891 Ut

2015 2927 2158 2981 enim
2184 2928 2402 2982 missmn
2445 2930 2497 2981 in
2525 2929 2700 2998 ignem
2732 2925 2952 2991 ferrum,
3002 2933 3171 2981 totum
3200 2925 3440 2996 profecto
3468 2927 3607 2997 ignis

2015 3018 2243 3072 efficitur
2285 3035 2298 3072 :
2331 3019 2410 3073 sic
2433 3019 2628 3073 Paulus
2653 3019 2874 3073 caritate
2904 3031 3216 3083 succensus,
3262 3025 3404 3072 totus
3432 3017 3606 3074 factus

2014 3120 2096 3166 est
2121 3111 2332 3176 caritas,
2363 3112 2450 3180 qui
2481 3111 2630 3181 quasi
2672 3111 2973 3166 communis
3020 3111 3182 3164 totius
3225 3109 3408 3164 mundi
3449 3119 3593 3165 esset

2016 3213 2184 3270 pater,
2234 3202 2305 3256 ita
2333 3203 2385 3256 in
2411 3216 2592 3257 amore
2621 3203 2859 3256 omnium
2891 3202 3036 3271 ipsos
3078 3216 3264 3256 eorum
3295 3201 3602 3257 imitabatur

2013 3301 2263 3359 parentes
2296 3292 2451 3346 :imo
2479 3301 2720 3357 cunctos,
2753 3306 2858 3346 non
2909 3289 3111 3345 carnali
3192 3291 3589 3356 tantummodo,

2013 3395 2198 3434 verum
2227 3379 2388 3434 etiam
2417 3380 2682 3450 spirituali
2765 3388 2942 3449 patres
2983 3378 3342 3434 sollicitudine
3389 3396 3453 3436 ac
3478 3381 3597 3450 pie—

2011 3478 2117 3524 tate
2142 3470 2442 3538 superabat,
2484 3479 2539 3525 et
2585 3470 2838 3539 pecunias
2859 3510 2874 3533 ,
2916 3476 2968 3523 et
2998 3468 3180 3533 verba,
3213 3477 3269 3523 et
3295 3484 3512 3540 corpus,
3544 3479 3604 3526 et

2009 3559 2240 3611 animam
2280 3574 2374 3627 pro
2403 3561 2486 3626 iis,
2513 3575 2647 3628 quos
2675 3557 2945 3628 diligebat,
2973 3556 3307 3626 impendens.

2087 3642 2316 3709 Propter
2350 3640 2453 3693 hoc
2490 3640 2675 3707 itaque
2701 3640 2986 3691 caritatem
3023 3641 3185 3691 etiam
3213 3639 3607 3709 plenitudinem

2014 3732 2148 3804 legis
2174 3733 2426 3795 vocabat,
2460 3740 2513 3785 et
2553 3731 2828 3785 vinculum
2859 3729 3236 3799 perfectionis,
3274 3741 3327 3784 et
3360 3731 3606 3785 omnium

2013 3832 2242 3877 matrem
2287 3807 2576 3884 benorum,
2607 3830 2661 3875 et
2711 3819 2926 3873 initium
2974 3819 3250 3888 finemque
3291 3820 3554 3874 virtutum
3591 3840 3604 3875 :

2013 3926 2406 3986 proptereaque
2457 3913 2672 3970 dicebat
2719 3931 2733 3968 :
2790 3913 2942 3966 Finis
2988 3921 3166 3965 autem
3225 3913 3471 3982 prtccepti
3530 3922 3608 3966 est

2011 4009 2212 4060 caritas
2255 4007 2318 4060 de
2360 4004 2516 4058 corde
2547 4019 2701 4073 puro,
2724 4011 2774 4055 et
2812 4001 3131 4056 conscientia
3183 3999 3317 4054 bona
3362 3999 3434 4068 (-l.
3467 3999 3606 4053 Tim.

2012 4103 2062 4156 1.
2093 4101 2168 4166 5).
2209 4099 2275 4153 Et
2313 4113 2508 4152 rursus
2539 4116 2554 4152 :
2590 4093 2709 4150 Non
2750 4093 3100 4157 adulterabis,
3135 4108 3238 4146 non
3279 4093 3499 4159 occides,
3532 4105 3602 4162 et,

2009 4194 2055 4247 si
2084 4191 2222 4262 quod
2254 4189 2402 4244 aliud
2444 4199 2518 4243 est
2563 4187 2910 4250 mandatum,
2949 4184 3004 4237 in
3044 4185 3142 4237 hoc
3172 4184 3325 4238 uerbo
3371 4201 3607 4254 compre-

2009 4282 2252 4336 henditur
2295 4295 2313 4334 :
2380 4278 2583 4349 Diliges
2633 4278 2934 4348 proximum
2991 4285 3143 4329 tuum
3191 4277 3326 4330 sicut
3382 4278 3609 4346 teipsum

2011 4374 2188 4444 (Rom.
2219 4373 2307 4428 15.
2340 4371 2417 4441 9.)
2448 4370 2587 4438 Quia
2616 4369 2782 4441 igitur
2808 4367 3097 4424 etinitium
3141 4377 3194 4424 et
3234 4366 3386 4430 finis,
3423 4376 3478 4423 et
3507 4369 3603 4423 bo-

2010 4479 2206 4520 norum
2253 4462 2497 4518 omnium
2553 4461 2872 4530 complexus
2911 4460 3131 4516 dilectio
3170 4470 3287 4525 est,
3335 4468 3391 4514 et
3437 4459 3492 4514 in
3539 4475 3608 4515 ea.

2011 4557 2330 4614 studeamus
2363 4554 2593 4609 Paulum
2643 4552 2883 4616 Imitari,
2925 4552 3128 4606 etenim
3170 4551 3259 4606 hic
3303 4552 3449 4607 illius
3499 4566 3605 4622 ope

2009 4651 2132 4705 talis
2159 4648 2384 4705 eﬂ‘ectus
2411 4655 2512 4702 est.
2540 4644 2658 4701 Non
2690 4645 2835 4700 enim
2865 4659 3142 4715 proponas
3168 4645 3300 4700 mihi
3329 4658 3613 4712 mortuos,

2008 4757 2148 4815 quos
2191 4739 2512 4804 suscitavit,
2563 4753 2742 4808 neque
2780 4737 3052 4808 leprosos,
3097 4751 3236 4806 quos
3278 4737 3607 4804 mandavit;

2009 4834 2142 4888 nihil
2178 4831 2373 4887 horam
2406 4829 2648 4901 requiret
2679 4845 2710 4884 a
2761 4838 2817 4885 te
2846 4827 3008 4884 Dens.
3051 4828 3287 4899 Aequire
3320 4831 3605 4885 caritatem

2007 4920 2195 4983 Pauli,
2244 4929 2297 4975 et
2340 4919 2632 4989 perfectam
2687 4918 2915 4974 habebis
2957 4932 3243 4974 coronam.
3291 4918 3425 4986 Quis
3458 4921 3604 4977 .lmc

2010 5012 2181 5069 dixit?
2212 5010 2328 5084 Ipse
2352 5011 2588 5066 nutritor
2614 5010 2878 5074 caritatis,
2914 5009 3004 5065 ille
3036 5009 3130 5080 qui
3156 5026 3275 5065 eam
3319 5019 3373 5065 et
3406 5013 3600 5081 signis,

2008 5116 2064 5162 et
2091 5105 2391 5170 miraculis,
2439 5114 2492 5157 et
2537 5103 2683 5157 mille
2730 5104 2852 5157 aliis
2896 5101 3056 5158 bonis
3103 5103 3416 5173 praeposuit.
3463 5103 3603 5169 Quia

2007 5198 2153 5252 enim
2205 5196 2322 5266 ipse
2362 5209 2553 5249 omnes
2585 5194 2747 5262 hujus
2791 5193 2952 5249 otiicii
3000 5206 3183 5266 partes
3222 5207 3332 5250 tam
3384 5205 3609 5250 strenue

2010 5288 2346 5359 impleverat,
2402 5286 2606 5340 idcirco
2649 5286 2821 5355 ipsius
2852 5287 2958 5338 vim
3015 5285 3285 5355 exquisite
3327 5285 3607 5354 intelligit.

2010 5381 2149 5439 Hinc
2195 5381 2285 5436 ille
2328 5380 2451 5435 talis
2498 5379 2749 5441 exsistit.
2800 5379 3045 5449 nihilque
3095 5395 3220 5433 eum
3265 5379 3340 5433 ita
3380 5379 3606 5446 dignum

2010 5475 2153 5539 Deo.
2189 5483 2249 5528 ut
2281 5474 2455 5528 virtus
2491 5472 2743 5542 praestitit
2779 5472 3023 5527 caritatis
3058 5489 3071 5525 :
3106 5479 3160 5526 et
3194 5471 3314 5525 ideo
3359 5471 3606 5533 dicebat,

2011 5566 2242 5631 Quwrite
2276 5566 2410 5618 dona
2442 5565 2816 5633 prwstantiora
2846 5580 2864 5618 :
2895 5573 2944 5618 ct
2979 5563 3152 5616 adhuc
3185 5561 3604 5617 excellentiorem

2014 5655 2148 5708 viam
2190 5654 2328 5707 vobis
2369 5654 2671 5707 demonstro
2701 5652 2778 5724 (l.
2810 5653 2931 5708 Cor.
2969 5654 3052 5706 1⁸2.
3086 5652 3178 5722 5))
3216 5654 3495 5708 caritatem
3517 5652 3602 5707 di-

2011 5758 2174 5812 cens,
2216 5744 2361 5799 illam
2408 5743 2832 5816 pulcherrimam
2865 5755 2921 5802 et
2961 5745 3273 5802 facillimam
3327 5747 3488 5799 viam.
3545 5742 3602 5799 In
