4220 6300
630 351 731 406 487
1347 342 1404 398 S.
1442 340 1730 399 JOANNIS
1766 340 2256 399 CIIRYSOSTOMI
2298 342 2619 401 ARCHIEP.
2665 342 3209 401 CONSTANTINOP.

632 470 721 524 illa
749 466 912 538 igitur
953 473 1008 520 et
1049 462 1386 534 nos,jugiter
1430 462 1808 526 ambulemus,
1856 472 1916 516 ut
1963 470 2017 517 et
2062 461 2209 516 Pau-

633 562 769 626 lum,
805 560 915 613 imo
945 565 999 611 et
1034 555 1327 612 Dominum
1374 553 1528 611 Pauli
1558 556 1744 611 videre
1786 570 2115 619 mereamur,
2154 564 2210 612 et

634 647 1069 719 incorruptibiles
1101 660 1502 717 consequamur
1529 660 1785 709 coronas,
1816 644 1989 716 gratia
2019 654 2075 702 et
2102 647 2206 700 mi-

3800 348 3907 403 438

2314 462 2614 518 serieordia
2641 461 2851 517 Domini
2876 462 3049 518 nostri
3079 460 3208 517 Jesu
3240 459 3469 525 Christi,
3500 461 3591 516 cui
3619 469 3703 517 est
3728 463 3906 533 gloria

2315 562 2371 608 et
2401 555 2724 624 imperium,
2763 568 2910 609 nunc
2945 562 3002 608 et
3041 567 3279 622 semper,
3308 561 3363 607 et
3391 553 3445 607 in
3480 552 3678 609 secula
3724 569 3904 609 saecu-

2318 644 2516 701 lorum.
2548 646 2744 701 Amen.

1412 903 1518 963 DE
1578 900 1972 964 LAUDIBUS
2028 901 2315 964 SANCTI
2372 901 2611 964 PAULI
2677 901 3106 965 APOSTOLI.

1242 1202 1453 1242 ηοιιιιιΑ
1479 1200 1553 1239 ιν.

710 1280 916 1335 σαξεὶιαε
946 1278 1100 1333 Pauli
1131 1294 1220 1333 nos
1244 1276 1513 1331 illuminat.
1549 1272 1753 1346 vacatio
1774 1271 1925 1327 Pauli
1951 1273 2211 1347 qualis.—

642 1370 832 1424 Bcutus
862 1369 1057 1423 Paulus
1081 1367 1170 1438 qui
1198 1380 1295 1420 nos
1324 1364 1479 1420 hodie
1500 1365 1858 1435 congregavit,
1888 1367 2083 1435 quique
2104 1372 2211 1420 ter-

639 1476 815 1514 rarum
838 1460 997 1515 etiam
1026 1457 1335 1513 illuminavit
1358 1456 1563 1519 orbem,
1596 1454 1889 1511 vocationis
1915 1470 2026 1510 sua:
2070 1465 2207 1509 tem-

641 1566 768 1619 pore
798 1548 1082 1619 aliquando
1107 1558 1335 1603 emeatus
1358 1555 1443 1602 est
1466 1565 1479 1600 :
1503 1545 1597 1601 sed
1625 1546 1764 1599 illius
1775 1544 1985 1599 caecitas
2010 1544 2207 1598 illumi-

640 1641 781 1692 na‘tio
820 1638 976 1692 totius
997 1636 1141 1693 orbis
1166 1636 1355 1691 effecta
1398 1644 1499 1690 est.
1530 1634 1787 1702 Quoniam
1818 1634 1958 1689 enim
1999 1633 2211 1688 videbat

636 1729 794 1790 male,
818 1727 952 1781 bene
979 1741 1099 1781 eum
1126 1725 1409 1787 excaecavit
1440 1724 1601 1790 Deus,
1632 1733 1688 1778 ut
1714 1724 1913 1777 utiliter
1935 1724 2043 1793 jam
2072 1722 2211 1776 vide-

637 1828 715 1873 ret
733 1819 1010 1886 reliquum.
1043 1816 1209 1871 Simul
1230 1817 1369 1870 enim
1390 1822 1444 1869 et
1487 1815 1862 1869 documentum
1904 1813 1951 1866 ei
2000 1811 2209 1887 virtutis

636 1927 745 1966 sum
770 1910 1014 1980 praebuit,
1046 1918 1099 1964 et
1124 1908 1177 1962 in
1200 1907 1446 1977 passione
1474 1904 1590 1977 ejus
1620 1905 1861 1975 ﬁguravit
1890 1902 2063 1959 futura
2084 1944 2099 1966 ,
2153 1914 2209 1957 et

638 2004 854 2058 modum
908 2002 1022 2071 ejus
1084 1998 1471 2069 praedicationis
1522 1997 1767 2060 edocuit,
1820 1994 1959 2064 quod
2010 1994 2207 2047 scilicet

636 2101 908 2163 eporterct
954 2107 1071 2146 eum
1126 2091 1297 2159 priora
1341 2087 1510 2142 studia
1551 2087 1758 2156 penitus
1805 2083 2119 2149 excludere,
2153 2091 2209 2137 et

635 2182 784 2252 quasi
814 2182 1184 2236 conuiveutcm
1211 2180 1377 2234 oculis
1402 2177 1746 2247 semetipsum
1774 2174 2004 2246 undique
2047 2190 2203 2230 coer-

635 2272 789 2327 cere'
822 2288 835 2325 :
864 2278 1079 2340 propter
1108 2269 1247 2338 quod
1276 2268 1389 2337 ipse
1417 2267 1555 2322 idem
1586 2266 1723 2320 istud
1745 2264 2070 2336 signiﬁcans,
2099 2264 2204 2318 cla-

635 2372 743 2417 mat
768 2380 781 2415 :
816 2362 875 2415 Si
899 2363 1006 2431 quis
1034 2360 1226 2414 videtur
1243 2366 1371 2413 inter
1398 2375 1481 2413 vos
1507 2359 1723 2429 sapiens,
1761 2358 1941 2412 stultus
1968 2358 2058 2425 ﬁat
2082 2398 2095 2421 ,
2152 2366 2205 2409 ut

637 2454 699 2506 sit
727 2453 925 2521 sapiens
948 2451 1024 2522 (i.
1058 2449 1177 2503 Cor.
1208 2450 1259 2503 5.
1289 2446 1399 2520 l8).
1428 2447 1772 2517 Nequaquam
1797 2461 1924 2516 ergo
1952 2445 2206 2515 potuisset

637 2556 843 2595 rursum
895 2540 1032 2595 bene
1058 2538 1273 2604 videre,
1317 2538 1416 2591 nisi
1459 2539 1605 2607 prius
1645 2546 1940 2591 excaecatus
1991 2536 2200 2600 fuisset;

635 2632 775 2686 unde
794 2637 848 2685 et
864 2630 1126 2700 propriam
1155 2628 1489 2698 sapientiam,
1512 2642 1614 2697 qua
1640 2626 2049 2696 perturbabatur
2071 2667 2088 2691 ,
2110 2642 2205 2680 ex-

633 2721 874 2787 cludens,
898 2720 1019 2775 ﬁdei
1045 2734 1103 2774 se
1128 2735 1223 2789 per
1247 2727 1435 2773 cuncta
1473 2718 1849 2773 committeret.
1875 2716 1983 2771 Sed
2027 2716 2203 2771 nullus

635 2816 736 2869 hoc
756 2812 993 2878 audiens,
1023 2812 1351 2866 vocationem
1400 2800 1556 2864 istam
1604 2808 1979 2864 necessitatem
2031 2814 2200 2877 putet,

634 2903 892 2975 siquidem
917 2903 1087 2972 potuit
1113 2902 1285 2956 redire
1312 2900 1451 2956 unde
1476 2899 1821 2955 discesserat.
1870 2899 2014 2953 Multi
2060 2901 2200 2953 cnim

622 2999 687 3051 in
704 3008 839 3049 novo
862 3003 917 3048 et
944 2994 998 3047 in
1014 2993 1178 3047 veteri
1190 2991 1548 3054 Testamento,
1571 3005 1691 3045 cum
1709 2989 1907 3059 majora
1936 3004 2077 3060 saepe
2105 2993 2205 3044 mi-

634 3088 818 3143 rabilia
830 3086 1102 3156 vidissent,
1125 3092 1284 3149 retro,
1310 3090 1367 3136 ut
1388 3081 1630 3151 legimus,
1649 3090 1768 3135 sunt
1785 3080 1982 3135 reversi
2000 3096 2013 3132 :
2028 3080 2200 3134 utNa-

636 3175 1060 3238 buehodonosor,
1082 3172 1336 3240 utJudas,
1369 3181 1426 3231 ut
1444 3172 1659 3243 Elymus
1685 3186 1889 3242 magus,
1919 3181 1977 3224 ut
1999 3170 2199 3235 Simon,

636 3275 692 3321 ut
721 3267 949 3321 Ananias
1001 3264 1354 3335 etSapphira,
1378 3271 1435 3317 ut
1462 3265 1735 3317 universus
1749 3263 1973 3333 populus
1990 3261 2200 3316 Judmoc

638 3373 752 3411 rum
785 3375 800 3412 :
831 3356 925 3412 sed
969 3371 1073 3411 non
1118 3356 1187 3410 ita
1232 3355 1443 3410 Paulus.
1504 3354 1769 3409 lllustrato
1821 3353 1962 3408 enim
2010 3356 2199 3409 mentis

639 3456 851 3516 aspectu
877 3445 943 3501 ad
960 3445 1372 3501 sincerissimum
1405 3444 1535 3499 illud
1563 3445 1743 3498 lumen
1770 3458 1929 3497 cursu
1955 3444 2197 3510 tetendit,

634 3546 792 3608 atque
807 3536 870 3591 ad
896 3536 1082 3592 eatlum
1101 3536 1385 3605 perniciter
1412 3534 1727 3590 subvolavit.
1758 3534 1909 3602 Quod
1934 3534 1979 3588 si
2028 3535 2196 3590 inter-

634 3644 807 3699 roges,
837 3630 987 3699 cujus
1012 3626 1092 3683 rei
1121 3628 1285 3695 gratia
1308 3627 1376 3682 sit
1398 3626 1647 3691 emeatus,
1688 3627 1871 3696 accipe
1912 3626 2081 3695 ipsum
2123 3628 2199 3681 lo-

633 3727 883 3789 quentem
912 3735 926 3771 :
958 3717 1202 3785 Audistis,
1230 3716 1417 3787 inquit,
1444 3719 2053 3792 conuersationenrmeam
2095 3719 2196 3772 ali-

632 3812 830 3880 quando
851 3811 903 3864 in
927 3808 1226 3875 Judaismo,
1255 3810 1491 3877 quoniam
1518 3824 1675 3879 supra
1709 3809 1913 3863 modum
1938 3824 2198 3878 perseque-

631 3904 720 3954 bar
737 3900 1013 3954 Ecclesiam
1040 3898 1153 3965 Dei,
1181 3882 1229 3952 eti
1249 3899 1597 3969 expugnabam
1620 3898 1780 3963 illam,
1811 3906 1860 3953 et
1878 3899 2197 3967 proficiebam

630 3994 681 4045 iu
709 3990 975 4045 Judaismo
1000 4006 1156 4059 supra
1175 3989 1359 4044 multos
1378 3997 1656 4043 cowtaneos
1698 4004 1830 4042 meos
1851 4028 1866 4053 ,
1924 3989 1977 4041 in
2022 4005 2199 4058 genere

632 4097 737 4134 meo
748 4080 1085 4134 abundantius
1104 4078 1368 4133 tantulator
1380 4079 1619 4133 exsistam
1633 4087 1954 4148 paternarum
1973 4095 2199 4133 mearum

630 4173 955 4226 traditiouum
977 4169 1119 4243 (Gal.
1152 4171 1203 4224 l.
1229 4170 1316 4224 15.
1335 4170 1447 4239 ii).
1460 4170 1590 4237 Quia
1610 4170 1749 4224 enim
1767 4168 2051 4225 vehemens
2064 4168 2199 4223 adeo

630 4272 742 4319 crat
764 4272 822 4318 et
842 4262 1071 4330 fervens,
1102 4260 1265 4316 frenis
1284 4274 1496 4331 quoque
1530 4260 2017 4315 vehementioribus
2060 4261 2199 4315 indi-

630 4354 805 4422 gebat,
833 4368 900 4409 ne
928 4352 1130 4407 scilicet
1175 4352 1376 4421 impetu
1409 4350 1523 4421 ipso
1549 4349 1698 4419 ejus,
1744 4365 1844 4419 qua
1888 4350 2154 4406 ferebatur
2179 4391 2196 4419 ,

632 4443 919 4498 alacritatis
936 4450 1198 4511 arreptus,
1227 4442 1431 4511 prolata
1458 4440 1523 4495 ad
1550 4456 1609 4496 se
1628 4440 1786 4496 verba
1808 4450 2192 4496 contemneret.

636 4536 916 4604 Propterea
948 4532 1104 4602 igitur
1130 4529 1366 4586 furorem
1394 4532 1507 4601 ejus
1529 4530 1839 4585 indomitum
1870 4532 2016 4600 prius
2044 4546 2193 4587 com-

632 4627 853 4697 primit,
880 4624 1173 4680 concitatos
1198 4630 1253 4677 et
1280 4624 1577 4694 praecipites
1602 4624 1738 4678 illius
1784 4624 2067 4679 iracundia:
2092 4624 2195 4679 flu-

630 4726 769 4783 etus,
798 4715 1052 4771 ezccitatis
1077 4713 1336 4770 beneﬁcio
1370 4713 1561 4783 redigit
1606 4714 1658 4767 in
1689 4714 1949 4783 quietem,
1980 4724 2034 4769 et
2072 4724 2197 4770 tunc

633 4807 844 4861 demum
870 4804 1065 4860 cmlesti
1090 4819 1211 4860 eum
1239 4803 1603 4869 donataffatu,
1655 4804 1940 4860 ostendens
1986 4807 2195 4875 preprie

632 4882 1407 4963 inaccessibilem‘sapientiam,
1438 4904 1493 4949 et
1520 4894 1997 4963 supereminentem
2022 4897 2192 4950 omni-

632 4989 726 5042 bus
750 4987 939 5041 divina:
958 4987 1189 5041 scientia:
1211 4986 1519 5052 bonitatem,
1544 4995 1603 5041 ut
1629 4987 1856 5043 disceret
1880 5029 1896 5054 ,
1954 4990 2039 5043 cui
2084 4989 2193 5057 jam

629 5077 933 5131 adversario
960 5085 1305 5146 repugnaret:
1333 5092 1487 5147 quem
1514 5087 1658 5133 certe
1683 5093 1788 5132 non
1836 5080 1994 5134 modo
2043 5082 2195 5150 puni-

614 5178 803 5245 it-utem
831 5167 973 5224 ferre
992 5184 1098 5222 non
1123 5178 1320 5238 posset,
1349 5169 1441 5224 sed
1468 5183 1567 5225 nec
1610 5158 1863 5223 beneﬁeia
1907 5170 2191 5225 conferen-

632 5270 756 5311 tum.
784 5257 898 5312 Non
926 5258 1065 5313 enim
1094 5260 1181 5315 illc
1197 5260 1519 5314 obscuritate
1544 5259 1898 5328 tenebrarum,
1924 5262 2017 5315 scd
2035 5262 2192 5316 lumi-

630 5350 709 5403 nis
733 5346 1005 5405 nintietalc
1024 5360 1249 5404 emeatus
1268 5358 1367 5404 est.
1398 5349 1465 5403 Et
1496 5364 1591 5404 cur
1618 5390 1635 5415 ,
1666 5349 1836 5419 inquis
1859 5392 1876 5418 ,
1931 5352 2034 5405 hoc
2084 5367 2188 5406 non

630 5448 748 5491 autc
778 5438 973 5493 factum
1004 5440 1122 5494 est?
1152 5439 1227 5494 Ne
1250 5454 1455 5509 quaeras
1496 5440 1655 5507 istud,
1691 5454 1859 5510 neque
1901 5443 2034 5498 velis
2073 5459 2191 5499 esse

630 5549 641 5575 t
661 5530 902 5595 nriesior,
923 5531 1014 5586 sed
1028 5530 1261 5586 concede
1274 5532 1787 5601 incomprehensibili
1808 5534 1897 5591 Dei
1912 5536 2191 5606 providen-

694 5712 707 5742 t
746 5709 793 5751 In
816 5712 991 5762 arma,
1017 5712 1059 5755 et
1085 5706 1259 5756 clausis
1282 5706 1427 5759 oculis
1450 5708 1605 5773 ipsum
1630 5709 1783 5774 sequi.

2326 1185 2411 1240 tia:
2436 1185 2635 1240 salutes
2659 1184 2936 1240 hominum
2964 1183 3106 1239 notis
3132 1170 3235 1239 sibi
3262 1194 3560 1255 temporum
3589 1189 3899 1256 opportuni-

2318 1277 2515 1333 tatibus
2540 1276 2808 1333 ordinare.
2834 1276 2925 1333 Sie
2944 1277 3085 1332 enim
3111 1278 3273 1331 etiam
3317 1278 3433 1346 ipse
3478 1277 3762 1345 fatebatur,
3810 1278 3899 1334 di-

2316 1383 2483 1423 cens:
2517 1366 2644 1424 Cum
2672 1379 2840 1423 autem
2872 1368 3064 1439 placuit
3108 1369 3183 1435 ei,
3235 1371 3323 1439 qui
3370 1386 3449 1424 me
3498 1370 3777 1442 segregavit
3821 1371 3892 1425 de

2317 1470 2457 1514 utero
2482 1460 2658 1513 matris
2673 1474 2816 1523 mare,
2844 1468 2892 1514 et
2921 1458 3114 1513 vocavit
3140 1475 3229 1530 per
3247 1475 3392 1513 suam
3421 1460 3637 1529 gratiam
3666 1501 3682 1525 ,
3732 1468 3789 1513 ut
3815 1476 3897 1514 re.

2315 1550 2499 1605 velaret
2518 1547 2713 1604 Filium
2739 1564 2887 1603 suum
2913 1550 2968 1603 in
2984 1564 3062 1602 me
3086 1547 3229 1619 (Gal.
3262 1549 3313 1602 l.
3346 1549 3434 1604 15.
3478 1547 3601 1619 16).
3648 1548 3789 1603 Nihil
3840 1557 3898 1604 tu

2315 1640 2473 1708 igitur
2496 1639 2747 1694 scruteris
2772 1639 3019 1709 amplius,
3039 1638 3253 1708 quando
3277 1638 3392 1694 haec
3418 1639 3550 1695 dicit
3576 1648 3634 1694 et
3673 1640 3892 1697 Paulus.

2314 1729 2459 1784 Istud
2488 1730 2629 1784 enim
2656 1737 2782 1784 tunc
2811 1730 2993 1800 utique
3020 1729 3135 1783 ﬁeri
3156 1730 3411 1798 oportuit,
3436 1745 3559 1784 cum
3597 1729 3707 1799 jam
3740 1744 3898 1784 sean-

2314 1819 2431 1873 dala
2462 1819 2656 1889 ubique
2670 1818 2878 1874 sublata
2908 1828 3109 1873 essent.
3136 1817 3219 1873 Ab
3248 1819 3364 1888 ipso
3384 1819 3560 1889 itaque
3579 1819 3850 1874 discamus
3875 1860 3892 1883 ,

2312 1909 2562 1978 quoniam
2591 1909 2767 1963 nullus
2790 1916 2915 1963 ante
2942 1908 3187 1975 Paulum,
3220 1923 3394 1979 neque
3436 1908 3551 1978 ipse
3577 1909 3775 1963 Paulus
3825 1923 3896 1965 ex

2312 2012 2371 2051 se
2402 1998 2765 2051 tantummodo
2795 2013 2916 2052 eum
2952 1997 3178 2063 invenit,
3220 1997 3317 2052 sed
3377 1998 3491 2069 ipse
3537 2013 3599 2053 se
3650 1996 3895 2053 Christus

2310 2086 2566 2152 ostendit,
2586 2098 2641 2142 ct
2670 2087 2868 2142 idcirco
2896 2087 3103 2141 diccbat
3133 2104 3147 2140 :
3178 2086 3299 2141 Non
3322 2103 3407 2141 ros
3432 2104 3510 2142 me
3533 2088 3768 2158 elegistis,
3805 2088 3895 2141 sed

2311 2194 2401 2249 ego
2421 2177 2544 2248 elegi
2564 2194 2649 2233 vos
2674 2177 2855 2247 (Joan.
2887 2178 2974 2233 l5.
3018 2177 3129 2248 l6).
3157 2178 3424 2234 Cmtcrum
3470 2194 3567 2233 cur
3609 2188 3734 2234 ante
3777 2195 3885 2232 non

2311 2268 2568 2334 credidit,
2609 2282 2731 2321 cum
2761 2268 2967 2323 videret
3013 2269 3064 2322 in
3116 2268 3281 2337 ipsius
3348 2269 3562 2323 nomine
3611 2283 3893 2337 resurgere

2311 2367 2567 2421 mortuos,
2601 2357 2872 2419 ambulare
2903 2357 3141 2423 claudos,
3166 2358 3483 2428 paralyticos
3504 2358 3765 2421 roborari,
3782 2358 3893 2411 dac-

2311 2462 2499 2501 mones
2523 2445 2785 2515 eﬂugari.’
2813 2445 3023 2500 Nullum
3050 2447 3191 2501 enim
3220 2448 3445 2502 fructum
3463 2448 3548 2502 ille
3572 2462 3636 2502 ex
3661 2447 3743 2501 his
3768 2462 3889 2500 om-

2310 2536 2465 2591 nibus
2490 2546 2847 2606 eonsequutns
2877 2548 2979 2602 est,
3006 2551 3125 2590 cum
3153 2545 3331 2591 tamen
3354 2552 3459 2591 non
3483 2538 3749 2607 ignoraret
3767 2538 3890 2602 ista,

2309 2624 2394 2694 qui
2415 2635 2521 2680 tam
2544 2634 2657 2680 erat
2680 2640 2803 2695 erga
2833 2625 3103 2694 apostolos
3129 2627 3393 2691 curiosus,
3440 2627 3531 2697 qui
3577 2636 3723 2681 certe
3768 2641 3891 2680 cum

2306 2716 2633 2786 lapidaretur
2660 2715 2957 2784 Stephanus
2976 2716 3247 2778 adstabat;
3275 2725 3330 2771 et
3358 2715 3548 2771 faciem
3580 2716 3696 2783 ejus
3743 2714 3895 2769 vide-

2307 2806 2397 2860 bat
2424 2808 2663 2877 angelico
2693 2806 2896 2876 fulgore
2926 2807 3220 2861 radiantem
3242 2806 3383 2877 (Act.
3415 2809 3470 2860 7.
3494 2808 3584 2861 57.
3608 2807 3728 2877 59).
3776 2807 3890 2861 Cur

2306 2911 2433 2965 ergo
2455 2896 2584 2951 nihil
2612 2895 2734 2951 inde
2756 2896 2990 2951 luentes
3010 2895 3124 2951 est?
3153 2898 3287 2965 Quia
3310 2896 3536 2953 necdum
3563 2896 3747 2968 utique
3793 2913 3891 2954 vo-

2305 2994 2454 3041 catus
2485 2984 2655 3041 fuerat
2681 3000 2713 3040 a
2733 2986 2970 3042 Christo.

2391 3077 2597 3132 Vocatio
2625 3094 2727 3132 non
2747 3080 3084 3134 necessitatem
3108 3080 3280 3149 infert.
3308 3079 3410 3135 Cur
3426 3098 3454 3136 e
3479 3080 3603 3136 calo
3623 3099 3713 3137 nos
3747 3082 3889 3138 Deus

2310 3185 2409 3222 non
2429 3169 2737 3223 vocet.—-Tu
2758 3184 2885 3225 vero
2904 3171 3004 3225 hoc
3021 3171 3243 3227 audiens
3258 3172 3368 3225 noli
3382 3174 3713 3229 vocationem
3731 3175 3893 3230 istam

2306 3261 2676 3315 necessitatem
2708 3270 2913 3331 putare.
2936 3262 3050 3316 Non
3092 3263 3235 3318 enim
3284 3264 3427 3319 Deus
3457 3264 3699 3322 homines
3744 3269 3896 3338 cogit

2304 3350 2565 3415 vocando,
2606 3351 2698 3406 sed
2726 3361 2847 3421 post
2869 3353 3203 3417 vocationem
3238 3370 3449 3424 quoque
3492 3356 3751 3424 permittit
3791 3374 3895 3413 eos

2305 3444 2635 3511 propriarum
2660 3456 2781 3498 esse
2809 3442 3055 3497 dominos
3073 3445 3425 3500 voluntatum.
3454 3446 3585 3501 Nam
3610 3455 3666 3503 et
3684 3447 3891 3503 Judzcis

2305 3533 2536 3601 seipsum
2567 3532 2780 3602 quando
2806 3535 3044 3603 Oportuit
3073 3535 3365 3590 revelavit:
3395 3536 3491 3591 sed
3536 3536 3614 3591 illi
3665 3548 3890 3609 propter

2304 3622 2550 3691 gloriam,
2586 3637 2743 3692 quam
2766 3624 2834 3677 ab
2865 3624 3168 3678 hominibus
3211 3626 3592 3695 requirebant,
3638 3630 3779 3684 ultro
3824 3644 3891 3684 se

2304 3712 2614 3780 offerentem
2634 3713 2906 3782 suscipere
2935 3714 3241 3770 noluerunt.
3277 3716 3470 3771 Verum
3491 3718 3593 3773 hoe
3613 3719 3730 3773 loco
3757 3718 3890 3774 inti-

2302 3802 2471 3857 delior
2497 3802 2616 3872 quis
2640 3812 2893 3872 opponat,
2916 3812 3074 3873 atque
3098 3803 3277 3859 dicat:
3306 3804 3415 3859 Cur
3448 3822 3536 3862 me
3570 3808 3731 3862 etiam
3773 3825 3888 3866 non

2303 3896 2511 3951 vocavit
2539 3911 2569 3950 e
2591 3896 2761 3950 ezelo?
2787 3894 2937 3951 Unde
2961 3904 3138 3951 autem
3157 3897 3493 3952 manifestum
3511 3906 3613 3964 est,
3642 3914 3676 3953 ο
3692 3899 3879 3969 homo,

2302 3990 2423 4058 quia
2450 3987 2671 4043 Paulum
2699 3988 2907 4042 vocavit
2929 3987 2996 4041 de
3019 3987 3195 4042 caelo?
3223 3988 3315 4043 sed
3341 3988 3520 4043 credis
3544 3989 3719 4044 istud?
3738 3991 3889 4061 Ergo

2303 4078 2347 4130 si
2368 4076 2563 4141 credis,
2592 4078 2691 4131 hoc
2718 4077 2887 4145 ipsum
2912 4076 2978 4131 ad
3008 4077 3215 4146 signum
3249 4078 3343 4133 tibi
3370 4079 3500 4134 satis
3523 4087 3625 4135 est.
3654 4081 3710 4135 Si
3752 4096 3887 4136 vero

2303 4181 2408 4220 non
2432 4166 2603 4221 credis
2627 4168 2748 4235 quia
2778 4182 2808 4221 e
2833 4167 2965 4221 caelo
2980 4167 3200 4222 Paulum
3229 4170 3454 4234 vocavit,
3482 4171 3750 4239 quomodo
3791 4173 3884 4226 di-

2303 4260 2399 4327 cis,
2429 4275 2525 4316 cur
2549 4276 2634 4314 me
2656 4261 2813 4315 etiam
2833 4276 2938 4315 non
2956 4262 3199 4316 vocavit?
3235 4261 3444 4327 Credis,
3470 4264 3593 4332 quia
3615 4264 3701 4319 ille
3718 4279 3883 4319 voca.

2303 4351 2413 4415 vit;
2446 4351 2546 4405 hoc
2593 4352 2764 4421 ipsum
2812 4352 2943 4419 tibi,
2995 4352 3212 4418 tttdixi,
3257 4353 3489 4408 abundat
3529 4354 3595 4409 ad
3644 4355 3881 4426 signum.

2302 4443 2471 4499 Crede
2501 4444 2686 4513 igitur;
2718 4460 2839 4498 nam
2864 4454 2915 4500 te
2944 4460 3154 4515 quoque
3199 4461 3231 4501 e
3280 4446 3411 4500 caelo
3440 4454 3592 4501 vocat
3634 4448 3806 4515 Deus,
3834 4450 3882 4503 si

2302 4533 2465 4591 habes
2494 4535 2723 4589 animam
2752 4536 2819 4589 ad
2844 4536 3196 4591 obedicndum
3225 4546 3482 4606 paratam.
3510 4538 3663 4605 Quod
3706 4540 3749 4592 si
3791 4540 3881 4594 in-

2302 4624 2555 4680 obediens
2584 4627 2657 4679 sis
2677 4667 2691 4691 ,
2740 4635 2794 4679 et
2820 4635 3084 4695 corrupta:
3108 4627 3521 4697 depravataeque
3547 4630 3826 4684 sententia:
3861 4672 3878 4694 ,

2302 4728 2369 4767 ne
2393 4713 2459 4767 de
2484 4714 2615 4767 caelo
2642 4714 2856 4783 quidem
2882 4714 2950 4769 ad
2980 4725 3030 4770 te
3056 4731 3155 4770 vox
3184 4716 3415 4771 demissa
3439 4718 3533 4772 tibi
3573 4716 3767 4773 sufﬁcit
3810 4720 3883 4775 ad

2301 4804 2540 4859 Salutem.
2560 4806 2776 4873 Quoties
2789 4815 2964 4861 autem
2982 4816 3034 4862 et
3050 4806 3216 4862 Judaei
3237 4823 3420 4863 vocem
3449 4810 3664 4864 audiere
3678 4810 3745 4865 de
3770 4825 3885 4865 cae-2

2303 4896 2374 4962 lo,
2400 4896 2451 4982 in
2475 4912 2633 4963 novo,
2658 4906 2712 4952 et
2739 4898 2790 4951 in
2807 4900 2971 4953 veteri
2996 4898 3357 4967 Testamento,
3385 4916 3484 4955 nec
3529 4912 3702 4958 tamen
3751 4903 3877 4959 facti

2300 4998 2422 5043 sunt
2448 4990 2648 5044 idcirco
2679 4990 2968 5057 meliores?
2987 4990 3119 5044 Nam
3147 4992 3198 5046 in
3230 4992 3576 5047 veteriJudmi
3596 5003 3714 5063 post
3729 4995 3881 5052 mille

2301 5080 2552 5135 miracula
2579 5098 2674 5151 pro
2698 5082 2807 5136 Deo
2828 5082 3071 5148 vitulum,
3103 5098 3261 5153 quem
3293 5084 3563 5150 fecerant,
3618 5087 3879 5144 adorave-

2301 5179 2443 5224 runt.
2468 5172 2537 5254 At
2562 5187 2688 5225 vero
2714 5171 3075 5227 Jcricbontina
3105 5175 3382 5239 meretrix,
3414 5190 3534 5243 qua:
3582 5177 3711 5230 nihil
3760 5193 3884 5230 om-

2302 5260 2426 5314 nino
2453 5275 2517 5315 οι
2545 5261 2875 5317 mirabilibus
2896 5264 3119 5328 viderat,
3153 5264 3385 5318 ostendit
3410 5274 3585 5319 tamen
3637 5265 3794 5321 fidem
3818 5272 3877 5322 in

2300 5351 2693 5419 exploratorum
2720 5354 3057 5421 susceptione
3083 5354 3399 5407 mirabilem.
3426 5354 3481 5407 In
3505 5362 3644 5408 terra
3663 5372 3881 5425 quoque

2300 5441 2725 5508 repromissionis
2754 5441 2920 5497 Judaei
2946 5443 3091 5513 signa
3136 5452 3437 5512 cernentes,
3490 5446 3879 5514 permanebant

2301 5529 2563 5598 lapidibus
2590 5531 2874 5587 duriores:
2905 5532 3150 5589 Ninivit:e
3170 5548 3297 5589 vero
3340 5535 3529 5589 .Ionam
3564 5532 3745 5590 solum
3794 5539 3880 5591 vi—

2300 5621 2850 5687 tlcuteserediderunt,
2877 5633 2930 5678 ct
2956 5634 3178 5693 egerunt
3201 5624 3563 5694 pmnitentiam
3590 5624 3759 5695 (Iona:
3788 5629 3875 5694 δ),

2302 5724 2352 5763 t‘t
2383 5720 2651 5767 \‘t.‘llllll‘:ltll
2702 5728 2861 5785 super
2887 5729 2947 5771 se
2974 5715 3104 5771 itam
3135 5715 3227 5770 Dci
3270 5716 3617 5772 conversione
3655 5717 3877 5787 pepule~
