4220 6300
318 368 419 427 ιὸτ

314 485 609 556 ἀκηράτων
654 482 1004 555 ἐπτύχωμεν
1032 481 1333 553 στεφάνων,
1356 486 1541 554 χάριτι
1586 483 1681 537 καὶ
1707 480 1899 552 φιλαν-

316 576 533 650 θρωπίᾳ
565 574 663 630 τοῦ
697 574 906 648 Κυρίου
935 574 1093 647 ἡμῶν
1128 572 1302 645 Ἰησοῦ
1329 571 1590 646 Χριστοῦ,
1620 565 1666 643 ᾧ
1690 574 1724 646 ἡ
1766 573 1899 639 δόξα

1167 382 1255 438 DE
1293 376 1643 438 LAUDIBUS
1681 376 1741 433 S.
1782 375 1992 431 PAULI
2030 378 2390 441 APOSTOLI.
2431 385 2659 442 HOMIL.
2700 385 2786 441 IV.

3470 369 3579 428 488

2003 480 2097 558 καὶ
2126 479 2190 534 τὸ
2218 480 2441 552 κράτος,
2471 481 2569 535 νῦν
2598 482 2692 535 καὶ
2715 482 2822 549 ἀεὶ,
2855 481 2951 536 καὶ
2981 483 3061 548 εἰς
3092 484 3219 547 τοὺς
3244 482 3448 549 αἰῶνας
3471 485 3585 540 τῶν

2003 569 2237 624 αἰώνων.
2278 570 2472 641 Ἀμήν.

1286 1004 1399 1061 ΕΙΣ
1428 1003 1567 1059 TON
1596 1003 1804 1060 APION
1842 1003 2255 1059 ΔΠΟΣΤΟΛΟΝ
2293 1004 2598 1064 ΠΛΥΛΟΝ.

942 1408 1175 1479 Ὀμιλία
1212 1406 1284 1464 δ’.

398 1503 459 1557 '0
492 1502 765 1573 μακάριος
792 1499 1025 1564 Παῦλος,
1058 1500 1087 1552 ὁ
1109 1501 1349 1570 τήμερον
1381 1496 1528 1567 ἡμᾶς
1551 1494 1897 1565 συναγαγὼν,

314 1595 411 1650 καί
433 1593 535 1665 τὴν
560 1593 892 1662 οἰκουμένην
923 1589 1187 1658 φωτίσαςν
1225 1583 1380 1652 οὗτος
1405 1588 1464 1641 δν
1489 1585 1568 1657 τῷ
1596 1585 1774 1658 καιρῷ
1795 1586 1898 1656 τῆς

315 1686 561 1758 κλήσεως
593 1680 877 1753 ἐτυφλώθη
899 1680 1049 1734 ποτέ·
1070 1679 1185 1733 ἀλλ’
1208 1682 1242 1750 ὴ
1263 1679 1511 1750 πήρωσις
1525 1678 1733 1732 ἐκείνου
1747 1675 1901 1750 [491]

314 1775 599 1847 φωτισμδς
626 1774 816 1842 γέγονε
846 1772 949 1841 τῆς
984 1770 1330 1841 οἰκουμένης.
1347 1768 1563 1839 Ἐπειδὴ
1581 1768 1690 1839 γὰρ
1705 1766 1899 1821 έδλεπε

316 1865 529 1928 κακῶς,
552 1865 841 1933 ἐπήρωσεν
868 1862 1030 1916 αὑτὸν
1049 1860 1229 1923 καλῶς
1258 1861 1286 1913 ὀ
1304 1858 1459 1921 Θεὸς,
1490 1856 1633 1911 ὥστε
1672 1856 1902 1911 άναὸλέ-

312 1956 419 2026 ι«ἶέιιι
439 1954 750 2026 χρησίμως,
793 1949 930 2022 ὁμοῦ
961 1950 1061 2022 μὲν
1090 1949 1188 2019 τῆς
1234 1946 1427 2002 ἐαυτοῦ
1460 1946 1744 2017 δυνάμεως
1769 1945 1904 1998 ἀπό-

314 2048 485 2113 δειξιν
518 2045 670 2116 αὗτῷ
703 2042 1100 2115 παρεχόμενος,
1149 2040 1286 2111 ὁμοῦ
1312 2039 1369 2093 δὲ
1396 2041 1455 2091 ἐν
1500 2037 1576 2109 τῷ
1622 2037 1787 2092 πάθει
1833 2037 1903 2090 τά

317 2139 583 2210 μέλλοντα
611 2133 1016 2208 προδιατυπῶν,
1059 2132 1266 2186 καὶτοῦ
1296 2130 1652 2202 κηρύγματος
1680 2127 1905 2200 τὸντρό-

316 2248 421 2283 πον
454 2229 743 2290 διδάσκων,
785 2226 880 2279 καὶ
917 2227 998 2280 ὅτι
1033 2224 1209 2278 ταῦτα
1245 2223 1421 2277 πάντα
1447 2221 1658 2275 οἴκοθεν
1695 2219 1904 2275 ἀποδα-

316 2322 505 2385 λόντα,
536 2321 631 2373 καὶ
668 2319 914 2391 μύσαντα
944 2319 1040 2372 καὶ
1072 2316 1199 2380 τοὺς
1229 2314 1563 2386 ρφθαλμοὺς,
1594 2312 1745 2383 αὐτῷ
1779 2313 1905 2366 ’έπε-

318 2412 450 2465 σθαι
480 2412 607 2481 χρή.
642 2409 733 2461 Διὸ
767 2409 862 2461 καὶ
894 2407 1055 2470 αὐτὸς
1084 2404 1214 2458 ἐϐόα
1251 2404 1407 2458 τοῦτο
1435 2402 1567 2457 αὐτὸ
1600 2401 1798 2472 δηλῶν·
1831 2401 1905 2456 El

316 2517 412 2565 τις
449 2498 621 2553 δοκεῖ
644 2497 837 2567 σοφός
855 2493 1009 2550 εἶναι
1036 2495 1105 2548 έν
1124 2493 1283 2563 ὑμῖν,
1306 2493 1570 2563 γενέσθω
1581 2491 1799 2563 μωρὸς,
1816 2491 1904 2543 ἵνα

318 2590 549 2659 γένηπαι
594 2587 775 2657 σοφός·
828 2588 904 2651 ώς
945 2586 1047 2641 οὐκ
1101 2584 1219 2638 ἐνὸν
1260 2582 1558 2653 ἀναϐλέψαι
1590 2582 1793 2646 καλῶς,
1828 2582 1903 2653 μὴ

316 2678 589 2748 πρότερον
637 2674 961 2746 πηρωθέντα
1005 2673 1207 2737 καλῶς,
1236 2674 1329 2726 καὶ⁸
1364 2675 1492 2736 τοὺς
1546 2672 1776 2735 οἰκείους
1812 2671 1908 2725 καὶ

313 2767 693 2837 ταράττοντας
727 2765 889 2817 αὐτὸν
918 2763 1218 2817 ἐκδαλόντα
1255 2763 1570 2833 λογισμοὺς,
1607 2762 1701 2815 καὶ
1722 2765 1789 2832 τῇ
1821 2760 1909 2812 πί-

317 2875 441 2912 στει
474 2857 537 2910 τὸ
551 2858 659 2911 πᾶν
686 2855 1077 2927 ἐπιτρέψαντα.
1096 2854 1256 2907 Ἀλλὰ
1284 2855 1472 2926 μηδεὶς
1504 2854 1676 2907 ταῦτα
1693 2853 1908 2906 ἀκούων

317 2949 751 3020 ἠναγκασμένην
782 2944 1053 3017 νομιζέτω
1092 2940 1232 2997 εἶναι
1281 2944 1486 3016 ταύτην
1538 2946 1638 3017 τὴν
1694 2945 1905 3015 κλῆσιν·

317 3042 421 3097 καὶ
453 3041 563 3112 γὰρ
586 3038 805 3093 ἐδύνατο
823 3038 983 3091 πάλιν
1000 3036 1341 3103 ἐπανελθεῖν,
1371 3037 1494 3091 ὅθεν
1520 3036 1699 3107 ἐξέϐη.
1716 3036 1908 3089 Πολλοὶ

314 3134 454 3204 γοῦν
485 3132 647 3203 ἔτερα
694 3130 915 3201 μείζονα
970 3128 1225 3200 θαύματα
1274 3128 1497 3193 ίδόντες,
1560 3128 1909 3199 ὑπέστρεψαν

317 3224 509 3287 πάλιν,
542 3223 637 3276 καὶ
665 3223 724 3275 ἐν
754 3223 821 3291 τῇ
874 3221 1070 3291 Καινῇ,
1117 3221 1211 3273 καὶ
1258 3222 1317 3272 ἐν
1358 3223 1424 3290 τῇ
1458 3219 1687 3291 Παλαιᾷ·
1719 3214 1831 3273 οἷον
1878 3220 1909 3271 ὁ

332 3316 557 3380 Ἰούδας,
578 3316 607 3367 ὁ
638 3312 1129 3384 Ναϐουχοδονόσορ,
1161 3314 1189 3365 ὁ
1229 3302 1464 3381 Ἐλύμας
1492 3313 1521 3365 ὁ
1547 3313 1741 3383 μάγος,
1770 3312 1906 3364 ὁΣί-

320 3426 468 3479 μων,
498 3407 528 3459 ό
573 3404 823 3468 Ἀνανίας
846 3404 941 3456 καλ⁸
974 3404 1007 3473 ἡ
1042 3404 1351 3473 Σάπφειρα,
1385 3401 1502 3465 ὅλος
1517 3402 1626 3456 τῶν
1640 3401 1908 3455 Ἰουδαίων

316 3502 351 3553 ὁ
378 3501 572 3572 δῆμος·
602 3498 716 3552 ἀλλ’
734 3498 832 3567 οὐχ
852 3497 881 3549 ὁ
905 3496 1139 3559 Παῦλος.
1180 3496 1341 3550 Ἀλλά
1369 3495 1660 3567 διαϐλέψας
1682 3496 1817 3567 πρὸς
1850 3494 1911 3547 τὸ

316 3591 607 3660 ἀκήρατον
664 3586 781 3656 φῶς
846 3584 939 3638 τὸν
1008 3584 1207 3655 δρόμον
1268 3585 1547 3650 ἐπέτεινε,
1607 3586 1703 3639 καὶ
1772 3583 1912 3657 πρδς

317 3681 419 3732 τὸν
434 3675 663 3748 οὐρανὸν
680 3676 894 3729 ἵπτατο.
916 3675 979 3727 Et
1005 3674 1062 3728 δέ
1085 3673 1359 3739 ἐξετάζεις
1390 3674 1533 3739 τίνος
1560 3675 1746 3729 ἕνεκεν
1774 3677 1911 3747 ἐπη-

320 3768 503 3841 ρώθη,
543 3768 709 3821 άκουε
753 3766 916 3819 αὑτοῦ
962 3765 1230 3834 λέγοντος·
1276 3766 1603 3821 Ἠκούσατε
1647 3767 1757 3837 γὰρ
1797 3766 1912 3836 τὴν

318 3859 484 3929 ἐμὴν
524 3855 916 3925 ἀναστροφήν
965 3870 1109 3909 ποτε
1150 3854 1221 3908 έν
1269 3853 1350 3920 τῷ
1400 3855 1771 3925 Ἰουδαϊσμῷ,
1821 3856 1912 3910 ὅτι

322 3949 458 4003 καθ’
510 3947 848 4016 ὑπερϐολὴν
908 3944 1159 3999 ἐδίωκον
1201 3944 1318 4013 τὴν
1370 3946 1755 4013 Ἐκκλησίαν,
1812 3948 1910 4001 καὶ

319 4040 626 4108 ἐπόρθουν
656 4037 871 4104 αὐτὴν,
902 4037 999 4090 καὶ
1034 4035 1410 4104 προέκοπτον
1438 4037 1507 4091 ἐν
1552 4036 1631 4102 τῷ
1672 4038 1911 4093 Ἰουδαϊ-

322 4132 463 4202 σμῷ
492 4135 641 4201 ὑπερ
659 4130 929 4196 πολλοὺς
948 4131 1391 4198 συνηλικιώτας
1415 4131 1484 4183 έν
1500 4129 1578 4196 τῷ
1598 4129 1753 4199 γένει
1772 4148 1911 4199 μου,

323 4224 769 4293 περισσοτέρως
800 4221 1065 4290 ζηλωτὴς
1117 4221 1403 4292 ὑπάρχων
1440 4221 1559 4275 τῶν
1614 4222 1915 4290 πατρικῶν

324 4333 448 4387 μου
480 4314 892 4382 παραδόσεων.
941 4312 1093 4366 Ἐπεὶ
1144 4308 1235 4365 οὖν
1263 4312 1405 4365 οὕτω
1459 4312 1687 4383 σφοδρὸς
1712 4308 1779 4383 ἦν
1824 4313 1915 4366 καὶ

323 4407 648 4478 ἀπρόσιτος,
694 4404 1052 4475 σφοδροτέρου
1110 4404 1282 4456 ἐδεῖτο
1338 4402 1581 4472 χαλινοῦ,
1610 4404 1698 4458 ἴνα
1728 4404 1803 4477 μὴ
1846 4408 1913 4477 τῇ

329 4499 486 4571 ῥύμῃ
521 4496 619 4566 τῆς
652 4494 959 4566 προθυμίας
1000 4494 1288 4564 ἀγόμενος,
1332 4495 1426 4547 καὶ
1457 4495 1782 4567 παρακούσῃ
1809 4496 1916 4549 τῶν

327 4587 667 4658 λεγομένων.
692 4586 789 4637 Διὰ
816 4585 880 4655 δὴ
908 4583 1067 4637 τοῦτο
1096 4584 1471 4638 καταστέλλων
1495 4586 1659 4639 αὑτοῦ
1689 4586 1788 4657 τὴν
1813 4604 1917 4657 μα-

327 4682 456 4736 νίαν
514 4679 750 4746 ἐκείνην,
810 4676 1026 4749 πρῶτον
1074 4676 1395 4740 κατευνάζει
1440 4677 1509 4731 τά
1541 4678 1761 4749 κύματα
1816 4680 1916 4750 τῆς

331 4771 601 4844 ραγδαίας
627 4769 797 4840 ὀργῆς
834 4768 1051 4838 ἐκείνης
1077 4768 1164 4821 διά
1191 4768 1292 4838 τῆς
1325 4767 1644 4839 πηρώσεως,
1675 4770 1770 4823 καὶ
1795 4772 1916 4823 τότε

329 4861 489 4932 αὐτῷ
535 4860 860 4927 διαλέγεται,
927 4858 1142 4921 δεικνὺς
1214 4858 1312 4928 τῆς
1383 4860 1577 4928 σοφίας
1634 4861 1799 4914 αὑτοῦ
1859 4863 1918 4915 τὸ

330 4950 650 5019 ἀπρόσιτον,
682 4947 776 4999 καὶ
802 4947 861 4999 τὸ
884 4948 981 5017 τῆς
997 4945 1248 5014 γνώσεως
1273 4947 1559 5017 ὑπερέχον,
1586 4950 1676 5002 καὶ
1698 4950 1785 5024 ἵνα
1816 4952 1919 5021 μά·

332 5042 412 5112 θῃ
432 5040 552 5091 τίνα
572 5036 819 5105 πολεμεῖ,
860 5034 919 5087 ὃν
962 5036 1023 5087 ού
1077 5036 1237 5105 μόνον
1282 5035 1599 5104 κολάζοντα,
1634 5038 1747 5091 ἀλλ’
1796 5041 1918 5093 οὐδὲ

330 5127 729 5201 εὐεργετοῦντα
757 5119 977 5181 δύναται
1002 5127 1263 5193 ἐνεγκεῖν.
1296 5128 1371 5180 Ού
1396 5128 1503 5199 γὰρ
1539 5129 1725 5192 σκότος
1754 5132 1917 5184 αὐτὸν

331 5221 646 5289 ἐπήρωσεν,
674 5215 787 5268 ἀλλ’
809 5215 1082 5285 ὑπερϐολὴ
1104 5215 1281 5282 φωτὸς
1319 5216 1479 5269 αὐτὸν
1508 5218 1774 5272 ἐσκότισε.
1806 5221 1918 5274 Καὶ

332 5310 390 5363 τί
422 5310 617 5377 δήποτε
646 5306 722 5377 μὴ
749 5307 807 5371 ἐξ
833 5305 1007 5374 ἀρχῆς
1036 5305 1193 5359 τοῦτο
1234 5306 1467 5373 ἐγένετο,
1505 5310 1636 5379 φησί
1658 5327 1671 5375 ;
1696 5311 1787 5383 Μὴ
1820 5313 1919 5383 ςή-

334 5398 631 5462 τειτοδτον
672 5396 809 5467 μηδὲ
866 5396 1247 5465 περιεργάζου,
1294 5398 1431 5450 ἀλλὰ
1478 5400 1796 5473 παραχώρει
1840 5403 1919 5474 τῷ

332 5489 709 5559 ἀκαταλήπτῳ
754 5486 852 5556 τῆς
882 5484 973 5538 τοῦ
1003 5486 1137 5539 Θεοῦ
1179 5489 1434 5557 προνοίας
1484 5490 1574 5542 τοῦ
1607 5492 1798 5563 καιροῦ
1822 5496 1919 5565 τὴν

332 5581 773 5656 ἐπιτηδειότητα.
801 5578 912 5632 Ka‘L
927 5577 1035 5648 γὰρ
1064 5579 1157 5631 καὶ
1181 5580 1342 5644 αὐτὸς
1368 5580 1525 5635 τοῦτο
1556 5587 1700 5637 ποιεί
1725 5584 1919 5654 λέγων·

334 5677 464 5732 Ὅτε
479 5674 548 5730 δὲ
572 5672 916 5739 εὐδόκησεν
946 5673 979 5725 ό
1021 5670 1314 5743 ἀφορίσας
1356 5692 1432 5742 με
1464 5674 1531 5728 ἐκ
1559 5678 1791 5746 κοιλίας
1807 5697 1923 5749 μηο

2004 1406 2145 1475 τρός
2191 1423 2333 1476 μου,
2384 1404 2485 1459 καί
2532 1406 2800 1475 καλέσας
2828 1406 2929 1471 διὰ
2975 1405 3085 1477 τῆς
3129 1407 3371 1479 χάριτος
3402 1409 3592 1466 αὐτοῦ

2006 1503 2397 1575 ἀποκαλύψω
2439 1506 2550 1561 τὸν
2596 1505 2734 1560 Υίὸν
2755 1506 2943 1561 αὐτοῦ
2972 1506 3041 1560 ἐν
3069 1506 3221 1577 ἐμοι.
3257 1507 3469 1563 Οὐκοῦν
3495 1507 3595 1562 καὶ

2008 1604 2074 1659 σὺ
2111 1605 2277 1676 μηδὲν
2330 1604 2698 1677 περιεργάζου
2738 1604 2920 1672 πλέον,
2952 1606 3080 1662 ὅταν
3116 1608 3145 1661 ό
3169 1605 3383 1671 Παῦλος
3433 1605 3595 1661 τοῦτο

2006 1707 2161 1779 λέγῃ.
2198 1708 2332 1761 Τότε
2368 1708 2497 1781 γὰρ,
2535 1708 2661 1762 τότε
2704 1709 2964 1780 συνέφερε
3004 1707 3111 1762 τῶν
3148 1706 3463 1763 σκανδάλων
3494 1706 3596 1779 άρ-

2009 1806 2210 1861 θέντων
2243 1808 2307 1861 ὲκ
2338 1807 2527 1878 μέσου.
2562 1807 2764 1861 Λοιπὸν
2797 1807 2905 1861 ἀπὸ
2940 1806 3131 1861 τούτου
3173 1806 3455 1879 μάθωμεν,
3508 1806 3594 1861 δτι

2008 1904 2182 1969 οὐδεὶς
2196 1905 2444 1975 οὐδαμῶς
2461 1906 2582 1959 οὐδὲ
2601 1904 2711 1959 τῶν
2728 1906 2836 1978 πρὸ
2852 1906 3038 1973 αὑτοῦ,
3063 1907 3183 1961 οὐδὲ
3205 1905 3367 1969 αὐτὸς
3384 1904 3597 1959 οἴκοθεν

2009 2005 2171 2058 αὐτὸν
2200 1996 2380 2074 εὗρεν,
2408 2004 2524 2059 ἀλλ’
2554 2006 2582 2058 ὁ
2618 2005 2852 2076 Χριστὸς
2887 2006 3079 2064 ἑαυτὸν
3133 2004 3471 2076 ἐφανέρωσε.
3503 2002 3597 2057 Διδ

2009 2102 2105 2157 καὶ
2140 2103 2344 2171 ἔλεγεν
2378 2105 2502 2172 Οὐχ
2540 2104 2707 2174 ὑμεῖς
2751 2121 2831 2173 με
2869 2094 3255 2169 ἐξελέξασθε,
3288 2102 3429 2157 ἀλλ’
3480 2101 3597 2172 ἐγὼ

2009 2202 2380 2272 ἐξελεξάμην
2406 2202 2580 2273 ὑμᾶς’
2622 2204 2745 2257 ἐπεὶ
2775 2205 2921 2266 τίνος
2974 2203 3159 2257 ἕνεκεν
3193 2201 3336 2274 ὁρῶν
3369 2201 3447 2271 τῷ
3474 2201 3596 2256 ὀνό-

2014 2313 2145 2367 ματι
2174 2299 2338 2351 αὑτοῦ
2368 2300 2762 2371 ἀνισταμένους
2784 2300 2936 2373 [492]
2963 2302 3209 2374 νεκροὺς,
3236 2301 3337 2353 οὐκ
3353 2300 3600 2353 ἐπίστευ-

2012 2414 2137 2465 σεν;
2178 2399 2351 2470 Ὁρῶν
2378 2401 2486 2469 γάρ
2520 2401 2691 2471 χωλὸν
2720 2401 3026 2471 βαδίζοντα,
3063 2402 3156 2455 καὶ
3186 2402 3445 2471 δαίμονας
3470 2400 3600 2471 δρα-

2012 2497 2354 2563 πετεύοντας,
2388 2500 2482 2552 καὶ
2528 2499 2933 2572 παραλυτικοὺς
2981 2500 3406 2575 σφιγγομένους,
3446 2499 3600 2553 οὐδὲν

2012 2597 2336 2668 ἐκαρποῦτο·
2360 2599 2481 2653 οὐδὲ
2519 2599 2628 2670 γάρ
2663 2600 2850 2670 ⁴Ιγγνόει
2880 2600 3054 2654 ταῦτα
3084 2601 3114 2652 ό
3138 2599 3281 2653 οὕτω
3305 2616 3602 2671 περιεργα-

2008 2701 2235 2773 ζόμενος
2254 2702 2380 2766 τοὺς
2407 2701 2757 2765 ἀποστόλους.
2794 2702 2904 2755 Καὶ
2931 2702 3205 2772 Στεφάνου
3224 2702 3281 2755 δὲ
3306 2700 3600 2770 λιθάζομέ-

2006 2818 2119 2865 νου,
2149 2800 2338 2872 παρὼν
2364 2803 2459 2854 καὶ
2487 2801 2611 2855 ίδὼν
2639 2802 2700 2855 τὸ
2714 2802 3004 2873 πρόσωπον
3019 2801 3184 2856 αὐτοῦ
3209 2801 3284 2865 ώς
3298 2801 3600 2873 πρόσωπον

2008 2901 2262 2969 ἀγγέλου,
2297 2900 2449 2953 οὐδὲν
2478 2901 2727 2954 ἐντεῦθεν
2760 2902 2851 2954 ἐκέ
2863 2902 3044 2973 ρδανε.
3074 2901 3199 2965 Πῶς
3219 2896 3314 2954 οῦν
3339 2900 3491 2955 οὐδὲν
3514 2902 3602 2954 ἐν·

2005 3000 2182 3056 ταῦθα
2210 3002 2529 3072 ἐκέρδανεν;
2554 3001 2677 3055 Ὅτι
2710 3001 2922 3055 οὐδέπω
2953 2997 3023 3072 ἦν
3059 3002 3419 3073 κεκλημένος.

2078 3099 2151 3152 Σὺ
2191 3097 2247 3151 δὲ
2296 3097 2511 3152 ἁκούων
2543 3097 2738 3161 ταῦτα,
2782 3100 2857 3169 μὴ
2903 3099 3252 3170 άναγκαστὴν
3279 3098 3378 3170 τὴν
3409 3099 3602 3169 κλῆσιν

2009 3194 2149 3252 εἶναι
2170 3198 2379 3268 νόμιζεο
2404 3197 2527 3251 οὑδέ
2555 3198 2665 3267 γὰρ
2688 3198 2989 3266 ἀναγκάζει
3009 3200 3037 3251 ό
3070 3197 3221 3262 Θεὸς,
3260 3197 3376 3250 ἀλλ’
3406 3195 3602 3267 ἀφίησι

2010 3298 2233 3371 κυρίους
2249 3293 2390 3351 εἶναι
2422 3296 2800 3369 προαιρέσεων
2825 3296 2921 3350 καὶ
2960 3296 3099 3367 μετὰ
3124 3298 3222 3367 τὴν
3243 3295 3456 3367 κλῆσιν.
3489 3296 3603 3350 Καὶ

2010 3398 2121 3469 γὰρ
2149 3396 2422 3461 Ἰουδαίοις
2448 3395 2798 3466 ἀπεκάλυψεν
2826 3396 3022 3450 ἑαυτὸν
3050 3399 3142 3450 καὶ
3175 3397 3263 3450 ὅτε
3279 3397 3466 3467 ἐχρῆν,
3483 3396 3600 3450 ἀλλ’

2009 3499 2109 3552 οὐκ
2128 3498 2400 3570 ἠθέλησαν
2427 3496 2684 3561 δέξασθαι
2720 3496 2809 3550 διά
2834 3496 2932 3567 τὴν
2971 3496 3130 3563 δόξαν
3170 3496 3270 3567 τὴν
3303 3495 3457 3567 παρὰ
3488 3495 3601 3549 τῶν

2010 3596 2333 3667 ἀνθρώπων.
2362 3596 2426 3648 Εἰ
2454 3594 2511 3648 δέ
2531 3594 2680 3662 λέγοι
2701 3611 2785 3659 τις
2814 3595 2925 3647 τῶν
2958 3595 3224 3661 ἀπίστων,
3249 3596 3412 3649 πόθεν
3440 3594 3603 3666 δῆλον

2010 3697 2093 3750 ὅτι
2134 3695 2346 3749 Παῦλον
2387 3694 2646 3748 ἐκάλεσεν
2700 3694 2760 3758 ἐξ
2791 3695 3044 3763 ούρανοῦ,
3087 3696 3180 3748 καὶ
3208 3695 3469 3767 ἐπείσθη;
3512 3697 3603 3750 διὰ

2010 3796 2064 3849 τί
2090 3794 2199 3868 γάρ
2230 3795 2305 3867 μὴ
2330 3795 2424 3849 καὶ
2450 3796 2549 3866 ἐμὲ
2580 3796 2874 3863 ἐκάλεσεν;
2900 3796 3077 3851 ἐκεῖνο
3099 3798 3236 3868 πρὸς
3258 3796 3421 3850 αὐτὸν
3442 3796 3602 3868 ἐροῦ-

2016 3923 2134 3976 μεν·
2158 3904 2432 3967 πιστεύεις
2463 3905 2640 3973 τοῦτο,
2669 3906 2792 3959 είπέ
2824 3910 2937 3976 μοι,
2965 3900 3012 3959 ὧ
3051 3906 3343 3977 άνθρωπε;
3384 3906 3600 3961 Οὐκοῦν

2013 4009 2063 4061 εἰ
2098 4007 2393 4073 πιστεύεις,
2422 4009 2583 4078 ἀρκεῖ
2602 4024 2683 4061 σοι
2714 4008 2793 4071 εἰς
2825 4010 3071 4078 σημεῖον.
3098 4008 3162 4060 El
3215 4009 3315 4077 μὲν
3337 4007 3447 4077 γὰρ
3473 4010 3602 4061 άπι-

2015 4110 2161 4171 στεῖς
2191 4108 2273 4161 ὅτι
2300 4107 2555 4161 ἐκάλεσεν
2588 4107 2647 4172 ἐξ
2683 4106 2938 4177 ούρανοῦ,
2973 4107 3090 4170 πῶς
3107 4106 3307 4174 λέγεις,
3328 4107 3415 4160 διὰ
3441 4108 3492 4160 τί
3526 4107 3601 4177 μὴ

2014 4215 2111 4267 καὶ
2125 4214 2223 4284 ἐμὲ
2243 4212 2536 4279 ἐκάλεσεν;
2567 4215 2616 4266 εἰ
2636 4213 2692 4267 δὲ
2716 4212 2991 4276 πιστεύεις
3024 4215 3108 4267 ὅτι
3132 4212 3408 4276 ἐκάλεσεν,
3442 4215 3605 4283 ἀρκεῖ

2017 4336 2099 4372 σοι
2146 4318 2305 4371 τοῦτο
2342 4319 2421 4382 είς
2453 4320 2699 4388 σημεῖον.
2732 4318 2963 4371 Πίστευε
2994 4317 3195 4372 τοίνυνο
3240 4318 3336 4371 καὶ
3369 4318 3481 4389 γὰρ
3508 4320 3602 4372 καὶ

2018 4424 2078 4478 σὲ
2110 4424 2261 4477 καλεῖ
2286 4424 2343 4491 ἐξ
2368 4422 2622 4494 ούρανοῦ,
2646 4422 2741 4476 ἐὰν
2773 4423 2950 4494 ψυχὴν
2984 4423 3302 4494 εὐγνώμονα
3329 4423 3477 4495 ἔχῃς·
3502 4422 3599 4489 ὡς,

2016 4525 2110 4577 ἐὰν
2125 4522 2393 4593 ἀγνώμων
2414 4521 2480 4596 ᾖς
2496 4524 2586 4576 καὶ
2602 4505 3050 4595 διεστρέμμένος,
3076 4524 3199 4577 ούδέ
3215 4523 3275 4576 τὸ
3302 4522 3600 4593 ἐνεχθῆναί

2019 4646 2101 4682 σοι
2131 4628 2314 4699 φωνὴν
2364 4628 2570 4682 ἄνωθεν
2624 4629 2849 4699 ἀρκέσει
2892 4630 2973 4693 είς
3022 4630 3321 4701 σωτηρίαν.
3366 4630 3603 4693 Ποσάκις

2017 4733 2148 4803 γοῦν
2175 4733 2415 4803 ἥκουσαν
2438 4733 2488 4784 οἱ
2516 4733 2763 4785 Ἰουδαῖοι
2794 4733 2983 4803 φωνῆς
3008 4732 3069 4798 ἐξ
3099 4734 3329 4805 οὐρανοῦ
3368 4734 3584 4805 φερομέ

2018 4858 2137 4911 νης,
2166 4840 2259 4893 καὶ
2283 4840 2383 4893 οὐκ
2416 4838 2777 4903 ἐπίστευσαν;
2814 4839 2956 4892 πόσα
2984 4833 3122 4893 εἶδον
3156 4844 3377 4911 σημεῖα,
3423 4842 3518 4894 καὶ
3548 4844 3599 4893 ἐν

2019 4947 2084 5015 τῇ
2108 4946 2305 5014 Καινῇ,
2355 4944 2449 4996 καὶ
2477 4944 2534 4995 ἐν
2565 4945 2631 5013 τῇ
2664 4943 2896 5014 Παλαιᾷ,
2924 4945 3019 4998 καὶ
3058 4944 3158 4997 οὐκ
3201 4945 3447 5011 ἐγένοντο
3483 4943 3605 5013 βελ-

2019 5047 2199 5111 τίους;
2255 5047 2394 5099 Ἀλλ’
2449 5047 2507 5097 ἐν
2545 5045 2643 5116 μὲν
2696 5048 2761 5117 τῇ
2805 5046 3036 5117 Παλαιᾷ,
3066 5040 3213 5100 οῦτοι
3258 5048 3395 5117 μετὰ
3436 5049 3605 5118 μυρία

2025 5151 2277 5222 θαύματα
2304 5151 2888 5221 ἐμοσχοποίησανοήδὲ
2921 5151 3268 5222 Ὶεριχουντία
3302 5152 3472 5224 πόρνη
3503 5170 3608 5222 μη-

2026 5254 2115 5308 δὲν
2147 5254 2349 5307 τούτων
2383 5254 2710 5325 θεασαμένη,
2744 5256 2925 5309 πίστιν
2946 5256 3257 5319 ἐπεδείξατο
3289 5256 3607 5327 θαυμαστὴν

2027 5358 2156 5428 περὶ
2180 5359 2305 5422 τοὺς
2334 5360 2731 5424 κατασκόπους.
2750 5361 2861 5414 Καὶ
2883 5362 2939 5414 ἐν
2966 5363 3031 5431 τῇ
3055 5364 3123 5432 γῇ
3163 5362 3219 5413 δὲ
3242 5362 3338 5432 τῆς
3368 5362 3603 5430 ἐπαγγε-

2027 5462 2145 5527 λίας
2162 5458 2305 5517 οὗτοι
2341 5464 2457 5534 μὲν,
2488 5463 2594 5516 τῶν
2614 5465 2852 5535 σημείων
2882 5467 3200 5537 γινομένων,
3225 5466 3417 5535 ἔμενον
3446 5466 3611 5521 λίθων

2030 5569 2491 5641 ἀναισθητότεροι·
2527 5570 2575 5622 οἱ
2600 5570 2657 5623 δέ
2686 5569 2963 5624 Νινευῖται
2997 5571 3086 5624 τὸν
3118 5573 3301 5624 Ίωνᾶν
3336 5571 3609 5640 θεασάμε-

2032 5697 2109 5733 νοι
2136 5678 2314 5750 μόνον,
2332 5678 2663 5739 ἐπίστευσαν,
2683 5681 2776 5736 καὶ
2806 5682 3265 5753 μετενόησαν,καὶ
3295 5681 3390 5749 τὴν
3420 5680 3611 5747 θεήλα-
