4220 6300
697 361 802 417 ιεο

693 493 789 530 τον
827 475 995 546 ὀργὴν
1019 467 1441 548 ἀπεκρούσαντο.
1484 477 1570 528 Ἐν
1584 475 1639 528 δὲ
1661 478 1726 546 τῇ
1756 475 1953 544 Καινῇ,
1970 471 2061 525 ἀπ’
2087 468 2257 538 αὐτῆς

697 577 792 632 τοῦ
816 579 1050 650 Χριστοῦ
1085 580 1183 649 τῆς
1212 579 1534 649 παρουσίας,
1564 581 1592 633 6
1630 579 1728 649 μὲν
1767 575 1965 650 λῃστὴς
1995 572 2259 644 σταυρού-

702 699 862 752 μενον
890 683 1026 747 ῐδὼν,
1044 683 1470 754 προσεκύνησενο
1491 677 1640 737 οῦτοι
1664 683 1720 736 δέ
1735 681 1958 753 νεκροὺς
1981 678 2261 751 ἐγείροντα

699 787 1039 856 θεασάμενοι,
1065 791 1159 844 καὶ
1185 789 1379 860 ἔδησαν
1407 787 1500 844 καὶ
1516 788 1885 860 ἐσταύρωσαν.

776 963 841 1017 Τί
882 961 940 1014 δὲ
1001 969 1298 1041 ἐφ’ἡμῶνς
1324 971 1458 1041 Οὐχὶ
1478 970 1589 1040 πῦρ
1621 970 1686 1022 ἐκ
1723 965 1816 1022 τοῦ
1859 965 2008 1030 ναοῦ,
2052 965 2118 1018 ἐκ
2155 963 2264 1017 τῶν

700 1073 965 1142 θεμελίων
996 1093 1100 1128 των
1142 1078 1200 1130 ἐν
1248 1075 1632 1148 Ἰεροσολύμοις
1675 1073 1983 1145 ἐκπηδῆσαν
2031 1071 2265 1143 ἐφήλατο

699 1180 811 1240 τοῖς
855 1179 1221 1250 οἰκοδομοῦσι,
1266 1181 1360 1234 καὶ
1388 1179 1559 1242 οὕτως
1599 1180 1794 1242 αὐτοὺς
1840 1177 2114 1246 ἀπέστησε
2165 1176 2264 1246 τῆς

701 1281 1021 1353 παρανόμου
1080 1283 1201 1336 τότε
1240 1284 1656 1355 ἐπιχειρήσεως
1698 1282 1811 1335 ἀλλ’
1839 1283 1987 1352 ὅμως
2026 1281 2088 1333 οὐ
2141 1297 2266 1350 μετ-

698 1375 1007 1452 εϐάλλοντο,
1039 1390 1160 1442 ούδέ
1177 1389 1436 1444 ἀπέθεντο
1472 1389 1569 1460 τὴν
1597 1388 1872 1461 πώρωσιν.
1899 1387 2048 1441 Πόσα
2067 1386 2120 1440 δὲ
2148 1386 2264 1438 ἓτε-

708 1508 776 1561 Ρα
807 1492 996 1560 γέγονε
1033 1496 1150 1563 μετ’
1177 1494 1350 1546 ἐκεῖνο
1367 1492 1616 1563 θαύματα
1640 1491 1779 1556 τότε,
1798 1493 1891 1546 καὶ
1915 1493 2064 1546 ούδέν
2097 1489 2270 1545 ἐντεῦ-

703 1594 794 1648 θεν
818 1595 1144 1667 ἐκέρδαναν;
1175 1592 1287 1652 οἷον
1333 1600 1362 1652 6
1401 1599 1661 1671 κεραυνὸς
1697 1601 1726 1652 6
1754 1599 1896 1653 κατὰ
1923 1599 2022 1665 τῆς
2066 1597 2268 1668 ὀροφῆς

705 1700 798 1754 τοῦ
838 1702 966 1755 ναοῦ
996 1703 1090 1756 τοῦ
1131 1704 1472 1769 Ἀπόλλωνος’
1495 1704 1855 1775 κατενεχθείς·
1896 1707 1924 1758 6
1951 1704 2043 1757 τοῦ
2081 1704 2268 1774 δαίμοο

705 1821 795 1866 νος
824 1803 991 1858 αὐτοῦ
1022 1805 1212 1860 τούτου
1254 1806 1524 1878 χρησμὸς,
1563 1808 1622 1868 ὃς
1644 1808 1734 1861 τὸν
1762 1810 1879 1862 τότε
1921 1806 2270 1877 βασιλεύοντα

702 1910 985 1977 ἠνάγκαζε
1010 1913 1322 1981 μετακινεῖν
1352 1914 1440 1965 τὸν
1467 1913 1692 1982 πλησίον
1720 1913 1969 1981 κείμενον
1995 1913 2266 1984 μάρτυρα,

701 2009 894 2080 λέγων’
932 2013 1006 2084 μὴ
1033 2014 1290 2068 δύνασθαι
1307 2014 1659 2085 φθέγγεσθαι,
1687 2016 1791 2078 ἐως
1807 2017 1873 2070 ἂν
1903 2016 2000 2089 τὴν
2027 2017 2270 2089 λάρνακα

699 2113 798 2185 τὴν
827 2115 1034 2170 ἐκείνου
1059 2117 1230 2190 βλέπῃ
1260 2119 1506 2189 πλησίον·
1548 2119 1640 2173 καὶ
1669 2120 1775 2192 γὰρ
1814 2120 1877 2174 ἐκ
1908 2121 2162 2188 γειτόνων
2202 2118 2270 2192 ἦν

702 2220 950 2291 κειμένη.
985 2222 1140 2274 Μετά
1157 2222 1342 2276 τοῦτον
1377 2223 1558 2286 πάλιν,
1592 2225 1781 2287 ὁθεῖος
1811 2227 1840 2278 6
1872 2224 2062 2278 τούτου
2092 2226 2171 2289 είς
2203 2227 2270 2280 τὰ

702 2324 825 2397 ἱερά
898 2328 1065 2399 σκεύη
1137 2329 1448 2400 ἐνυϐρίσας,
1511 2331 1972 2403 σκωληκόϐρωτος
2032 2333 2270 2404 γεγονὼς

700 2424 944 2490 ἐξέψυξε·
980 2428 1076 2481 καὶ⁴
1106 2430 1135 2481 6
1179 2429 1382 2499 ταμίας
1414 2430 1471 2483 δέ
1500 2430 1608 2482 τῶν
1649 2429 1943 2501 βασιλικῶν
1974 2433 2272 2504 χρημάτων

702 2524 771 2577 δι’
800 2526 998 2596 ἐτέραν
1020 2529 1364 2599 παρανομίαν
1394 2530 1474 2592 είς
1503 2529 1599 2600 τὴν
1631 2530 1957 2602 Ἐκκλησίαν
1993 2534 2084 2586 ὑπ’
2107 2535 2270 2589 αὑτοῦ
2359 2570 2363 2577 -

699 2626 1025 2697 γενομένην,
1059 2626 1225 2696 μέσον
1253 2627 1499 2699 λακήσας
1523 2627 1789 2684 ἀπώλετο.
1817 2631 1988 2686 Πάλιν
2011 2633 2065 2685 αἱ
2097 2634 2274 2703 πηγαὶ

703 2724 766 2777 αι
797 2727 926 2796 παρ’
953 2727 1415 2796 ημῖν,αίνικῶσαι
1441 2728 1520 2799 τῷ
1532 2726 1681 2800 [495]
1703 2730 1933 2800 ῥεύματι
1961 2733 2086 2795 τοὺς
2103 2749 2273 2785 ποτα-

704 2825 859 2892 μοὺς,
883 2825 1078 2896 ἁθρόον
1095 2826 1292 2894 ἔφυγον
1309 2829 1402 2881 καὶ
1426 2829 1806 2900 άπεπήδησαν,
1835 2830 2100 2902 μηδέποτε
2117 2831 2274 2886 τοῦτο

699 2923 973 2978 παθοῦσαι
1005 2927 1289 2996 πρότερον,
1318 2927 1434 2982 ἀλλ’
1467 2929 1555 2982 δτε
1574 2928 1790 2994 θυσίαις
1816 2932 1908 2985 καὶ
1931 2932 2181 2996 σπονδαῖς
2213 2933 2274 2986 τὸ

701 3023 902 3093 χωρίον
932 3025 1188 3093 ἐμόλυνεν
1229 3029 1257 3079 6
1303 3027 1577 3098 βασιλεύς.
1605 3028 1671 3083 Τί
1702 3031 1765 3107 ἄν
1791 3048 1876 3094 τις
1904 3032 2047 3084 εἴποι
2083 3033 2171 3086 τὸν
2195 3031 2274 3102 λι-

706 3123 807 3190 μὸν
829 3123 922 3176 τὸν
955 3127 1229 3197 πανταχοῦ
1246 3128 1344 3194 τῆς
1366 3130 1691 3202 οἰκουμένης
1729 3132 1867 3202 μετὰ
1893 3133 1984 3185 τοῦ
2016 3133 2276 3202 βασιλέως

701 3224 823 3284 ταῖς
856 3223 1042 3277 πόλεσι
1078 3227 1504 3295 συνεμπεσόντα,
1551 3231 1714 3284 αὐτοῦ
1745 3231 1840 3283 τοῦ
1887 3230 2144 3300 βασιλέως
2183 3233 2275 3286 τὸν

705 3320 951 3385 θάνατον,
983 3325 1072 3377 τὸν
1106 3326 1163 3377 ἐν
1200 3329 1264 3396 τῇ
1281 3312 1512 3398 ’Περσῶν
1541 3329 1712 3399 χώρᾳ,
1743 3331 1838 3401 τὴν
1862 3331 1966 3401 πρὸ
1997 3332 2089 3384 τοῦ
2115 3331 2274 3384 θανά-

704 3433 795 3473 του
820 3421 1053 3493 ἀπάτην,
1086 3424 1145 3476 τὸ
1169 3426 1527 3494 στρατόπεδον
1563 3427 1621 3480 τὸ
1657 3429 1716 3480 ὲν
1743 3429 1930 3498 μέσοις
1964 3430 2274 3499 ἀποληφθὲν

702 3521 817 3582 τοῖς
834 3521 1143 3591 βαρϐάροις,
1173 3525 1423 3597 καθάπερ
1449 3529 1507 3579 ἐν
1535 3530 1742 3599 σαγήνῃ
1769 3531 1876 3581 τινὶ
1899 3523 1997 3577 καὶ
2019 3528 2272 3591 δικτύοις,

705 3619 804 3689 τὴν
835 3622 1019 3676 ἀνοδον
1059 3621 1266 3679 ἐκεῖθεν
1301 3625 1395 3695 τὴν
1453 3625 1768 3698 θαυμαστην
1808 3646 1901 3681 και
1935 3625 2268 3701 παράδοξονς

721 3722 937 3793 Ἐπειδή
969 3723 1078 3792 γὰρ
1100 3726 1128 3777 6
1153 3724 1254 3794 μὲν
1279 3726 1481 3796 ἀσεϐὴς
1512 3726 1764 3796 βασιλεὺς
1788 3728 1978 3787 ἔπεσεν
2006 3733 2272 3803 ἐλεεινῶς,

700 3818 895 3890 ἕτερος
928 3821 983 3875 δὲ
1009 3822 1236 3893 εὐσεϐὴς
1264 3823 1552 3891 διεδέξατο,
1574 3826 1751 3880 πάντα
1772 3829 1969 3894 εύθέως
2005 3832 2187 3888 ἐλύετο
2208 3837 2276 3891 τὰ

701 3919 873 3972 δεινά·
897 3921 992 3974 καὶ
1023 3923 1071 3974 οἱ
1097 3924 1154 3974 ἐν
1181 3923 1364 3992 μέσοις
1410 3924 1729 3994 εἰλημμένοι
1768 3926 2025 3991 δικτύοις,
2057 3933 2151 3984 καὶ
2183 3934 2274 3985 οὑ-

702 4018 902 4088 εεμίαν
935 4021 1229 4090 οὐδαμόθεν
1267 4023 1498 4088 διέξοδον
1550 4024 1764 4094 ἔχοντες
1808 4028 2154 4097 στρατιῶται,
2179 4032 2274 4084 τοῦ

703 4118 844 4171 Θεοῦ
871 4118 1055 4173 λοιπὸν
1084 4121 1390 4186 νεύσαντος,
1410 4123 1516 4200 τῶν
1552 4124 1842 4194 βαρϐάρων
1874 4126 2275 4196 ἀπαλλαγέντες

708 4218 850 4286 μετά
881 4220 1180 4288 ἀσφαλείας
1211 4223 1515 4294 ἐπανῄεσαν
1548 4224 1783 4292 ἁπάσης.
1825 4223 2005 4280 Ταῦτα
2032 4229 2275 4300 τίνα-οὐχ

706 4319 868 4373 ἵκανά
897 4320 1298 4390 ἐφελκύσασθαι
1329 4322 1464 4393 πρὸς
1497 4323 1594 4394 τὴν
1619 4324 1927 4391 εύσέϐειαν;
1956 4327 2037 4380 Τά
2061 4328 2117 4381 δὲ
2138 4347 2277 4400 παρ-

704 4423 836 4477 όντα
866 4423 926 4477 ού
943 4423 1120 4495 πολλῷ
1143 4425 1349 4478 τούτων
1369 4425 1780 4497 θαυμαστότερα
1799 4444 1814 4492 ;
1845 4428 1906 4482 οὐ
1929 4431 2160 4501 σταυρὸς
2184 4449 2277 4502 κη-

709 4519 983 4592 ρύττεται,
1016 4522 1110 4576 καὶ
1143 4524 1176 4594 ὴ
1226 4524 1546 4595 οτκουμένη·
1574 4527 1926 4599 προστρέχεις
1956 4530 2016 4582 οὐ
2050 4529 2276 4596 θάνατος

709 4619 1135 4689 καταγγέλλεται
1160 4621 1540 4689 ἐπονείδιστος,
1588 4625 1681 4678 καὶ
1707 4625 1908 4692 πάντες
1934 4628 2271 4701 ἐπιπηδῶσις

712 4717 789 4790 μὴ
809 4718 920 4789 γὰρ
939 4719 1039 4773 οὐκ
1063 4720 1487 4794 ἐσταυρώθησαν
1515 4722 1692 4796 μυρίοι
1715 4741 1729 4790 ;
1765 4724 1840 4797 μὴ
1891 4727 2000 4800 γὰρ
2027 4731 2147 4799 μετ’
2177 4732 2276 4783 αύ-

708 4816 801 4871 τοῦ
821 4817 916 4872 τοῦ
939 4821 1176 4892 Χριστοῦ
1215 4821 1337 4892 οὐχὶ
1365 4821 1458 4876 δύο
1490 4822 1682 4893 λῃσταὶ
1707 4825 2273 4900 ἀνεσκολοπίσθησανς

710 4917 789 4988 μὴ
815 4918 922 4990 γὰρ
956 4921 1058 4973 οὐκ
1081 4921 1330 4989 ἐγένοντο
1359 4921 1544 4975 πολλοὶ
1571 4924 1724 4992 σοφοί
1745 4942 1759 4990 ;
1789 4925 1863 4996 μὴ
1897 4926 2005 4997 γὰρ
2029 4928 2128 4982 οὐκ
2156 4929 2278 4997 ἐγέ-

709 5035 859 5074 νοντο
877 5017 1058 5071 πολλοὶ
1085 5019 1330 5086 δυνατοί;
1359 5021 1501 5086 τίνος
1529 5021 1699 5093 ϐνομά
1729 5041 1859 5077 ποτε
1902 5024 2072 5091 οὕτως
2111 5029 2278 5100 ἐκρά-

708 5135 876 5189 τησες
908 5119 1001 5171 καὶ
1035 5119 1091 5170 τί
1122 5118 1265 5188 λέγω
1295 5121 1491 5189 σοφοὺς
1524 5123 1615 5175 καὶ
1637 5121 1893 5187 δυνατούς
1912 5143 1926 5190 ;
1948 5125 2021 5197 μὴ
2044 5127 2152 5199 γὰρ
2176 5130 2277 5184 ούκ

709 5215 956 5284 ἐγένοντο
982 5215 1219 5286 βασιλεῖς
1235 5219 1498 5285 ἐπίδοξοι;
1522 5220 1606 5283 τίς
1629 5220 1770 5276 οὕτω
1802 5225 2150 5296 περιεγένετο
2175 5229 2276 5298 τῆς

710 5317 1031 5387 οἰκουμένης
1057 5319 1115 5370 ἐν
1155 5318 1348 5390 βραχεῖ
1376 5320 1452 5390 τῷ
1503 5322 1714 5392 χρόνῳς
1750 5322 1839 5393 Μὴ
1865 5299 1992 5393 .γάρ
2023 5342 2111 5395 μοι
2151 5327 2276 5387 λέγε

713 5417 807 5479 τὰς
839 5402 1076 5488 αἱρέσεις
1118 5419 1217 5482 τὰς
1250 5420 1498 5482 ποικίλας
1549 5423 1644 5476 καὶ
1677 5421 2036 5486 παντοδαπάς
2075 5427 2275 5492 πάντες

717 5516 818 5586 γὰρ
842 5517 932 5570 τὸν
958 5518 1121 5570 αὐτὸν
1147 5519 1378 5588 Χριστὸν
1411 5521 1794 5592 κηρύττουσιν,
1827 5524 1873 5575 εί
1895 5525 1984 5575 καὶ
2008 5525 2082 5595 μὴ
2111 5526 2275 5593 ύγιῶς

711 5613 928 5679 πάντες,
967 5602 1081 5668 ἀλλ’
1104 5619 1308 5671 ἐκεῖνον
1341 5620 1430 5671 τὸν
1447 5619 1503 5672 ἐν
1529 5620 1856 5692 Παλαιστίνῃ
1886 5623 2083 5688 πάντες
2104 5643 2272 5697 προσ-

708 5713 930 5773 κυνοῦσι
983 5717 1384 5788 σταυρωθέντα,
1441 5719 1531 5775 τὸν
1587 5721 1680 5775 ἐπὶ
1736 5723 1959 5777 Ποντίου
2021 5725 2271 5780 Πιλάτου.

1393 365 1451 420 S.
1485 360 1769 417 JOANNIS
1806 353 2301 415 CHRYSOSTOII
2342 347 3240 437 Al£CI|lEP./CORS'!ARTINUI’.

3824 343 3931 399 ιοο

2365 464 2550 520 Ταῦτα
2583 459 2678 521 οῦν
2699 463 2760 517 οὗ
2789 463 2938 516 δοκεῖ
2961 461 3059 532 τῆς
3083 460 3365 530 δυνάμεως
3393 455 3559 512 αὑτοῦ
3595 455 3936 528 σαφεστέραν

2360 575 2505 646 ἔχειν
2530 573 2804 640 ἀπόδειξιν
2841 572 2944 640 τῆς
2999 570 3182 639 φωνῆς
3224 567 3437 636 ἐκείνης
3483 566 3580 636 τῆς
3613 565 3671 631 ἐξ
3701 560 3936 634 ούρανοῦ

2362 679 2804 750 κατενεχθείσηςς
2842 676 2940 730 Διά
2967 675 3019 728 τί
3054 675 3164 745 γὰρ
3194 672 3382 744 μηδεὶς
3417 670 3560 724 οὕτω
3586 683 3936 740 περιεγένετο

2363 788 2613 859 βασιλεὺς
2641 788 2716 849 ώς
2748 780 2899 849 οὗτος
2931 784 3225 856 ἐκράτησε,
3259 782 3354 835 καὶ
3386 778 3556 832 ταῦτα
3592 779 3801 848 μυρίων
3842 775 3936 828 6v-

2360 913 2468 949 των
2491 894 2598 947 τῶν
2636 892 2970 963 κωλυμάτων
2993 907 3007 955 ;
3047 889 3140 942 καί
3165 887 3275 956 γὰρ
3302 884 3539 955 βασιλεῖς
3566 883 3936 952 ἐπολέμησαν,

2361 1005 2458 1059 καὶ
2489 1004 2744 1077 τύραννοι
2783 1000 3178 1074 παρετάξαντο,
3201 997 3296 1049 καὶ
3328 995 3487 1065 δῆμοι
3513 993 3714 1054 πάντες
3747 988 3940 1051 κατεξ-

2363 1115 2690 1186 ανέστησαν,
2751 1114 2846 1167 καὶ
2880 1112 2946 1165 τὰ
2996 1109 3239 1182 ἡμέτερα
3285 1108 3436 1177 ὅμως
3482 1104 3582 1156 οὐκ
3619 1099 3941 1171 ἠλαττοῦτο,

2363 1221 2498 1276 ἀλλά
2522 1222 2618 1275 καὶ¹
2654 1220 2854 1292 μᾶλλον
2874 1219 3231 1291 λαμπρότερα
3252 1215 3479 1284 ἐγίνετο.

2437 1355 2606 1408 Πόθεν
2631 1351 2744 1418 οὖν,
2777 1351 2967 1406 εἴπατέ
3019 1369 3130 1422 μοι,
3173 1353 3205 1420 ἡ
3247 1346 3484 1415 τοσαύτη
3535 1342 3721 1412 ίσχύς;
3751 1340 3944 1406 Μάγος

2366 1454 2454 1529 ἦν,
2483 1458 2633 1529 φησί.
2672 1458 2847 1519 Μόνος
2879 1453 2971 1509 οὖν
3012 1449 3167 1516 οὗτος
3199 1452 3373 1522 μάγος
3426 1447 3667 1508 τοιοῦτος
3693 1444 3946 1512 ἐγένετος

2368 1557 2592 1620 Πάντως
2614 1555 2902 1625 ἠκούσατε,
2925 1556 3006 1608 ὅτι
3035 1555 3130 1607 καὶ
3175 1552 3324 1622 παρά
3363 1550 3600 1620 Πέρσαις
3631 1547 3723 1598 καὶ
3765 1543 3950 1606 Ἰνδοῖς

2369 1656 2553 1709 πολλοὶ
2574 1657 2826 1724 γεγόνασι
2854 1656 3037 1726 μάγοι,
3066 1655 3158 1708 καὶ
3182 1655 3318 1706 εἰσὶν
3346 1653 3424 1704 έτι
3451 1652 3547 1705 καὶ
3563 1651 3680 1703 νῦν·
3715 1649 3829 1701 ἀλλ’
3859 1645 3953 1699 ού-

2366 1760 2424 1813 δὲ
2459 1761 2628 1831 δνομα
2656 1760 2834 1812 αύτῶν
2869 1761 3014 1812 ἐστιν
3057 1757 3313 1829 οὐδαμοῦ.
3357 1757 3498 1809 Ἀλλ’
3526 1758 3554 1808 6
3601 1757 3666 1807 ἐκ
3699 1753 3950 1814 Τυάνων,

2369 1867 2554 1934 φησὶν,
2582 1864 2854 1927 ἀπατεὼν,
2878 1866 3084 1928 ἐκεῖνος
3107 1865 3201 1917 καὶ
3226 1863 3380 1934 γόης,
3407 1861 3503 1914 καὶ
3525 1860 3689 1922 αὐτὸς
3710 1858 3947 1929 ἔλαμψε.

2370 1967 2480 2020 Ποῦ
2499 1970 2592 2022 καὶ
2612 1971 2740 2022 πότε
2766 1986 2781 2032 ;
2831 1969 2921 2022 Ἐν
2953 1968 3133 2038 μικρῷ
3163 1967 3317 2038 μέρει
3340 1966 3439 2036 τῆς
3471 1963 3821 2034 οἰκουμένης,
3858 1965 3954 2015 καὶ

2372 2070 2508 2141 πρὸς
2547 2069 2752 2140 βραχὺν
2795 2069 3005 2139 χρόνον,
3057 2069 3152 2122 καὶ
3195 2065 3432 2134 ἐσϐέσθη
3471 2065 3684 2133 ταχέως
3715 2061 3815 2114 καὶ
3847 2061 3955 2111 ἀπ-

2369 2170 2554 2234 ώλετο,
2578 2174 2678 2226 οὐκ
2724 2173 3046 2244 Ἐκκλησίαν
3068 2171 3404 2234 καταλιπὼν,
3422 2171 3479 2223 ού
3511 2167 3662 2228 λαὸν,
3692 2166 3793 2218 οὐκ
3827 2164 3954 2218 ἄλλο

2370 2296 2424 2332 τι
2466 2278 2708 2332 τοιοῦτον
2753 2279 2927 2332 οὐδέν.
2963 2279 3072 2330 Καὶ
3107 2278 3161 2330 τί
3193 2277 3337 2344 λέγω
3372 2275 3578 2346 μάγους
3621 2272 3714 2324 καὶ
3748 2269 3954 2338 γόητας

2369 2382 2496 2445 τοὺς
2532 2381 2889 2447 σϐεσθέντας;
2917 2380 3080 2434 πόθεν
3109 2379 3179 2432 τὰ
3203 2379 3311 2432 τῶν
3333 2377 3471 2431 θεῶν
3506 2375 3715 2445 ἐπαύθη
3749 2372 3952 2438 πάντα,

2371 2485 2467 2538 καὶ
2486 2487 2515 2538 6
2546 2485 2877 2547 Δωδωναῖος,
2905 2483 2999 2537 καὶ
3019 2484 3048 2535 6
3081 2483 3338 2552 Κλάριος,
3359 2482 3452 2534 καὶ
3480 2479 3661 2534 πάντα
3687 2477 3755 2530 τά
3783 2492 3954 2545 πονη-

2375 2585 2446 2658 ρὰ
2471 2586 2644 2641 ταῦτα
2667 2588 3003 2658 ἐργαστήρια
3040 2587 3167 2656 σιγᾷ
3206 2591 3298 2644 καὶ
3340 2579 3955 2652 ἐπεστόμισται;Πόθεν

2374 2685 2466 2742 οὖν
2495 2689 2555 2742 ού
2584 2689 2774 2742 τοῦτον
2817 2690 2976 2760 μόνον
3007 2689 3098 2742 τὸν
3135 2687 3540 2758 σταυρωθέντα,
3576 2684 3715 2738 ἀλλά
3750 2683 3846 2736 καὶ
3887 2681 3958 2736 τά

2375 2791 2670 2863 [49416στᾶ
2692 2793 2798 2845 τῶν
2829 2793 2970 2862 ὑπὲρ
2998 2790 3161 2845 αὑτοῦ
3180 2791 3493 2860 σφαγέντων
3526 2788 3826 2858 πεφρίκασι
3844 2785 3956 2839 δαί-

2377 2912 2566 2966 μονες;
2587 2896 2733 2959 τίνος
2763 2895 2821 2948 δέ
2846 2896 3032 2948 ἐνεκεν
3049 2896 3142 2948 καὶ
3171 2894 3400 2964 σταυρὸν
3431 2891 3717 2955 ἀκούοντες
3737 2894 3958 2964 ἀποπη-

2373 2999 2505 3052 δῶσι
2527 3020 2539 3067 ;
2565 3000 2674 3053 Καὶ
2707 3001 2812 3073 μὴν
2846 3001 3155 3070 καταγελᾷν
3173 2999 3298 3052 ἔδει·
3339 2998 3415 3069 μὴ
3447 2998 3555 3069 γὰρ
3586 2998 3837 3068 λαμπρὸν
3861 2997 3961 3051 καὶ

2374 3104 2641 3175 ἐπίσημον
2685 3107 2714 3158 ὁ
2759 3105 3022 3174 σταυρός;
3062 3103 3387 3157 Τούναντίον
3440 3103 3537 3173 μὲν
3568 3099 3682 3154 οὖν.
3723 3101 3953 3171 αἰσχρὸν

2374 3210 2468 3262 καὶ
2493 3209 2872 3262 ἐπονείδιστον.
2901 3208 3139 3273 Θάνατος
3179 3208 3287 3279 γάρ
3313 3208 3429 3259 ἐστι
3459 3207 3772 3259 καταδίκου·
3792 3205 3957 3259 θάνα-

2372 3311 2462 3374 τός
2487 3312 2634 3365 ἐστιν
2665 3313 2692 3365 6
2723 3312 2909 3366 κακῶν
2937 3313 3191 3383 ἔσχατος,
3217 3314 3309 3365 καὶ
3341 3313 3492 3382 παρά
3533 3311 3806 3374 Ἰουδαίοις
3857 3312 3958 3363 ἐπ-

2376 3414 2596 3483 άρατος,
2629 3416 2720 3468 καὶ
2752 3417 2902 3487 παρὰ
2920 3417 3145 3486 Ἕλλησι
3163 3416 3466 3485 βδελυκτός.
3494 3415 3665 3468 Πόθεν
3685 3410 3776 3467 οὖν
3793 3413 3955 3468 αὑτὸν

2375 3519 3046 3592 ἐδεδοίκεισαν,δαίμονες;
3071 3516 3159 3590 ἆρ’
3185 3520 3284 3572 οὐκ
3306 3520 3412 3572 ἀπὸ
3439 3523 3536 3591 τῆς
3563 3517 3655 3571 τοῦ
3705 3536 3950 3589 σταυρωυ

2377 3621 2556 3683 θέντος
2579 3621 2893 3690 δυνάμεως;
2926 3622 2986 3672 Βί
3009 3625 3117 3697 γὰρ
3142 3627 3274 3680 αὐτὸ
3296 3626 3418 3678 καθ’
3446 3624 3606 3678 ἐαυτδ
3634 3623 3693 3676 τὸ
3722 3624 3955 3692 πρᾶγμα

2377 3724 2757 3791 ἐδεδοίκεισαν,
2803 3725 3038 3796 μάλιστα
3086 3726 3185 3795 μὲν
3245 3720 3336 3778 οῦν
3381 3725 3475 3777 καὶ
3527 3722 3684 3776 τοῦτο
3732 3723 3957 3788 ἀνάξιον

2375 3826 2534 3883 θεῶν
2581 3830 2721 3901 πλὴν
2750 3830 2934 3884 πολλοὶ
2973 3831 3066 3884 καὶ
3105 3830 3212 3899 πρὸ
3255 3827 3442 3893 αὑτοῦ,
3495 3829 3590 3882 καὶ
3629 3828 3745 3898 μετ’
3788 3829 3956 3885 αὑτὸν

2375 3937 2820 4007 ἐσταυρώθησαν,
2845 3937 2940 3989 καὶ
2972 3938 3088 4006 μετ’
3105 3935 3270 3988 αὐτοῦ
3291 3935 3348 3987 δὲ
3372 3934 3482 3988 δύο.
3515 3934 3579 3986 Τί
3594 3929 3708 3996 οὖν,
3739 3936 3787 3986 εί
3805 3933 3955 3990 εἴποι

2376 4057 2480 4104 τις,
2511 4043 2570 4093 ἐν
2608 4039 2832 4109 ὀνόματι
2860 4038 2954 4091 τοῦ
2989 4036 3186 4108 λῃστοῦ
3209 4038 3303 4090 τοῦ
3330 4037 3752 4108 σταυρωθέντος,
3788 4037 3822 4108 ἢ
3854 4037 3953 4095 τοῦ

2376 4146 2566 4211 δεῖνος,
2595 4145 2626 4216 ἢ
2670 4144 2764 4198 τοῦ
2799 4145 2991 4210 δεῖνος,
3024 4144 3275 4213 φεύξεται
3312 4145 3340 4196 6
3383 4144 3627 4215 δαίμων;
3663 4145 3957 4217 Οὐδαμῶς,

2377 4248 2513 4303 ἀλλά
2533 4251 2626 4303 καὶ¹
2641 4250 2944 4318 γελάσεται.
2983 4248 3108 4302 Ἐὰν
3139 4249 3196 4302 δὲ
3219 4248 3311 4302 τὸν
3349 4247 3556 4318 Ἰησοῦν
3589 4249 3832 4322 προσθῇς
3857 4250 3953 4305 τὸν

2376 4355 2715 4426 Ναζωραῖον,
2732 4355 2981 4426 καθάπερ
3003 4354 3110 4408 ἀπὸ
3134 4353 3302 4426 πυρός
3320 4371 3464 4418 τινος
3479 4355 3757 4423 φεύγουσι.
3776 4356 3842 4409 Τί
3858 4353 3953 4410 οὖν

2378 4457 2445 4512 ἂν
2475 4459 2678 4525 εῐποις;
2703 4458 2866 4521 πόθεν
2894 4459 3227 4530 ἐκράτησεν;
3257 4460 3340 4513 ὅτι
3363 4460 3562 4524 πλάνος
3585 4456 3684 4531 ἧν;
3719 4459 3863 4513 Ἀλλ’
3887 4461 3950 4516 οὺ

2375 4561 2599 4616 τοιαῦτα
2625 4561 2789 4616 αὐτοῦ
2808 4564 2876 4615 τὰ
2891 4563 3344 4633 παραγγέλματα·
3357 4562 3531 4626 ἄλλως
3555 4563 3630 4626 δέ,
3648 4563 3744 4616 καὶ
3758 4563 3952 4617 πλάνοι

2377 4667 2561 4720 πολλοὶ⁸
2607 4666 2914 4735 γεγόνασιν.
2974 4665 3111 4718 Ἀλλ’
3138 4668 3219 4719 ὅτι
3255 4667 3458 4737 μάγος;
3509 4665 3650 4719 Ἀλλ’
3681 4667 3743 4720 οὐ
3791 4665 3956 4723 τοῦτα
3988 4725 3994 4730 ,

2379 4754 2650 4843 μαρτυρεῖ
2664 4772 2732 4825 τὰ
2747 4772 2839 4841 δόγ
2845 4788 3012 4843 ματα·
3036 4771 3132 4825 καὶ
3162 4773 3351 4843 μάγων
3368 4772 3540 4843 πολλὴ
3561 4771 3819 4836 πολλάκις
3835 4771 3956 4840 ἐγέ-

2374 4893 2494 4930 νετο
2521 4878 2681 4946 φορά.
2699 4876 2837 4930 Ἀλλ’
2859 4877 2938 4931 ὅτι
2970 4876 3159 4946 σοφός
3190 4875 3350 4929 ’Δλλά
3379 4887 3534 4945 σοφοὶ
3549 4877 3730 4929 πολλοὶ
3749 4875 3953 4931 πολλά-

2376 4998 2463 5044 κις
2487 4981 2756 5049 ἐγένοντο.
2779 4981 2874 5045 Τίς
2900 4976 2993 5034 οὖν
3013 4979 3186 5046 οὕτως
3213 4981 3548 5052 ἐκράτησεν;
3577 4981 3763 5044 Οὐδεὶς
3798 4980 3954 5036 οὐδέ-

2376 5087 2649 5153 ποτε,ούδέ
2660 5088 2798 5142 κατά
2814 5089 3002 5160 μικρὸν
3021 5087 3371 5158 ἐγγύς.Ὀθεν
3381 5087 3644 5156 δῆλον,ὄτι
3656 5089 3754 5140 οὐκ
3765 5086 3952 5159 ἐπειδὴ

2379 5194 2549 5263 μάγος
2592 5189 2680 5265 ἦν,
2717 5193 2836 5246 οὐδὲ
2872 5194 2954 5245 ὅτι
3000 5191 3200 5256 πλάνος
3239 5189 3327 5264 ἦν,
3367 5191 3483 5246 ἀλλ’
3521 5194 3708 5263 ἐπειδὴ
3741 5194 3951 5248 τούτων

2374 5297 2684 5369 διορθωτὴς,
2728 5298 2822 5352 καὶ
2867 5297 2984 5351 θεία
3024 5296 3250 5366 δύναμίς
3300 5315 3383 5360 τις
3427 5297 3522 5352 καλ⁸
3577 5297 3806 5367 ἄμαχος,
3857 5297 3950 5352 διὰ

2374 5402 2531 5456 τοῦτο
2575 5403 2666 5456 καὶ
2705 5403 2864 5467 αὐτὸς
2909 5403 3124 5457 πάντων
3162 5403 3526 5471 περιεγένετο,
3569 5404 3660 5457 καὶ
3697 5403 3774 5474 τῷ
3811 5421 3949 5476 σκη-

2376 5505 2570 5576 νοποιῷ
2591 5509 2762 5580 τούτῳ
2791 5508 3055 5580 τοσαύτην
3075 5509 3362 5562 ἐνέπνευσε
3383 5508 3630 5579 δύναμιν,
3655 5511 3784 5580 ὅσην
3805 5509 3949 5564 αὐτὰ

2373 5615 2443 5668 τὰ
2476 5614 2772 5686 πράγματα
2811 5618 3094 5688 μαρτυρεῖ.
3128 5615 3444 5686 Ἄνθρωπος
3470 5616 3574 5688 γὰρ
3616 5619 3701 5670 ἐπ’
3739 5616 3951 5688 ἀγορᾶς

2379 5720 2644 5795 έστηκὼς,
2685 5721 2812 5793 περὶ
2851 5720 3092 5792 δέρματα
3141 5720 3237 5793 τὴν
3279 5720 3470 5794 τέχνην
3505 5721 3663 5792 έχων,
3699 5720 3955 5793 τοσοῦτον
