4220 6300
255 352 349 410 489

255 478 396 526 runt.
417 462 474 519 ιη
492 476 637 520 novo
662 459 830 517 etiam
849 455 1198 511 Testamento
1221 444 1321 502 sub
1357 437 1639 514 praesentia
1677 435 1846 507 ipsius

259 559 476 622 Christi,
525 557 666 610 latro
691 549 908 622 quidem
945 561 1066 601 cum
1099 539 1411 598 cruciﬁxum
1445 539 1712 592 cerneret,
1753 526 1849 610 ad:

256 651 462 714 oravit;
485 646 656 702 Judaei
679 655 808 698 vero
832 641 921 711 qui
940 652 1062 698 eum
1083 636 1454 703 spectaverant
1472 631 1714 681 mortuos
1733 633 1853 676 sus-

257 744 538 803 citantem,
563 744 617 791 et
630 735 935 795 vinxerunt,
956 739 1010 784 et
1029 725 1318 780 affixerunt
1332 716 1500 775 cruci.

199 818 210 825 ’
325 801 568 900 Templi-1
574 821 945 894 erosolymitani
955 815 1255 873 instauratio
1267 811 1484 874 irrita,et
1498 806 1601 861 alia
1612 801 1850 900 quatiant

256 926 426 996 signa.
456 891 960 974 'Exercitusvluliani
1002 909 1229 963 obsessus
1268 919 1302 996 t1
1329 898 1592 996 Barbaris.
1619 924 1690 996 αῖ-
1715 891 1855 960 Quid

258 983 439 1069 autem
467 1018 647 1065 nostra
673 1018 884 1076 quoque
914 1007 1072 1056 aetate
1098 995 1175 1069 (a)
1193 995 1218 1047 't
1240 991 1429 1048 Nonne
1450 1003 1516 1044 ex
1543 983 1858 1040 fundamen-

262 1109 334 1161 tis
363 1103 572 1173 templi,
599 1097 741 1170 quod
769 1090 1117 1163 Jerosolymis
1155 1087 1270 1150 fuit,
1301 1083 1438 1153 ignis
1479 1078 1730 1136 exsiliens
1757 1089 1864 1129 au-

262 1168 492 1252 dentes-
509 1168 637 1249 illud
677 1190 940 1245 aedificare
968 1177 1338 1250 consumpsit?
1365 1177 1547 1245 sicque
1574 1169 1764 1240 reliqui
1792 1168 1860 1224 ab

263 1289 464 1360 iniquis
489 1283 773 1341 conatibus
799 1278 1140 1335 destiterunt,
1168 1284 1268 1326 nec
1292 1278 1469 1324 tamen
1497 1266 1566 1319 ab
1591 1261 1862 1330 impietate

263 1351 554 1446 sua-atquc
584 1374 824 1429 czecitate
847 1365 1088 1424 conversi
1129 1371 1273 1418 sunt.
1301 1361 1510 1427 Quanta
1535 1369 1662 1409 vero
1702 1351 1863 1406 etiam

265 1479 392 1542 post
428 1469 544 1522 haec
571 1465 672 1519 alia
713 1463 849 1516 facta
893 1465 1019 1514 sunt
1059 1451 1314 1509 miracula
1346 1449 1408 1502 'l
1464 1455 1522 1500 ut
1557 1460 1680 1499 cum
1705 1455 1867 1510 super

271 1541 462 1628 templi
498 1552 760 1626 Apollinis
787 1557 986 1605 tectum
1013 1545 1213 1600 fulmen
1239 1541 1483 1608 illapsum
1506 1543 1588 1590 est
1616 1551 1630 1588 :
1662 1543 1868 1628 uicum

268 1622 440 1718 ipsius
487 1622 744 1713 responsa
780 1637 1038 1695 dmmonis
1081 1627 1360 1688 transferri
1386 1643 1417 1682 a
1445 1640 1571 1695 rege
1594 1622 1862 1692 sepultum

265 1711 420 1812 juxta
467 1753 528 1792 se
555 1711 844 1805 martyrem
888 1727 1297 1797 compulerunt,
1327 1719 1556 1776 dicentis
1580 1731 1640 1771 se
1677 1711 1870 1782 alloqui

275 1806 504 1886 omnino
545 1841 652 1880 non
681 1837 859 1893 posse,
888 1815 1141 1889 quamdiu
1181 1811 1478 1882 proximam
1516 1806 1657 1861 illius
1693 1816 1872 1857 arcam

272 1920 484 1974 videret
511 1933 528 1976 :
556 1891 931 1980 crat—namque
971 1905 1167 1962 vicina.
1213 1902 1340 1958 Post
1379 1913 1498 1969 qua:
1527 1895 1694 1966 ipsius
1731 1891 1874 1962 regis

269 2008 592 2073 avunculus,
641 2003 730 2075 qui
776 1999 1003 2072 profano
1031 2004 1230 2052 attactu
1275 1994 1585 2047 consecrata
1613 1986 1724 2040 Deo
1749 1997 1876 2036 vasa

277 2073 682 2159 temeraverat,
727 2090 997 2147 vermibus
1044 2097 1237 2141 exesus
1287 2079 1506 2135 interiit.
1555 2073 1878 2142 Przepositus

279 2204 501 2259 quoque
527 2185 719 2256 regalis
744 2168 919 2237 aerarii
942 2177 1014 2233 ob
1038 2177 1196 2231 aliam
1221 2213 1236 2237 ,
1266 2185 1428 2242 quam
1459 2165 1711 2221 Ecclesia:
1740 2162 1880 2216 intu-

279 2283 448 2344 lerat,
497 2277 744 2347 injuriam
798 2270 1005 2326 medius
1054 2272 1275 2336 repente
1312 2260 1554 2329 diruptus
1604 2263 1685 2310 est
1713 2270 1727 2310 :
1759 2261 1883 2307 tunc

278 2343 447 2427 etiam
492 2343 728 2436 regionis
750 2370 950 2416 nostra
992 2357 1201 2421 fontes,
1230 2353 1320 2421 qui
1353 2349 1498 2420 prius
1521 2344 1739 2400 flumina
1770 2343 1882 2411 ipsa

276 2475 442 2516 cursu
491 2431 784 2512 inundante
822 2449 1140 2513 vincebant,
1183 2443 1362 2499 subito
1405 2440 1458 2494 in
1497 2452 1556 2492 se
1596 2431 1885 2490 resiliendo

282 2555 559 2623 fugerunt,
589 2555 878 2623 numquam
906 2541 1009 2596 hoc
1039 2546 1164 2593 ante
1192 2531 1452 2623 perpessi,
1480 2528 1582 2623 nisi
1606 2531 1886 2623 postquam

280 2609 401 2698 1.5.
431 2639 520 2694 illa
547 2609 662 2692 ’τέι
703 2609 980 2697 sacrificiis
1008 2642 1071 2682 ac
1101 2622 1340 2690 victimis.
1376 2615 1690 2689 inquinavit.
1746 2609 1887 2678 Quid

288 2747 424 2788 vero
449 2731 561 2800 jam
601 2738 896 2782 memorem
933 2719 1137 2775 famem
1181 2721 1294 2770 toto
1319 2724 1538 2783 prorsus
1562 2706 1693 2762 orbe
1720 2713 1890 2758 terra-

289 2841 414 2881 rum
457 2837 583 2878 cnm
627 2819 792 2890 impio
819 2831 946 2885 rege
971 2812 1319 2875 dominatam,
1363 2805 1502 2876 regis
1540 2802 1810 2859 interitutn
1838 2800 1892 2852 in

285 2917 508 2986 regione
540 2915 827 2968 Persarum
857 2922 873 2963 :
901 2915 1025 2962 ante
1052 2910 1276 2958 mortem
1297 2914 1422 2953 vero
1441 2895 1635 2953 mentis
1655 2902 1892 2947 errorem

287 2981 641 3077 perpessum,
659 3000 953 3057 exercitum
978 2996 1029 3050 in
1057 2991 1232 3048 medio
1254 2988 1601 3043 barbarorum
1623 2981 1892 3040 relictum,

287 3070 343 3154 et
373 3070 612 3164 undique
661 3092 802 3146 velut
850 3085 1081 3158 quodam
1131 3088 1243 3136 rete
1270 3077 1599 3138 conclusum,
1665 3070 1896 3125 reditum

289 3205 357 3244 ex
393 3187 503 3241 illis
532 3185 666 3238 locis
701 3177 1046 3249 improvisum
1073 3183 1231 3242 atque
1255 3164 1583 3222 mirabilem?
1603 3161 1734 3242 Clum
1756 3159 1897 3214 enim

291 3294 422 3349 rege
468 3275 636 3344 impio
687 3245 1061 3325 miserabiliter
1107 3264 1457 3328 interempto,
1507 3245 1644 3306 alter
1687 3250 1805 3320 pius
1847 3248 1899 3300 in

293 3370 419 3437 ejus
447 3364 800 3421 successisset
843 3357 1147 3428 imperium‘,
1177 3351 1399 3404 adversa
1429 3344 1606 3400 omnia
1650 3341 1903 3396 continuo

296 3432 566 3515 dissoluta
597 3463 740 3518 sunt,
769 3459 825 3506 et
852 3447 1118 3503 exercitus
1146 3442 1237 3513 qui
1282 3439 1426 3494 velut
1461 3437 1514 3491 in
1556 3432 1748 3488 mediis
1791 3435 1906 3484 erat

297 3552 508 3606 retibus
544 3547 835 3606 involutus,
864 3555 961 3594 nec
984 3538 1150 3593 ullum
1191 3533 1391 3589 exitum
1417 3525 1701 3597 aliquando
1728 3537 1788 3578 se
1825 3522 1908 3575 in-

300 3651 590 3696 venturum
636 3649 757 3690 esse
805 3630 1076 3694 credebat,
1123 3625 1217 3680 Dei
1265 3626 1374 3692 jam
1407 3628 1538 3674 nutu
1573 3617 1640 3671 ab
1666 3611 1908 3668 hostibus

300 3736 587 3802 Liberatus,
615 3725 761 3782 omni
788 3738 908 3779 cum
931 3719 1215 3776 securitate
1241 3711 1514 3770 remeavit.
1543 3708 1610 3762 Et
1634 3706 1751 3760 haec
1787 3703 1910 3772 qui-

301 3796 428 3881 dem
462 3836 627 3893 quem
655 3834 761 3873 non
787 3815 996 3868 valeant
1023 3809 1090 3865 ad
1134 3817 1338 3879 partem
1370 3802 1579 3874 pietatis
1603 3796 1912 3855 attrahere?

304 3915 450 3983 Quid
483 3888 618 3966 vero
645 3903 965 3978 priesentiai
992 3914 1172 3956 nonne
1210 3898 1369 3952 etiam
1400 3894 1567 3948 multo
1591 3888 1913 3944 mirabiliora

307 3975 544 4064 dicenda
593 3975 764 4055 sunt?
802 4010 979 4050 nonne
1019 4006 1151 4047 crux
1197 3986 1550 4059 praedicatur,
1576 3990 1632 4038 et
1669 3988 1812 4034 totus
1847 3975 1916 4031 ad

307 4094 652 4154 credendum
678 4087 908 4144 mundus
929 4080 1202 4140 accurrit?
1232 4093 1411 4133 nonne
1437 4090 1585 4130 mors
1609 4070 1922 4144 ignominio-

257 4193 270 4204 '
311 4204 371 4243 sa
418 4183 724 4244 nuntiatur,
765 4189 819 4232 et
842 4188 1030 4231 omnes
1054 4169 1382 4229 convolant?
1420 4163 1677 4236 numquid
1707 4177 1810 4217 non
1841 4162 1923 4215 in-

316 4273 539 4334 numeri
592 4268 831 4326 crucifixi
878 4265 1043 4321 sunt?
1082 4260 1338 4331 numquid
1387 4274 1494 4313 non
1541 4257 1647 4311 duo
1689 4255 1923 4309 latrones

313 4383 447 4425 cum
505 4363 734 4419 Domino
777 4356 1179 4430 pependerunt?
1206 4350 1462 4422 numquid
1492 4365 1597 4405 non
1636 4347 1789 4403 multi
1833 4359 1924 4400 sa-

319 4455 580 4530 pientes?
624 4450 881 4522 numquid
931 4462 1036 4504 non
1085 4446 1238 4502 multi
1275 4442 1596 4499 exstiterunt
1637 4437 1926 4510 potentes?

320 4527 484 4620 cujus
528 4545 689 4617 igitur
729 4540 1016 4612 aliquando
1046 4538 1125 4594 sic
1170 4550 1365 4592 nomen
1408 4530 1764 4589 obtinuit?et
1799 4527 1928 4598 quid

321 4642 453 4697 dico
479 4643 733 4709 potentes
768 4644 930 4704 atque
958 4630 1227 4701 sapientes
1244 4628 1271 4681 ?
1300 4623 1554 4694 numquid
1584 4637 1691 4678 non
1719 4624 1930 4676 fuerunt

325 4708 494 4803 reges
513 4724 736 4798 inclyti?
761 4723 883 4794 quis
908 4721 980 4786 ita
1009 4719 1111 4774 sibi
1133 4726 1401 4783 terrarum
1420 4713 1614 4770 .orbem
1641 4721 1750 4767 tam
1779 4708 1931 4766 brevi

329 4834 586 4894 tempore
634 4812 976 4889 subjugavit?
1019 4811 1137 4868 Non
1181 4809 1325 4866 enim
1368 4808 1545 4863 varias
1597 4804 1730 4861 mihi
1773 4812 1934 4894 atque

329 4893 583 4970 diversas
607 4919 846 4979 opponas
874 4903 1130 4958 hereses.
1158 4898 1355 4955 Omnes
1380 4896 1644 4967 siquidem
1683 4893 1932 4950 eumdem

333 5002 639 5077 pradicant
658 4998 951 5060 Christum,
977 4995 1079 5051 etsi
1120 5007 1227 5050 non
1263 5006 1450 5047 omnes
1491 5004 1620 5044 sane
1646 4987 1938 5059 praedicent

333 5105 503 5165 atque
531 5090 785 5162 legitime.
829 5086 982 5142 illum
1012 5085 1156 5142 enim
1181 5097 1368 5139 omnes
1403 5079 1710 5152 praedicant,
1755 5078 1844 5150 qui
1881 5078 1936 5133 in

338 5187 632 5246 Palaestina
671 5192 851 5245 natus,
880 5190 936 5236 et
960 5192 1171 5250 passus,
1201 5177 1291 5247 qui
1321 5174 1512 5231 Pontio
1554 5173 1721 5229 Pilato
1746 5170 1938 5241 dijudi-

335 5288 501 5336 caute
531 5275 818 5332 crucifixus
837 5281 936 5329 est.
966 5272 1092 5327 llaec
1115 5271 1272 5341 igitur
1287 5277 1498 5334 cuncta,
1519 5281 1640 5337 qua:
1663 5263 1935 5346 proposui,

343 5383 530 5425 nonne
555 5366 720 5424 etiam
744 5365 922 5435 majus
961 5363 1172 5418 virtutis
1197 5361 1314 5431 ejus
1354 5359 1598 5415 videntur
1624 5356 1821 5412 habere
1843 5354 1942 5410 do-

339 5469 677 5524 cumentum,
706 5472 866 5528 quam
908 5455 998 5512 illa
1041 5468 1144 5510 vox
1188 5453 1344 5508 allata
1369 5452 1439 5507 de
1464 5449 1640 5507 caelo?
1664 5449 1773 5505 Cur
1795 5448 1940 5505 enim

413 5625 428 5654 ⁸
463 5630 625 5673 arm
647 5621 809 5670 versio
832 5619 980 5676 addit,
1003 5623 1051 5668 et
1071 5614 1193 5667 nihil
1216 5615 1329 5667 inde
1352 5613 1528 5669 literati
1550 5620 1674 5666 sunt.

409 5685 484 5756 tu)
505 5681 811 5756 uidete"
832 5687 996 5756 mire
1012 5684 1354 5756 eamme
1375 5677 1399 5756 ἴ
1421 5685 1531 5756 μμ
1551 5689 1661 5756 (ιιιίὲ
1683 5687 1773 5756 5.1“.
1796 5681 1941 5756 ίιξιειε

338 5733 654 5812 contigerant
671 5743 826 5795 fusius
845 5738 1001 5794 refert
1016 5733 1250 5805 Chrjsost.
1279 5737 1400 5790 infra
1423 5738 1545 5789 libro
1565 5733 1613 5788 in
1634 5745 1678 5786 5.
1699 5733 1936 5809 Baliylam.

1103 332 1193 390 DE
1231 323 1568 387 LAUDIBUS
1604 321 1661 380 S.
1704 320 1906 379 PAULI
1945 311 2299 376 ΔῬΟΒΤΟΠ.
2343 312 2573 371 ιιοιιιι.
2622 313 2714 371 ιν.

3434 313 3543 370 ιω

1959 432 2139 489 nullus
2163 447 2348 503 regum
2382 431 2454 487 ita
2503 431 2650 496 vicit,
2674 439 2731 485 ut
2775 429 2862 486 hic
2903 430 3193 501 superavit,
3221 429 3382 500 quue
3419 444 3542 487 alia

1954 525 2235 581 innumera
2279 539 2342 578 ex
2384 522 2609 579 adverso
2636 521 3011 592 impedimenta
3039 524 3376 595 pugnarent?
3410 522 3544 581 Nam

1957 626 2013 674 et
2031 631 2184 687 reges
2207 625 2394 670 contra
2436 615 2782 685 Evangelium
2830 617 3049 684 pnuliati
3077 626 3221 680 sunt,
3252 625 3308 672 ct
3335 617 3547 688 tyranni

1959 706 2100 764 bella
2137 716 2440 778 gesserunt,
2488 714 2543 760 et
2581 705 2762 775 populi
2795 722 2983 762 omnes
3029 707 3454 772 insurrexerunt,
3493 717 3548 762 et

1959 805 2142 854 nostra
2187 810 2356 867 usque
2396 795 2532 851 adeo
2569 796 2747 851 attrita
2787 811 2892 850 non
2936 805 3076 861 sunt,
3124 806 3180 853 ut
3210 797 3334 854 inde
3359 799 3554 854 fierent

1961 889 2210 945 clariora.

2036 981 2181 1051 Magi
2203 997 2384 1035 nomen
2425 979 2626 1037 Christo
2651 981 2918 1050 objectum.
2947 978 3204 1050 Reliquias
3246 979 3554 1036 Sanctorum

1965 1073 2138 1126 timent
2177 1073 2450 1129 demanat.
2485 1103 2555 1113 —
2581 1071 2732 1128 Unde
2781 1071 2938 1142 igitur
2987 1072 3102 1128 hinc
3150 1082 3293 1128 tanta
3338 1082 3556 1144 tamque

1966 1162 2293 1216 admirabilis
2339 1162 2549 1217 virtus?
2589 1162 2770 1232 Magus
2815 1163 3016 1218 scilicet
3042 1164 3191 1220 erat?
3227 1164 3384 1219 Solus
3423 1179 3557 1234 ergo

1971 1255 2072 1308 iste
2099 1266 2285 1322 magus
2328 1263 2435 1307 tam
2468 1262 2656 1323 potens
2685 1253 2822 1307 fuit?
2860 1254 3096 1308 Audistis
3135 1269 3326 1324 nempe
3350 1254 3471 1324 quia
3502 1263 3558 1310 et

1969 1343 2112 1414 apud
2141 1343 2331 1399 Persas
2373 1345 2510 1413 magi
2542 1352 2595 1398 et
2622 1349 2762 1410 apud
2807 1343 2964 1401 Indos
2996 1347 3317 1412 exstiterint,
3348 1347 3559 1417 sintque

1971 1438 2132 1491 etiam
2171 1436 2331 1490 modo
2359 1451 2378 1489 :
2402 1435 2494 1490 sed
2538 1453 2604 1491 ne
2631 1452 2823 1491 nomen
2849 1438 3062 1507 quidem
3106 1453 3290 1492 eorum
3334 1456 3555 1510 usquam

1973 1538 2147 1583 sonat.
2171 1527 2237 1582 Et
2266 1529 2355 1583 ille
2383 1529 2594 1598 quidem
2623 1545 2689 1584 ex
2727 1529 3020 1601 I‘yanoruin
3049 1533 3179 1587 urbe
3200 1531 3275 1602 (a)
3305 1533 3558 1604 deceptor

1975 1634 2039 1674 ac
2066 1619 2339 1674 maleficus
2364 1619 2541 1690 aliquo
2569 1621 2670 1675 luci
2713 1623 2993 1691 apparuit,
3025 1638 3088 1678 ac
3117 1623 3263 1680 brevi
3290 1625 3563 1697 aliquanto

1979 1718 2219 1779 tempore
2264 1711 2317 1764 in
2343 1711 2531 1781 exigua
2563 1721 2712 1780 parte
2741 1713 2885 1769 orbis
2911 1714 3116 1769 refulsit
3148 1731 3164 1776 ;
3195 1715 3288 1770 sed
3314 1717 3565 1772 celeriter

1978 1807 2275 1856 exstinctus
2309 1811 2468 1873 atque
2495 1803 2700 1858 deletus
2728 1813 2828 1866 est,
2859 1807 2950 1876 qui
2990 1820 3098 1860 non
3126 1805 3418 1861 Ecclesium
3444 1822 3564 1862 om-

1981 1891 2129 1957 nino,
2163 1907 2268 1946 non
2295 1892 2569 1963 populum,
2602 1909 2708 1947 non
2735 1895 2933 1964 aliquid
2959 1895 3150 1950 horum
3183 1897 3417 1967 reliquit.
3458 1898 3569 1954 Sed

1982 1983 2109 2052 quid
2151 1983 2272 2038 dico
2315 2001 2499 2056 magos
2527 1995 2686 2056 atque
2712 1987 2983 2042 maleficos
3011 1991 3346 2051 exstinctos?
3387 1992 3529 2048 unde
3550 2031 3569 2057 ,

1983 2091 2186 2145 quiusa,
2232 2078 2470 2131 omnium
2512 2078 2736 2133 deorum
2783 2080 2977 2150 templa
3023 2082 3282 2136 exstincta
3330 2090 3474 2150 sunt,
3517 2093 3574 2138 et

1988 2166 2305 2234 Dodona‘us,
2330 2175 2385 2223 et
2407 2167 2628 2234 Clarius,
2655 2178 2712 2224 et
2740 2185 2926 2226 omnes
2952 2171 3066 2226 ista:
3093 2172 3424 2243 profanitatis
3449 2175 3572 2230 offl-

1986 2258 2122 2313 cinae
2149 2259 2326 2324 silent,
2367 2274 2430 2314 ac
2457 2261 2668 2330 penitus
2709 2262 2998 2318 obstructa:
3026 2267 3192 2319 sunt?
3224 2265 3374 2322 Unde
3416 2268 3576 2338 igitur

1989 2369 2095 2406 non
2127 2352 2270 2406 hunc
2298 2353 2470 2408 solum
2495 2353 2827 2421 crucifixum,
2854 2356 2949 2410 sed
2978 2358 3138 2412 etiam
3161 2374 3259 2429 pro
3289 2358 3405 2430 ipso
3429 2362 3575 2416 oeci-

1990 2457 2171 2498 sornm
2225 2442 2429 2499 favillas
2479 2444 2749 2499 dmmones
2797 2447 3256 2503 contremiscunt?
3303 2449 3454 2519 cujus
3501 2450 3579 2504 rei

1990 2534 2155 2603 gratia
2187 2533 2374 2587 saltem
2405 2548 2596 2590 nomen
2625 2535 2901 2592 audientes
2930 2538 3125 2605 crucis,
3160 2538 3212 2594 in
3242 2539 3416 2611 fugam
3443 2541 3581 2595 resi-

1993 2624 2169 2678 liunt?
2198 2640 2317 2678 cum
2345 2635 2490 2679 certe
2519 2625 2562 2678 si
2605 2639 2665 2681 se
2706 2640 2793 2681 res
2819 2627 3037 2682 haberet
3063 2629 3237 2695 aliter,
3279 2630 3448 2701 magis
3489 2646 3587 2686 eos

1994 2723 2265 2784 oporteret
2314 2715 2535 2770 irridere
2563 2730 2720 2785 quam
2751 2716 2953 2786 fugere.
2988 2721 3071 2774 An
3116 2721 3252 2774 forte
3301 2734 3431 2774 crux
3459 2721 3587 2789 quid

1997 2807 2197 2860 clarum
2247 2805 2476 2871 videtur,
2525 2822 2589 2861 ac
2621 2806 2842 2863 nobile?
2885 2809 2998 2862 lino
3024 2811 3368 2876 econtrario,
3422 2811 3590 2880 turpis

1998 2903 2053 2952 et
2080 2897 2464 2966 cxprobrahilis
2511 2912 2675 2952 mors.
2729 2898 2828 2954 Est
2876 2901 3018 2955 enim
3064 2901 3245 2971 utique
3297 2910 3352 2956 et
3402 2917 3590 2972 pinna-

2001 2985 2066 3040 lis
2114 3002 2280 3052 mors,
2337 2998 2390 3042 et
2433 2989 2651 3042 omnino
2710 2990 3020 3056 teterrima,
3078 3000 3133 3045 et
3186 2993 3325 3061 apud
3377 2992 3592 3047 Judieos

2002 3076 2320 3142 maledicta,
2373 3086 2428 3131 et
2501 3079 2640 3131 inter
2707 3079 2935 3148 gentiles
2993 3081 3369 3137 abominanda.
3441 3082 3594 3138 Unde

2005 3166 2164 3237 igitur
2214 3167 2356 3222 illam
2410 3166 2682 3222 daemones
2728 3169 3115 3235 reformidant,
3183 3174 3281 3228 nisi
3345 3174 3413 3227 de
3484 3174 3593 3225 vir—

2009 3267 2119 3313 tute
2162 3258 2439 3313 crucifixi?
2465 3259 2520 3313 Si
2565 3259 2706 3314 enim
2737 3260 2880 3313 illam
2910 3277 3003 3330 per
3049 3264 3277 3331 seipsam
3323 3264 3593 3328 timerent,

2008 3364 2327 3420 quamquam
2355 3359 2410 3404 et
2439 3352 2540 3403 hoc
2569 3350 2740 3418 ipsum
2770 3349 2873 3405 diis
2898 3362 3042 3406 esset
3068 3353 3337 3422 indignum
3374 3370 3386 3406 :
3418 3362 3595 3408 tamen

2010 3451 2064 3496 et
2092 3452 2216 3498 ante
2243 3443 2413 3509 illum,
2445 3452 2499 3496 et
2527 3453 2646 3513 post
2672 3444 2818 3497 illum
2847 3444 3084 3514 plerique
3113 3444 3349 3499 crucifixi
3377 3455 3519 3512 sunt,
3542 3455 3600 3500 et

2010 3552 2130 3592 cum
2159 3538 2276 3606 ipso
2305 3531 2467 3591 etiam
2507 3537 2635 3591 duo.
2677 3537 2813 3603 Quid
2861 3538 3018 3607 igitur
3041 3578 3056 3604 ,
3086 3539 3130 3591 si
3173 3539 3383 3592 invocat
3409 3539 3603 3607 aliquis

2014 3643 2208 3683 nomen
2233 3629 2483 3693 latronis,
2509 3629 2590 3683 vel
2616 3629 2835 3683 alterius
2863 3629 3174 3698 cujusquam
3205 3629 3466 3693 crucifixi,
3490 3630 3605 3683 da:-

2015 3736 2215 3776 monne
2245 3721 2379 3775 forte
2411 3721 2619 3776 timebit
2652 3736 2713 3774 ac
2745 3721 2944 3789 fugiet?
2969 3720 3337 3790 Nequaquam,
3366 3722 3606 3791 quinimu

2018 3812 2232 3868 ridebit.
2259 3811 2315 3867 Si
2345 3826 2473 3867 vero
2492 3811 2674 3867 Jesum
2703 3811 2972 3866 addideris
3001 3811 3355 3876 Nazarenum,
3380 3812 3523 3866 velut
3541 3813 3611 3867 ab

2019 3905 2140 3975 igne
2172 3914 2390 3975 repente
2415 3904 2710 3974 diffugient.
2737 3903 2873 3970 Quid
2902 3904 3061 3974 igitur
3088 3905 3206 3957 ais?
3236 3904 3376 3959 unde
3401 3921 3611 3976 praeva-

2021 3998 2151 4051 luit?
2177 3997 2308 4064 Quia
2330 4039 2349 4068 ,
2396 3997 2572 4066 inquis
2595 4039 2610 4062 ,
2655 3996 2904 4051 seductor
2949 3995 3064 4050 fuit.
3104 3998 3172 4049 At
3215 4011 3320 4049 non
3352 3995 3468 4050 haec
3495 3996 3614 4064 ejus

2024 4097 2289 4158 princepta
2318 4087 2630 4157 loquuntur.
2665 4087 2867 4142 Deinde
2886 4086 3135 4157 quoniam
3160 4086 3468 4141 seductores
3494 4085 3615 4141 fue-

2025 4187 2152 4234 runt
2178 4180 2352 4246 multi,
2380 4187 2434 4234 et
2462 4189 2637 4232 tamen
2665 4177 2840 4232 nullus
2870 4177 3117 4231 obtinuit.
3146 4176 3251 4232 Sed
3277 4177 3398 4246 quia
3425 4191 3618 4245 magus

2028 4272 2163 4327 fuit?
2197 4272 2395 4327 Verum
2431 4270 2588 4340 longe
2628 4269 2769 4324 aliud
2804 4269 2920 4339 ejus
2953 4269 3199 4340 dogmata
3228 4277 3617 4324 contestantur.

2030 4363 2135 4422 Sed
2157 4371 2213 4419 et
2247 4377 2523 4433 magorum
2561 4361 2726 4415 multa
2751 4375 2894 4430 szepe
2931 4361 3030 4415 fuit
3053 4361 3203 4430 copia
3225 4359 3345 4433 ,‘(b)
3377 4358 3510 4433 [nec
3542 4370 3613 4415 ta.-

2031 4473 2155 4513 men
2185 4456 2352 4510 ullum
2380 4452 2684 4524 hujusmodi
2713 4454 2963 4523 potentiae
2989 4468 3190 4509 nomen
3222 4453 3460 4508 auditum
3490 4452 3621 4524 est].

2033 4547 2142 4604 Sed
2170 4547 2292 4618 quia
2318 4547 2533 4616 sapiens
2563 4544 2704 4599 fuit?
2731 4546 2799 4598 At
2824 4544 2973 4598 mulli
3005 4543 3220 4598 fuerunt
3245 4558 3395 4612 saepe
3412 4543 3626 4613 sapien-

2035 4647 2137 4695 tes.
2164 4638 2294 4707 Quis
2331 4638 2510 4707 itaque
2546 4635 2792 4691 similiter
2824 4635 3118 4690 obtinuisse
3159 4635 3406 4697 dieetur?
3439 4633 3631 4689 Nullus

2035 4729 2179 4786 enim
2205 4727 2493 4798 aliquando
2529 4726 2716 4782 saltem
2754 4741 2820 4782 ex
2847 4734 2998 4796 parte
3021 4726 3194 4796 aliqua
3227 4726 3350 4781 huic
3375 4725 3629 4796 potentias

2036 4819 2499 4892 appropinquavit.
2521 4817 2680 4875 Unde
2697 4817 2901 4888 liquido
2927 4826 3090 4887 patet,
3111 4818 3364 4889 quoniam
3379 4816 3630 4872 Christus

2039 4929 2147 4969 non
2174 4913 2331 4968 fuerit
2362 4926 2549 4983 magus
2573 4953 2588 4977 ,
2610 4926 2719 4966 non
2746 4910 2996 4968 seductor
3014 4952 3029 4979 ,
3061 4910 3156 4966 sed
3186 4911 3275 4982 qui
3301 4925 3333 4967 e
3359 4909 3632 4966 contrario

2042 5007 2232 5063 borum
2259 5006 2464 5061 exstitit
2491 5003 2822 5067 emendator,
2854 5011 2910 5058 et
2937 5019 3059 5058 vere
3088 5003 3266 5057 divina
3293 5003 3462 5057 virtus
3485 5044 3504 5068 ,
3532 5016 3634 5060 nec

2043 5098 2134 5153 ulli
2161 5097 2382 5151 omnino
2408 5095 2728 5166 superabilis
2749 5136 2763 5161 ,
2796 5094 2996 5150 idcirco
3021 5103 3074 5148 et
3109 5095 3222 5162 ipsc
3248 5103 3438 5148 cuncta
3465 5093 3591 5148 vicit
3615 5134 3632 5159 ,

2045 5199 2204 5259 atque
2228 5188 2549 5259 perdomuit,
2578 5197 2630 5241 et
2656 5187 2822 5243 Paulo
2851 5187 3196 5242 tentoriorum
3228 5186 3400 5256 opifici
3433 5197 3634 5240 tantam

2048 5281 2218 5351 potuit
2242 5280 2501 5349 inspirare
2530 5278 2806 5343 virtutem,
2840 5286 3090 5347 quantam
3124 5278 3237 5346 ipse
3265 5292 3442 5330 rerum
3472 5285 3636 5330 testa-

2049 5381 2134 5427 tur
2161 5370 2401 5427 effectus.
2431 5369 2603 5424 llomo
2629 5369 2824 5424 etenim
2865 5367 3112 5438 ignobilis
3131 5408 3146 5433 ,
3179 5366 3418 5435 ahjectus
3449 5374 3503 5421 et
3527 5368 3638 5420 cir—

2047 5463 2440 5527 cumforaneus,
2470 5461 2559 5531 qui
2581 5469 2749 5516 artem
2771 5459 3053 5516 exercebat
3079 5459 3132 5513 in
3152 5459 3400 5527 pellibus,
3432 5459 3484 5513 in
3518 5469 3638 5512 tan-

2051 5564 2162 5609 tum
2189 5554 2382 5628 virtute
2411 5567 2722 5623 progressus
2763 5561 2846 5608 est
2868 5593 2884 5618 ,
2917 5560 2974 5605 ut
3001 5551 3089 5604 vix
3130 5550 3343 5619 triginta
3373 5564 3637 5606 annorum

2115 5664 2189 5727 (a)
2227 5666 2498 5728 Apollonius
2513 5671 2757 5728 _1‘ya_net_is.

2123 5724 2193 5792 (ὁ)
2227 5724 2339 5789 Qua:
2363 5724 2854 5778 uncinis‘clauduntur
2871 5724 3049 5777 desunt
3071 5726 3117 5775 in
3137 5724 3322 5775 Graeco.
