4220 6316
626 375 718 429 491

629 484 799 555 spatio
823 487 876 538 et
901 482 1201 555 Romanos,
1230 485 1283 532 ct
1310 475 1522 538 Persas,
1550 479 1605 526 et
1642 469 1888 535 Parthos,
1919 476 1974 522 et
1997 462 2198 526 Medos,

617 587 682 633 et
708 573 881 638 Indos,
905 580 958 626 et
987 568 1232 641 Scythas,
1260 575 1313 620 et
1341 563 1621 632 EthiOpes
1642 601 1656 626 ,
1685 568 1739 615 et
1761 559 2121 643 Sauromatas,
2147 561 2203 608 et

625 665 936 728 Saracenos,
964 653 1017 718 et
1053 676 1213 718 omne
1240 655 1465 728 prorsus
1493 656 1780 718 humanum
1808 664 1974 720 genus
1996 648 2095 703 sub
2118 647 2202 716 ju-

623 770 746 824 gum
769 753 1001 808 mitteret
1019 749 1277 806 veritatis.
1302 744 1588 816 Responde
1610 743 1784 813 igitur,
1809 737 1949 794 unde
1969 739 2067 791 iste
2087 735 2202 806 opi-

626 847 710 899 fex
741 844 860 899 vilis
889 859 949 898 ac
979 829 1216 912 publicus
1241 849 1387 893 stans
1415 839 1467 892 in
1506 837 1624 891 loco
1652 832 1781 887 artis
1802 847 1910 886 sum
1931 871 1945 895 ,
1975 844 2039 885 ac
2057 829 2199 884 scal-

627 917 826 1002 pellum
855 934 905 987 in
936 947 1094 986 manu
1121 945 1333 999 gerens,
1357 929 1428 982 ita
1457 937 1512 982 et
1531 926 1642 995 ipse
1669 921 2070 1002 philosophatus
2094 919 2198 985 sit,

624 995 680 1076 et
704 1022 835 1077 alios
861 1021 1100 1076 docuerit
1123 995 1527 1090 philosophari,
1558 1023 1740 1086 gentes
1770 995 2012 1075 scilicet,
2041 1010 2202 1065 urbes

624 1123 785 1183 atque
810 1113 1074 1182 regiones,
1105 1111 1332 1164 maxime
1357 1105 1632 1177 imperitus
1657 1119 1758 1159 nec
1787 1104 1892 1157 vim
1922 1102 1975 1157 in
2004 1115 2063 1156 se
2088 1115 2202 1155 ser-

625 1205 800 1260 monis
821 1203 1153 1260 ostendens?
1192 1201 1327 1256 Audi
1353 1200 1494 1254 enim
1522 1197 1692 1266 ipsum
1727 1195 2062 1264 loquentem:
2085 1188 2201 1245 Etsi

625 1286 883 1366 imperitus
911 1311 1137 1350 sermone
1157 1292 1242 1365 (2.
1275 1291 1391 1347 Cor.
1424 1292 1509 1346 11.
1535 1289 1626 1358 6).
1665 1287 1776 1343 Nec
1805 1286 2053 1357 pecunias
2079 1298 2202 1353 pos-

626 1388 806 1444 sideus
844 1405 857 1441 :
903 1403 1023 1442 nam
1067 1388 1170 1442 hoc
1204 1399 1422 1456 quoque
1468 1383 1583 1451 ipse
1627 1388 1891 1437 testatur:
1925 1377 2093 1448 Usque
2133 1374 2202 1428 ad

627 1480 792 1546 hanc,
824 1478 1024 1548 inquit,
1056 1477 1232 1531 horam
1259 1485 1305 1529 et
1342 1477 1587 1528 esurimus
1607 1514 1620 1537 ,
1655 1481 1698 1524 et
1727 1473 1922 1526 sitimus
1946 1510 1960 1534 ,
1993 1477 2040 1522 et
2076 1466 2202 1520 nudi

625 1572 795 1623 sumus
817 1610 834 1635 ,
861 1578 905 1622 et
944 1567 1169 1637 colaphis
1197 1565 1437 1620 ctedimur
1469 1562 1490 1635 (
1508 1564 1559 1617 1.
1593 1561 1711 1616 Cor.
1742 1563 1798 1616 4.
1829 1559 1952 1630 11).
1983 1558 2050 1612 Et
2075 1556 2200 1627 quid

624 1657 744 1712 dico
772 1656 1046 1728 pecunias,
1073 1670 1194 1711 cum
1225 1655 1314 1710 ille
1343 1668 1484 1723 saepe
1509 1667 1578 1707 ne
1607 1649 1961 1706 necessarium
1987 1647 2200 1717 quidem

625 1745 843 1802 haberet
863 1746 1039 1802 cibum
1060 1787 1075 1811 ,
1110 1760 1209 1800 nec
1227 1759 1332 1815 quo
1353 1759 1412 1798 se
1437 1739 1792 1798 circumdaret
1815 1739 2198 1793 indumentum.

621 1837 757 1904 Quia
779 1853 904 1893 vero
933 1853 1032 1891 nec
1055 1834 1123 1891 de
1153 1834 1480 1906 professione
1513 1834 1688 1887 clarus
1720 1829 1900 1891 fuerit,
1932 1827 2096 1898 ipsius
2120 1826 2202 1881 di-

622 1926 858 1996 scipuius
901 1927 1165 1992 ostendit,
1205 1926 1389 1979 dicens
1431 1942 1444 1977 :
1494 1923 1744 1991 Quoniam
1787 1921 2016 1973 manebat
2058 1918 2200 1990 apud

625 2018 863 2087 Aquilam
901 2025 947 2071 et
988 2015 1312 2081 Priscillam,
1348 2025 1609 2084 propterea
1655 2013 1787 2082 quod
1828 2010 2052 2081 ejusdem
2079 2010 2202 2063 artis

623 2116 782 2159 essent
819 2123 838 2160 :
879 2114 1017 2159 erant
1054 2107 1186 2159 enim
1226 2104 1597 2175 scenofactoria:
1638 2102 1760 2156 artis
1790 2100 1938 2170 (Act.
1983 2100 2072 2154 18.
2105 2099 2197 2166 '5).

621 2197 736 2251 Non
763 2198 921 2267 igitur
936 2214 964 2250 a
986 2198 1197 2268 proavis
1217 2196 1429 2261 nobilis,
1458 2195 1650 2266 quippe
1665 2195 1751 2265 qui
1775 2203 1879 2247 tam
1901 2193 2019 2246 vilis
2041 2191 2201 2246 fuisse

617 2287 749 2340 artis
769 2285 1060 2340 ostenditur
1083 2304 1095 2339 :
1119 2301 1222 2339 non
1245 2301 1272 2337 a
1296 2285 1484 2355 patria,
1506 2297 1656 2337 nona
1676 2292 1854 2351 gente,
1877 2291 2048 2335 tamen
2070 2296 2200 2349 pro-

620 2392 838 2448 gressus
865 2380 919 2433 in
951 2378 1180 2432 medium
1205 2419 1219 2441 ,
1246 2392 1308 2431 ac
1336 2375 1698 2430 tantummodo
1737 2387 1995 2441 apparens
2025 2370 2200 2425 inimi-

621 2485 803 2523 corum
824 2478 1011 2524 cuncta
1041 2467 1287 2530 turbavit,
1323 2465 1568 2521 universa
1598 2463 1834 2518 confudit
1860 2479 1873 2515 :
1906 2471 1958 2516 et
1987 2462 2120 2516 sicut
2143 2461 2196 2515 in

620 2559 843 2627 stipulas
871 2568 961 2614 aut
992 2560 1043 2611 in
1075 2558 1274 2612 {mnum
1305 2541 1758 2626 ignisimmissus,
1790 2553 1966 2607 omnia
1994 2552 2194 2606 deamo-

619 2663 743 2702 num
771 2661 929 2716 opera
970 2646 1326 2715 consumpsit,
1354 2651 1512 2713 atque
1541 2644 1592 2697 in
1619 2642 1758 2712 quod
1789 2641 1951 2695 voluit
1970 2681 1986 2707 ,
2021 2640 2197 2695 omnia

617 2739 899 2794 convertit.
926 2738 1106 2808 Neque
1134 2752 1262 2793 vero
1288 2736 1388 2790 hoc
1414 2733 1584 2789 solum
1613 2733 1960 2787 admiratione
1981 2731 2196 2800 dignum

619 2840 721 2895 est,
741 2828 882 2898 quod
901 2837 1095 2883 tantam
1119 2827 1403 2898 potentiam
1426 2824 1544 2879 talis
1563 2823 1788 2878 obtinuit
1807 2841 1819 2877 :
1839 2823 1932 2877 sed
1949 2823 2195 2892 quoniam

617 2921 994 2991 discipulorum
1014 2935 1226 2990 quoque
1255 2918 1396 2973 illius
1419 2917 1625 2987 plurimi
1648 2930 1923 2987 pauperes,
1943 2917 2194 2986 imperiti,

615 3028 679 3069 ac
708 3014 869 3068 totius
901 3022 1053 3067 erant
1092 3011 1403 3067 eruditionis
1437 3010 1708 3076 extranei,
1741 3010 1792 3064 in
1821 3009 1958 3064 fame
1986 3017 2041 3063 et
2076 3025 2198 3080 ege-

617 3112 752 3156 state
776 3104 1039 3169 viventes,
1075 3103 1348 3172 ignobiles,
1372 3116 1436 3156 ac
1459 3100 1527 3156 de
1553 3100 1868 3170 ignobilibus
1895 3101 2154 3170 procreati
2178 3117 2194 3156 :

619 3192 760 3259 quod
791 3201 936 3247 certe
965 3193 1123 3247 etiam
1159 3193 1270 3261 ipse
1298 3184 1621 3262 praedicavit,
1654 3206 1752 3246 nec
1777 3191 1987 3246 erubuit
2010 3206 2194 3245 eorum

617 3299 1036 3337 commemorare
1064 3284 1367 3352 pauperiem
1386 3323 1401 3348 ,
1432 3283 1538 3336 imo
1565 3297 1631 3337 ne
1657 3283 1955 3338 necessaria
1980 3283 2192 3352 quidem

617 3387 801 3425 eorum
834 3373 991 3425 victui
1025 3374 1311 3440 postulare.
1343 3370 1665 3440 Proﬁciscor,
1696 3371 1886 3441 inquit,
1911 3370 2194 3426 Jerusalem

617 3467 897 3520 ministrare
921 3467 1105 3519 sanctis
1133 3464 1313 3536 (Rom.
1343 3465 1428 3520 15.
1471 3465 1598 3533 25).
1631 3465 1698 3518 Et
1738 3480 1922 3520 rursus
1952 3483 1965 3518 :
1999 3465 2194 3520 Secun-

616 3558 737 3609 dum
775 3572 927 3609 unam
956 3555 1145 3608 sabbati
1176 3556 1513 3624 unusquisque
1539 3563 1756 3609 vestrum
1782 3566 2027 3624 reponat,
2059 3557 2193 3626 quod

615 3654 660 3704 ei
687 3654 805 3704 bene
830 3650 1090 3719 placuerit,
1122 3660 1296 3703 utnon
1322 3666 1433 3702 cum
1460 3665 1652 3704 uenero.
1682 3659 1799 3703 tunc
1823 3649 2042 3703 collecta:
2065 3651 2192 3718 ﬁant

618 3745 707 3810 (Ι.
741 3743 856 3796 Cor.
892 3741 975 3795 16.
1009 3740 1100 3811 2).
1144 3741 1273 3805 Quia
1313 3755 1440 3794 vero
1485 3739 1663 3810 plures
1705 3739 2083 3810 discipulorum
2125 3755 2190 3794 ex

618 3835 984 3904 imperitorum
1017 3848 1239 3887 numero
1276 3839 1599 3898 constarent,
1631 3831 1698 3885 ad
1714 3830 2028 3886 Corinthios
2056 3830 2191 3886 scri-

618 3925 780 3988 bens,
821 3925 935 3977 ait:
977 3923 1147 3976 Videte
1190 3923 1495 3976 vocationem
1533 3931 1780 3989 vestram,
1810 3923 2045 3991 quoniam
2090 3939 2191 3977 non

620 4016 765 4068 multi
790 4015 1035 4083 sapientes
1075 4015 1346 4067 secundum
1373 4029 1592 4078 carnem,
1620 4027 1721 4065 non
1757 4013 1902 4066 multi
1945 4021 2187 4083 potentes,

619 4123 716 4158 non
744 4104 885 4156 multi
902 4103 1125 4173 nobilesl
1146 4104 1199 4158 1.
1222 4103 1336 4156 Cor.
1363 4104 1412 4156 1.
1435 4102 1541 4174 26)
1563 4120 1576 4166 ;
1601 4102 1692 4158 sed
1711 4113 1763 4158 et
1783 4103 1936 4158 valde
1955 4104 2188 4170 obscuri,

619 4197 821 4249 ctviles
864 4195 1094 4248 luerunt.
1147 4192 1282 4246 Nam
1323 4194 1530 4262 inﬁrma
1573 4193 1779 4259 mundi,
1817 4194 2020 4264 inquit,
2048 4195 2194 4266 elegit

620 4287 774 4349 Deus,
802 4297 848 4340 et
874 4302 983 4355 qua:
1010 4302 1107 4339 non
1133 4295 1266 4353 sunt,
1298 4296 1433 4339 utea
1453 4301 1566 4356 quia
1582 4293 1696 4339 sunt
1722 4285 2030 4355 destrueret(
2055 4286 2191 4340 Ibid.

627 4393 672 4428 υ.
702 4377 789 4427 27.
819 4374 949 4445 28).
982 4377 1051 4429 At
1080 4375 1274 4428 nobilis
1294 4416 1308 4438 ,
1331 4384 1384 4428 et
1412 4375 1650 4430 eruditus
1674 4384 1787 4430 erat
1814 4375 1949 4431 forte
1977 4392 2194 4447 persua-

621 4482 709 4519 snr
737 4467 792 4518 ‘?
819 4466 925 4519 Nec
954 4466 1093 4520 istud
1120 4466 1332 4535 quidem
1358 4482 1373 4526 ;
1402 4481 1522 4520 nam
1561 4465 1661 4521 hoc
1687 4483 1897 4537 quoque
1926 4468 2037 4538 ipse
2066 4485 2195 4524 con-

623 4560 867 4625 ﬁrmavit,
901 4559 1082 4613 dicens
1112 4577 1123 4610 :
1159 4558 1219 4611 Et
1241 4575 1330 4628 ego
1362 4560 1470 4611 veni
1500 4559 1566 4612 ad
1588 4575 1673 4613 vos
1694 4576 1794 4613 non
1815 4561 1866 4614 in
1892 4561 2196 4617 sublimitate

621 4650 860 4702 sermonis
881 4691 893 4712 ,
923 4659 1009 4702 aut
1047 4649 1305 4718 sapientia:
1323 4692 1336 4714 ,
1373 4651 1676 4703 annuntians
1703 4651 1837 4704 vobis
1863 4652 2195 4708 testimonium

622 4741 826 4794 Christi.
865 4740 985 4793 Non
1016 4741 1144 4793 enim
1168 4741 1396 4811 judicavi
1435 4757 1513 4793 me
1553 4741 1678 4806 scire
1709 4741 1897 4812 aliquid
1925 4743 2052 4796 inter
2087 4760 2191 4810 vos,

623 4834 718 4886 nisi
755 4832 932 4886 Jesum
969 4830 1259 4898 Christum,
1304 4843 1350 4885 et
1397 4829 1525 4884 hunc
1571 4835 1885 4901 cruci/ierunt.
1932 4833 1997 4889 Et
2033 4852 2194 4893 sermo

626 4943 782 4989 naeus,
807 4936 850 4978 et
872 4925 1160 4995 praedicatio
1187 4942 1314 4990 mea,
1342 4941 1439 4978 non
1457 4925 1506 4977 in
1521 4925 1922 4996 persuasibilibus
1938 4929 2198 4996 sapientia;

624 5018 779 5072 verbis
830 5012 915 5083 (1.
956 5012 1077 5068 Cor.
1118 5014 1172 5068 2.
1233 5019 1281 5072 1.
1310 5017 1363 5069 2.
1387 5018 1476 5087 4).
1505 5017 1608 5072 Sed
1636 5034 1791 5072 causa
1813 5021 2059 5074 nimirum
2085 5022 2196 5090 ipsa

623 5090 1009 5179 pnedieationis
1031 5118 1142 5161 erat
1168 5107 1356 5161 idonea
1380 5148 1396 5171 ,
1430 5123 1544 5176 quae
1574 5108 1638 5162 ad
1667 5122 1725 5161 se
1749 5111 2080 5177 pertraheret
2103 5125 2197 5164 au-

623 5202 844 5255 dientes.
878 5199 1072 5266 Accipe
1113 5197 1235 5265 quid
1278 5189 1637 5266 etiam-super
1677 5197 1774 5252 hac
1818 5216 1875 5252 re
1921 5200 2032 5268 ipse
2076 5217 2196 5269 pro-

627 5290 850 5344 nuntiet.
879 5289 1146 5354 Quoniam,
1173 5288 1359 5358 inquit,
1386 5288 1554 5341 Judwi
1582 5291 1722 5359 signa
1746 5301 1934 5361 petunt,
1961 5302 2006 5344 et
2033 5290 2196 5346 Graeci

622 5384 922 5447 sapientiam
948 5391 1174 5451 quaerunt
1201 5399 1218 5435 :
1253 5398 1342 5434 nos
1369 5390 1535 5440 autem
1572 5382 1902 5450 prcedicamus
1941 5377 2194 5437 Christum

623 5477 918 5542 cruciﬁxum
941 5515 955 5535 ,
985 5474 1180 5528 Judwis
1218 5474 1416 5545 quidem
1455 5473 1750 5526 scandalum
1768 5514 1780 5537 ,
1816 5473 2003 5527 Graecis
2032 5486 2196 5528 autem

625 5569 884 5623 stultitiam
923 5562 1006 5634 (1.
1067 5561 1190 5619 Cor.
1241 5569 1291 5622 l.
1314 5567 1402 5620 22.
1432 5565 1546 5635 25).
1582 5565 1686 5620 Sed
1715 5565 2018 5631 securitate,
2049 5581 2108 5620 ac
2131 5566 2196 5620 li-

689 5682 701 5711 ι
740 5687 905 5735 στείρα..
944 5684 995 5726 Al
1016 5677 1165 5742 idiota
1187 5676 1380 5742 quidem
1401 5682 1448 5729 et
1472 5675 1757 5738 ineruditus,
1798 5675 1884 5726 sed
1912 5676 1979 5726 ad
2002 5689 2200 5739 persua~

625 5742 838 5791 dandum
856 5747 991 5800 aptus
1010 5737 1035 5790 Ρ

1326 361 1385 418 S.
1425 357 1704 417 JOANNIS
1740 348 2224 416 CHRYSOSTOMI
2258 346 2579 406 ARCHIEP.
2619 339 3152 404 CONSTANTINOP.

3781 342 3884 400 199

2309 459 2531 525 bertate,
2553 460 2748 529 inquis,
2773 459 2964 515 fruitus
2983 468 3082 515 est.
3099 460 3395 514 Atomnino
3413 473 3442 512 a
3467 458 3716 529 periculis
3733 475 3885 515 num-

2305 565 2463 620 quam
2487 550 2786 620 respiravit.
2811 549 2878 604 Et
2903 567 3014 622 ego,
3039 551 3229 621 inquit,
3260 551 3313 606 in
3331 552 3622 618 inﬁrmitate
3643 563 3690 606 et
3711 554 3888 608 timore

2306 650 2353 695 et
2383 652 2594 695 tremore
2631 643 2790 696 multo
2831 643 2911 713 fui
2938 642 3076 712 apud
3117 659 3203 697 vos
3233 643 3315 714 (1.
3344 643 3462 699 Cor.
3488 644 3547 714 ,2.
3576 644 3613 700 5
3632 643 3687 715 ):
3715 661 3886 714 neque

2306 744 2434 786 vero
2461 730 2576 800 ipse
2603 731 2796 797 solum,
2823 733 2918 788 sed
2947 733 3104 789 etiam
3136 734 3379 805 discipuli
3410 735 3523 805 ejus
3553 735 3887 804 passionihus

2304 823 2649 896 subiacebant
2687 841 2700 877 :
2733 825 3058 892 Mementote,
3090 826 3297 896 inquit,
3328 828 3520 881 dierum
3551 829 3799 896 priorum,
3831 828 3885 881 in

2303 915 2478 984 quibus
2501 917 2771 971 illuminati
2806 934 3046 988 magnum
3075 927 3323 971 certamen
3349 918 3655 972 sustinuistis
3683 921 3883 988 passio-

2304 1025 2445 1062 num.
2476 1008 2541 1062 ln
2566 1009 2724 1063 altero
2746 1008 2945 1080 quidem
2971 1003 3256 1080 opprobriis
3281 1020 3326 1063 et
3355 1009 3757 1064 tribulationibus
3771 1026 3886 1076 spe-

2303 1099 2555 1169 ctaculum
2581 1099 2702 1170 facti
2725 1142 2740 1166 ,
2769 1099 2820 1153 in
2858 1100 3018 1154 altero
3045 1101 3194 1154 etiam
3231 1099 3358 1153 socii
3395 1099 3562 1152 taliter
3587 1103 3883 1153 conversan-

2303 1187 2427 1240 tium
2463 1189 2584 1258 facti
2606 1205 2625 1243 :
2655 1205 2773 1242 nam
2802 1197 2848 1243 et
2890 1190 3065 1244 vinctis
3108 1188 3357 1258 compassi
3397 1187 3513 1241 estis
3532 1228 3548 1254 ,
3576 1196 3623 1241 et
3650 1189 3884 1256 rapinam

2306 1277 2548 1332 bonorum
2575 1287 2850 1333 vestrorum
2876 1295 2992 1333 cum
3031 1280 3214 1350 gaudio
3242 1279 3526 1348 suscepistis
3555 1277 3575 1345 (
3598 1276 3757 1332 Hebr.
3792 1279 3881 1334 ιο.

2303 1368 2530 1442 52ο54).
2563 1371 2629 1426 Et
2654 1386 2839 1426 rursus
2862 1372 2930 1426 ad
2959 1372 3462 1426 Thessalonicenses
3479 1371 3735 1435 scribens,
3764 1371 3882 1427 ait:

2312 1457 2414 1515 Vos
2432 1461 2565 1514 enim
2591 1463 2760 1514 eadem
2787 1462 2921 1531 passi
2951 1462 3068 1515 estis
3091 1478 3123 1513 a
3152 1461 3511 1515 contribulibus
3535 1462 3725 1524 uestris,
3754 1463 3883 1513 sicut

2305 1560 2349 1606 et
2369 1551 2467 1623 ipsi
2487 1567 2516 1604 a
2535 1551 2753 1618 luditis,
2779 1553 2865 1622 qui
2888 1559 2934 1605 et
2960 1551 3239 1606 Dominum
3263 1562 3486 1606 nostrum
3508 1551 3813 1614 occiderunt,
3835 1559 3884 1604 et

2307 1641 2578 1712 prophetas
2597 1657 2716 1695 suos
2743 1641 3027 1713 persequuti
3064 1650 3181 1695 sunt
3207 1642 3224 1673 ί
3253 1641 3329 1711 (1.
3359 1640 3538 1695 Thess.
3566 1641 3621 1694 2.
3647 1641 3732 1694 H.
3764 1640 3881 1710 15).

2306 1731 2509 1787 Rursus
2530 1731 2596 1786 ad
2615 1732 2922 1788 Corinthios
2941 1733 3199 1799 scribens,
3224 1732 3387 1798 Sicut,
3419 1733 3607 1803 inquit,
3625 1732 3882 1804 abundant

2304 1825 2563 1895 passiones.
2590 1823 2779 1880 Christi
2803 1826 2855 1879 in
2884 1825 3022 1880 vobis
3047 1870 3062 1892 ,
3091 1836 3138 1880 et
3165 1825 3585 1896 quemadmodum
3611 1825 3732 1878 socii
3766 1825 3883 1879 estis

2305 1916 2596 1984 passionum
2620 1957 2635 1983 ,
2664 1917 2734 1968 ita
2774 1917 2910 1970 eritis
2951 1926 2998 1971 et
3040 1917 3399 1970 consolationis
3431 1915 3523 1988 (1.
3565 1915 3682 1970 Cor.
3714 1917 3764 1971 1.
3791 1916 3878 1987 5).

2303 2003 2370 2084 Et
2398 2005 2464 2059 ad
2491 2005 2703 2060 Galatas
2732 2023 2745 2058 :
2782 2006 2943 2059 Tanta
2966 2048 2981 2071 ,
3012 2007 3180 2076 inquit
3203 2047 3217 2068 ,
3249 2007 3386 2077 passi
3413 2007 3528 2060 estis
3556 2008 3662 2060 sine
3687 2023 3840 2060 causa
3858 2047 3877 2074 ,

2303 2098 2348 2150 si
2377 2106 2541 2150 tamen
2566 2098 2672 2151 sine
2695 2114 2847 2171 causa
2879 2099 2897 2169 (
2919 2097 3035 2151 Gal.
3070 2100 3121 2152 5.
3146 2100 3177 2152 ι1
3196 2098 3236 2169 ).

2373 2187 2696 2259 Comparatio
2743 2189 3006 2260 Evangelii
3053 2207 3167 2243 cum
3222 2191 3392 2254 bello;
3437 2191 3726 2245 seductores
3763 2199 3878 2245 ante

2303 2277 2556 2334 Christum
2581 2297 2670 2333 cur
2692 2281 2969 2351 permiserit
3001 2280 3156 2335 Deus.
3185 2310 3258 2321 —
3285 2281 3416 2335 Cum
3444 2282 3600 2351 igitur
3627 2281 3882 2350 praedica-

2303 2378 2388 2426 tor
2416 2372 2710 2441 imperitus,
2742 2387 2861 2427 cum
2908 2373 3067 2428 etiam
3117 2388 3317 2442 pauper
3356 2381 3528 2436 esset,
3567 2381 3622 2427 et
3661 2387 3879 2442 prorsus

2303 2463 2567 2532 ignobilis,
2597 2473 2652 2519 et
2677 2463 2819 2533 quod
2846 2464 3244 2535 praedicabatur,
3276 2480 3382 2519 non
3412 2464 3571 2520 modo
3599 2480 3878 2521 commen-

2301 2551 2513 2607 datione
2537 2552 2618 2608 sui
2645 2564 2790 2609 esset
2817 2568 3058 2618 vacuum,
3083 2554 3429 2608 verumetiam
3453 2554 3745 2609 oﬁ'ensione
3765 2554 3878 2624 ple-

2299 2643 2601 2711 nissimum,
2631 2654 2686 2700 et
2710 2645 2980 2701 auditores
3011 2646 3108 2716 ipsi
3140 2647 3344 2716 inopes,
3376 2645 3687 2711 imbecilles,
3718 2656 3877 2716 atque

2300 2737 2519 2790 omnino
2549 2735 2698 2804 nulli,
2725 2744 2780 2791 et
2811 2736 3040 2807 pericula
3069 2745 3174 2790 tam
3201 2737 3407 2803 crebra,
3440 2745 3544 2790 tam
3571 2738 3739 2803 varia,
3770 2752 3875 2792 non

2300 2825 2606 2881 doctoribus
2643 2827 2846 2894 solum,
2877 2829 2968 2883 sed
3000 2828 3158 2882 etiam
3204 2827 3476 2897 discipulis
3515 2829 3875 2892 imminerent,

2299 2925 2352 2972 et
2381 2918 2663 2972 cruciﬁxus
2691 2928 2854 2984 esset,
2875 2918 2968 2990 qui
2998 2919 3341 2974 annuntiatur
3364 2920 3664 2977 adorandus
3687 2939 3702 2978 :
3724 2923 3876 2992 quid-

2299 3022 2420 3062 nam
2450 3008 2582 3063 illud
2622 3018 2724 3074 est,
2757 3009 2899 3079 quod
2943 3011 3098 3081 hujus
3140 3014 3447 3082 prtedicatio
3475 3015 3704 3084 potuerit
3732 3016 3876 3070 obii-

2300 3100 2467 3153 nere?
2511 3097 2696 3153 Nonne
2735 3099 3059 3156 lucidissime
3085 3102 3250 3157 claret
3275 3102 3450 3158 divina
3481 3103 3582 3160 hoc
3609 3115 3664 3160 et
3692 3106 3877 3162 ineffa—

2298 3187 2391 3243 bili
2439 3189 2666 3259 quadam
2712 3190 2905 3246 virtute
2951 3190 3288 3261 perfectum?
3329 3194 3479 3261 Quod
3527 3203 3674 3250 certe
3716 3198 3872 3251 etiam

2299 3278 2632 3334 inimicorum
2663 3281 3063 3348 comparatione
3092 3291 3262 3351 potest
3287 3283 3491 3354 liquido
3517 3268 3879 3354 comprobari.

2296 3368 2428 3425 Cum
2471 3371 2612 3425 enim
2638 3372 2834 3426 videris
2859 3374 3122 3428 contraria
3152 3373 3340 3430 horum
3375 3377 3618 3431 universa
3646 3393 3874 3432 concur-

2295 3476 2416 3516 rere
2447 3462 2498 3514 in
2531 3478 2690 3515 unum
2718 3479 2733 3516 :
2766 3462 2816 3516 id
2841 3471 2941 3530 est,
2973 3473 3027 3519 et
3053 3480 3203 3534 opes,
3235 3475 3286 3521 et
3315 3467 3668 3533 nobilitatem,
3698 3480 3751 3523 et
3779 3485 3874 3539 pa-

2298 3551 2412 3606 triae
2437 3551 2824 3620 claritudinem,
2848 3562 2902 3608 et
2921 3556 3165 3610 oratoria:
3191 3557 3321 3610 artis
3349 3572 3618 3628 pompam,
3647 3571 3702 3615 et
3725 3565 3869 3630 pacis

2296 3643 2659 3708 securitatem,
2685 3652 2737 3698 et
2766 3644 3045 3714 plurimam
3077 3646 3131 3700 in
3159 3647 3270 3716 ipsa
3300 3650 3676 3718 superstitione
3698 3653 3874 3706 cultu-

2296 3748 2428 3799 ram,
2449 3733 2700 3789 continuo
2723 3743 2896 3790 tamen
2923 3751 3123 3791 morem
3154 3736 3486 3807 profanitatis
3509 3742 3826 3796 exstinctum
3851 3760 3866 3807 ;

2295 3825 2394 3880 hos
2426 3841 2552 3882 vero
2578 3827 2666 3897 qui
2703 3835 2826 3881 sunt
2863 3842 2929 3883 ex
2965 3827 3186 3883 adversa
3233 3839 3381 3898 parte
3426 3844 3680 3899 superare
3713 3850 3726 3887 :
3755 3849 3874 3903 qua:

2295 3919 2482 3973 borum
2507 3933 2664 3973 causa
2688 3919 2776 3985 sit,
2800 3920 3078 3989 responde.
3107 3920 3235 3977 Tale
3261 3929 3344 3977 est
3365 3923 3527 3988 enim,
3550 3931 3607 3977 ut
3631 3938 3752 3978 cum
3779 3939 3868 3979 rex

2295 4011 2557 4081 quispiam
2590 4011 2876 4065 instructus
2905 4013 3087 4078 armis,
3118 4013 3279 4068 fretus
3307 4016 3542 4068 exercitu
3569 4056 3581 4079 ,
3614 4017 3863 4083 potentis-

2295 4100 2458 4154 simas
2481 4101 2531 4154 in
2561 4100 2699 4155 bello
2725 4100 2866 4155 acies
2893 4101 3161 4157 instruens
3193 4105 3372 4158 hostes
3405 4119 3657 4171 superare
3679 4106 3868 4174 nequi-

2297 4191 2452 4257 verit,
2484 4191 2656 4245 nudus
2680 4191 2890 4261 aliquis,
2909 4200 2963 4247 et
2990 4202 3286 4270 pauper,_et
3305 4196 3469 4260 solus,
3493 4211 3557 4250 ne
3587 4195 3730 4250 brevi
3751 4197 3870 4266 qui-
3928 4184 3946 4202 ⁹

2296 4280 2416 4336 dem
2437 4281 2620 4363 ‘jaculo
2649 4291 2902 4348 armatus,
2926 4292 3015 4337 aut
3035 4284 3261 4353 simplici
3287 4285 3473 4340 saltem
3502 4295 3650 4342 veste
3676 4297 3866 4352 tectus,

2296 4383 2562 4429 certamen
2588 4374 2747 4441 ineat,
2771 4389 2939 4444 eaque
2965 4385 3178 4445 peragat
3201 4392 3317 4446 quae
3347 4378 3433 4431 alii
3458 4394 3554 4432 nec
3577 4395 3696 4433 cum
3728 4381 3873 4436 mille
3934 4427 3938 4430 .

2297 4467 2508 4536 quidem
2533 4468 2917 4522 munitionibus
2940 4479 3146 4537 patrare
3170 4479 3470 4537 potuerunt.
3498 4469 3611 4524 Noli
3641 4473 3800 4540 igitur
3819 4474 3870 4526 in

2297 4574 2456 4636 prava
2503 4575 2815 4628 permanere
2866 4563 3148 4624 sententia,
3196 4561 3288 4614 sed
3334 4561 3578 4616 virtutem
3619 4579 3873 4619 venerare

2297 4651 2554 4706 cruciﬁxi.
2587 4652 2769 4720 Neque
2794 4653 2934 4707 enim
2963 4652 3008 4706 si
3036 4669 3212 4722 regem
3243 4654 3471 4724 aliquem
3485 4656 3672 4712 videas
3699 4657 3874 4711 civita.

2299 4750 2378 4796 tes
2421 4743 2521 4798 sibi
2565 4742 2805 4797 excelsas
2849 4752 3145 4811 parantem,
3191 4745 3636 4816 circumagentem
3678 4747 3871 4815 fossas,

2299 4836 2464 4896 muris
2507 4835 2778 4896 machinas
2829 4835 3235 4901 admoventem,
3281 4838 3614 4894 innumeram
3664 4856 3876 4912 quoque

2300 4925 2581 4980 habentem
2611 4925 2834 4978 militum
2863 4927 3275 4991 multitudinem,
3304 4945 3451 4984 arma
3479 4931 3750 5001 fulgentia,
3782 4948 3877 5002 pe-

2299 5017 2481 5071 cunias
2498 5016 2749 5079 inﬁnitas,
2772 5032 3036 5086 unamque
3060 5018 3289 5073 hostium
3312 5021 3577 5077 civitatem
3599 5021 3878 5078 destruere

2301 5123 2403 5166 non
2436 5108 2702 5161 valentem
2729 5123 2743 5167 ;
2784 5106 3005 5161 alterum
3032 5124 3160 5162 vero
3199 5110 3342 5163 nudo
3368 5126 3594 5180 corpore
3615 5112 3877 5167 dimican-

2301 5207 2430 5263 tem,
2458 5199 2687 5267 solisque
2716 5190 2958 5253 manibus
2987 5209 3243 5265 utentem,
3267 5215 3370 5255 non
3400 5217 3578 5268 unam,
3609 5210 3700 5256 aut
3724 5203 3877 5270 duas,

2302 5300 2390 5356 aut
2419 5305 2632 5359 paucas,
2667 5290 2759 5344 sed
2785 5306 3004 5361 prorsus
3031 5292 3335 5347 innumeras
3366 5301 3584 5363 totoque
3613 5296 3744 5349 orbe
3773 5295 3879 5350 dil-

2303 5380 2446 5435 fusas
2489 5382 2648 5436 urbes
2690 5393 3087 5450 percurrentem
3126 5384 3393 5448 celeriter,
3436 5393 3764 5454 cunctasque
3793 5401 3853 5439 ca

2304 5473 2553 5540 pientem,
2587 5471 2831 5525 humanm
2878 5471 2977 5526 hoc
3021 5471 3168 5527 dicas
3217 5489 3336 5527 esse
3371 5473 3598 5527 virtutis.
3643 5474 3730 5529 Sic
3758 5491 3882 5543 ergo

2305 5565 2488 5633 procul
2517 5563 2677 5617 dubio
2706 5563 2756 5616 in
2791 5563 3036 5633 praesenti
3065 5579 3223 5618 causa
3253 5565 3586 5619 sentiendum
3615 5576 3716 5618 est.
3747 5564 3876 5618 Pro-

2374 5678 2388 5706 ¹
2424 5684 2498 5744 gr.
2525 5676 2672 5744 addit,
2709 5683 2754 5744 et
2791 5689 2875 5725 nos
2913 5674 3216 5744 rapa-lenuit,
3255 5682 3300 5728 et
3330 5685 3440 5728 ,ορο
3475 5689 3565 5727 non
3591 5675 3796 5740 placent,
3837 5687 3881 5728 rt

2309 5737 2525 5788 omnibus
2545 5737 2808 5789 hominibus
2835 5737 3063 5789 contrarii
3077 5746 3212 5812 sunt.‘
