4220 6300
346 349 447 408 £9!

332 466 573 533 ῖσχυσεν,
614 461 691 528 ὥς
731 463 827 518 καὶ
874 450 1215 532 Ῥωμαίους,
1242 467 1340 521 καὶ
1389 466 1626 539 Πέρσας,
1671 468 1769 522 καὶ
1822 465 1920 520 Ἰν-

326 554 474 619 δοῦς,
508 555 608 609 καὶ
650 555 883 619 Σκύθας,
923 556 1019 609 καὶ
1062 557 1348 622 Αἰθίοπας,
1396 558 1491 611 καὶ
1533 558 1916 631 Σαυρομάτας,

327 646 427 699 καὶ
473 646 743 718 Πάρθους,
800 646 896 699 καὶ
943 647 1187 718 Μήδους,
1239 648 1335 702 καί
1392 650 1766 721 Σαρακηνοὺς,
1819 649 1919 703 καὶ

327 734 475 789 ἅπαν
502 734 693 799 ἁπλῶς
722 735 784 788 τὸ
815 735 923 790 τῶν
957 735 1260 808 ἀνθρώπων
1288 736 1444 806 γένος
1477 738 1615 810 πρὸς
1646 738 1747 811 τήν
1779 740 1915 810 ἀλή-

327 826 481 881 θειαν
525 829 895 897 ἐπαναγαγεῖν
942 830 1000 881 ὲν
1044 829 1219 881 ἔτεσιν
1258 829 1379 883 οὐδέ
1420 830 1562 893 ὅλοις
1597 831 1915 903 τριάκοντα.

325 917 501 971 Πόθεν
531 913 657 983 οὖν,
683 918 803 973 εἰπέ
846 936 958 990 μοι,
994 920 1023 972 ὁ
1060 920 1345 992 ἀγοραῖος,
1373 921 1469 974 καὶ
1505 922 1599 975 ἐπὶ
1643 922 1917 994 ἐργαστη-

324 1008 447 1075 ρίου
495 1007 768 1079 έστηκὼς,
806 1010 900 1064 καὶ
932 1008 1133 1081 σμίλην
1181 1009 1595 1081 μεταχειρίζων,
1627 1013 1722 1065 καὶ
1756 1012 1917 1076 αὐτὸς

321 1096 554 1152 τοιαῦτα
605 1098 934 1170 ἐφιλοσόφει,
990 1100 1087 1153 καὶ⁵
1131 1102 1261 1165 τοὺς
1306 1102 1502 1169 ἄλλους
1556 1104 1761 1170 ἔπεισε,
1821 1105 1918 1159 καὶ

323 1187 477 1260 ἔθνη,
516 1190 613 1243 καὶ
651 1190 856 1255 πόλεις,
900 1192 995 1246 καὶ
1034 1191 1239 1264 χώρας,
1276 1194 1336 1261 οὐ
1379 1194 1553 1265 λόγων
1596 1197 1749 1267 ἰσχὺν
1794 1199 1917 1252 ἐπι-

321 1281 695 1352 δεικνύμενος,
730 1282 865 1336 άλλά
893 1284 989 1337 καὶ
1027 1285 1338 1339 τούναντίον
1363 1286 1531 1351 ἀπαν,
1558 1288 1657 1358 τὴν
1681 1288 1917 1360 ἐσχάτην

320 1373 567 1444 ἀμαθίαν
599 1374 815 1445 ἀμαθὴς
844 1373 950 1441 GN;
980 1376 1246 1431 Ἄκουσον
1276 1377 1408 1446 γοῦν
1444 1379 1607 1433 αὐτοῦ
1640 1378 1913 1449 λέγοντος,

320 1464 420 1517 καὶ
455 1464 558 1518 οὐκ
592 1466 980 1536 αἰσχυνομένου
1003 1482 1019 1499 ’
1062 1469 1131 1521 Εἰ
1170 1468 1271 1522 καί
1325 1468 1559 1537 ἰδιώτης
1588 1469 1686 1535 τῷ
1734 1470 1912 1541 λόγῳ,

320 1556 464 1610 ἀλλ’
500 1558 574 1610 οὐ
607 1553 684 1623 τῇ
717 1554 956 1625 γνώσει.
997 1557 1071 1611 Οὐ
1106 1558 1365 1630 χρήματα
1407 1561 1763 1631 κεκτημένος.
1804 1562 1915 1616 Kal

320 1644 435 1716 γὰρ
474 1645 569 1700 καί
609 1645 768 1700 τοῦτο
804 1647 967 1711 αὐτός
1003 1664 1170 1718 φησι·
1197 1648 1386 1719 Μέχρι
1430 1650 1544 1721 τῆς
1584 1652 1714 1719 ἇρτι
1758 1651 1915 1725 ὧρας

319 1736 421 1790 καί
439 1734 757 1806 πεινῶμεν,
775 1737 873 1791 καί
892 1736 1184 1808 διψῶμεν,
1200 1740 1302 1793 καὶ
1326 1743 1797 1812 γυμνητεύομεν,
1818 1739 1919 1797 καί

320 1823 779 1893 κολαφιζόμεθα.
810 1824 921 1878 Kal
957 1826 1011 1878 τί
1043 1826 1187 1895 λέγω
1224 1830 1502 1899 χρήματα,
1534 1832 1670 1885 ὅπου
1702 1849 1765 1902 γε
1794 1833 1915 1886 οὐδὲ

318 1915 421 1983 τῆς
447 1914 750 1983 ἀναγκαίας
778 1915 1037 1981 πολλάκις
1056 1918 1279 1990 εὐπόρει
1304 1921 1533 1992 τροφῆς,
1559 1923 1678 1977 οὐδὲ
1702 1923 1915 1993 ἱμάτιον

320 2004 719 2076 περιϐαλέσθαι
755 2000 941 2074 εἷχεν;
975 2006 1095 2060 Ὀτι
1138 2007 1195 2061 δὲ
1228 2010 1348 2063 οὐδὲ
1387 2007 1447 2077 ἐξ
1483 2011 1914 2084 ἐπιτηδεύματος

317 2093 575 2166 λαμπρὸς
612 2090 701 2164 ἦν,
744 2096 841 2150 καί
884 2093 1041 2150 τοῦτο
1084 2099 1114 2150 ό
1162 2098 1410 2170 μαθητὴς
1459 2100 1624 2154 αὐτοῦ
1671 2102 1913 2158 δείκνυσι

318 2185 517 2253 λέγων,
548 2186 632 2239 ὅτι
664 2188 901 2256 Ἔμεινε
930 2187 1082 2255 πρὸς
1124 2188 1380 2243 Ἀκύλαν
1405 2191 1506 2245 καί
1536 2194 1915 2261 Πρίσκιλλαν

318 2276 418 2331 διὰ
474 2276 543 2331 τὸ
592 2277 921 2347 ὁμότεχνον
945 2293 960 2309 ’
1010 2273 1176 2348 ἦσαν
1221 2279 1333 2348 γὰρ
1379 2281 1737 2347 σκηνοποιοὶ
1796 2282 1913 2350 τὴν

321 2366 566 2436 τέχνην.
618 2368 741 2421 Οὐκ
770 2368 878 2422 ἀπὸ
931 2369 1207 2440 προγόνων
1262 2367 1551 2440 ἐπίσημος.
1601 2371 1726 2434 Πῶς
1774 2370 1908 2443 γὰρ,

315 2456 562 2512 τοιοῦτον
601 2456 942 2527 ἐπιτήδευμα
979 2456 1149 2527 ἔχων.
1185 2456 1302 2511 Οὐκ
1343 2457 1453 2511 ἀπὸ
1491 2459 1767 2529 πατρίδος,
1813 2461 1912 2515 οὐκ

317 2547 429 2599 ἀπὸ
460 2547 667 2609 ἔθνους.
708 2546 848 2600 Ἀλλ’
882 2548 1032 2617 ὅμως
1064 2545 1233 2601 ἐλθὼν
1254 2548 1345 2610 εἰς
1379 2548 1564 2617 μέσον,
1598 2549 1693 2603 xal
1725 2551 1914 2619 φανεὶς

319 2636 503 2706 μόνον,
533 2636 712 2691 πάντα
740 2633 970 2708 ἐτάραξε
994 2636 1063 2690 τὰ
1090 2637 1198 2689 τῶν
1236 2637 1515 2703 ἐναντίων,
1547 2638 1723 2692 πάντα
1758 2638 1910 2712 [495]

319 2728 565 2798 συνέχεε,
597 2730 691 2783 xal
730 2728 981 2798 καθάπερ
1016 2727 1128 2798 πῦρ
1152 2729 1232 2791 εἰς
1262 2728 1516 2799 καλάμην
1548 2730 1787 2800 ἐμπεσὸν
1816 2734 1913 2787 καὶ

315 2816 536 2888 χόρτον,
558 2816 700 2872 οὕτω
720 2817 1024 2871 κατέκαυσε
1044 2817 1113 2871 τά
1131 2816 1240 2871 τῶν
1253 2817 1543 2889 δαιμόνων,
1565 2820 1658 2873 καὶ
1673 2821 1754 2884 εἰς
1769 2820 1912 2893 άπερ
1965 2849 1975 2855 ν

318 2908 593 2972 ἐϐούλετο,
650 2910 829 2962 πάντα
891 2907 1211 2979 μετέστησε.
1272 2909 1382 2962 Καὶ
1428 2910 1490 2962 οὐ
1541 2910 1699 2963 τοῦτο
1752 2911 1911 2979 μόνον

317 3000 440 3052 ἐστὶ
477 3001 539 3053 τὸ
577 2998 912 3068 θαυμαστὸν,
953 2999 1035 3052 ὅτι
1074 2997 1237 3061 αὐτὸς
1272 2998 1514 3066 τοιοῦτος
1557 2998 1632 3053 ὢν
1671 3000 1913 3054 τοσαῦτα

319 3089 562 3160 ἴσχυσεν,
595 3089 711 3142 ἀλλ’
739 3089 824 3142 ὅτι
854 3089 948 3142 καὶ
976 3088 1026 3141 οἰ
1055 3088 1273 3152 πλείους
1293 3088 1402 3143 τῶν
1432 3089 1908 3161 μαθητευομένων,

316 3180 570 3249 πένητες,
611 3176 837 3243 ἰδιιῖιται,
876 3178 1213 3243 ἀπαίδευτοι,
1252 3177 1397 3249 λιμῷ
1442 3176 1735 3244 συζῶντες,
1773 3181 1910 3251 ἄση-

318 3285 412 3340 μοι
446 3269 541 3321 καὶ
569 3266 628 3333 ἐξ
667 3268 917 3337 ἀσήμων.
958 3268 1068 3321 Καὶ
1100 3267 1274 3321 ταῦτα
1307 3268 1402 3321 καὶ
1440 3268 1603 3331 αὐτὸς
1628 3270 1908 3340 κηρύττει,

313 3358 414 3412 καὶ
451 3358 553 3410 οὐκ
585 3356 901 3427 αἰσχύνεται
941 3356 1115 3426 λέγων
1154 3357 1335 3410 αὐτῶν
1370 3356 1469 3429 τήν
1510 3360 1699 3415 πενίαν
1723 3376 1736 3389 ⁸
1770 3360 1909 3430 μᾶλ-

312 3447 408 3501 λον
438 3448 496 3501 δὲ
525 3447 648 3501 οὐδὲ
672 3447 988 3519 προσαιτῶν
1022 3447 1164 3519 ὑπὲρ
1190 3447 1388 3502 αὐτῶν.
1424 3449 1754 3519 Πορεύομαι
1776 3451 1907 3520 γὰρ,

314 3538 504 3609 φησὶν,
534 3541 622 3604 εἰς
656 3538 1051 3607 Ἰερουσαλὴμ
1082 3537 1377 3593 διακονῶν
1402 3540 1525 3606 τοῖς
1555 3541 1747 3610 ἁγίοις
1768 3558 1783 3587 ε
1813 3541 1909 3594 καὶ

317 3631 502 3690 πάλιν,
525 3628 691 3683 Κατὰ
717 3630 866 3698 μίαν
891 3628 1205 3707 σαϐϐάτων
1224 3628 1483 3696 ἕκαστος
1507 3629 1674 3700 ὑμῶν
1702 3630 1908 3685 τιθέτω

316 3719 463 3786 παρ’
496 3716 688 3783 ἑαυτῷ
716 3717 1105 3786 θησαυρίζων,
1132 3717 1235 3771 ἵνα
1263 3717 1372 3788 μὴ,
1402 3719 1549 3772 ὅταν
1571 3720 1745 3781 ἔλθω,
1775 3721 1909 3774 τότε

312 3808 517 3878 λογίαι
560 3808 860 3877 γίνωνται.
900 3806 1021 3861 Ὅτι
1060 3806 1119 3861 δὲ
1162 3808 1256 3861 καὶ
1299 3809 1363 3861 τὸ
1412 3808 1593 3862 πλεῖον
1624 3810 1804 3862 αὐτῶν
1847 3809 1907 3875 ἐξ

318 3897 553 3952 ἰδιωτῶν
592 3898 956 3969 συνειστήκει,
1002 3897 1311 3970 Κορινθίοις
1347 3900 1697 3965 ἐπιστέλλων,
1732 3901 1903 3973 φησί’

312 3988 583 4043 Βλέπετε
618 3988 735 4057 τὴν
756 3988 985 4057 κλῆσιν
1019 3986 1205 4058 ὑμῶν,
1236 3989 1328 4043 ὅτι
1364 3992 1437 4045 οὐ
1477 3990 1698 4045 πολλοὶ
1725 3991 1907 4061 σοφοὶ

313 4082 473 4135 κατὰ
492 4080 710 4150 σάρκα·
729 4082 827 4135 καί
850 4080 943 4135 ὅτι
968 4080 1039 4145 ἐξ
1053 4079 1325 4150 ἀσήμων,
1340 4084 1430 4137 Οὐ
1451 4084 1692 4145 πολλοὶ,
1717 4084 1901 4154 φησὶν,

313 4171 585 4238 εὐγενεῖς
612 4187 628 4202 ⁸
679 4174 773 4225 καὶ
820 4171 883 4225 οὐ
941 4172 1104 4242 μόνον
1152 4173 1255 4227 οὐκ
1303 4174 1566 4243 εὐγενεῖς,
1622 4174 1760 4228 ἀλλά
1812 4176 1906 4229 καὶ

316 4260 529 4331 σφόδρα
572 4258 826 4322 εὐτελεῖς.
868 4260 979 4313 Καί
1023 4260 1134 4330 γὰρ
1173 4261 1245 4315 τὰ
1284 4261 1546 4331 ἀσθενῆ,
1592 4263 1761 4335 φησὶ,
1797 4265 1905 4319 τοῦ

315 4350 553 4419 κόσμου
570 4348 889 4414 ἐξελέξατο
912 4352 946 4404 ό
968 4339 1133 4416 Θεὸς,
1167 4350 1268 4405 καί
1294 4352 1366 4405 τὰ
1386 4351 1473 4422 μὴ
1509 4352 1671 4416 ὄντα,
1708 4356 1810 4408 ῖνα
1833 4355 1906 4409 τὰ

314 4440 467 4496 ὄντα
489 4441 863 4511 καταργήσῃ.
901 4441 1042 4496 Ἀλλ’
1072 4441 1287 4513 ἰδιώτης
1318 4444 1417 4514 μὲν
1440 4446 1534 4499 καὶ
1560 4446 1902 4511 ἀπαίδευτος,

313 4533 545 4597 πιθανὸς
574 4533 633 4587 δὲ
665 4532 916 4588 ὁπωσοῦν
951 4523 1163 4601 εἰπεῖν;
1207 4535 1339 4590 Οὐδὲ
1380 4535 1557 4590 τοῦτο.
1605 4538 1716 4590 Kal
1746 4535 1904 4591 τοῦτο

314 4612 485 4690 αὐτὸς
536 4625 699 4680 πάλιν
746 4624 988 4679 δείκνυσι
1035 4625 1210 4695 λέγων
1232 4643 1247 4658 ·
1288 4626 1462 4697 Κάγὼ
1509 4624 1703 4698 ἦλθον
1754 4630 1905 4696 πρὸς

313 4716 499 4786 ὑμᾶς,
528 4718 602 4772 οὐ
627 4720 758 4776 καθ’
792 4719 1102 4788 ὑπεροχὴν
1134 4720 1321 4789 λόγου
1348 4721 1387 4789 ἢ
1416 4723 1660 4790 σοφίας.
1689 4739 1906 4791 καταγ-

312 4808 559 4878 τέλλων
602 4807 742 4878 ὑμῖν
794 4808 861 4864 τὸ
900 4811 1246 4879 μαρτύριον.
1300 4813 1383 4865 Οὐ
1432 4813 1545 4881 γὰρ
1591 4811 1801 4881 ἔκρινά
1850 4829 1905 4867 τι

312 4897 540 4953 εἰδέναι
570 4898 642 4953 ἐν
672 4899 836 4969 ὑμῖν,
869 4900 1025 4970 εἰμὴ
1064 4899 1298 4969 Ἰησοῦν
1325 4903 1600 4970 Χριστὸν,
1632 4905 1729 4958 καί
1763 4905 1903 4959 τοῦ-

312 5006 429 5043 τον
457 4990 914 5060 ἐσταυρωμένον
937 5007 951 5020 ο
989 4989 1090 5047 καί
1128 4995 1161 5047 ό
1199 4993 1382 5062 λόγος
1410 5011 1530 5062 μου
1569 4995 1666 5048 καὶ
1700 4995 1766 5049 τὸ
1801 4995 1907 5063 κή-

308 5082 517 5150 ρυγμά
571 5098 685 5150 μου
732 5084 844 5149 οὐξι
889 5082 961 5136 ἐν
1010 5082 1313 5150 πειθανοῖς
1344 5095 1371 5124 ι
1407 5087 1630 5155 σοφίας
1679 5088 1902 5156 λόγοις.

330 5170 499 5224 Ἀλλὰ
534 5170 597 5225 τὸ
635 5171 1039 5244 κηρυττόμενον
1077 5176 1259 5230 ἰκανὸν
1300 5176 1723 5232 ἐπισπάσασθαι.
1766 5179 1904 5232 Ἀλλ’

312 5260 554 5315 ἄκουσον
575 5262 668 5314 καὶ
691 5263 819 5333 περὶ
844 5262 1007 5315 αὐτοῦ
1028 5263 1080 5317 τί
1105 5281 1270 5335 φησιν
1291 5281 1303 5294 ο
1323 5266 1477 5319 Ἑπεί
1507 5267 1603 5320 καί
1631 5268 1905 5324 Ἰουδαῖοι

313 5352 543 5422 σημεῖα
575 5353 834 5417 αἰτοῦσι,
880 5354 978 5409 καί
1004 5354 1299 5425 Ἕλληνες
1335 5359 1560 5427 σοφίαν
1592 5356 1902 5427 ζητοῦσιν,

316 5442 493 5511 ἡμεῖς
549 5442 620 5497 δέ
686 5447 1052 5516 κηρύττομεν
1110 5450 1369 5518 Χριστὸν
1428 5451 1903 5522 ἐσταυρωμένον,

334 5533 636 5600 Ἰουδαίοις
680 5532 798 5603 μὲν
839 5533 1206 5603 σκάνδαλον,
1252 5537 1515 5607 Ἕλλησι
1547 5538 1616 5594 δὲ
1656 5542 1902 5610 μωρίαν.

396 5717 589 5773 “Sail.
611 5726 668 5773 et
682 5720 810 5773 Bibl.
842 5722 1029 5779 πειθοῖς.

1208 355 1298 411 DE
1338 357 1684 417 LAUDIBUS
1726 358 1785 416 S.
1833 355 2040 415 PAULI
2074 360 2438 421 APOSTOLI.
2482 365 2714 423 HOMIL.
2749 367 2837 425 IV.

3514 362 3622 416 492

2042 464 2200 521 ’Δλλά
2242 469 2425 535 ἀδείας
2473 470 2821 543 ἀπήλαυσεν;
2871 472 3009 527 Ἀλλ’
3050 458 3173 528 οὐδέ
3214 473 3436 529 ἀνέπνει
3484 486 3616 529 ποτε

2025 566 2135 621 τῶν
2173 571 2451 626 κινδύνων.
2488 571 2743 642 Καί-γὰρ
2772 571 2843 625 έν
2886 572 3189 641 ἀσθενείᾳ,
3229 574 3383 644 φησί,
3413 574 3512 628 καί
3546 576 3617 629 ἐν

2025 671 2190 739 φόϐῳ
2225 670 2325 725 καί
2360 672 2432 726 ἐν
2452 674 2645 747 τρόμῳ
2682 670 2892 739 πολλῷ
2915 674 3207 742 ἐγενόμην
3233 652 3383 742 πρὸς
3421 676 3599 745 ὑμᾶς

2024 770 2125 823 οὐκ
2158 770 2321 836 αὐτὸς
2364 771 2421 825 δὲ
2467 772 2647 843 μόνον,
2677 770 2811 827 ἀλλά
2853 773 2948 826 καὶ
2989 774 3038 826 οἰ
3083 773 3325 845 μαθηταὶ
3364 774 3434 828 τά
3472 775 3613 828 αὐτά

2026 871 2284 943 ἔπασχον.
2314 873 2635 944 Μέμνησωε
2670 874 2799 945 γὰρ,
2836 874 2990 946 φησὶ,
3016 874 3124 940 τὰς
3154 874 3445 944 πρότερον
3473 876 3611 944 ήμέ·

2016 990 2154 1041 ρας,
2194 974 2267 1029 ἐν
2301 970 2397 1042 ατς
2435 976 2850 1044 φωτισθέντες,
2893 974 3138 1043 πολλὴν
3189 974 3453 1043 ἄθλησιν
3506 978 3612 1030 ὑπο

2026 1076 2296 1146 εμείνατε
2326 1076 2686 1146 παθημάτων
2707 1093 2722 1106 ·
2754 1077 2931 1132 τοῦτο
2946 1077 3085 1146 μὲν,
3125 1076 3487 1146 ὀνειδισμοῖς
3510 1076 3608 1131 καί

2024 1177 2275 1247 θλίψεσι
2315 1158 2764 1247 θεατριζόμενοι,
2814 1176 2989 1232 τοῦτο
3032 1160 3103 1230 δὲ
3142 1176 3438 1239 κοινωνοὶ,
3489 1173 3595 1228 τῶν

2024 1281 2177 1335 οὕτω
2211 1281 2576 1350 πασχόντων
2589 1277 3108 1348 γεννηθέντες.Καί
3140 1277 3250 1349 γὰρ
3272 1278 3395 1346 τὴν
3415 1279 3603 1347 ἀρπας

2023 1380 2143 1451 τὴν
2162 1380 2282 1436 τῶν
2307 1383 2701 1451 ὑπαρχόντων
2730 1379 2901 1450 ὑμῶν
2916 1380 3068 1449 μετὰ
3096 1376 3288 1450 χαρᾶς
3314 1378 3595 1448 προσεδέ-

2025 1481 2230 1546 ξασθε.
2278 1481 2391 1536 Kal
2434 1479 2596 1535 πάλιν
2642 1477 3093 1534 Θεσσαλονικεῶι
3139 1477 3369 1548 γράφων
3413 1477 3563 1547 λέγει
3586 1493 3607 1508 ο

2036 1580 2230 1650 Ὑμεῖς
2267 1580 2377 1650 γὰρ
2404 1580 2476 1634 τὰ
2506 1577 2661 1633 αὐτὰ
2688 1577 2937 1633 ἐπάθετε
2962 1577 3081 1633 ὑπὸ
3109 1576 3232 1632 τῶν
3260 1576 3425 1631 ἰδίων
3452 1591 3602 1647 συμ-

2021 1681 2318 1754 φυλετῶν,
2364 1681 2557 1747 καθὼς
2604 1680 2704 1736 καί
2742 1680 2913 1734 αὐτοὶ
2954 1680 3075 1737 ὑπὸ
3110 1678 3231 1734 τῶν
3278 1680 3603 1745 Ἰουδαίων,

2022 1781 2142 1837 τῶν
2190 1784 2289 1837 καί
2336 1781 2445 1836 τὸν
2489 1781 2709 1851 Κύριον
2756 1778 3275 1847 ἀποκτεινάντων,
3318 1778 3417 1833 καί
3470 1779 3608 1844 τοὺς

2021 1885 2211 1948 ἰδίους
2235 1882 2565 1952 προφήτας,
2588 1882 2689 1936 καὶ
2715 1880 2874 1950 ἡμᾶς
2892 1880 3321 1947 ἐκδιωξάντων,
3348 1879 3446 1933 καὶ
3483 1878 3608 1944 Θεῷ

2016 1981 2102 2053 μὴ
2136 1983 2540 2051 ἀρεσκόντων,
2570 1981 2669 2037 καί
2699 1981 2888 2037 πᾶσιν
2920 1981 3255 2049 ἀνθρώποις
3292 1979 3605 2034 ἐναντίων.

2021 2083 2133 2137 Kal
2184 2081 2492 2153 Κορινθίοις
2542 2081 2598 2135 δὲ
2641 2080 2804 2136 πάλιν
2858 2079 3189 2134 ἐπιστέλλων
3239 2079 3445 2147 ἔλεγεν,
3481 2074 3608 2132 Ὀτι

2021 2183 2366 2251 περισσεύει
2405 2180 2477 2235 τὰ
2513 2181 2832 2250 παθήματα
2867 2182 2973 2235 τοῦ
3009 2179 3268 2249 Χριστοῦ
3302 2180 3391 2244 εἰς
3424 2177 3605 2247 ὑμᾶς,

2022 2283 2122 2336 καί
2150 2281 2353 2351 ὥσπερ
2391 2283 2667 2336 κοινωνοί
2710 2283 2851 2337 ἐστε
2892 2281 3008 2335 τῶν
3037 2280 3418 2350 παθημάτων,
3454 2280 3609 2333 οὕτω

2020 2384 2119 2437 καί
2151 2383 2263 2449 τῆς
2295 2383 2735 2451 παρακλήσεως
2757 2400 2771 2415 ’
2826 2383 2921 2436 xal
2969 2382 3237 2451 Γαλάταις
3263 2421 3280 2446 ,
3332 2380 3608 2436 Τοσαῦτα

2020 2483 2269 2550 ἐπάθετε
2295 2481 2449 2551 εἰκῆ,
2471 2484 2656 2554 φησὶν,
2684 2482 2741 2536 εἰ
2760 2499 2827 2552 γε
2848 2479 2949 2535 καὶ
2978 2479 3128 2556 εἰκῆ,

2097 2585 2263 2637 Ὅταν
2294 2579 2388 2637 οὖν
2410 2583 2503 2637 καὶ
2526 2584 2555 2636 ὁ
2573 2580 2858 2653 κηρύττων
2888 2578 3101 2650 ἰδιώτης
3192 2578 3285 2631 καὶ
3314 2577 3481 2649 πένης
3512 2577 3608 2631 καὶ

2020 2683 2230 2754 ἄσημος
2250 2724 2265 2745 ,
2301 2684 2395 2736 καὶ⁸
2429 2682 2491 2735 τὸ
2530 2679 2931 2753 κηρυττόμενον
2970 2680 3073 2732 οὐκ
3112 2677 3420 2746 ἐπαγωγὸν,
3467 2675 3609 2729 ἀλλὰ

2020 2780 2114 2834 καὶ
2150 2781 2446 2835 σκάνδαλον
2486 2780 2627 2850 ἔχον,
2660 2777 2755 2833 καὶ
2793 2779 2843 2830 οἱ
2882 2777 3169 2839 ἀκούοντες
3210 2775 3344 2829 αὐτὸ
3374 2774 3608 2844 πένητες

2019 2882 2114 2934 καὶ
2160 2881 2406 2944 ἀσθενεῖς
2453 2880 2549 2933 καὶ
2594 2878 2829 2942 οὐδένες,
2883 2876 2977 2930 καὶ
3025 2874 3259 2929 κίνδυνοι
3316 2873 3607 2943 ἐπάλληλοι

2019 2981 2112 3031 καὶ
2138 2982 2389 3050 συνεχεῖς
2419 2976 2570 3050 μθδ]
2610 2977 2705 3031 καὶ
2738 2977 2851 3039 τοῖς
2879 2973 3217 3037 διδασκάλοις
3240 2974 3470 3036 καὶτοῖς
3498 2990 3606 3044 μα-

2018 3077 2229 3149 θηταῖς,
2262 3078 2355 3133 καὶ
2392 3078 2421 3130 ὁ
2459 3076 2954 3146 καταγγελλόμενος
2984 3072 3420 3144 ἐσταυρωμένος,
3450 3071 3504 3124 τί
3545 3072 3608 3124 τὸ

2020 3180 2250 3250 ποιῆσαν
2294 3178 2619 3250 κρατήσειν;
2664 3176 2779 3229 Οὐκ
2819 3174 3038 3244 εὔδηλον
3078 3174 3162 3227 ὅτι
3207 3166 3330 3227 θεία
3372 3188 3458 3235 τις
3508 3170 3605 3225 καὶ

2017 3277 2326 3347 ἀπόρρητος
2350 3275 2611 3346 δύναμις;
2643 3274 2812 3327 Παντί
2847 3290 2947 3326 που
2969 3274 3126 3343 δῆλον
3152 3290 3166 3303 ·
3198 3272 3296 3327 καὶ
3322 3270 3482 3325 τοῦτο
3510 3266 3607 3324 καὶ

2016 3376 2127 3429 ἀπὸ
2155 3374 2265 3430 τῶν
2302 3374 2559 3429 ἐναντίων
2589 3373 2707 3426 ἐστὶ
2744 3372 3002 3426 κατιδεῖν.
3044 3372 3213 3425 Ὅταν
3245 3368 3355 3441 γὰρ
3392 3370 3509 3440 ῐδῃς
3537 3366 3609 3420 τά

2016 3475 2235 3529 ἐναντία
2258 3459 2461 3527 τούτων
2492 3471 2889 3543 συνδραμόντα,
2919 3470 3015 3523 καὶ
3042 3468 3294 3533 πλοῦτον,
3326 3466 3423 3521 καὶ
3450 3466 3608 3534 εὐγέ-

2015 3590 2185 3642 νειαν,
2223 3572 2318 3627 καὶ
2353 3571 2613 3643 πατρίδος
2656 3571 2887 3642 μέγεθος
2907 3613 2923 3639 ,
2966 3570 3062 3625 καὶ⁸
3114 3565 3400 3640 ῥητορείας
3439 3564 3609 3618 δεινόσ-

2014 3691 2171 3745 τητα,
2202 3671 2299 3727 καὶ
2330 3672 2514 3727 ἄδειαν
2549 3671 2644 3725 καὶ
2683 3669 2981 3742 θεραπείαν
3012 3667 3233 3739 πολλὴν,
3273 3665 3367 3720 καὶ
3402 3663 3607 3727 εὐθέως

2016 3773 2308 3827 σϐεσθέντα
2347 3772 2416 3826 τὰ
2459 3770 2942 3843 καινοτομηθέντα,
2985 3769 3209 3831 τούτους
3251 3767 3307 3819 δὲ
3345 3762 3452 3820 ἀπὺ
3494 3766 3607 3819 τῶν

2012 3876 2270 3929 ἐναυτίων
2324 3878 2800 3944 περιγενομένους,
2846 3872 2901 3926 τί
2945 3871 3007 3925 τὸ
3052 3871 3248 3933 αἴτιον,
3298 3867 3422 3921 εἰπέ
3472 3882 3603 3933 μοι;

2014 3978 2221 4032 Ταύτὸν
2250 3978 2360 4048 γὰρ
2405 3974 2626 4046 συνέϐη,
2669 3970 2782 4029 οἷον
2829 3975 2896 4029 ἂν
2934 3975 2983 4027 εἰ
3034 3972 3173 4044 μετά
3223 3968 3605 4042 στρατοπέδων

2013 4077 2111 4131 καί
2166 4076 2346 4130 ὃπλων
2393 4078 2488 4130 καὶ
2542 4074 2903 4146 παρατάξεως
2954 4071 3049 4125 τοῦ
3103 4069 3475 4143 βασιλεύοντος
3526 4066 3603 4136 μὴ

2010 4176 2327 4249 δυνηθέντος
2380 4176 2654 4247 κρατῆσαι
2713 4172 2823 4228 τῶν
2883 4171 3197 4243 βαρϐάρων,
3253 4166 3468 4238 πτωχός
3518 4181 3604 4228 τις

2011 4275 2218 4347 γυμνὸς
2252 4276 2348 4330 καὶ
2386 4275 2567 4346 μόνος,
2602 4272 2698 4328 καὶ
2733 4273 2869 4345 μηδὲ
2902 4271 3152 4327 ἀκόντιον
3182 4264 3600 4339 μεταχειρίζων,

2014 4382 2152 4455 μηδέ
2200 4382 2417 4454 ᾗμάτιον
2466 4378 2628 4452 ἔχων,
2684 4378 2941 4433 εἰσελθὼν
2989 4374 3341 4448 διαπράξοιτο
3381 4373 3419 4429 ἀ
3461 4372 3602 4443 μετά

2010 4487 2191 4542 ὅπλων
2210 4486 2306 4540 καὶ
2326 4484 2682 4558 παρασκευῆς
2704 4484 2806 4538 οὐκ
2833 4483 3061 4553 ἴσχυσαν
3080 4481 3279 4551 ἕτεροι.
3306 4478 3400 4550 Μὴ
3421 4477 3603 4531 τοίνυν

2012 4593 2340 4666 ἀγνωμόνει,
2379 4588 2517 4645 ἀλλά
2552 4588 2674 4643 καθ’
2705 4587 2954 4658 ἐκάστην-
2972 4586 3107 4656 φέρε
3134 4584 3235 4656 τὴν
3271 4582 3475 4653 ψῆφον,
3506 4581 3604 4635 καὶ

2012 4696 2308 4771 προσκύνει
2333 4694 2428 4750 τοῦ
2462 4692 2865 4765 σταυρωθέντος
2895 4692 2996 4763 τὴν
3021 4689 3271 4761 δύναμιν.
3308 4687 3445 4741 Οὐδὲ
3466 4688 3600 4757 γὰρ,

2010 4789 2080 4843 ἄν
2127 4788 2245 4860 ἴδῃς
2284 4786 2405 4842 τινά
2447 4785 2633 4850 πόλεις
2664 4782 3165 4848 κατασκευάζοντα,
3215 4780 3312 4833 καὶ
3358 4779 3601 4850 τάφρους

2013 4890 2435 4967 περιελαύνοντα
2454 4931 2469 4957 ,
2521 4889 2619 4944 καὶ
2673 4889 3044 4961 μηχανήματα
3097 4886 3442 4956 προσάγοντα
3494 4883 3601 4937 τεί-

2012 5010 2154 5064 χεσι,
2205 4992 2301 5046 καὶ
2349 4990 2490 5046 ὅπλα
2544 4988 2899 5061 χαλκεύοντα,
2957 4987 3053 5041 καὶ
3110 4983 3447 5057 στρατιώτας
3495 5000 3597 5036 κα-

2012 5097 2328 5169 ταλέγοντα,
2394 5097 2491 5151 καὶ
2532 5097 2793 5169 χρήματα
2851 5093 3045 5163 ἔχοντα
3088 5091 3312 5160 ἄπειρα,
3378 5088 3472 5141 καὶ
3522 5086 3599 5158 μὴ

2012 5204 2310 5275 δυνάμενον
2341 5201 2498 5256 πόλιν
2532 5200 2661 5273 μίαν
2690 5198 2830 5254 ἑλεῖν
2847 5214 2863 5232 ’
2890 5196 3048 5253 ἄλλον
3075 5194 3135 5249 δὲ
3162 5191 3355 5264 γυμνῷ
3384 5190 3599 5262 σώματι

2014 5308 2409 5381 προσϐαλόντα,
2443 5307 2538 5361 καὶ
2564 5307 2720 5378 χερσὶ
2758 5303 2943 5377 μόναις
2974 5301 3273 5374 χρώμενον,
3312 5299 3432 5369 οὐχί
3467 5298 3597 5367 μίαν

2013 5411 2108 5464 καὶ
2151 5409 2408 5479 δευτέραν
2452 5408 2547 5462 καὶ
2600 5407 2771 5460 εἴκοσι
2804 5403 3008 5467 πόλεις,
3047 5401 3184 5455 ἀλλά
3229 5398 3423 5471 μυρίας
3458 5398 3599 5452 κατά

2013 5514 2113 5585 τὴν
2139 5510 2462 5581 οἰκουμένην
2491 5508 2865 5580 ἐπιτρέχοντα,
2896 5505 2990 5560 καὶ
3022 5501 3352 5572 αὐτάνδρους
3381 5497 3598 5569 λαμϐά-

2015 5633 2194 5679 νοντα,
2236 5614 2585 5686 ἀνθρωπίνης
2620 5610 2687 5665 ἂν
2722 5612 2897 5672 εἴποις
2931 5605 3069 5661 εἶναι
3106 5604 3265 5657 τοῦτο
3291 5601 3595 5671 δυνάμεως.

2017 5721 2173 5778 Οὕτω
2201 5722 2360 5793 δῆλον
2385 5722 2464 5776 ὅτι
2499 5720 2590 5777 καὶ
2617 5718 2730 5774 νῦν.
2766 5718 2863 5773 Διὰ
2894 5718 3001 5789 γὰρ
3029 5709 3186 5770 τοῦτο
3219 5710 3597 5785 συνεχώρησεν
