4220 6316
320 365 428 421 ιθδ

322 489 503 548 pterea
527 478 672 534 enim
693 477 955 534 concessit
986 478 1124 532 Deus
1153 488 1208 532 ct
1235 479 1471 532 latrones
1489 492 1610 532 cum
1633 477 1906 532 Salvatore

322 569 581 640 crucifigi,
614 578 670 625 et
695 581 821 623 ante
848 569 1138 624 Salvatoris
1163 571 1449 624 adventum
1473 569 1783 624 seductores
1809 569 1910 624 ali-

322 677 459 729 quos
484 676 766 730 apparere,
788 669 844 714 ut
868 661 1025 713 etiam
1047 676 1109 715 ex
1132 661 1527 730 comparatione
1550 675 1728 714 rerum
1751 659 1908 714 nimis

324 752 701 822 insipientibus
751 751 1128 806 ostenderetur
1179 753 1491 806 excellentia
1542 751 1779 806 veritatis
1813 761 1909 806 :et

323 843 597 897 discerent
624 843 745 911 quia
775 828 860 896 hic
894 857 998 895 non
1029 858 1162 894 unus
1203 858 1263 895 ex
1310 843 1415 897 illis
1435 883 1451 908 ,
1490 842 1581 896 sed
1613 843 1813 912 grande
1839 842 1908 898 sit

324 935 462 987 inter
489 941 593 986 tam
616 932 872 1002 dispares,
889 933 1256 1002 infinitumque
1274 934 1579 988 discrimen.
1603 932 1742 986 Nihil
1765 934 1907 988 enim

322 1023 518 1078 Christi
547 1023 769 1091 gloriam
798 1024 969 1093 potuit
996 1024 1321 1088 inumbrare,
1357 1025 1442 1079 vel
1470 1024 1779 1079 eorumdem
1814 1040 1912 1096 op-

322 1116 620 1185 portunitas
651 1125 945 1187 temporum
970 1158 985 1180 ,
1021 1117 1102 1172 vel
1127 1118 1431 1172 communio
1457 1119 1762 1188 passionum
1795 1136 1809 1172 :
1841 1133 1910 1176 ne

319 1213 443 1277 quis
468 1210 610 1263 enim
641 1219 872 1279 putaret,
900 1210 1023 1279 quia
1047 1209 1320 1264 datmones
1345 1224 1556 1265 crucem
1581 1225 1638 1265 et
1660 1227 1764 1266 non
1791 1225 1913 1266 cru-

320 1300 467 1354 citixi
501 1309 755 1370 paverent
777 1301 1046 1365 virtutem,
1087 1303 1346 1357 obstruxit
1370 1317 1465 1357 ora
1495 1303 1592 1358 ista
1623 1303 1908 1358 dicentium

321 1404 424 1459 par
452 1391 737 1445 latronum.
765 1389 915 1457 Quod
943 1391 988 1446 si
1018 1401 1314 1461 temporum
1334 1394 1702 1461 opportunitas
1718 1405 1910 1448 cuncta

321 1478 517 1535 fecisse
559 1480 787 1546 dicatur,
832 1481 900 1536 ad
942 1483 1309 1552 repellendum
1357 1482 1607 1538 Theudas
1649 1495 1704 1538 et
1747 1483 1910 1539 Judas

322 1574 682 1641 proferentur,
714 1574 802 1644 qui
828 1590 946 1629 cum
968 1575 1168 1629 eisdem
1195 1574 1324 1638 fere,
1348 1575 1539 1645 quibus
1568 1575 1728 1630 etiam
1754 1575 1910 1630 Chri-

319 1674 438 1716 stus
465 1664 791 1733 temporibus
809 1665 1156 1730 exstitissent,
1181 1673 1235 1719 et
1255 1665 1528 1719 veritatem
1554 1680 1647 1734 per
1664 1666 1908 1734 quaedam

319 1753 484 1806 etiam
528 1755 676 1823 signa
716 1754 1024 1824 impugnare
1067 1763 1380 1821 tentassent,
1408 1764 1624 1825 repente
1652 1755 1908 1811 destrueti

319 1854 468 1898 sunt.
512 1846 663 1911 Quod
704 1846 847 1900 enim
869 1846 978 1914 jam
1007 1857 1128 1900 ante
1157 1847 1466 1912 memoravi,
1497 1846 1615 1900 ideo
1642 1847 1906 1901 interdum

321 1934 455 1988 falsa
487 1935 602 1990 fieri
632 1937 770 1990 Deus
801 1937 948 2006 signa
982 1938 1244 1992 concessit
1263 1976 1280 2003 ,
1309 1944 1368 1990 ut
1403 1937 1758 1992 abundantius
1783 1953 1907 1992 vera

321 2032 664 2081 monstraret.
709 2026 995 2096 Pr0pterea
1041 2036 1097 2081 et
1136 2026 1624 2096 pseudoprophetas
1666 2036 1908 2097 tempore

323 2119 727 2185 prophetarum,
752 2128 803 2172 et
831 2117 1303 2187 pseudoapostolos
1327 2132 1448 2170 cum
1470 2119 1723 2186 apostolis
1743 2132 1909 2187 appa-

322 2223 442 2260 rere
471 2209 727 2276 pcrmisit,
749 2217 803 2262 ut
829 2209 1060 2264 disceres
1077 2210 1194 2278 quia
1215 2208 1550 2277 Splendentes
1575 2209 1690 2279 ejus
1717 2210 1909 2279 ubique

328 2299 555 2350 virtutes
603 2313 933 2368 nequaquam
973 2299 1259 2353 obscurare
1299 2306 1478 2368 posset
1521 2299 1810 2354 similitudo
1855 2309 1908 2354 et

322 2387 510 2440 umbra
533 2389 770 2457 qumdam
799 2389 1068 2442 virtutum.

397 2476 595 2531 Paulus
626 2479 802 2533 Ranae
831 2489 1054 2533 vexatur.
1078 2509 1148 2518 -—
1174 2481 1284 2549 Age
1318 2481 1427 2548 jam
1453 2496 1518 2534 ex
1552 2480 1669 2535 aliis
1695 2495 1907 2550 quoque

322 2569 664 2627 documentis
693 2559 977 2639 probemus
1015 2585 1135 2624 esse
1173 2571 1309 2624 banc
1353 2572 1640 2639 potentiam
1669 2572 1908 2642 singula-

323 2675 439 2713 rem
463 2669 520 2713 et
553 2661 870 2728 prmcipuam
899 2668 1055 2730 atque
1080 2661 1396 2714 mirabilem.
1428 2661 1740 2715 Docebimus
1765 2663 1904 2716 enim

325 2750 523 2805 Christi
558 2751 781 2820 gloriam
809 2753 917 2820 ipsa
946 2752 1112 2821 magis
1139 2751 1473 2806 inimicorum
1513 2753 1908 2821 impugnatione

325 2843 581 2896 crevisse.
609 2841 742 2897 Cum
766 2843 906 2898 enim
933 2843 1070 2897 hunc
1101 2844 1270 2912 ipsum
1301 2843 1510 2898 beatum
1540 2844 1756 2898 Paulum
1797 2844 1908 2898 Ro-

327 2947 429 2985 mae
442 2931 654 3001 quidam
671 2941 1134 3001 persequerentur,
1156 2933 1439 3002 aliquando
1463 2935 1564 2989 hoc
1581 2935 1750 3003 ipsum
1777 2935 1911 3005 dog-

328 3038 418 3075 ma
462 3023 751 3091 inquietius
799 3023 1176 3092 prmdicabant.
1219 3023 1502 3093 Cupientes
1556 3025 1700 3082 enim
1739 3025 1909 3080 Nero-

329 3127 452 3167 nem
477 3114 894 3183 impugnatorem
917 3115 1064 3188 Pauli
1081 3116 1254 3169 acrius
1277 3117 1327 3170 in
1349 3116 1464 3184 ejus
1482 3117 1659 3170 odium
1680 3132 1912 3172 commo-

325 3217 490 3268 vere,
519 3206 650 3257 mira
677 3204 904 3274 quadam
943 3213 1060 3259 arte
1103 3204 1327 3259 laedendi
1357 3216 1705 3277 susceperunt
1731 3216 1786 3262 et
1809 3208 1910 3277 ipsi

325 3295 651 3364 evangelici:
694 3295 1084 3365 praedicationis
1112 3296 1367 3361 ofﬁcium,
1400 3307 1457 3351 ut
1496 3297 1664 3367 magis
1708 3299 1911 3354 scilicet

328 3385 458 3440 fidei
487 3400 733 3440 sermone
762 3386 1018 3451 fervente,
1046 3395 1099 3440 et
1125 3385 1504 3454 discipulorum
1519 3397 1793 3444 crescente
1810 3405 1911 3445 nu-

326 3490 505 3541 mero,
538 3476 590 3529 in
616 3475 933 3532 immensum
961 3478 1258 3548 ignesceret
1279 3476 1426 3534 furor
1453 3481 1682 3551 tyranni,
1712 3491 1766 3536 et
1798 3481 1910 3537 fera

327 3564 534 3634 majora
562 3565 735 3621 adhuc
771 3566 1044 3637 colligeret
1081 3565 1410 3623 incrementa
1444 3569 1684 3625 feritatis.
1717 3571 1782 3625 Et
1810 3571 1912 3626 hoc

328 3655 448 3724 ipse
486 3654 554 3709 ad
595 3655 966 3727 Pbilippenses
991 3657 1186 3712 Paulus
1213 3659 1480 3724 scribens,
1508 3660 1584 3715 ait
1613 3676 1627 3716 :
1659 3662 1804 3716 Scire
1826 3679 1911 3718 vos

326 3752 520 3806 autem,
552 3744 752 3814 inquit,
786 3745 901 3799 volo
920 3787 938 3812 ,
969 3751 1174 3818 fratres,
1201 3748 1335 3817 quod
1356 3765 1470 3817 quc
1497 3751 1630 3804 circa
1655 3767 1732 3803 me
1756 3763 1872 3805 sunt
1891 3791 1908 3818 ,

328 3836 497 3905 mgis
528 3847 765 3891 uenerunt
797 3837 866 3891 ad
894 3841 1171 3908 profectum
1197 3838 1482 3909 Evangelii,
1510 3842 1582 3893 ita
1610 3851 1666 3894 ut
1695 3843 1862 3911 plures
1887 3859 1914 3896 e

328 3927 574 3997 fratribus
590 3926 894 3995 conﬁdentes
913 3929 1124 3981 uinculis
1144 3930 1286 3994 meis,
1306 3929 1646 3982 abundantius
1669 3931 1911 3984 auderent

325 4019 442 4070 sine
468 4018 644 4070 timore
662 4018 863 4072 verbum
886 4017 984 4072 Dei
1011 4019 1167 4090 loqui.
1193 4019 1414 4085 Quidam
1433 4020 1631 4089 quidem
1654 4021 1804 4074 etiam
1825 4037 1914 4090 per

327 4109 572 4161 inuidiam
604 4119 652 4163 et
686 4111 1070 4176 contentionem,
1101 4112 1305 4181 quidam
1329 4113 1476 4165 etiam
1503 4128 1590 4182 per
1614 4113 1796 4166 bonam
1822 4131 1912 4167 vo-

229 4267 234 4272 _
329 4199 575 4253 luntatem
613 4200 867 4254 Christum
907 4202 1183 4270 pradicant
1211 4202 1451 4271 :quidam
1488 4213 1654 4257 autem
1690 4219 1752 4257 ea:
1790 4220 1913 4256 cou-

329 4291 553 4344 tentionc
577 4289 830 4346 Christum
855 4292 1157 4346 annuntiant
1200 4309 1301 4346 non
1316 4294 1546 4356 1incere,
1573 4295 1912 4348 existimantes

330 4396 623 4450 pressatum
649 4382 892 4436 suscitare
914 4383 1125 4437 vinculis
1145 4386 1265 4438 meis
1287 4385 1528 4450 :quidant
1555 4395 1720 4439 autem
1741 4402 1802 4439 ea:
1829 4404 1915 4439 ca-

327 4472 500 4535 ritate,
516 4472 744 4539 scimus,
765 4475 899 4542 quod
915 4473 968 4527 in
985 4474 1272 4543 defensione
1292 4474 1552 4544 Evangelii
1572 4478 1763 4543 positus
1779 4494 1909 4529 sum.

334 4560 475 4628 Quid
491 4562 620 4614 enim
632 4563 658 4615 .’
677 4565 721 4616 si
741 4564 870 4617 omni
882 4564 1055 4627 modo,
1071 4564 1174 4617 sive
1189 4580 1276 4632 per
1288 4565 1614 4631 occasionem,
1631 4567 1732 4619 sive
1742 4583 1830 4635 per
1843 4584 1915 4620 vc-

339 4654 545 4707 ritatetu
577 4653 801 4708 Christus
819 4657 1149 4710 unnuntietur
1178 4655 1436 4726 (Philipp.
1461 4657 1741 4728 1.19-18).
1776 4657 1914 4712 Vidi-

327 4743 401 4797 sti
416 4754 586 4810 certe,
598 4745 1042 4814 quemadmodum
1059 4747 1159 4801 etsi
1181 4762 1247 4801 ex
1263 4747 1600 4801 contentione
1611 4747 1770 4816 aliqui
1788 4763 1914 4816 prta.

328 4835 589 4901 dicarem,
619 4845 798 4893 tamen
825 4836 984 4892 etiam
1016 4837 1109 4907 per
1133 4838 1374 4891 inimicos
1403 4837 1604 4891 veritas
1620 4838 1909 4893 obtinebat.

401 4927 680 4982 Christiani
697 4929 953 4984 calumnia
969 4930 1200 5001 appetiti.
1226 4958 1300 4970 —
1325 4929 1495 4998 Supra
1510 4944 1636 4983 vero
1652 4929 1788 4985 banc
1815 4931 1914 4984 ini-

328 5018 594 5074 micorum
621 5019 959 5075 calliditatem
1002 5021 1104 5075 alia
1143 5035 1352 5091 quoque
1381 5035 1458 5107 9x
1493 5019 1717 5076 adverso
1751 5023 1913 5076 multa

327 5110 638 5167 veniebant.
661 5111 794 5167 Nam
823 5123 878 5167 et
905 5113 1138 5182 antiqua:
1167 5113 1312 5183 leges
1335 5128 1441 5167 non
1470 5113 1632 5167 modo
1659 5127 1763 5168 non
1793 5115 1912 5183 opi-

329 5201 661 5268 tulabantur,
684 5218 870 5258 verum
901 5202 1062 5258 etiam
1103 5201 1522 5258 adversabantur
1562 5219 1576 5257 :
1624 5213 1914 5274 contraque

330 5292 573 5347 veritatis
599 5302 804 5364 partem
831 5308 936 5349 non
961 5293 1134 5349 solum
1165 5293 1364 5347 malitia
1391 5292 1787 5364 obloquentium
1815 5294 1913 5348 ini-

329 5383 618 5450 micorum,
647 5386 993 5441 verumetiam
1031 5384 1326 5455 ignorantia
1353 5382 1639 5438 dimicabat
1671 5399 1684 5436 :
1714 5381 1914 5453 Regem

328 5479 500 5543 enim,
532 5479 792 5549 inquiunt,
820 5478 1018 5535 habent
1036 5479 1327 5535 Christum.
1348 5478 1463 5533 Non
1484 5479 1627 5534 enim
1656 5489 1916 5535 noverant

328 5573 452 5640 ejus
479 5570 691 5625 emit-ste
740 5586 982 5642 regnum,
1026 5571 1264 5626 terribile
1301 5570 1442 5626 istud
1485 5578 1542 5625 et
1577 5570 1777 5640 absque
1802 5571 1915 5631 ullo

329 5665 566 5719 termino
584 5641 920 5735 gloriosum“:
950 5665 1044 5720 sed
1071 5665 1221 5736 quasi
1250 5665 1580 5736 tyrannidem
1614 5666 1741 5735 ipsis
1779 5666 1912 5722 infe-

327 5757 573 5814 rentibus
599 5773 692 5828 per
716 5758 1033 5815 calumniam
1069 5757 1452 5831 repugnabant,
1480 5766 1535 5816 et
1554 5758 1606 5814 in
1627 5772 1912 5815 commune

1139 364 1224 420 DE
1268 363 1608 421 LAUDIBUS
1647 362 1706 418 S.
1749 361 1951 418 PAULI
1997 361 2348 420 APOSTOLI.
2390 362 2620 420 HOMIL.
2663 365 2751 422 IV.

3500 373 3602 430 498

2017 490 2227 541 omnes,
2251 485 2304 531 et
2329 477 2631 546 specialiter
2656 476 2912 533 adversus
2936 492 3029 534 eos
3058 477 3252 550 singuli
3279 482 3602 541 dimicando.

2019 567 2074 621 ln
2095 568 2362 631 communi
2389 568 2624 638 quidem,
2665 569 2815 638 quasi
2859 579 3043 622 contra
3083 584 3197 637 eos,
3241 572 3330 642 qui
3381 573 3605 643 publica:

2017 656 2313 726 disciplinae
2365 665 2420 711 et
2464 658 2638 726 legum
2686 658 2821 712 scita
2871 658 3209 715 destruerent
3256 663 3606 732 :specialiter

2015 761 2162 809 vero,
2192 748 2342 816 quasi
2380 747 2708 817 singulorum
2748 747 2936 802 domos
2966 749 3312 807 divisionibus
3336 753 3605 808 divorttis-

2015 852 2119 906 que
2162 837 2534 892 dissolverent.
2589 837 2721 892 Nam
2763 847 2820 893 et
2874 838 3042 893 tilium
3092 849 3218 895 tunc
3264 842 3605 914 iutpuguabat

2015 938 2187 1000 pater,
2214 938 2267 983 et
2294 928 2432 983 filius
2459 940 2662 999 patrem
2687 929 2933 996 negabat,
2963 941 3015 984 et
3039 935 3286 987 maritum
3311 950 3444 989 uxor
3466 937 3598 990 ode-

2017 1030 2119 1086 rat,
2150 1031 2206 1075 et
2233 1036 2454 1075 uxorem
2498 1022 2754 1086 maritus;
2786 1020 2905 1075 filiae
2930 1037 3142 1093 quoque
3175 1038 3297 1079 cum
3345 1026 3603 1081 matribus

2015 1112 2380 1178 dissidebant;
2443 1113 2650 1183 cognati
2697 1123 2989 1185 cognatos,
3027 1116 3184 1172 amici
3228 1119 3604 1188 oppugnabant

2013 1204 2253 1258 amicos:
2285 1213 2506 1274 eratque
2541 1219 2637 1274 per
2661 1205 2898 1260 omnium
2934 1205 3124 1261 domos
3153 1207 3357 1263 varium
3389 1209 3525 1264 istud
3546 1220 3602 1266 et

2015 1294 2341 1349 multiforme
2371 1295 2592 1364 bellum,
2621 1296 2946 1366 propinquos
2982 1311 3262 1366 separans,
3287 1297 3603 1373 dispergens

2013 1387 2239 1454 curiam,
2286 1387 2485 1457 judicia
2514 1389 2837 1444 conturbans
2873 1405 2886 1443 :
2919 1403 3040 1444 cum
3071 1391 3254 1462 utique
3283 1407 3462 1448 mores
3501 1408 3591 1462 pa.

2015 1477 2103 1532 trii
2133 1479 2488 1545 solverentur,
2534 1478 2796 1534 festivitas
2833 1487 2886 1534 et
2915 1480 3123 1534 cultura
3149 1481 3451 1536 daemonum
3483 1483 3589 1551 pel-

2016 1573 2235 1635 leretur,
2267 1587 2384 1641 quae
2406 1571 2608 1642 antiqui
2636 1571 3009 1642 legumlatores
3026 1574 3109 1629 vel
3138 1573 3189 1628 in
3215 1572 3403 1645 primis
3420 1583 3602 1630 custo-

2013 1662 2208 1716 dienda
2236 1661 2617 1726 decreverant;
2646 1677 2767 1718 cum
2810 1663 2893 1717 his
2940 1664 3188 1718 omnibus
3223 1666 3385 1719 etiam
3417 1673 3599 1736 tyran-

2015 1751 2152 1806 nidis
2175 1752 2378 1807 odioste
2407 1753 2643 1822 suspicio
2683 1753 2917 1823 undique
2968 1753 3194 1809 faciebat
3237 1769 3334 1811 eos
3360 1757 3598 1825 explodi.

2012 1842 2195 1912 Neque
2224 1857 2351 1897 vero
2376 1843 2555 1898 dicere
2585 1843 2847 1913 quispiam
2877 1852 3047 1913 potest
3065 1859 3094 1898 a
3119 1843 3377 1900 Gentibus
3398 1859 3595 1916 quanta

2014 1933 2412 2000 inferebantur,
2459 1951 2487 1989 a
2544 1944 2693 2003 parte
2737 1950 2866 1989 vero
2911 1934 3214 1992 Judaaorum
3261 1937 3497 1991 omnium
3545 1938 3599 1991 in

2020 2024 2198 2092 quiete
2221 2034 2392 2090 erant,
2416 2040 2535 2078 eum
2564 2031 2710 2079 certe
2739 2024 2999 2078 istietiam
3027 2025 3218 2080 saevius
3242 2025 3600 2094 imminerent,

2014 2128 2241 2183 cumque
2267 2123 2322 2168 et
2351 2115 2450 2184 ipsi
2494 2115 2541 2169 ei
2574 2114 2989 2169 destructionem
3033 2114 3162 2185 legis
3205 2106 3597 2185 impingerent:

2014 2201 2136 2256 Non
2161 2203 2293 2256 enim
2322 2213 2500 2271 cessat,
2534 2203 2797 2272 inquiunt,
2829 2203 3034 2272 loquens
3059 2212 3234 2258 contra
3263 2205 3418 2276 legem
3445 2215 3490 2259 et
3522 2205 3598 2259 lo-

2014 2308 2128 2344 cum
2156 2303 2382 2347 sanctum
2411 2293 2546 2364 (Act.
2584 2295 2632 2349 6.
2681 2292 2793 2366 15).
2841 2294 3222 2366 Verumtamen
3249 2296 3482 2366 undique
3512 2299 3596 2351 in-

2012 2383 2169 2437 vidiae
2226 2384 2345 2454 igne
2382 2399 2674 2448 succenso,
2721 2400 2750 2439 a
2799 2384 3083 2448 domibus,
3137 2386 3206 2440 ab
3244 2387 3492 2455 urbibus,
3534 2389 3602 2442 ab

2012 2473 2174 2543 agris,
2207 2489 2235 2528 a
2263 2474 2566 2540 solitudine,
2595 2489 2624 2527 a
2648 2483 2807 2538 terra,
2845 2488 2874 2526 a
2906 2474 3059 2537 mari,
3087 2489 3117 2527 a
3147 2473 3424 2540 Gentibus,
3453 2491 3481 2530 a
3505 2476 3602 2531 Ju~

2012 2567 2163 2630 dacis,
2191 2581 2220 2619 a
2253 2567 2602 2635 principibus,
2635 2581 2666 2620 a
2696 2565 2939 2636 plebibus
2966 2567 3006 2630 ί,
3031 2581 3061 2620 a
3091 2566 3326 2637 regibus,
3356 2583 3383 2621 a
3413 2583 3596 2639 regum

2013 2658 2270 2712 minisn'is
2299 2674 2312 2710 :
2344 2673 2466 2712 eum
2495 2672 2682 2713 omnes
2709 2658 2774 2712 ad
2805 2657 3176 2712 crudelitatem
3207 2673 3266 2712 se
3293 2666 3476 2712 mutuo
3504 2674 3596 2712 co-

2013 2748 2372 2815 hortarentur,
2401 2757 2456 2804 et
2479 2765 2665 2804 omnes
2686 2749 3014 2805 ferocissime
3041 2750 3337 2818 saeviusque
3368 2765 3591 2804 consur-

2011 2846 2198 2909 gerent
2237 2855 2251 2893 :
2280 2839 2465 2893 beatus
2483 2846 2659 2894 tamen
2681 2840 2876 2894 Paulus
2897 2841 2951 2895 in
2972 2846 3145 2892 tantos
3169 2839 3317 2908 ignes
3339 2839 3598 2907 insiliens,

2012 2942 2172 3002 atque
2221 2932 2275 2986 in
2319 2931 2496 2985 medio
2538 2931 2720 2985 talium
2761 2932 3007 3000 luporum
3056 2932 3380 2996 consistens,
3405 2945 3598 3000 quam-

2012 3040 2171 3095 quam
2197 3023 2334 3078 ictus
2363 3024 2598 3077 omnium
2626 3023 2913 3094 exciperet,
2940 3041 3044 3080 non
3072 3021 3230 3076 modo
3252 3030 3426 3076 tamen
3444 3020 3598 3075 obru-

2015 3124 2098 3169 tus
2125 3115 2241 3184 ipse
2271 3128 2376 3168 non
2405 3121 2508 3181 est,
2556 3111 2649 3171 sed
2692 3117 2852 3171 etiam
2899 3130 3089 3170 omnes
3141 3110 3263 3165 illos
3298 3110 3351 3165 in
3393 3119 3598 3180 partem

2015 3203 2285 3260 transtulit
2312 3204 2571 3264 veritatis.
2597 3206 2665 3260 Et
2691 3206 2806 3261 haec
2830 3214 2883 3261 et
2911 3206 3009 3259 alia
3037 3215 3251 3276 quoque
3279 3200 3457 3271 praelia
3480 3215 3595 3256 .nou

2017 3297 2197 3351 minus
2220 3311 2359 3351 saeva
2388 3295 2697 3351 memorabo
2723 3312 2736 3349 :
2772 3303 2830 3350 ut
2872 3295 3001 3350 illud
3023 3294 3164 3364 quod
3206 3310 3236 3348 a
3260 3288 3596 3366 pseudoapo-

2015 3389 2169 3444 stolis
2212 3387 2557 3453 inferebatur,
2609 3386 2857 3457 quodque
2904 3401 3029 3442 eum
3074 3400 3237 3456 super
3278 3385 3455 3440 omnia
3492 3384 3597 3441 alia

2015 3469 2294 3550 torquebat
2320 3519 2336 3544 ,
2381 3479 2793 3535 domeSticorum
2838 3478 3013 3546 dolus,
3057 3479 3208 3533 ruina
3247 3463 3596 3534 nutantium:

2016 3572 2167 3626 multi
2188 3573 2329 3626 enim
2359 3586 2424 3624 ex
2451 3570 2684 3624 ﬁdelium
2709 3583 2933 3624 numero
2957 3569 3290 3629 labebantur.
3313 3569 3406 3624 sed
3427 3569 3592 3623 etiam

2015 3673 2198 3717 contra
2218 3663 2316 3715 ista
2337 3660 2634 3731 praevaluit.
2665 3659 2833 3723 Unde,
2856 3673 3058 3729 quaeso,
3079 3675 3144 3715 ex
3170 3674 3341 3730 quave
3361 3659 3556 3714 virtute
3578 3659 3599 3711 ν

2019 3753 2171 3820 Quia,
2216 3753 2416 3822 inquit,
2448 3768 2590 3806 arma
2627 3763 2798 3806 nostra
2845 3768 2944 3805 non
2971 3752 3220 3818 carnalia,
3251 3751 3340 3804 sed
3377 3752 3600 3821 potentia

2014 3855 2132 3900 sunt
2152 3845 2219 3898 ad
2241 3845 2625 3898 destructionem
2672 3843 3028 3909 munitionum,
3054 3843 3267 3897 consilia
3292 3843 3600 3896 destruentes

2017 3947 2064 3992 et
2101 3953 2298 3991 onmem
2339 3935 2655 3989 altitudinem
2697 3935 3017 3988 extollentem
3067 3951 3119 3988 se
3147 3933 3390 3987 adversus
3434 3933 3601 3987 scien-

2019 4027 2143 4079 tiam
2175 4025 2268 4079 Dei
2295 4024 2370 4096 (9..
2402 4023 2522 4080 Cor.
2550 4023 2638 4079 10.
2668 4024 2722 4077 4.
2767 4024 2847 4092 5).
2893 4023 3180 4092 Propterea
3221 4023 3383 4092 igitur
3419 4022 3473 4076 in
3512 4021 3598 4076 di-

2017 4132 2228 4172 versum
2254 4117 2432 4170 omnia
2470 4115 2813 4169 vertebantur
2854 4129 2918 4169 ac
2954 4114 3293 4169 mutabantur
3321 4121 3545 4183 repente
3578 4129 3595 4165 :

2016 4224 2079 4262 ac
2108 4208 2244 4261 sicut
2273 4207 2390 4276 igne
2421 4219 2679 4259 succenso
2717 4204 2965 4274 paulatim
3011 4203 3177 4272 spinae
3213 4210 3601 4257 consumuntur

2018 4310 2071 4354 et
2098 4298 2314 4361 cedunt,
2343 4296 2675 4367 flammisque
2703 4305 3039 4365 superantur,
3067 4309 3131 4349 ac
3159 4294 3339 4348 mundi
3367 4292 3601 4349 reddun-

2019 4398 2108 4444 tur
2157 4391 2373 4444 novales
2417 4407 2432 4442 :
2483 4389 2558 4442 sic
2594 4389 2751 4442 etiam
2796 4388 2944 4443 Pauli
2995 4389 3274 4441 insonante
3319 4386 3518 4456 lingua,
3545 4395 3600 4441 et

2017 4482 2162 4536 omni
2210 4483 2328 4550 igne
2377 4479 2740 4536 vehementius
2783 4479 3054 4541 irruente,
3101 4477 3362 4531 cedebant
3397 4477 3598 4542 omnia,

2018 4572 2393 4642 fugiebantque
2423 4579 2477 4623 et
2501 4570 2801 4622 daemonum
2842 4569 3037 4631 cultus,
3075 4577 3129 4619 et
3171 4566 3454 4620 celebritas
3484 4579 3601 4618 om-

2019 4666 2121 4727 nis,
2150 4672 2309 4732 atque
2352 4661 2627 4724 festivitas,
2657 4669 2711 4713 et
2748 4675 2925 4714 mores
2963 4657 3116 4727 patrii
3142 4659 3252 4723 ',et
3285 4657 3602 4725 populorum

2019 4757 2244 4820 furores,
2272 4763 2326 4809 et
2347 4764 2690 4824 tyrannorum
2731 4751 2910 4814 minus,
2946 4759 2999 4804 et
3031 4748 3236 4802 insidiae
3278 4746 3602 4800 domestico-

2018 4865 2172 4914 rum,
2217 4856 2273 4901 et
2325 4842 2896 4915 pseudoapostolorum
2943 4839 3279 4908 Operationes
3329 4838 3596 4907 maligne.

2018 4937 2129 4992 imo
2153 4951 2280 4992 vero
2312 4937 2451 4990 sicut
2485 4934 2645 4990 radiis
2680 4932 2809 4987 solis
2837 4930 3131 4985 orientibus
3160 4938 3212 4983 et
3238 4927 3472 4983 tenebrze
3509 4927 3597 4981 fu-

2017 5037 2228 5098 gantur,
2277 5033 2330 5079 et
2366 5025 2488 5078 fera:
2525 5023 2753 5084 latitant,
2799 5017 3072 5088 foveisque
3097 5016 3415 5081 conduntur,
3441 5024 3496 5071 et
3525 5016 3602 5072 la-

2021 5127 2199 5172 trones
2224 5114 2497 5177 recedunt,
2529 5121 2583 5168 et
2608 5109 2890 5164 homicidae
2918 5107 2983 5180 ad
3016 5115 3166 5162 antra
3206 5106 3514 5177 suffugiunt,
3545 5114 3602 5161 et

2019 5217 2334 5265 amoventur
2371 5207 2577 5275 piratas,
2621 5211 2675 5258 et
2711 5201 3075 5271 sepulcrorum
3099 5197 3387 5252 violatores
3417 5196 3604 5267 fugam

2019 5311 2125 5365 tur,
2156 5309 2210 5355 et
2235 5297 2460 5352 adulteri
2504 5303 2560 5350 et
2601 5292 2745 5347 fures
2771 5301 2824 5346 et
2847 5288 3176 5361 perfossores
3197 5288 3478 5343 domorum
3504 5287 3602 5342 de-

2023 5389 2272 5462 prehensi
2299 5403 2328 5441 a
2354 5386 2467 5440 sole
2502 5398 2566 5439 ac
2592 5381 2841 5452 redargui
2880 5378 3240 5450 periclitantes
3279 5378 3496 5442 abeunt,
3524 5390 3603 5432 se-

2019 5498 2123 5552 que
2172 5479 2368 5535 alicubi
2414 5476 2602 5548 procul
2639 5474 2931 5537 occultant,
2970 5471 3254 5540 omniaque
3285 5469 3455 5526 lucida
3486 5469 3602 5524 effl-

2020 5575 2229 5630 ciuntur
2256 5579 2310 5627 et
2335 5569 2502 5635 clara,
2533 5565 2919 5629 illustrantibus
2943 5563 3172 5634 desuper
3195 5562 3357 5619 radiis
3380 5569 3604 5630 terram.

2085 5709 2099 5739 ¹
2136 5715 2212 5754 Gr.
2239 5704 2390 5768 addit,
2413 5716 2443 5750 a
2465 5710 2694 5768 cognatas.
2828 5757 2858 5768 Δ,

2085 5771 2104 5801 ι
2137 5776 2211 5816 Gr.
2234 5762 2383 5815 addit.
2401 5771 2445 5816 et
2464 5762 2622 5829 lorum
2643 5762 2987 5823 comminutas.
