4220 6300
688 336 788 391 495

683 449 922 518 pelagus,
947 459 1008 501 ac
1039 453 1266 508 montes,
1296 441 1454 498 urbes
1494 443 1651 496 simul
1674 452 1832 513 atque
1860 443 2100 510 regiones
2128 457 2140 492 :
2175 441 2254 494 sic

683 547 811 592 tunc
857 535 1228 606 prmdicatione
1276 533 1530 602 fulgente,
1569 544 1626 587 et
1674 533 1868 602 ubique
1911 532 2253 602 Evangelium

685 629 1062 683 disseminante
1099 626 1284 688 Paulo,
1319 624 1593 693 fugabatur
1629 639 1800 690 error,
1843 623 2142 692 veritasque
2182 639 2259 679 re-

687 719 927 781 meabat;
959 716 1149 770 favillae
1176 730 1324 779 vero,
1354 714 1634 784 fumusque
1662 715 2000 783 templorum,
2037 723 2092 775 et
2120 727 2260 783 cym-

687 810 806 864 bala
835 807 1035 874 omnia,
1066 818 1121 862 et
1162 816 1430 876 tympana,
1461 815 1515 860 et
1551 807 1854 869 ebrietates,
1905 813 1960 858 et
2002 817 2262 858 comessa-

689 902 882 957 tiones.
909 910 964 954 et
987 909 1190 968 stupra,
1214 909 1268 954 et
1296 898 1573 963 adulteria,
1600 908 1651 950 et
1675 897 1775 950 alia
1797 896 1937 949 dictu
1962 894 2122 961 fwda,
2145 910 2262 963 quae

691 994 744 1047 in
769 993 937 1046 sacris
965 991 1074 1044 suis
1098 990 1370 1044 celebrare
1398 995 1802 1052 consueverant,
1834 986 2166 1052 defecerunt,
2192 994 2265 1039 at-

691 1100 796 1152 que
824 1089 1134 1150 consumpta
1167 1089 1311 1145 sunt,
1343 1081 1510 1133 instar
1524 1093 1662 1132 cerae.
1687 1077 1820 1146 ignis
1836 1091 2030 1146 vapore
2045 1091 2258 1146 pereun-

693 1175 782 1236 tis,
810 1181 864 1227 et
891 1173 1159 1242 palearum
1199 1171 1337 1235 vice,
1374 1185 1491 1239 quae
1531 1169 1706 1223 subito
1729 1176 2141 1222 concremantur
2177 1169 2260 1221 in-

692 1263 902 1318 cendio.
924 1263 1077 1317 Clara
1099 1278 1224 1315 vero
1244 1263 1382 1315 inter
1402 1260 1515 1315 haec
1533 1260 1767 1314 veritatis
1787 1260 2000 1313 ﬂamma
2019 1259 2265 1328 surgebat

694 1355 1061 1423 resplendens,
1105 1364 1159 1407 et
1204 1353 1375 1423 ipsum
1413 1351 1478 1405 ad
1520 1365 1685 1421 usque
1714 1353 1901 1406 cmlum
1943 1353 2266 1406 sublimitate

695 1445 1063 1499 conscendens
1101 1445 1170 1500 ab
1207 1446 1271 1498 iis
1315 1444 1643 1513 potissimum
1688 1444 1958 1498 sublevata
1983 1484 1998 1507 ,
2027 1445 2114 1513 qui
2147 1458 2264 1497 eam

696 1535 1000 1589 nitebantur
1023 1535 1339 1603 opprimere,
1369 1548 1567 1604 perque
1599 1534 1719 1588 illos
1750 1534 1918 1602 magis
1941 1534 2266 1587 incrementa

697 1624 1015 1692 suscipiens,
1060 1624 1149 1692 qui
1190 1624 1329 1677 illam
1361 1624 1686 1678 exstinctum
1727 1624 1789 1678 iri
1819 1625 2120 1692 cupiebant.
2162 1623 2269 1676 Nec

699 1715 930 1783 pericula
961 1715 1101 1770 enim
1131 1730 1466 1786 progressum
1489 1716 1626 1785 ejus,
1655 1725 1744 1769 aut
1771 1717 1998 1784 impetus
2021 1728 2270 1769 coercere

701 1812 1005 1873 potuerunt,
1049 1820 1154 1858 non
1187 1805 1424 1874 tyrannis
1453 1805 1695 1875 quaedam
1724 1806 2026 1860 inveteratae
2056 1819 2270 1858 consue-

701 1892 918 1956 tudinis,
949 1907 1052 1946 non
1079 1893 1236 1960 patrii
1265 1894 1430 1946 moris
1473 1895 1780 1966 auctoritas,
1823 1909 1928 1948 non
1974 1895 2147 1963 legum
2185 1908 2273 1964 po-

701 1990 884 2046 testas,
917 1996 1021 2034 non
1053 1981 1140 2035 illa
1184 1983 1296 2051 ipsa
1325 1983 1662 2038 custodiendi
1695 1983 1809 2053 ejus
1837 1985 1976 2054 quod
2019 1983 2274 2053 przedica-

700 2073 856 2126 batur
883 2073 1139 2141 evangelii
1171 2073 1475 2140 difficultas,
1507 2090 1604 2129 nec
1632 2074 1918 2145 quidquam
1946 2092 2129 2130 eorum
2156 2089 2275 2144 quae

703 2163 1135 2231 impedimentum
1169 2163 1358 2217 aﬂ‘erre
1405 2175 1644 2233 possunt,
1681 2167 2004 2234 prolicientis
2031 2167 2276 2221 celeriter

701 2254 938 2307 veritatis
965 2268 1176 2306 cursum
1199 2264 1288 2308 aut
1314 2255 1546 2310 incidere
1566 2265 1656 2309 aut
1673 2257 1945 2312 retardare
1968 2267 2272 2325 potuerunt.

703 2345 876 2411 Atque
928 2352 985 2396 ut
1033 2355 1284 2414 quantam
1342 2346 1481 2400 istud
1532 2348 1638 2400 vim
1685 2349 1913 2412 habeat,
1959 2365 2272 2419 cognoscas,

702 2434 1030 2487 connuinare
1080 2433 1373 2499 Gentibus,
1414 2451 1520 2490 non
1561 2437 1680 2491 dico
1737 2439 2006 2506 pericula,
2059 2439 2274 2504 famem,

705 2533 954 2588 mortem,
998 2525 1091 2578 sed
1125 2525 1377 2580 damnum
1422 2527 1638 2597 aliquod
1683 2530 1962 2597 exiguum,
1995 2540 2048 2583 et
2075 2530 2279 2585 videbis

703 2629 796 2669 eos
822 2623 1041 2682 repente
1070 2625 1318 2670 mutatos.
1353 2617 1419 2670 At
1449 2633 1553 2671 non
1584 2619 1704 2672 talia
1739 2619 2078 2674 inveniuntur
2102 2632 2157 2677 et
2191 2637 2280 2676 no-

705 2709 838 2771 stra,
868 2706 961 2760 sed
1000 2707 1227 2761 concisis
1254 2708 1552 2777 occisisque
1577 2710 1844 2773 omnibus,
1880 2719 1936 2764 et
1961 2710 2159 2781 ubique
2179 2712 2278 2766 im-

705 2797 949 2864 pugnatis
971 2798 1120 2851 vario
1143 2812 1338 2867 genere
1361 2797 1640 2868 bellorum,
1669 2801 1760 2856 illa
1781 2809 1955 2856 tamen
1973 2801 2278 2859 ﬂorentiora

705 2900 920 2954 semper
944 2887 1130 2942 cﬂ'ecta
1151 2897 1292 2942 sunt.

777 2974 937 3028 Error
978 2987 1154 3047 suopte
1195 2988 1320 3031 nutu
1362 2979 1506 3049 perit.
1545 3008 1619 3019 —
1659 2981 1725 3035 Et
1762 2981 1888 3050 quid
1937 2997 2036 3053 ego
2085 2992 2280 3038 nostrae

707 3066 879 3119 atatis
929 3080 1291 3122 commemoro
1332 3069 1555 3137 gentiles
1599 3071 1730 3125 viles
1770 3073 1929 3138 istos,
1970 3081 2021 3127 et
2062 3074 2283 3130 omnino

707 3165 1012 3224 contemptu
1031 3155 1250 3211 faciles?
1272 3158 1338 3212 Et
1365 3159 1538 3227 potius
1565 3162 1652 3231 qui
1679 3162 1817 3231 apud
1848 3164 1966 3218 illos
1990 3173 2143 3219 erant
2178 3166 2280 3220 ali-

709 3244 919 3313 quando
945 3244 1215 3301 mirabiles
1237 3249 1290 3300 in
1314 3249 1544 3304 medium
1561 3252 1912 3320 proferamus,
1931 3254 2281 3324 philosophiae

709 3334 915 3389 scilicet
953 3334 1156 3390 honore
1201 3338 1518 3404 celebratos,
1573 3340 1869 3409 Platonem,
1901 3343 2278 3413 Pythagoram,

707 3424 1008 3495 Diagoram,
1039 3428 1434 3483 Clazomenium
1465 3429 1562 3502 (α),
1595 3432 1897 3502 multosque
1935 3434 2066 3487 alios
2099 3434 2284 3504 hujus-

709 3516 873 3580 modi,
903 3526 958 3571 et
997 3525 1123 3571 tunc
1157 3517 1372 3574 demum
1411 3522 1727 3590 evangelicae
1756 3523 2147 3591 praedicationis
2175 3525 2282 3578 vir-

711 3615 876 3661 tutem
910 3608 1175 3675 probabis.
1205 3609 1334 3663 Nam
1366 3619 1486 3679 post
1510 3612 1746 3668 Socratis
1771 3629 2034 3669 venenum
2057 3615 2142 3670 alii
2168 3617 2286 3686 qui-

707 3698 829 3751 dem
849 3696 1056 3766 Megara
1082 3699 1461 3768 discesserunt,
1479 3703 1671 3756 similia
1693 3704 1925 3772 patiendi
1947 3714 2121 3770 metu;
2150 3706 2285 3761 alter

709 3796 886 3841 autem
913 3797 968 3842 et
994 3790 1156 3857 patria
1182 3799 1237 3845 et
1274 3791 1515 3847 libertate
1552 3794 1789 3862 privatus
1813 3796 1916 3861 est,
1962 3809 2062 3849 nec
2088 3805 2284 3865 praeter

712 3892 872 3931 unam
948 3879 1224 3934 mulierem
1295 3881 1644 3952 philosophia;
1711 3899 2030 3955 quemquam
2095 3886 2286 3949 studiis

709 3967 1044 4036 subjugavit;
1090 3969 1240 4023 Plato
1281 3979 1458 4026 autem
1491 3973 1757 4042 depictam
1797 3975 1852 4028 in
1900 3975 2104 4046 paginis
2129 3974 2289 4030 disci-

769 4079 846 4141 (α)
877 4086 1201 4142 Anaxagoram
1221 4081 1589 4134 clazomenium.

1421 331 1482 388 S.
1520 330 1795 388 JOANNIS
1832 323 2298 386 CHRYSOSTOMI
2335 323 2655 385 ARCHIEP.
2695 323 3226 386 CONSTANTINOP.

3835 327 3943 382 £96

2358 442 2556 512 plinam
2603 441 2905 511 relinquens
2949 439 2999 493 in
3041 447 3267 492 mortem
3314 434 3519 492 solutus
3561 447 3664 492 est.
3704 439 3768 492 Et
3799 447 3944 494 certe

2359 532 2491 586 nihil
2515 532 2595 586 eis
2632 540 2758 586 tunc
2780 529 3162 598 impedimento
3185 535 3320 595 erat,
3353 542 3459 582 non
3493 529 3812 597 periculum,
3837 547 3944 584 non

2359 629 2588 691 egestas,
2618 636 2722 674 non
2747 619 3005 686 imperitia
3028 617 3292 672 sermonis
3322 635 3334 670 :
3362 618 3456 671 sed
3474 627 3626 672 erant
3646 627 3701 672 et
3719 618 3947 672 dicendo

2360 718 2628 780 potentes,
2670 719 2725 763 et
2771 709 2960 778 Opibus
2998 705 3300 770 afﬂuentes,
3348 714 3400 760 et
3454 705 3731 762 nobilitate
3763 709 3947 775 patriar

2362 797 2674 867 gloriantes.
2719 797 2914 853 Verum
2963 810 3297 864 nequaquam
3337 795 3581 850 obtinere
3613 807 3945 865 potuerunt;

2363 887 2482 941 talis
2504 896 2589 940 est
2614 887 2755 959 enim
2781 886 3016 941 conditio
3045 887 3244 940 erroris
3271 925 3285 951 ,
3319 885 3478 940 etiam
3504 887 3651 939 nullo
3679 888 3779 940 sibi
3803 887 3946 941 obsi-

2363 987 2536 1033 stente
2563 979 2917 1043 consenescit,
2945 992 3006 1031 ac
3043 976 3233 1049 deﬂuit
3261 994 3275 1032 :
3321 973 3441 1030 talis
3475 987 3652 1040 autem
3681 992 3713 1032 e
3738 979 3952 1033 diverso

2364 1069 2604 1123 veritatis
2641 1076 2831 1132 status,
2864 1069 3022 1122 etiam
3064 1067 3244 1121 multis
3270 1067 3704 1136 impugnantibus
3727 1069 3954 1122 suscita-

2365 1169 2452 1214 tur
2474 1168 2529 1214 et
2553 1162 2765 1213 crescit.
2799 1160 2925 1215 Hinc
2953 1168 3128 1213 autem
3166 1159 3236 1212 ita
3261 1174 3379 1213 esse
3409 1159 3605 1212 veritas
3636 1173 3816 1212 rerum
3841 1161 3954 1228 ipsa

2365 1253 2679 1321 proclamat,
2701 1249 2936 1318 nihilque
2958 1249 3045 1302 hic
3063 1264 3196 1319 opus
3217 1257 3300 1302 est
3318 1247 3616 1302 assertione
3643 1249 3954 1314 verborum,

2366 1356 2486 1396 cum
2534 1354 2720 1395 vocem
2775 1339 3170 1409 quodammodo
3237 1348 3381 1392 totus
3435 1338 3668 1408 undique
3724 1338 3959 1394 mundus

2369 1435 2598 1497 emittat,
2626 1433 2787 1486 urbes
2814 1430 3038 1497 scilicet,
3069 1438 3124 1484 et
3151 1430 3284 1500 agri,
3316 1437 3371 1484 et
3399 1437 3576 1494 terrae,
3605 1440 3658 1484 et
3687 1431 3876 1493 maria,
3905 1439 3961 1485 et

2369 1525 2484 1578 loca
2509 1523 2648 1577 culta
2676 1529 2835 1588 atque
2865 1521 3098 1586 deserta,
3131 1519 3259 1589 ipsze
3279 1536 3488 1590 quoque
3512 1521 3673 1574 etiam
3695 1519 3960 1573 montium

2369 1613 2724 1666 summitates.
2776 1610 2959 1680 Neque
2999 1610 3142 1664 enim
3189 1609 3528 1664 solitudinem
3580 1609 3831 1664 beneﬁcii
3877 1611 3960 1662 sui

2370 1702 2585 1771 reliquit
2615 1710 2906 1766 exsortem,
2939 1698 3033 1754 sed
3075 1700 3240 1768 ipsam
3273 1698 3502 1752 maxime
3540 1699 3626 1766 iis,
3654 1715 3772 1767 qua:
3805 1699 3962 1753 nobis

2372 1795 2440 1849 de
2491 1793 2623 1848 cmlo
2668 1793 2889 1846 veniens
2928 1791 3139 1857 detulit,
3185 1791 3337 1845 bonis
3389 1790 3643 1860 replevit,
3675 1805 3772 1859 per
3810 1790 3961 1843 Pauli

2374 1884 2638 1953 praecipue
2668 1882 2919 1951 linguam,
2951 1896 3148 1950 perque
3175 1881 3339 1946 illam,
3369 1896 3524 1949 quam
3549 1881 3600 1933 in
3635 1881 3804 1949 ipsum
3833 1895 3962 1933 con-

2377 1973 2516 2038 tulit,
2545 1971 2793 2041 gratiam.
2831 1972 2962 2037 Quia
2993 1970 3133 2024 enim
3175 1969 3386 2038 dignam
3413 1970 3499 2022 tali
3538 1968 3681 2021 dono
3721 1966 3960 2021 devotio-

2377 2077 2498 2116 nem
2521 2061 2760 2130 gerebat,
2794 2061 3008 2130 copiosa
3045 2059 3097 2112 in
3127 2059 3215 2112 illo
3243 2059 3402 2112 etiam
3445 2059 3613 2126 gratia
3639 2056 3962 2120 coruscavit,

2377 2153 2709 2223 plurimaque
2753 2151 2975 2214 horum,
3022 2166 3139 2221 qua:
3185 2149 3460 2218 hucusque
3502 2149 3916 2203 memoravimus
3948 2188 3962 2205 .

2378 2245 2542 2314 ipsius
2567 2258 2662 2298 ore
2687 2257 2750 2297 ac
2768 2257 3015 2297 sermone
3039 2241 3300 2310 completa
3327 2249 3468 2296 sunt.

2455 2359 2617 2412 Paulo
2644 2357 2832 2411 similes
2858 2372 2962 2409 esse
2992 2353 3632 2424 possumus.—-Quoniam
3676 2353 3834 2421 igitur
3882 2352 3952 2405 ita

2378 2461 2547 2518 genus
2577 2457 2816 2501 nosmtm
2850 2443 3146 2498 nobilitavit
3189 2443 3328 2497 Deus
3351 2483 3366 2506 ,
3418 2452 3476 2496 ut
3506 2458 3665 2496 unum
3695 2441 3967 2494 hominem

2379 2538 2686 2607 dignaretur
2709 2544 2973 2590 tantorum
2996 2549 3208 2587 causam
3239 2532 3411 2587 facere
3432 2532 3712 2594 bonorum,
3745 2532 3966 2585 studea—

2381 2642 2500 2681 mus
2525 2634 2581 2679 et
2605 2639 2703 2678 nos
2746 2623 2860 2693 ejus
2907 2624 3108 2677 similes
3149 2623 3389 2676 inveniri.
3435 2621 3617 2688 Neque
3657 2636 3785 2673 vero
3828 2620 3971 2674 istud

2383 2713 2710 2783 impossibile
2739 2722 2985 2781 putemus
3008 2728 3022 2764 :
3045 2711 3294 2780 quoniam
3315 2752 3330 2776 ,
3359 2718 3417 2764 ut
3445 2725 3589 2778 saepe
3615 2708 3722 2763 dixi
3748 2719 3800 2763 et
3830 2725 3972 2763 nunc

2384 2804 2655 2859 inculcare
2693 2817 2798 2858 non
2843 2816 3031 2866 cesso,
3081 2802 3182 2855 tale
3225 2801 3333 2866 illi,
3375 2801 3530 2871 quale
3573 2801 3732 2854 etiam
3777 2800 3970 2864 nobis,

2381 2909 2576 2964 corpus
2605 2893 2722 2958 fuit,
2754 2893 2870 2947 talis
2896 2894 3091 2958 anima,
3118 2893 3247 2946 tales
3271 2893 3396 2958 cibi,
3428 2892 3522 2945 sed
3549 2893 3796 2945 voluntas
3824 2892 3876 2944 in
3905 2907 3974 2946 co

2383 2985 2644 3042 mirabilis
2666 3026 2682 3048 ,
2728 2993 2781 3038 ct
2809 2984 3058 3052 praeclara
3104 2983 3350 3046 devotio,
3395 2992 3451 3036 et
3481 2982 3618 3034 istud
3646 2991 3728 3034 est
3754 2996 3974 3051 prorsus

2385 3077 2526 3133 unde
2550 3077 2636 3131 ille
2663 3075 2782 3130 talis
2808 3075 3027 3128 cﬂ'ectus
3052 3083 3152 3128 est.
3179 3073 3344 3127 Nemo
3369 3073 3531 3143 igitur
3560 3071 3785 3136 diftidat,
3811 3089 3974 3127 nemo

2386 3169 2672 3238 desperet:
2694 3168 2737 3221 si
2769 3165 3008 3220 intendas
3032 3165 3266 3217 animum
3295 3173 3348 3217 et
3383 3177 3681 3231 przepares,
3713 3163 3844 3216 nihil
3884 3170 3968 3223 est

2385 3262 2527 3332 quod
2559 3269 2610 3314 te
2637 3259 2704 3313 ab
2733 3257 2969 3326 ejusdem
2999 3256 3182 3325 gratia-
3218 3254 3389 3324 possit
3425 3253 3707 3321 prohibere
3733 3253 3974 3331 muneri-

2386 3331 2486 3406 bus
2515 3367 2527 3403 :
2553 3364 2657 3403 non
2686 3356 2770 3402 est
2801 3345 2942 3400 enim
2975 3358 3322 3413 personarum
3354 3350 3603 3410 acceptor
3632 3341 3794 3395 Deus.
3829 3331 3975 3395 idem

2387 3441 2714 3508 illum’teque
2743 3435 2988 3491 formavit
3012 3453 3025 3488 :
3051 3444 3105 3489 et
3127 3432 3571 3503 quemadmodum
3602 3432 3762 3497 illius,
3792 3432 3862 3484 ita
3888 3442 3971 3485 est

2389 3535 2550 3589 etiam
2579 3541 2702 3586 tuus
2727 3531 2896 3594 Deus;
2940 3543 3002 3581 ac
3032 3527 3167 3580 sicut
3194 3525 3341 3580 illum
3381 3523 3573 3578 merito
3610 3523 3875 3586 laudavit,
3906 3523 3977 3576 ita

2387 3629 2548 3683 etiam
2575 3626 2666 3680 tibi
2682 3623 2836 3679 offert
2850 3635 3122 3677 coronam.
3145 3617 3517 3687 Spondeamus
3544 3615 3702 3686 igitur
3725 3625 3969 3669 nosmet-

2389 3719 2533 3788 ipsos
2560 3717 2690 3778 Deo,
2723 3723 2881 3783 atque
2906 3710 3245 3775 mundemus,
3275 3717 3337 3762 ut
3367 3721 3465 3761 nos
3489 3720 3702 3775 quoque
3731 3703 3982 3759 eamdem

2391 3807 2612 3879 gratiam
2653 3810 3042 3872 consequentes
3064 3841 3080 3866 ,
3112 3799 3299 3853 eadem
3329 3796 3487 3851 etiam
3521 3795 3736 3864 prmmia
3779 3795 3978 3849 sortia-

2391 3913 2531 3962 mur,
2552 3895 2721 3967 gratia
2740 3903 2796 3948 et
2814 3890 3176 3947 misericordia
3193 3887 3403 3943 Domini
3425 3888 3590 3940 nostri
3614 3886 3738 3940 Jesu
3753 3885 3977 3950 Christi,

2391 3986 2479 4042 cui
2520 3995 2602 4042 est
2639 3985 2806 4056 gloria
2851 3991 2907 4037 et
2956 3981 3238 4051 imperium
3291 3978 3343 4032 in
3393 3977 3586 4031 saecula
3636 3977 3975 4030 sxculorum.

2394 4078 2589 4134 Amen.

719 4194 3978 4221 ._________________________________________________

1555 4303 1695 4376 DE
1749 4304 2285 4378 LAUDIBUS
2343 4303 2731 4378 SANCTI
2781 4301 3103 4374 PAULI

2174 4479 2495 4525 APOSTOLI.

2054 4627 2281 4642 ξ

1347 4753 1562 4795 ηοιιιιι
1601 4757 1656 4796 γ.

784 4824 887 4884 libi
937 4843 1076 4882 nunc
1124 4828 1198 4882 illi
1238 4839 1398 4896 sunt,
1443 4832 1531 4900 qui
1580 4832 1804 4902 querulo
1847 4847 2058 4903 semper
2109 4833 2288 4888 animo

713 4923 939 4970 mortem
980 4919 1183 4972 causari
1231 4920 1434 4986 solent,
1478 4931 1532 4975 et
1571 4922 1910 4992 corruptibile
1949 4923 2051 4977 hoc
2094 4937 2288 4990 corpus

714 5016 872 5076 atque
911 5007 1159 5074 passibile
1207 5010 1584 5079 impedimento
1627 5014 1724 5068 sibi
1768 5031 1888 5070 esse
1931 5015 1996 5068 ad
2041 5016 2287 5069 virtutem

718 5094 943 5163 putant?
969 5096 1199 5150 Audiant
1222 5097 1369 5152 Pauli
1399 5099 1533 5154 facta
1563 5104 1815 5171 prarclara
1837 5144 1853 5168 ,
1884 5114 1938 5158 et
1962 5104 2027 5157 ab
2067 5104 2163 5158 hac
2189 5105 2288 5159 ob-

714 5187 1026 5241 trectatione
1050 5187 1426 5257 malignissima
1456 5193 1854 5260 conquiescant.
1871 5193 2004 5261 Quid
2025 5195 2164 5249 enim
2185 5194 2287 5248 hu-

716 5292 875 5331 mano
904 5281 1081 5347 generi
1123 5295 1267 5336 mors
1299 5283 1515 5336 nocuit?
1559 5284 1681 5352 quid
1729 5301 1853 5340 vero
1880 5286 2123 5341 virtutem
2168 5301 2291 5340 cor-

716 5371 889 5438 ruptio
917 5371 1158 5440 corporis
1186 5373 1503 5443 impedivit?
1530 5374 1820 5430 Considera
1849 5376 2021 5446 itaque
2045 5377 2286 5443 Paulum,

715 5467 769 5512 et
794 5459 1029 5527 videbis,
1061 5463 1181 5532 quia
1216 5465 1368 5519 nobis
1395 5467 1553 5520 etiam
1597 5467 1660 5521 ad
1706 5469 1984 5521 maximam
2015 5470 2291 5526 utilitatem

721 5550 956 5620 proticiet
985 5552 1083 5607 ista
1113 5557 1429 5610 mortalitas.
1473 5559 1567 5612 llic
1596 5552 1736 5613 enim
1769 5560 1866 5613 nisi
1897 5560 2137 5615 mortalis
2166 5561 2292 5616 fuis-

723 5649 826 5706 set,
858 5656 1182 5715 nequaquam
1213 5645 1389 5701 dicere
1433 5649 1721 5716 potuisset,
1773 5649 1938 5718 magis
1982 5660 2157 5703 autem
2200 5665 2292 5704 ne-

719 5736 918 5803 quisset
941 5730 1241 5805 ostendere,
1262 5737 1402 5809 quod
1429 5739 1594 5809 ipsius
1618 5741 1865 5811 operibus
1894 5750 1974 5796 est
1999 5741 2248 5810 loquutus
2275 5760 2288 5795 :

2287 4604 2396 4660 m

2404 4621 2627 4635 ..ιι-ι·-

2403 4737 2653 4810 quoniam
2678 4735 2914 4801 Quotidie
2951 4735 3138 4789 morior
3165 4749 3258 4804 pro
3275 4741 3436 4788 vestra
3452 4732 3636 4803 gloria,
3654 4747 3802 4802 quam
3813 4727 3976 4783 habeo

2391 4829 2446 4883 in
2473 4829 2672 4883 Christo
2709 4826 2836 4880 Iesu
2870 4827 2947 4894 (Ι.
2975 4825 3093 4881 Cor.
3135 4825 3222 4880 15.
3263 4824 3379 4895 3i).
3409 4824 3615 4892 Ubique
3658 4823 3800 4877 enim
3829 4821 3988 4874 nobis

2394 4923 2685 4977 intentione
2724 4918 2886 4973 animi
2927 4933 2990 4972 ac
3035 4925 3276 4986 prompta
3323 4930 3457 4985 opus
3497 4923 3582 4971 est
3620 4915 3895 4969 voluntate
3920 4914 3984 4968 ἐ

2397 5027 2516 5083 qua:
2541 5013 2586 5066 si
2614 5011 2860 5066 aﬂ‘ucrint
2882 5050 2898 5076 ,
2927 5010 3060 5064 nihil
3087 5009 3190 5064 erit
3219 5008 3359 5078 quod
3408 5024 3507 5063 nos
3535 5008 3705 5077 possit
3732 5023 3761 5062 a
3790 5007 3990 5060 virtute

2399 5102 2682 5172 prohibere
2701 5143 2715 5167 ,
2747 5102 2885 5157 sicut
2914 5102 3162 5171 superior
3187 5101 3294 5170 jam
3321 5115 3500 5155 sermo
3524 5107 3850 5154 memoratus
3874 5107 3984 5151 est.

2396 5191 2584 5248 Nonne
2629 5201 2744 5247 erat
2782 5193 2884 5247 iste
2933 5191 3210 5246 mortalis?
3254 5207 3431 5245 nonne
3478 5189 3763 5261 ignobilis?
3807 5201 3990 5242 nonne

2399 5299 2628 5355 pauper,
2657 5292 2710 5339 et
2733 5283 3039 5354 quotidiana
3066 5297 3230 5351 opere
3272 5283 3470 5336 victum
3498 5279 3784 5351 quaerens?
3807 5293 3991 5334 nonne

2399 5358 2594 5444 corpus
2619 5375 2802 5430 habuit
2831 5376 3035 5430 cunctis
3064 5385 3264 5428 natura:
3295 5372 3701 5428 necessitatibus
3728 5371 3988 5441 subjuga-

2402 5467 2548 5522 tum?
2575 5466 2711 5533 Quid
2734 5481 2860 5535 ergo
2880 5481 3001 5519 eum
3025 5467 3190 5520 vetuit
3213 5465 3335 5530 illis,
3365 5464 3554 5533 quibus
3579 5461 3777 5527 ﬂoruit,
3800 5461 3989 5530 splen-

2399 5557 2529 5612 dere
2554 5557 2873 5612 virtutibus?
2904 5555 3145 5612 Profecto
3181 5555 3333 5611 nihil.
3377 5554 3565 5610 Nullus
3603 5567 3733 5624 ergo
3761 5560 3991 5606 intereat

2438 5682 2482 5752 ηε
2513 5683 2583 5752 ln_
2603 5683 2788 5752 Graeco,
2815 5692 2878 5752 et.
2900 5697 2990 5731 non
3025 5692 3093 5733 cst
3123 5684 3512 5749 impedimentum
3529 5722 3541 5745 ,
3567 5683 3616 5734 in
3641 5683 3815 5746 primis
3838 5686 3977 5738 0ταὶ-

2398 5743 2534 5794 nibus
2557 5743 2706 5808 fuisse
2730 5743 3021 5794 constitutus.
