4220 6300
692 315 797 372 ΜΠ

692 429 863 502 μόνοι,
893 428 1004 482 ὅσοι
1033 425 1206 497 ψυχὴν
1230 426 1707 497 μεμαλακισμένην
1732 425 1826 478 xal
1852 424 2083 478 διάνοιαν
2102 424 2253 493 ἐχου-

692 536 778 572 σιν
804 504 1304 587 ἐκνενευρισμένην.
1334 514 1502 568 Τοῦτο
1524 516 1632 587 γὰρ
1663 515 1868 581 γίνεται
1898 513 2126 583 κώλυμα
2153 514 2252 583 μό-

688 625 778 662 νον
805 608 939 679 πρὸς
962 605 1181 678 ἀρετὴν,
1206 605 1371 659 κακία
1389 605 1584 674 ψυχῆς,
1611 604 1706 658 καὶ
1732 604 1971 674 μαλακία
1995 603 2213 673 γνώμης
2235 620 2247 632 ’

686 695 889 766 ταύτης
921 695 978 750 δέ
1020 696 1146 750 ἀνευ
1194 695 1300 748 τῶν
1345 693 1517 748 ἄλλων
1567 693 1739 747 οὐδέν.
1772 694 1881 747 Kal
1910 691 2065 746 τοῦτο
2094 692 2250 763 δῆλον

686 786 794 839 ἀπὸ
816 786 909 839 τοῦ
935 786 1203 857 μακαρίου
1226 784 1413 838 τούτου
1435 783 1529 837 τοῦ
1550 783 1645 837 νῦν
1669 782 2060 851 συναγαγόντος
2083 783 2247 852 ἡμᾶς.

689 878 899 949 Ὠσπερ
942 876 1050 949 γὰρ
1093 875 1278 931 τοῦτον
1322 874 1472 928 οὐδὲν
1502 873 1679 929 ταῦτα
1711 871 2077 942 παρέϐλαψεν,
2110 871 2251 924 οὕτω

684 966 811 1029 τοὺς
836 964 1032 1031 ἔξωθεν
1055 964 1207 1018 ούδέν
1231 963 1301 1017 τὰ
1320 962 1535 1015 ἐναντία
1553 962 1851 1033 ὠφέλησεν,
1868 961 1928 1013 οὑ
1952 960 2123 1028 λόγων
2146 959 2251 1012 δει-

686 1063 866 1132 νότης,
896 1063 954 1116 οὑ
985 1064 1279 1135 χρημάτων
1310 1062 1532 1132 πλῆθος,
1565 1064 1625 1116 οὐ
1672 1060 1997 1133 περιφάνεια
2040 1060 2246 1129 γένους,

688 1162 750 1215 οὑ
778 1161 935 1232 δόξης
973 1161 1220 1232 μέγεθος,
1251 1162 1312 1214 οὑ
1344 1162 1404 1215 τὸ
1431 1162 1489 1214 ἐν
1512 1161 1796 1233 δυναστείᾳ
1824 1156 1983 1214 εἶναι.

752 1264 818 1317 Τί
864 1264 1007 1333 λέγω
1045 1264 1172 1327 τοὺς
1212 1262 1564 1335 ἀνθρώπους;
1613 1263 1811 1333 μᾶλλον
1839 1264 1897 1317 δέ
1925 1263 2087 1334 μέχρι
2118 1262 2247 1316 πότε

682 1366 774 1417 ἐπὶ
798 1365 899 1435 τῆς
927 1365 1030 1435 γῆς
1056 1363 1268 1434 κατέχω
1292 1364 1383 1416 τὸν
1405 1362 1578 1430 λόγον,
1607 1361 1724 1427 ἐξὸν
1766 1364 1939 1416 είπεῖν
1974 1362 2071 1427 τὰς
2103 1362 2247 1415 ἀνω-

680 1461 844 1531 τέρας
884 1462 1159 1531 δυνάμεις,
1200 1461 1295 1524 τὰς
1339 1460 1532 1531 ἀρχὰς.
1575 1462 1670 1515 καὶ
1714 1461 1812 1525 τάς
1858 1461 2123 1528 ἐξουσίας,
2155 1461 2246 1515 καὶ

677 1562 803 1622 τοὺς
832 1562 1277 1632 κοσμοκράτορας
1311 1562 1403 1613 τοῦ
1437 1561 1659 1624 σκότους
1681 1560 1776 1614 τοῦ
1805 1561 1997 1625 αἰῶνος
2020 1560 2243 1625 τούτους

677 1665 730 1716 τί
759 1662 866 1733 γὰρ
889 1663 1064 1732 ὢνησε
1088 1663 1307 1727 τούτους
1331 1664 1392 1716 τὸ
1416 1664 1575 1733 φύσιν
1602 1665 1854 1735 τοιαύτην
1873 1665 2091 1733 λαχεῖν;
2125 1664 2246 1734 οὐχὶ

681 1761 929 1831 ἔρχονται
968 1763 1136 1814 πᾶσαι
1165 1762 1221 1814 ai
1254 1761 1511 1831 δυνάμεις
1543 1762 1857 1833 κρινόμεναι
1889 1761 1977 1815 διὰ
2009 1760 2243 1825 Παύλου,

678 1865 771 1916 καὶ
814 1864 919 1915 τῶν
969 1865 1089 1915 κατ’
1111 1865 1346 1928 ἐκείνον;
1391 1866 1512 1916 Οὐκ
1544 1862 1743 1916 οἴδατε
1786 1862 1894 1933 γὰρ
1936 1862 2121 1933 φησὶν,
2155 1861 2245 1915 ὅτι

678 1967 976 2036 ἀγγέλους
1002 1966 1338 2036 κρινοῦμεν,
1362 1967 1505 2036 μήτι
1533 1984 1600 2036 τε
1624 1966 1905 2032 βιωτικᾴ;
1935 1967 2027 2036 Μὴ
2066 1966 2245 2021 τοίνυν

677 2069 947 2139 δι’ἓτερον
995 2069 1160 2139 μηδὲν
1210 2070 1481 2141 ἀλγῶμεν,
1508 2069 1643 2124 ἀλλὰ
1689 2069 1778 2123 διὰ
1823 2070 2018 2123 κακίαν
2062 2069 2240 2139 μόνον,

684 2169 818 2238 μηδὲ
847 2169 1059 2223 δι’ἀλλο
1091 2171 1368 2242 χαίρωμεν
1402 2173 1492 2224 καὶ
1520 2172 1957 2243 εὐφραινώμεθα,
1992 2170 2126 2224 ἀλλά
2174 2170 2240 2223 δι’

675 2268 875 2339 ἀρετὴν
922 2271 1097 2339 μόνον.
1116 2272 1243 2325 Ἐὰν
1271 2272 1472 2343 ταύτην
1503 2273 1853 2345 ζηλώσωμεν,
1877 2276 2027 2328 οὐδὲν
2049 2276 2110 2328 τὸ
2138 2293 2245 2328 κω-

675 2370 800 2426 λύον
842 2374 1090 2440 γενέσθαι
1133 2376 1274 2430 κατά
1314 2377 1542 2449 Παῦλον.
1562 2378 1796 2444 Ἐκεῖνος
1836 2378 1943 2452 γὰρ
1984 2382 2103 2452 οὐχὶ
2135 2383 2242 2436 ἀπὺ

673 2473 774 2542 τῆς
808 2477 1029 2546 χάριτος
1079 2480 1238 2548 μόνον
1285 2479 1525 2543 τοιοῦτος
1574 2483 1807 2550 ἐγένετο,
1843 2485 1977 2538 ἀλλά
2010 2487 2102 2538 καὶ
2136 2486 2243 2540 ἀπὸ

672 2576 775 2647 τῆς
800 2579 1003 2644 οίκείας
1035 2581 1370 2653 προθυμίαςο
1402 2584 1495 2637 καὶ
1516 2584 1603 2637 διὰ
1628 2586 1785 2638 τοῦτο
1821 2586 1971 2658 [501]
2000 2588 2106 2640 ἀπὸ
2143 2591 2241 2659 τῆς

673 2679 916 2751 χάριτος,
952 2684 1136 2756 ἐπειδὴ
1169 2686 1262 2738 καὶ
1294 2686 1401 2739 ἀπὸ
1431 2686 1530 2756 τῆς
1562 2687 1888 2758 προθυμίας.
1925 2690 2061 2742 Μεθ’
2082 2692 2242 2761 ὑπερ-

672 2780 834 2853 ϐολῆς
860 2786 965 2855 γὰρ
994 2788 1245 2858 ἑκάτερα,
1287 2789 1381 2841 καὶ
1409 2788 1476 2841 τὰ
1503 2786 1594 2840 τοῦ
1620 2788 1754 2842 Θεοῦ
1784 2790 2041 2844 ἐπνευσεν
2072 2790 2237 2863 αὐτῷ,

673 2883 763 2935 καὶ
799 2884 868 2937 τὰ
892 2886 991 2954 τῆς
1018 2888 1221 2951 οίκείας
1254 2888 1625 2959 προαιρέσεως
1657 2890 1885 2960 ὑπῆρξε.
1918 2889 2103 2944 Βούλει
2137 2910 2241 2962 μα·

674 2987 782 3040 θεῖν
813 2987 883 3041 τὰ
909 2987 1001 3040 τοῦ
1029 2989 1160 3043 Θεοῦ
1185 3006 1200 3056 ;
1223 2991 1306 3043 Τά
1333 2991 1523 3060 ἱμάτια
1548 2991 1711 3044 αὑτοῦ
1738 2992 2091 3047 ἐδεδοίκεισαν
2124 2995 2237 3048 δαί-

674 3107 853 3159 μονες.
885 3090 1022 3145 Ἀλλ’
1048 3094 1109 3146 οὑ
1147 3094 1410 3164 θαυμάζω
1446 3094 1623 3160 τοῦτο,
1666 3096 1853 3167 ὥσπερ
1902 3098 2007 3149 οὐδ’
2030 3098 2112 3151 ὅτι
2143 3098 2239 3168 τὴν

671 3194 831 3247 σκιὰν
864 3196 1067 3267 Πέτρου
1094 3197 1163 3249 τά
1191 3200 1469 3269 νοσήματα
1505 3198 1737 3268 ἔφυγεν·
1776 3200 1910 3254 ἀλλά
1953 3200 2236 3272 θαυμάξω,

669 3299 751 3350 ὅτι
799 3299 859 3350 τὸ
904 3298 1213 3369 θαυμαστὸν
1249 3300 1405 3355 τοῦτο
1448 3302 1553 3370 πρὸ
1591 3304 1689 3375 τῆς
1729 3305 1968 3377 χάριτος,
1996 3308 2089 3359 καὶ
2133 3308 2240 3360 ἀπὸ

671 3400 914 3467 βαλϐῖδος
957 3403 1124 3473 αὐτῆς
1156 3405 1249 3456 καὶ
1289 3405 1588 3475 προοιμίων
1629 3406 1807 3459 αὐτῶν
1838 3407 2007 3476 ἐφάνη
2039 3408 2203 3461 ποιῶν
2222 3425 2236 3439 ’

669 3500 786 3554 ούδέ
824 3502 922 3572 τὴν
961 3502 1191 3574 δύναμιν
1221 3504 1423 3573 ταύτην
1454 3506 1612 3575 ἔχων,
1651 3506 1768 3560 ούδέ
1797 3510 2125 3578 χειροτονίαν
2151 3509 2240 3562 δε-

672 3602 917 3673 ⁴ἒᾶιμενος,
950 3605 1092 3659 οὕτω
1130 3609 1208 3679 τῷ
1261 3610 1396 3680 πρὸς
1439 3610 1668 3680 Χριστὸν
1717 3609 1922 3682 ἐξήφθη
1974 3611 2137 3683 ζήλῳ,
2165 3614 2240 3676 ὡς

667 3706 843 3759 πάντα
891 3707 999 3759 τῶν
1034 3708 1300 3763 Ἰουδαίων
1337 3710 1425 3764 τὸν
1456 3713 1626 3783 δῆμον
1669 3714 1930 3786 διεγεῖραι
1960 3717 2082 3769 καθ’
2116 3718 2239 3771 ἐαυ-

667 3808 792 3861 τοῦο
822 3809 881 3871 ὃς
923 3810 1018 3863 καὶ
1055 3811 1176 3864 ίδὼν
1206 3814 1364 3867 αὑτὸν
1399 3817 1455 3868 ἐν
1489 3815 1762 3879 τοσούτοις
1795 3817 1926 3872 ὅντα
1952 3818 2235 3885 κινδύνοις,

636 3914 743 3976 μώς
774 3914 868 3966 καί⁵
887 3913 985 3986 τὴν
1008 3916 1160 3969 πόλιν
1184 3918 1607 3990 πολιορκεῖσθαι,
1631 3920 1718 3973 διὰ
1739 3920 1949 3992 θυρίδος
1969 3924 2237 3995 ἐχαλάσθη

668 4010 757 4065 διὰ
784 4012 879 4066 τοῦ
908 4016 1139 4085 τείχους,
1175 4017 1269 4069 καὶ
1296 4017 1592 4086 διαφυγὼν,
1619 4020 1739 4072 οὑδὲ
1769 4021 1941 4085 οὕτως
1979 4024 2059 4085 είς
2087 4024 2240 4076 όκνον

668 4116 945 4183 ἐνέπεσεν,
981 4122 1101 4173 οὑδέ
1145 4124 1222 4184 είς
1269 4124 1467 4176 δειλίαν
1500 4126 1595 4177 καὶ
1632 4126 1816 4194 φόϐον,
1845 4127 1979 4181 ἀλλά
2023 4129 2241 4182 πλείονα

667 4221 977 4292 προθυμίαν
1026 4224 1275 4279 ἐντεῦθεν
1325 4227 1555 4297 ἐδέχετο,
1600 4231 1944 4301 παραχωρῶν
1981 4232 2080 4303 μὲν
2129 4237 2240 4297 τοῖς

669 4324 929 4389 κινδύνοις
959 4326 1025 4379 δι’
1056 4328 1383 4397 οἰκονομίαν,
1417 4329 1477 4381 οὑ
1508 4332 1853 4403 παραχωρῶν
1881 4334 1938 4386 δέ
1965 4335 2062 4403 τῆς
2103 4334 2241 4387 διδα-

667 4425 894 4489 σκαλίας
940 4430 1135 4493 οὐδενὶ,
1184 4431 1319 4483 ἁλλά
1361 4431 1451 4483 τὸν
1507 4435 1734 4505 σταυρὸν
1778 4437 1938 4489 πάλιν
1985 4439 2239 4509 ἀρπάσας

666 4528 947 4598 ἠκολούθει
966 4547 977 4559 ·
1012 4532 1186 4585 καίτοι
1227 4550 1287 4601 γε
1318 4536 1468 4605 παρά
1497 4537 1660 4600 πόδας
1686 4538 1823 4607 ἔχων
1858 4539 1939 4592 ἔτι
1969 4541 2029 4592 τὸ
2057 4544 2235 4612 παρά-

665 4630 860 4701 δειγμα
899 4633 959 4686 τὸ
1007 4636 1147 4689 κατά
1184 4637 1273 4690 τὸν
1301 4639 1591 4707 Στέφανον,
1620 4642 1710 4694 καὶ
1751 4642 1891 4713 ὁρῶν
1926 4647 2043 4696 κατ’
2073 4646 2235 4698 αὑτοῦ

670 4732 901 4802 μάλιστα
934 4735 1149 4788 πάντων
1189 4738 1349 4806 φόνου
1379 4740 1637 4803 πνέοντας
1675 4742 1975 4806 Ἰουδαίους,
2009 4746 2104 4797 καὶ
2136 4746 2235 4797 αὑ-

666 4833 774 4887 τῶν
802 4835 1200 4908 ἐπιθυμοῦντας
1223 4842 1387 4893 αὑτοῦ
1418 4843 1525 4896 τῶν
1553 4843 1775 4914 σαρκῶν
1803 4843 2234 4913 ἀπογεύσασθαι.

665 4933 804 4989 Οὔτε
832 4932 925 4990 οῦν
955 4940 1187 5007 ἀφειδῶς
1221 4942 1474 4996 ἐνέπιπτε
1508 4947 1620 5007 τοῖς
1651 4945 1936 5011 κινδύνοις,
1978 4946 2099 5000 οὑδὲ
2130 4947 2239 5001 δια-

666 5038 884 5109 φεύγων
904 5041 1295 5115 μαλακώτερος
1315 5047 1533 5116 ἐγένετο
1553 5048 1735 5104 πάλιν.
1755 5050 1969 5121 Σφόδρα
1986 5052 2085 5122 τῆς
2105 5069 2237 5124 παρ-

663 5143 831 5214 ούσης
852 5146 961 5216 ῆρα
987 5146 1132 5217 ζωῆς
1154 5148 1241 5202 διὰ
1261 5150 1321 5203 τὸ
1343 5152 1533 5222 κέρδος
1562 5155 1621 5206 τὸ
1655 5153 1716 5217 ἐξ
1747 5155 1917 5224 αὐτῆς
1939 5172 1952 5186 ·
1984 5158 2078 5209 καὶ
2107 5157 2237 5225 σφό-

666 5248 767 5314 δρα
787 5249 955 5320 αὑτῆς
983 5252 1273 5324 ὑπερεώρα
1298 5254 1385 5308 διὰ
1415 5256 1513 5326 τὴν
1536 5257 1853 5325 φιλοσοφίαν
1879 5260 1979 5329 τὴν
2007 5260 2114 5314 ἀπὸ
2138 5261 2237 5331 τῆς

669 5355 967 5428 ὑπεροψίας
997 5359 1290 5429 γινομένην
1320 5360 1541 5432 αὑτῷ,ἢ
1574 5362 1660 5416 διά
1681 5363 1740 5415 τὸ
1772 5363 1974 5434 σφόδρα
2017 5366 2236 5433 ἐπείγε-

671 5459 793 5514 σθαι
830 5462 967 5532 πρὸς
993 5463 1084 5516 τὸν
1121 5464 1326 5535 Ἰησοῦν
1345 5466 1622 5520 ἀπελθεῖν.
1652 5467 1827 5537 Ὅπερ
1854 5468 1962 5538 γὰρ
1982 5469 2069 5522 ἀεὶ
2093 5470 2236 5538 λέγω

671 5564 800 5633 περὶ
835 5564 1022 5628 αὑτοῦ,
1055 5566 1147 5621 καὶ
1189 5568 1443 5621 οὐδέποτε
1486 5569 1769 5640 παύσομαι
1802 5569 1974 5639 λέγων
1996 5611 2011 5636 ,
2062 5572 2235 5636 οὐδεὶς

666 5665 841 5730 οὕτως
872 5668 951 5730 είς
972 5669 1185 5725 ἐναντία
1213 5673 1515 5748 πράγματα
1535 5674 1810 5746 ἐμπεσὼν,
1835 5676 2068 5745 ἑκάτερα
2100 5676 2235 5744 πρὸς

1417 337 1475 388 S.
1520 327 1805 387 JOANNIS
1840 326 2328 388 CHRYSOSTOMI
2370 324 2689 382 ARCHIEP.
2730 316 3281 379 CONSTANTINOP.

3822 299 3933 358 ιοε

2362 424 2642 494 ἀκρίϐειαν
2673 422 2946 491 ῆσκησεψ
2977 421 3149 483 οὐδεὶς
3179 419 3307 489 γοῦν
3335 417 3477 471 οῦτω
3522 416 3621 487 τῆς
3651 420 3937 489 παρούσης

2362 526 2676 595 ἐπεθύμησε
2723 523 2868 592 ζωῆς
2889 562 2905 585 ,
2935 522 3054 575 οὑδέ
3082 521 3191 573 τῶν
3235 521 3440 591 σφόδρα
3473 518 3930 589 φιλοζωχούντωνυ

2358 627 2540 689 οὐδεὶς
2574 624 2745 687 οὕτως
2785 623 2953 693 αὑτῆς
2987 622 3284 693 ὑπερεῖδεν,
3315 620 3436 674 οὑδέ
3472 621 3583 675 τῶν
3613 619 3731 690 μεθ’
3762 620 3936 691 ὑπερ-

2356 726 2519 799 ϐολῆς
2544 726 2895 780 θανατώντων
2929 736 2979 779 ⁸.
3014 723 3172 778 Οὕτω
3202 723 3382 794 πάσης
3424 723 3717 792 ἐπιθυμίας
3759 722 3935 777 καθα-

2358 832 2447 903 ρὸς
2471 828 2540 903 ἦν
2563 833 2789 895 ἐκεῖνος,
2815 831 2907 884 καὶ
2925 830 3101 884 οὐδενὶ
3123 828 3470 899 προσέπασχε
3486 826 3594 880 τῶν
3620 826 3931 897 παρόντοιν,

2353 937 2491 990 ἀλλά
2526 931 2801 1004 πανταχοῦ
2834 935 2900 1004 τῇ
2958 931 3122 1002 βουλῇ
3149 929 3244 983 τοῦ
3291 928 3427 983 Θεοῦ
3480 928 3580 1000 τὴν
3631 929 3934 999 ἐπιθυμίαν

2353 1039 2544 1110 ἐκίρνα
2570 1037 2667 1108 τὴν
2696 1034 2892 1089 ἐαυτοῦ
2910 1050 2923 1065 ·
2954 1034 3048 1087 καὶ
3078 1033 3175 1086 νῦν
3210 1034 3308 1104 μὲν
3338 1032 3507 1104 αὐτὴν
3542 1032 3634 1085 καὶ
3667 1032 3768 1100 τῆς
3790 1033 3934 1103 μετά

2352 1139 2587 1210 Χριστοῦ
2623 1136 2912 1199 συνουσίας
2948 1136 3045 1190 καὶ
3075 1135 3294 1203 ὁμιλίας
3329 1135 3762 1206 ἀναγκαιοτέραν
3784 1130 3931 1189 εἶναι

2352 1256 2504 1310 φησι,
2535 1240 2626 1294 νῦν
2652 1240 2708 1292 δὲ
2745 1237 2890 1292 οὑτω
2919 1235 3142 1308 βαρεῖαν
3164 1237 3259 1289 καὶ
3297 1237 3531 1307 ἐπαχθῆ,
3571 1237 3648 1300 ὡς
3676 1237 3771 1290 καὶ
3804 1253 3931 1290 στε-

2350 1344 2532 1409 νάξειν
2562 1344 2656 1397 καὶ
2682 1341 2999 1411 ἐπείγεσθαι
3030 1339 3169 1411 πρὸς
3204 1339 3304 1412 τὴν
3347 1340 3628 1394 ἀνάλυσιν.
3669 1340 3930 1395 Ἐκείνων

2350 1446 2458 1517 γάρ
2503 1446 2762 1516 ἐπιθυμεῖ
2815 1445 2999 1515 μόνον,
3057 1443 3166 1495 τῶν
3198 1443 3339 1495 κατά
3372 1441 3504 1495 Θεὸν
3547 1442 3739 1514 κέρδος
3775 1441 3931 1511 αὐτῷ

2350 1548 2647 1619 φερόντων,
2674 1550 2722 1601 εί
2752 1548 2848 1601 καὶ
2876 1546 3095 1601 ἐναντία
3123 1544 3295 1598 ταῦτα
3316 1539 3455 1598 εἶναι
3500 1543 3783 1599 συνέϐαινε
3812 1547 3929 1608 τοῖς

2350 1652 2657 1724 προτέροις.
2693 1653 2805 1705 Kal
2829 1651 2938 1723 γάρ
2960 1650 3206 1713 ποικίλος
3234 1667 3317 1713 τις
3346 1644 3414 1721 ῆν
3437 1649 3532 1703 καὶ
3562 1648 3925 1716 παντοδαπὸς,

2350 1756 2452 1825 οὑχ
2473 1755 2924 1824 ὑποκρινόμενος,
2951 1752 3026 1824 μὴ
3056 1753 3289 1822 γένοιτο,
3318 1752 3456 1806 ἀλλά
3488 1752 3668 1805 πάντα
3703 1752 3928 1823 γινόμε-

2348 1875 2458 1921 νος,
2490 1857 2633 1927 ἀπερ
2661 1859 2695 1928 ή
2730 1856 2822 1909 τοῦ
2849 1856 3207 1927 κηρύγματος
3233 1856 3326 1909 καὶ
3361 1856 3461 1926 τῆς
3502 1854 3779 1925 σωτηρίας
3816 1852 3928 1907 τῶν

2349 1959 2646 2031 ἀνθρώπων
2677 1959 2834 2030 χρεία
2862 1960 3080 2030 ἀπῄτει,
3130 1960 3229 2013 κάν
3278 1960 3454 2031 τούτῳ
3501 1958 3593 2012 τὸν
3647 1958 3928 2027 Δεσπότην

2347 2064 2440 2117 τὸν
2468 2062 2661 2117 ἐαυτοῦ
2696 2060 3052 2133 μιμούμενος.
3083 2061 3195 2115 Καὶ
3221 2061 3330 2132 γὰρ
3363 2064 3392 2114 ό
3414 2060 3546 2126 Θεὸς
3577 2061 3672 2115 καὶ
3712 2060 3929 2131 ἀνθρω-

2347 2185 2447 2232 πος
2474 2169 2763 2237 ἐφαίνετο,
2804 2168 2894 2222 ὅτε
2922 2166 3029 2220 ἔδει
3068 2166 3304 2237 φανῆναι
3338 2165 3531 2220 τοῦτο’
3571 2166 3673 2221 καῖ
3704 2166 3763 2219 ἐν
3792 2167 3929 2236 πυρὶ⁸

2346 2270 2513 2325 πάλαι
2561 2272 2650 2324 ὅτε
2695 2272 2724 2323 ό
2786 2270 2975 2342 καιρὸς
3032 2268 3191 2323 τοῦτο
3248 2269 3477 2340 ἀπῄτεισ
3531 2270 3626 2322 xal
3683 2269 3767 2323 θῦν
3827 2269 3929 2339 μὲν

2344 2375 2402 2427 ἐν
2450 2375 2669 2428 ὁπλίτου
2734 2376 2976 2445 σχήματι
3031 2374 3126 2426 καὶ
3175 2372 3508 2442 στρατιώτου
3538 2412 3553 2438 ,
3602 2372 3698 2425 νῦν
3759 2372 3818 2426 δέ
3865 2372 3930 2428 ἐν

2346 2478 2511 2531 είκόνι
2544 2477 2847 2550 πρεσϐύτου
2878 2517 2893 2541 ,
2935 2476 3032 2530 νῦν
3058 2477 3197 2530 δὲέν
3241 2476 3413 2548 αὔρα,
3448 2475 3547 2530 νῦν
3583 2476 3643 2529 δέ
3672 2476 3747 2537 ώς

2345 2582 2640 2653 ὁδοιπόρος,
2671 2582 2769 2635 νῦν
2800 2582 2859 2635 δέ
2886 2582 3330 2653 αὐτοάνθρωπος,
3370 2582 3464 2636 καὶ
3493 2582 3615 2634 οὑδέ
3638 2582 3930 2635 ἀποθανεῖν

2345 2684 2487 2738 οὕτω
2516 2685 2888 2756 παρῃτήσατο.
2917 2684 2990 2737 Τὸ
3010 2684 3088 2747 δὲ,
3112 2683 3235 2739 ἔδει
3260 2684 3457 2748 τοῦτο,
3491 2684 3621 2739 ὅταν
3640 2684 3799 2747 είπω,
3827 2700 3929 2755 μη-

2344 2791 2452 2853 δεὶς
2492 2792 2734 2860 ἀνάγκην
2763 2784 2903 2843 εἶναι
2950 2785 3219 2859 νομιζέτω
3248 2786 3359 2839 τῶν
3404 2785 3600 2853 λόγων,
3657 2785 3793 2838 ἀλλά
3820 2785 3925 2854 τῆς

2344 2894 2508 2967 αὑτοῦ
2540 2894 2948 2964 φιλανθρωπίας
2973 2893 3152 2962 μόνον.
3199 2890 3308 2944 Kal
3353 2889 3483 2942 ποτέ
3510 2890 3610 2960 μέν
3639 2892 3697 2942 ἐν
3723 2888 3927 2959 θρόνῳ,

2345 2998 2474 3049 ποτέ
2494 2999 2551 3050 δέ
2584 2998 2675 3050 ἐπὶ
2707 2998 2816 3051 τῶν
2845 2997 3126 3067 Χερουϐὶμ
3154 2994 3412 3064 κάθηται.
3443 2993 3629 3046 Πάντα
3660 2993 3718 3046 δέ
3749 2991 3931 3049 ταῦτα

2347 3101 2481 3171 πρὸς
2503 3100 2600 3163 τάς
2645 3098 3009 3169 ὑποκειμένας
3038 3096 3352 3166 οἰκονομίας
3401 3094 3660 3165 ἔπραττε.
3690 3096 3781 3147 Διὸ
3827 3097 3931 3149 καὶ

2344 3200 2430 3253 διὰ
2455 3202 2546 3254 τοῦ
2574 3202 2852 3272 προφήτου
2886 3200 3092 3267 ἔλεγεν*
3140 3197 3283 3265 Ἐγὼ
3312 3194 3555 3263 ὁράσεις
3585 3196 3927 3270 ἐπλήθυνᾳ,

2344 3299 2442 3352 καὶ
2473 3300 2542 3352 ἐν
2571 3300 2741 3369 χερσί
2776 3296 3096 3366 προφητῶν
3122 3294 3447 3365 ὼμοιώθην.
3481 3294 3639 3348 Οῦτω
3663 3297 3754 3348 καὶ
3779 3294 3931 3350 Παῦ-

2344 3402 2433 3466 λος
2458 3403 2547 3456 τὸν
2585 3401 2779 3455 ἐαυτοῦ
2808 3400 3145 3472 μιμούμενος
3201 3401 3496 3471 Δεσπότην,
3536 3402 3639 3453 οὑκ
3680 3401 3747 3454 ἂν
3794 3417 3929 3454 κατ-

2345 3505 2610 3576 εγνώσθη,
2647 3505 2739 3559 νῦν
2769 3506 2867 3575 μὲν
2890 3505 2964 3568 ὡς
3016 3504 3262 3568 Ἰουδαῖος
3293 3504 3597 3574 γινόμενος,
3633 3504 3730 3557 νῦν
3764 3504 3819 3557 δὲ
3846 3504 3930 3567 ὡς

2345 3612 2542 3680 ἄνομος
2562 3625 2575 3640 ·
2603 3611 2695 3663 καὶ
2719 3609 2813 3663 νῦν
2840 3609 2938 3679 μέν
2958 3609 3123 3679 νόμον
3158 3610 3450 3678 ἐφύλαττε,
3477 3609 3571 3664 νῦν
3597 3609 3655 3662 δέ
3680 3608 3930 3680 ὑπερεώ-

2346 3728 2416 3781 ρα
2443 3711 2643 3779 νόμου·
2707 3710 2802 3763 καὶ
2835 3709 2967 3762 ποτέ
3017 3708 3117 3779 μὲν
3167 3710 3447 3779 ἀντείχετο
3497 3710 3600 3781 τῆς
3641 3709 3928 3781 παρούσης

2346 3815 2510 3885 ζωῆς,
2557 3813 2686 3866 ποτέ
2729 3813 2788 3866 δὲ
2826 3813 3146 3885 κατεφρόνει
3171 3813 3338 3883 αὑτῆς
3362 3830 3375 3843 ·
3409 3813 3504 3867 καὶ
3532 3812 3628 3867 νῦν
3667 3814 3765 3884 μὲν
3799 3815 3926 3887 ᾔτει

2345 3920 2622 3989 χρήματα,
2672 3917 2767 3971 νῦν
2810 3917 2868 3970 δὲ
2896 3919 2989 3970 καὶ
3018 3916 3274 3986 διδόμενα
3306 3917 3643 3989 διεκρούετο⁹
3674 3920 3769 3971 καὶ
3797 3917 3928 3973 ἔθυε

2346 4024 2439 4077 καὶ
2472 4023 2720 4093 ἐξυρᾶτο,
2748 4023 2841 4076 καὶ
2874 4020 3036 4074 πάλιν
3059 4020 3417 4091 ἀνεθεμάτιζε
3442 4023 3569 4084 τοὺς
3592 4021 3884 4086 ποιοῦντας
3908 4039 3925 4054 °

2346 4126 2440 4180 καὶ
2479 4125 2574 4180 νῦν
2608 4126 2709 4195 μὲν
2755 4126 3071 4195 περιέτεμε,
3119 4124 3213 4179 νῦν
3240 4124 3297 4177 δέ
3338 4125 3641 4196 περιτομὴν
3673 4123 3925 4191 ἐξέϐαλε.

2345 4230 2456 4284 Καὶ
2484 4230 2550 4283 τὰ
2576 4230 2674 4299 μὲν
2725 4230 2987 4299 γινόμενα
3014 4227 3232 4280 ἐναντία
3258 4220 3346 4299 ἦν,
3374 4228 3407 4298 ἡ
3440 4227 3496 4280 δέ
3518 4227 3708 4297 γνώμη
3741 4227 3838 4281 καὶ
3887 4229 3926 4299 ἡ

2344 4334 2568 4398 διάνοια,
2607 4334 2700 4401 ἀφ’
2726 4328 2791 4403 ἦς
2821 4331 2994 4384 ταῦτα
3015 4332 3251 4399 ἐγίνετο,
3276 4330 3481 4400 σφόδρα
3508 4329 3801 4393 ἀκόλουθος
3827 4331 3927 4384 καὶ

2344 4438 2509 4506 ἑαυτῇ
2532 4434 2867 4504 συνημμένη.

2419 4541 2513 4591 Ἓν
2536 4539 2644 4609 γὰρ
2668 4538 2880 4608 ἐζήτει,
2915 4537 3023 4591 τῶν
3066 4537 3239 4591 ταῦτα
3287 4538 3593 4592 ἀκουόντων
3623 4539 3717 4592 καὶ
3752 4537 3927 4609 όρώνυ

2340 4656 2447 4691 των
2477 4640 2575 4709 τὴν
2604 4639 2907 4709 σωτηρίαν.
2944 4637 3042 4691 Διά
3074 4637 3139 4709 δὴ
3196 4638 3352 4691 τοῦτο
3399 4637 3492 4691 νῦν
3550 4639 3647 4707 μὲν
3707 4638 3927 4709 ἐπαίρει

2342 4742 2525 4810 νόμον,
2560 4738 2654 4791 νῦν
2699 4738 2755 4790 δὲ
2786 4738 2948 4791 αὑτὸν
3010 4738 3281 4809 καθαιρεῖ.
3319 4738 3395 4791 υὺ
3439 4738 3549 4809 γὰρ
3574 4739 3638 4810 δὴ
3674 4741 3832 4809 μόνον
3862 4741 3926 4793 ἐν

2340 4840 2420 4905 οἷς
2452 4843 2740 4913 ἔπραττεν,
2768 4841 2903 4893 ἀλλὰ
2926 4841 3023 4893 καὶ
3055 4843 3113 4893 ἐν
3142 4836 3225 4905 οἷς
3247 4840 3420 4909 ἔλεγε,
3461 4842 3702 4906 ποικίλος
3734 4839 3801 4912 ἦν
3826 4844 3929 4895 καὶ

2342 4944 2699 5007 παντοδαπὸς,
2732 4945 2852 5014 οὐχὶ
2877 4943 3348 5014 μεταϐαλλόμενος
3386 4946 3487 5016 τὴν
3519 4946 3769 5017 γνώμην,
3798 4946 3929 5000 οὑδέ

2340 5047 2525 5119 ἕτερος
2546 5047 2604 5111 ἐξ
2627 5046 2815 5116 ἐτέρου
2845 5047 3148 5116 γινόμενος,
3180 5048 3315 5101 ἀλλά
3344 5048 3520 5117 μένων
3544 5050 3684 5120 ὅπερ
3710 5045 3799 5118 ῆν,
3824 5051 3929 5105 καὶ

2341 5152 2447 5205 τῶν
2470 5152 2665 5223 είρημέ
2676 5122 2799 5205 νωντ
2814 5154 3044 5207 ἕκαστον
3070 5154 3209 5225 πρὸς
3228 5154 3327 5225 τὴν
3354 5153 3634 5226 παροῦσαν
3669 5172 3929 5227 μεταχει-

2346 5261 2504 5333 ρίζων
2532 5262 2739 5334 χρείαν.
2795 5261 2889 5331 Μὴ
2916 5260 3093 5314 τοίνυν
3124 5259 3286 5314 αὑτὸν
3328 5259 3415 5313 διά
3436 5261 3609 5315 ταῦτα
3637 5261 3872 5332 κακίσης
3904 5299 3924 5325 ,

2403 5501 2427 5528 ⁸
2454 5500 2673 5563 Οὑδεὶς...
2700 5498 2956 5563 ὑπερεῖδεν.
2982 5534 2997 5549 .
3038 5499 3357 5563 θανατώντων.
3384 5496 3478 5563 γει
3520 5493 3762 5563 ζίτοηὶβῠσ
3782 5498 3929 5563 pale!

2339 5560 2713 5610 rescribendum
2762 5556 2875 5609 eése
2917 5560 3257 5615 θανατιώντων,
3296 5558 3443 5607 utsic
3484 5557 3543 5605 ad
3579 5556 3783 5604 verbum
3824 5556 3929 5605 ista

2342 5622 2574 5684 pericope
2596 5621 2845 5684 reddegda
2863 5622 2930 5668 sit
2955 5640 2966 5669 :
2993 5623 3036 5669 Ν
3039 5619 3170 5684 putus
3189 5618 3261 5684 gic
3278 5631 3385 5669 eam
3405 5616 3926 5684 (vitam_praen_§em)

2342 5674 2575 5745 ἃεερεοὶξι,
2587 5682 2731 5733 etiam
2749 5680 2947 5733 illorum
2966 5679 3049 5745 qui
3072 5680 3285 5732 nuutime
3306 5674 3505 5731 mortem
3524 5674 3764 5743 alféccam.
3778 5674 3926 5727 Emi.
