4220 6316
251 431 356 488 837

249 560 474 614 panper,
502 526 932 614 nuﬂnsiangatur
958 542 1238 613 inglorius,
1266 542 1444 596 nullus
1471 557 1536 596 ex
1566 540 1840 598 vilioribus

249 633 593 702 ingemiscat;
639 637 736 692 sed
789 634 1158 690 tantummodo
1195 633 1305 699 illi,
1347 633 1438 703 qui
1483 632 1670 687 molles
1718 639 1844 685 sunt

251 725 474 793 animo,
516 738 573 783 et
599 728 837 782 enervati
878 736 1062 782 mente
1103 733 1228 778 sunt
1257 733 1416 794 atque
1459 721 1698 778 resoluti.
1731 720 1845 775 lloc

253 831 396 870 enim
438 818 614 872 solum
660 828 744 873 est
783 817 924 887 quod
964 831 1064 870 nos
1098 830 1129 869 a
1169 815 1363 869 virtute
1405 813 1578 867 valeat
1619 822 1802 866 arcere
1826 850 1842 876 ,

254 909 516 963 vitiositas
535 909 726 964 animas
753 919 912 978 atque
934 907 1212 962 mollitudo
1239 905 1538 968 sententias,
1567 918 1666 957 nec
1693 901 1846 972 quid-

253 1012 418 1065 quam
460 1000 682 1054 omnino
709 997 1180 1068 przetereazidque
1210 996 1350 1050 beati
1398 993 1586 1062 hujus,
1628 1002 1848 1060 propter

255 1103 417 1156 quem
463 1090 623 1145 hodie
646 1089 954 1160 congregati
983 1102 1169 1142 sumus
1188 1129 1203 1151 ,
1253 1089 1545 1141 illustratur
1579 1083 1844 1151 exemplo.

255 1178 408 1234 Sicut
433 1182 575 1235 enim
599 1180 762 1235 Paulo
785 1180 914 1233 nihil
936 1193 995 1231 ea
1017 1195 1135 1245 quae
1155 1177 1399 1244 superius
1414 1183 1536 1228 sunt
1557 1181 1846 1227 memorata

258 1279 580 1336 nocuerunt,
606 1270 676 1323 ita
703 1277 852 1322 extra
883 1268 1190 1337 religionem
1223 1276 1456 1319 nostram
1490 1265 1690 1334 positos
1716 1261 1847 1316 nihil

261 1357 348 1412 his
371 1358 595 1413 adversa
630 1359 914 1428 juverunt,
941 1375 1047 1412 non
1075 1357 1283 1427 generis
1311 1355 1602 1422 claritudo,
1633 1369 1737 1408 non
1764 1353 1848 1406 di-

256 1447 508 1525 vitiarum
540 1447 807 1504 afﬂuentia
827 1489 842 1513 ,
875 1464 978 1502 non
1007 1448 1261 1517 Splendor
1286 1447 1499 1516 eloquii,
1531 1461 1633 1499 non
1664 1445 1850 1516 gloriae

258 1539 594 1608 magnitudo,
623 1555 729 1593 non
754 1541 1052 1594 sublimitas
1077 1549 1400 1608 potentatus.

331 1629 602 1684 Daemones
649 1633 721 1684 nil
766 1633 904 1697 iuvat
954 1631 1323 1684 immortalitas.
1345 1629 1534 1684 —-Sed
1581 1627 1706 1698 quid
1751 1642 1850 1698 ego

259 1717 331 1774 de
356 1718 659 1774 hominibus
691 1719 867 1773 adhuc
894 1720 1102 1788 loquor,
1131 1728 1182 1774 et
1208 1717 1461 1788 quamdiu
1487 1721 1627 1772 circa
1656 1728 1850 1772 terram

260 1808 517 1863 contineo
557 1811 897 1864 sermonem?
940 1809 1042 1864 Fas
1080 1818 1162 1864 est
1199 1811 1357 1863 etiam
1407 1824 1663 1878 supernas
1700 1822 1851 1862 com-

260 1912 566 1954 memorare
596 1900 817 1954 virtutes
842 1941 857 1966 ,
910 1901 1235 1968 principatus
1281 1900 1549 1965 videlicet.
1599 1915 1662 1954 ac
1703 1909 1853 1970 pote-

260 1998 447 2054 states,
464 1990 748 2060 mundique
777 2001 1010 2046 rectores
1033 2007 1094 2046 ac
1120 1991 1457 2046 tenebrarum
1475 1991 1628 2060 hujus
1650 1990 1848 2046 saeculi.

253 2083 399 2151 Quid
438 2082 578 2136 enim
618 2082 753 2151 juvit
797 2098 890 2138 eos
928 2084 1232 2154 angelorum
1280 2085 1496 2138 sortitos
1540 2097 1659 2137 esse
1701 2092 1853 2136 natu.

261 2174 422 2226 rant?
469 2189 645 2228 nonne
685 2175 898 2230 venient
925 2191 1112 2230 oumes
1154 2176 1269 2231 ista:
1312 2177 1535 2231 virtutes
1580 2191 1610 2230 a
1649 2175 1850 2242 Paulo,

261 2262 490 2331 ejusque
559 2264 821 2319 similibus
891 2266 1238 2333 judicandtc?
1306 2266 1574 2334 Nescitis,
1643 2267 1850 2336 inquit,

262 2352 382 2418 quia
433 2351 640 2422 angelos
682 2354 1025 2424 judicabimus
1048 2395 1064 2421 ,
1121 2367 1309 2426 quanto
1367 2358 1527 2428 magis
1585 2356 1853 2411 “scalaria

266 2442 345 2509 (l.
387 2439 506 2495 Cor.
548 2443 602 2496 6.
633 2442 731 2512 5)?
759 2443 875 2499 Non
901 2446 1059 2515 igitur
1083 2446 1153 2500 ob
1177 2447 1307 2501 alias
1331 2447 1619 2517 aliquando
1664 2463 1853 2502 causas

263 2531 368 2586 nisi
388 2533 460 2588 ob
487 2533 608 2588 vitia
634 2535 751 2590 sola
771 2535 1079 2602 doleamus;
1109 2537 1299 2592 borum
1324 2553 1421 2592 nos
1445 2538 1709 2593 studiosos
1733 2553 1853 2593 esse

263 2625 524 2693 pteniteat
554 2642 568 2678 :
594 2641 768 2696 neque
809 2627 878 2683 ob
906 2628 1052 2683 aliud
1095 2628 1380 2699 quidquam
1424 2631 1751 2700 gaudeamus
1790 2645 1855 2684 ac

262 2715 510 2772 lctemur
537 2718 638 2772 nisi
664 2720 871 2774 virtutis
900 2735 1062 2774 causa
1093 2739 1107 2774 :
1138 2721 1270 2776 nihil
1300 2731 1381 2776 est
1407 2723 1548 2793 quod
1579 2739 1677 2777 nos
1706 2722 1852 2777 Pauli

261 2805 468 2860 similes
494 2805 608 2861 fieri
629 2817 791 2864 vetet.
815 2808 909 2864 Ille
924 2811 1064 2864 enim
1085 2825 1192 2865 non
1222 2812 1393 2865 solum
1423 2813 1589 2881 gratia
1619 2813 1732 2878 Dei,
1757 2812 1851 2867 sed

263 2897 426 2950 etiam
443 2911 540 2951 sua
564 2898 834 2953 voluntate
857 2899 975 2955 talis
997 2901 1216 2956 ell'ectns
1241 2911 1342 2964 est,
1367 2912 1420 2956 et
1442 2901 1640 2956 idcirco
1659 2903 1850 2971 gratia,

261 2987 388 3055 quia
417 2988 578 3042 etiam
603 2988 671 3043 de
700 2991 910 3060 propria
945 2991 1234 3046 voluntate.
1265 2992 1500 3061 Utraque
1525 2993 1666 3046 enim
1698 2993 1849 3061 plena

263 3078 317 3130 in
349 3078 443 3132 illo
470 3078 680 3134 fuerunt
721 3090 883 3150 atque
913 3081 1175 3152 perfecta,
1202 3092 1256 3138 et
1283 3098 1344 3136 ea
1371 3098 1490 3152 qua:
1527 3082 1792 3137 donantur
1820 3098 1848 3135 a

183 3236 202 3258 .
263 3166 396 3233 Deo,
423 3177 481 3222 et
518 3184 579 3223 ea
619 3185 739 3239 qua:
766 3173 1037 3226 voluntate
1085 3183 1425 3242 praestantur.
1453 3172 1548 3227 Vis
1573 3173 1712 3227 dona
1757 3173 1852 3228 Dei

262 3260 592 3326 agnoscere?
607 3261 935 3316 Vestimenta
955 3263 1101 3316 Pauli
1123 3263 1450 3318 dmmonibus
1464 3264 1655 3317 terrori
1677 3272 1848 3317 erant.

265 3348 465 3405 Verum
493 3365 593 3421 ego
619 3367 950 3423 nequaquam
976 3353 1107 3407 illud
1135 3352 1393 3420 admiror,
1422 3353 1562 3408 sicut
1593 3369 1693 3408 nec
1722 3354 1848 3408 illud

262 3441 502 3512 (itidem,
526 3444 648 3513 quia
679 3445 864 3498 umbra
907 3445 1369 3515 Petriacorporum
1410 3445 1690 3515 lauguores
1716 3445 1850 3500 cffu-

258 3535 443 3604 gabat.
473 3534 601 3590 Haec
639 3545 764 3590 sunt
805 3551 935 3590 vero
982 3536 1256 3601 miranda,
1299 3552 1419 3606 qua:
1460 3537 1656 3590 Paulus
1692 3537 1850 3591 etiam
1885 3551 1896 3556 '

260 3636 392 3680 ante
433 3627 663 3696 gratiam
704 3643 925 3698 magnus
964 3631 1032 3683 ab
1071 3629 1198 3698 ipsis
1241 3628 1576 3696 rudimentis,
1616 3629 1686 3683 ab
1725 3629 1854 3698 ipsis

263 3717 395 3774 ﬁdei
419 3732 532 3772 sua:
560 3719 828 3774 invenitur
853 3720 1044 3775 fecisse
1070 3720 1345 3790 principiis
1362 3762 1377 3786 ,
1404 3721 1527 3790 quia
1547 3735 1645 3775 nec
1661 3721 1854 3776 virtute

262 3807 388 3876 hac,
418 3824 522 3878 qua
570 3820 750 3879 postea
787 3810 994 3879 polluit,
1024 3811 1478 3877 illustratus,-nec
1522 3814 1852 3882 apostolatus

261 3897 474 3956 honore
503 3899 752 3967 donatus,
783 3901 854 3955 ita
881 3901 931 3955 in
957 3901 1155 3956 Christi
1177 3902 1347 3956 zelum
1380 3912 1522 3957 totus
1544 3905 1764 3972 exarsit,
1798 3915 1855 3958 ut

262 4005 483 4044 omnem
511 4002 696 4046 contra
719 4007 778 4048 se
800 3994 1115 4048 accenderet
1143 3993 1418 4049 Judaicum
1440 3996 1694 4065 populum
1719 4013 1733 4050 :
1763 3999 1854 4067 qui

262 4097 387 4136 curn
414 4097 476 4136 se
507 4084 560 4136 in
598 4085 758 4138 tantis
786 4085 1036 4154 periculis
1058 4095 1111 4140 et
1136 4085 1401 4140 civitatem
1432 4097 1652 4157 propter
1677 4103 1734 4141 se
1761 4089 1856 4142 ob-

260 4187 469 4229 sessam
498 4184 766 4242 cerneret,
799 4192 894 4246 per
920 4193 1131 4231 murum
1159 4177 1424 4237 demissus
1448 4179 1499 4232 in
1529 4187 1708 4248 sporta
1736 4188 1818 4233 est
1837 4220 1851 4244 ,

262 4265 453 4334 sicque
474 4265 768 4336 depositus,
799 4282 898 4322 nee
921 4277 1046 4321 tunc
1069 4269 1285 4338 quidem
1313 4269 1365 4322 in
1392 4269 1677 4337 segnitiem
1704 4284 1766 4321 ac
1794 4270 1857 4322 ti-

263 4356 565 4412 miditatem
614 4359 856 4429 relapsus
911 4370 1027 4425 est;
1075 4360 1172 4414 sed
1221 4361 1479 4430 majorem
1527 4360 1854 4415 alacritatem

265 4447 469 4501 mentis
494 4449 719 4517 accepit,
752 4449 1000 4517 periculis
1018 4450 1334 4518 quibusdam
1363 4464 1422 4504 se
1449 4465 1592 4520 saepe
1623 4449 1857 4506 subdens

262 4537 323 4592 in
364 4538 596 4593 aliorum
631 4539 857 4594 salutem
887 4556 900 4592 :
932 4541 1062 4594 nulli
1105 4549 1282 4595 autem
1331 4541 1509 4596 studio
1541 4543 1738 4596 cedens
1761 4542 1858 4597 do-

261 4628 445 4693 cendi,
503 4629 596 4684 sed
626 4630 865 4699 quotidie
907 4641 1124 4701 portans
1168 4646 1412 4697 crucem,
1446 4631 1730 4686 Dominum
1774 4649 1859 4687 se-

262 4718 571 4789 quebatur,
625 4728 682 4774 et
723 4720 938 4789 quidem
981 4736 1101 4775 cum
1148 4736 1338 4776 recens
1384 4721 1559 4775 adhuc
1601 4721 1856 4790 Stephani

263 4818 399 4862 ante
422 4810 611 4863 oculos
637 4808 858 4865 haberet
895 4811 1215 4880 exemplum,
1249 4811 1561 4881 videretque
1584 4821 1769 4870 contra
1798 4828 1858 4868 se

264 4912 462 4952 omnes
511 4899 845 4967 potissimum
887 4901 1184 4972 concitatos
1223 4901 1459 4966 Judaeos,
1502 4901 1703 4957 caedem
1747 4904 1859 4972 spi-

264 4996 476 5054 rantes,
505 4989 754 5058 ipsasque
774 5003 911 5059 pene
929 5003 1117 5044 carnes
1137 4989 1253 5058 ejus
1275 4990 1536 5044 devorare
1556 4992 1858 5060 cupientes.

174 5089 192 5106 '
267 5078 441 5146 Igitur
469 5076 668 5132 Paulus
696 5093 871 5149 neque
901 5095 1021 5134 cum
1051 5079 1106 5134 in
1139 5079 1375 5150 pericula
1406 5080 1656 5148 irrueret,
1687 5090 1859 5136 teme-

264 5169 451 5224 ritatis
492 5168 644 5238 argui
687 5179 930 5237 poterat:
974 5184 1073 5224 nec
1119 5170 1352 5239 pericula
1394 5169 1610 5240 fugere,
1661 5172 1862 5226 timidi-

266 5244 421 5313 datis
467 5261 486 5291 ⁸
539 5276 554 5312 :
603 5259 728 5328 quia
777 5259 959 5329 utique
1002 5269 1057 5314 et
1106 5258 1322 5313 amabat
1369 5262 1500 5314 satis
1543 5271 1861 5330 praesentem

267 5350 463 5411 vitam,
494 5347 565 5403 oh
585 5348 794 5403 lucrum
822 5347 1085 5413 docendi;
1117 5358 1171 5403 et
1199 5363 1411 5403 rursum
1441 5349 1593 5405 valde
1622 5366 1740 5406 eam
1763 5352 1861 5406 de-

265 5439 559 5512 spiciebat,
604 5438 676 5494 ob
719 5439 1143 5510 philosophiam,
1185 5439 1252 5494 ad
1289 5455 1449 5510 quam
1493 5441 1640 5496 illum
1680 5443 1862 5497 mundi

265 5539 617 5601 contemptus
639 5540 914 5599 evexerat,
933 5541 1256 5601 propterque
1271 5547 1510 5588 amorem
1536 5548 1644 5602 quo
1669 5535 1745 5589 ire
1766 5550 1862 5589 ur-

264 5625 504 5694 gebatur
524 5621 591 5676 ad
605 5619 898 5676 Christum.
918 5621 1070 5689 Quod
1090 5622 1232 5676 enim
1261 5621 1328 5677 de
1349 5622 1464 5691 ipso
1487 5622 1610 5678 dico
1629 5638 1862 5694 semper,

345 5780 362 5811 ι
399 5785 499 5847 qr...
527 5776 704 5826 Paulus
727 5775 1043 5847 igiturpeth
1064 5777 1401 5847 inconsultam
1432 5779 1658 5847 periculis
1697 5784 1865 5835 trade-

268 5841 358 5892 bat
375 5839 584 5900 ebrium,
609 5839 758 5901 neque
780 5839 828 5888 in
851 5839 945 5891 illis
966 5839 1211 5904 fugiendis
1234 5839 1497 5894 mollius-sc
1519 5840 1680 5906 gessit.

1082 427 1171 486 DE
1208 426 1552 485 LAUDIBUS
1591 427 1652 485 S.
1695 423 1901 486 PAULI
1938 427 2294 486 APOSTOLI.
2337 428 2568 486 HOMIL.
2610 428 2674 483 ν.
3436 418 3536 472 498

1953 559 2056 599 nec
2071 544 2256 600 dicere
2299 545 2586 614 aliquando
2617 543 2841 599 cessabo
2871 559 2884 596 :
2915 540 3092 597 nullus
3125 540 3196 593 ita
3235 536 3289 591 in
3328 533 3538 590 diversa

1950 653 2132 693 rerum
2161 637 2400 693 incidens
2425 647 2588 707 atque
2625 635 2913 699 contraria,
2942 641 3168 701 utraque
3203 630 3256 682 in
3297 639 3537 681 commo-

1949 727 2075 782 dum
2121 742 2276 782 suum
2319 728 2624 795 transtulit,
2681 736 2904 795 utraque
2943 723 3054 778 suis
3105 718 3420 775 utilitatibus
3449 730 3542 769 eoo

1951 818 2172 888 aptavit.
2208 817 2398 873 Nullus
2428 819 2574 872 enim
2595 817 2674 870 sic
2694 830 2944 884 umquam
2985 810 3266 882 prmsentis
3292 808 3416 862 vita:
3444 805 3540 859 fuit

1952 922 2139 962 amans
2159 948 2176 974 ,
2203 921 2306 963 nec
2333 904 2641 978 eorum,qui
2668 914 2793 961 sunt
2820 904 2954 958 lucis
2982 903 3131 956 istius
3160 897 3490 968 cupidissimi
3523 912 3536 949 :

1952 1007 2006 1053 et
2035 1013 2067 1053 e
2097 998 2312 1067 regione
2341 995 2566 1070 [nullus]
2593 998 2671 1051 sic
2707 994 2994 1065 aliquando
3018 990 3266 1062 despexit
3313 989 3539 1043 salutem

1954 1091 2164 1144 illorum
2194 1090 2285 1158 qui
2316 1103 2375 1144 se
2402 1090 2455 1143 in
2483 1098 2710 1143 mortem
2742 1095 2935 1157 sponte
2963 1083 3316 1155 prmcipitant.
3347 1079 3440 1134 Sic
3472 1079 3542 1134 ab

1953 1185 2100 1239 omni
2150 1198 2211 1239 se
2252 1183 2508 1238 mundum
2548 1182 2839 1252 cupiditate
2885 1175 3249 1240 abstrahebat,
3291 1173 3545 1242 nullaque

1955 1276 2297 1346 prresentium
2349 1274 2629 1329 tenebatur
2655 1263 2924 1341 passione,
2970 1268 3064 1324 sed
3092 1267 3288 1337 ubique
3325 1264 3543 1320 deside-

1954 1368 2092 1422 rium
2118 1382 2273 1421 suum
2297 1381 2421 1421 cum
2452 1365 2546 1420 Dei
2574 1363 2846 1418 voluntate
2873 1359 3149 1423 miscebat,
3179 1367 3234 1412 et
3260 1370 3400 1410 nunc
3429 1354 3547 1424 qui-

1954 1457 2421 1528 dempraesentem
2449 1455 2610 1509 vitam
2641 1455 2809 1522 magis
2836 1449 3196 1506 necessariam
3233 1460 3353 1502 esse
3377 1444 3545 1499 duee-

1955 1549 2066 1614 bat,
2095 1563 2254 1618 quam
2281 1548 2588 1603 societatem
2611 1545 2809 1600 Christi
2830 1554 2989 1614 atque
3009 1541 3373 1610 colloquium;
3404 1551 3548 1591 nunc

1955 1654 2084 1692 vero
2115 1647 2220 1692 tam
2248 1643 2530 1692 molestam
2558 1637 2662 1692 sibi
2692 1638 2833 1692 illam
2856 1635 3122 1690 fatebatur
3143 1640 3195 1688 et
3222 1645 3459 1701 gravem,
3489 1636 3549 1683 ut

1955 1731 2116 1786 etiam
2162 1729 2557 1801 ingemisceret,
2599 1740 2758 1799 atque
2789 1728 2841 1781 in
2883 1727 3070 1781 mortis
3105 1722 3428 1779 desiderium
3449 1734 3547 1774 co-

1956 1834 2190 1893 geretur.
2245 1824 2315 1878 Ea
2355 1824 2498 1876 enim
2533 1822 2647 1877 sola
2694 1820 2963 1890 capiebat,
2995 1833 3114 1889 quas
3152 1815 3226 1871 illi
3251 1813 3545 1870 secundum

1959 1915 2126 1969 Deum
2180 1915 2326 1968 lucra
2375 1924 2642 1982 parerent,
2672 1913 2879 1967 etiamsi
2931 1909 3196 1979 prioribus
3238 1905 3547 1960 viderentur

1957 2025 2078 2064 esse
2103 2008 2391 2064 contraria.
2421 2007 2549 2061 Erat
2589 2006 2730 2060 enim
2763 2004 2977 2074 quidem
3024 2003 3203 2056 varius
3245 2012 3459 2067 semper
3482 2011 3549 2050 ac

1959 2103 2263 2173 multiplex,
2295 2117 2399 2156 non
2429 2101 2611 2171 utique
2635 2098 3062 2155 dissimulatione
3082 2092 3370 2157 mutabilis,
3401 2092 3545 2162 quod

1958 2195 2116 2262 absit,
2148 2195 2244 2250 sed
2275 2194 2476 2249 faciens
2495 2193 2674 2248 omnia
2696 2208 2812 2262 qum
2834 2189 3228 2262 pratdicationis
3257 2186 3549 2254 salutisque

1960 2290 2235 2343 hominum
2268 2287 2560 2343 necessitas
2595 2285 2950 2357 poposcisset,
2983 2283 3034 2336 in
3071 2282 3174 2335 hoc
3198 2294 3408 2350 quoque
3435 2277 3548 2331 Do-

1958 2381 2085 2435 mini
2136 2381 2216 2434 sui
2263 2379 2516 2434 inventus
2561 2378 2815 2431 imitator.
2863 2374 2996 2429 Nam
3025 2383 3079 2426 et
3112 2372 3249 2426 Deus
3287 2379 3342 2424 et
3385 2368 3550 2423 homo

1958 2472 2222 2545 apparuit.
2255 2485 2374 2525 cum
2402 2469 2453 2524 id
2485 2484 2609 2525 eum
2653 2467 2891 2538 Oportnit
2937 2477 3227 2534 apparere,
3261 2471 3316 2516 et
3344 2461 3397 2514 in
3426 2459 3549 2528 igne

1957 2560 2168 2629 quando
2195 2569 2406 2630 tempus
2433 2560 2504 2614 ita
2534 2558 2709 2629 exegit
2734 2598 2749 2624 ,
2778 2567 2832 2612 et
2874 2570 3014 2611 nunc
3038 2553 3249 2624 quidem
3280 2566 3340 2607 se
3365 2551 3417 2604 in
3448 2550 3513 2603 ha
3532 2577 3547 2589 -

1957 2651 2070 2707 bitu
2099 2651 2289 2706 armati
2315 2651 2522 2716 militis,
2555 2665 2697 2704 nunc
2724 2649 2776 2703 in
2803 2648 2980 2718 specie
3006 2646 3173 2710 senis,
3202 2658 3344 2699 nunc
3371 2643 3424 2697 in
3452 2657 3550 2697 att-

1956 2758 2035 2808 ra,
2071 2757 2213 2797 nunc
2239 2741 2291 2796 in
2322 2741 2676 2796 similitudine
2701 2738 2954 2804 viatoris,
2981 2749 3126 2802 nunc
3151 2735 3204 2789 in
3233 2734 3345 2803 ipsa
3367 2740 3548 2786 osten-

1956 2832 2037 2886 dit
2081 2831 2314 2887 hominis
2362 2833 2627 2896 veritate,
2686 2827 2980 2884 seeundum
3037 2841 3195 2896 quam
3252 2838 3321 2879 ne
3375 2823 3546 2892 ipsam

1956 2924 2171 2995 quidem
2203 2933 2431 2979 mortem
2464 2925 2659 2993 refugit
2687 2941 2700 2976 :
2731 2924 2822 2977 sed
2853 2922 3045 2976 iterum
3075 2919 3374 2988 iterumque
3397 2931 3550 2971 com-

1955 3030 2150 3070 moneo
2174 3056 2189 3081 ,
2248 3029 2407 3070 nemo
2457 3014 2908 3084 dispensationem
2962 3011 3119 3066 istam
3171 3008 3547 3064 necessitatem

1958 3115 2127 3175 putet.
2156 3104 2252 3160 sed
2297 3104 2670 3159 tantummodo
2715 3118 2954 3159 amorem
2996 3101 3091 3156 Dei
3131 3115 3256 3170 erga
3301 3098 3549 3153 homines

1958 3195 2244 3265 intelligat.
2275 3195 2407 3249 Nam
2436 3207 2488 3249 et
2514 3194 2801 3264 aliquando
2829 3193 3041 3264 quidem
3068 3208 3231 3262 super
3263 3191 3545 3254 thronum,

1956 3285 2245 3354 aliquando
2281 3300 2414 3340 vero
2451 3300 2615 3356 super
2659 3284 2949 3340 Cherubim
2993 3284 3285 3353 apparebat
3329 3280 3546 3336 sedens.

1957 3376 2147 3430 Omnia
2177 3386 2352 3430 tamen
2399 3375 2496 3430 ista
2530 3390 2624 3444 pro
2649 3375 2913 3430 variarum
2949 3374 3406 3443 dispensatiouum
3452 3386 3550 3441 op-

1958 3466 2283 3536 portunitate
2309 3466 2567 3532 faciebat,
2596 3474 2818 3536 propter
2845 3465 2989 3536 quod
3022 3465 3257 3532 loquitur
3299 3478 3393 3531 per
3419 3476 3549 3532 pro-

1957 3562 2211 3631 phetam:
2244 3561 2356 3632 Ego
2385 3561 2596 3615 visiones
2636 3560 2988 3628 multiplicari,
3021 3570 3066 3613 et
3094 3561 3146 3612 in
3171 3560 3401 3612 manibus
3425 3573 3547 3627 pro-

1959 3653 2224 3723 phetarum
2265 3653 2573 3706 assimilatas
2611 3669 2720 3706 sum
2755 3652 2907 3721 (Osee
2931 3651 3014 3705 12.
3061 3650 3172 3717 10).
3202 3650 3276 3703 lla
3313 3650 3469 3718 igitur
3493 3657 3550 3702 et

1957 3743 2157 3798 Paulus
2185 3742 2404 3798 creditae
2433 3743 2536 3798 sibi
2566 3743 2986 3813 diSpensationis
3025 3742 3242 3796 modum
3287 3756 3431 3809 saepe
3457 3755 3549 3792 va-

1959 3834 2182 3901 riando,
2227 3849 2561 3904 nequaquam
2601 3826 2679 3888 de'
2710 3833 2920 3887 Domini
2968 3833 3048 3887 sui
3096 3830 3397 3886 imitatione
3433 3831 3549 3885 cul-

1960 3935 2117 3996 patos
2137 3936 2240 3990 est,
2263 3941 2381 3981 cum
2401 3926 2561 3981 modo
2580 3925 2794 3980 Judzcus
2819 3926 2990 3988 lierct,
3015 3923 3174 3978 modo
3195 3938 3255 3978 se
3279 3923 3382 3978 illis
3402 3922 3546 3977 nulla

1960 4017 2444 4072 communicatione
2466 4018 2736 4083 misceret,
2766 4026 2820 4071 et
2849 4031 2990 4071 nunc
3013 4015 3226 4086 quidem
3254 4014 3550 4069 custodiret

1962 4107 2131 4177 legem
2155 4149 2170 4173 ,
2200 4123 2341 4162 nunc
2384 4122 2513 4161 vero
2559 4107 2896 4176 despiceret:
2928 4116 2983 4160 et
3011 4105 3297 4174 aliquando
3339 4119 3550 4158 conser-

1962 4207 2113 4252 varet
2151 4208 2468 4268 prtesentem
2497 4199 2660 4252 vitam
2684 4239 2697 4263 ,
2727 4196 3014 4267 aliquando
3043 4206 3410 4250 contemneret
3451 4213 3463 4249 :
3495 4205 3551 4250 et

1961 4304 2102 4343 nune
2127 4289 2336 4357 quidem
2367 4290 2527 4344 etiam
2555 4288 2852 4358 postularet
2877 4286 3128 4357 pecunias
3146 4328 3159 4350 ,
3191 4300 3332 4340 nunc
3369 4295 3548 4339 autem

1961 4381 2169 4436 oblatas
2211 4381 2371 4435 etiam
2425 4379 2728 4449 repudiaret
2767 4398 2779 4432 :
2822 4394 2945 4432 nam
2990 4387 3042 4432 et
3085 4376 3402 4431 sacriﬁcium
3448 4377 3552 4432 ob-

1971 4471 2113 4536 tulit,
2143 4478 2199 4525 et
2225 4469 2642 4540 purificationem
2669 4485 2735 4525 ex
2782 4484 2932 4523 more
2972 4466 3281 4533 celebravit,
3313 4477 3365 4520 et
3394 4474 3552 4535 caput

1964 4564 2129 4626 rasit;
2159 4562 2254 4618 sed
2281 4577 2469 4616 rursus
2499 4570 2554 4616 et
2592 4559 3061 4615 anathematizavit
3099 4559 3199 4612 ista
3245 4557 3503 4612 facientes
3530 4572 3547 4611 :

1967 4663 2022 4708 et
2051 4669 2193 4708 nunc
2218 4653 2434 4723 quidem
2475 4652 2892 4706 circumcidebat
2922 4652 3058 4719 ipse,
3101 4664 3242 4703 nunc
3271 4648 3551 4703 circumci-

1967 4743 2174 4798 sionem
2207 4743 2419 4812 penitus
2449 4742 2786 4795 excludcbat.
2831 4741 2900 4794 Et
2947 4747 3105 4793 erant
3153 4738 3290 4792 facta
3336 4738 3550 4807 quidem

1967 4834 2082 4902 ipsa
2111 4833 2322 4886 diversa
2365 4833 2506 4886 inter
2535 4846 2594 4885 se
2620 4840 2781 4898 atque
2808 4831 3097 4896 contraria,
3132 4845 3284 4884 mens
3315 4844 3442 4882 vero
3468 4839 3551 4881 at-

1968 4940 2073 4994 que
2100 4927 2361 4978 sententia
2391 4939 2453 4978 ex
2483 4939 2584 4993 qua
2614 4923 2701 4976 illa
2731 4921 2930 4977 ﬁebant
2959 4921 3113 4976 valde
3138 4922 3236 4976 sibi
3266 4923 3555 4976 concinens

1967 5024 2127 5085 atque
2157 5015 2508 5070 concordans.

2042 5106 2239 5159 Paulus
2265 5107 2413 5158 modo
2445 5107 2600 5175 legem
2629 5106 2844 5171 extollit,
2876 5105 3026 5160 modo
3057 5107 3248 5177 deficit.
3280 5135 3350 5146 —
3375 5104 3552 5162 Unum

1972 5197 2100 5251 illud
2131 5199 2438 5267 requirebat
2461 5208 2514 5252 et
2543 5199 2751 5260 solum,
2785 5214 2970 5252 eorum
3001 5199 3090 5268 qui
3132 5198 3280 5251 illum
3309 5197 3557 5252 audirent

1973 5305 2036 5345 ac
2080 5290 2345 5355 viderent,
2393 5290 2659 5343 salutem:
2693 5301 2976 5359 prepterea
3019 5290 3180 5345 modo
3225 5291 3436 5345 extollit
3481 5291 3559 5344 le-

1973 5397 2116 5452 gem.
2164 5381 2323 5434 modo
2364 5380 2584 5434 inclinat
2611 5395 2674 5434 ac
2715 5380 2916 5449 dejicit.
2964 5380 3079 5435 Non
3126 5382 3268 5434 enim
3305 5381 3475 5434 solum
3507 5381 3559 5435 in

1975 5473 2179 5526 actibus
2206 5472 2338 5535 suis,
2371 5485 2555 5524 verum
2587 5472 2748 5525 etiam
2773 5471 2826 5525 in
2858 5471 3037 5525 verbis
3059 5481 3195 5536 erat,
3228 5481 3286 5525 ut
3306 5471 3436 5535 dixi,
3468 5486 3561 5523 va-

1975 5563 2090 5617 rius
2120 5577 2184 5616 ac
2221 5561 2518 5630 multiplex,
2555 5576 2663 5615 non
2703 5563 2959 5615 mutando
3001 5562 3343 5626 sententiam,
3383 5576 3556 5631 neque

1976 5656 2114 5708 alter
2169 5652 2339 5707 factus
2383 5668 2448 5707 ex
2497 5654 2670 5708 altero
2717 5671 2730 5706 :
2776 5654 2869 5708 sed
2915 5654 3030 5721 ipse
3071 5653 3212 5723 quod
3258 5661 3375 5707 erat
3413 5669 3582 5729 sent-R

1975 5762 2073 5818 per
2126 5744 2430 5807 manendo,
2482 5759 2671 5798 eorum
2726 5760 2845 5814 qua:
2888 5744 3027 5798 dicta
3083 5756 3206 5799 sunt
3259 5760 3412 5798 usum
3460 5761 3554 5813 pro

1982 5849 2267 5890 causarum
2323 5836 2714 5904 opportunitate
2766 5835 3022 5891 variabat.
3069 5835 3185 5891 Non
3232 5836 3388 5908 igitur
3436 5851 3556 5890 cum
