4220 6300
716 354 822 408 499

725 480 944 540 propter
981 465 1077 521 ista
1106 465 1494 541 reprehendas,
1535 473 1753 533 propter
1792 478 1910 532 quae
1949 463 2095 517 illum
2123 465 2290 535 magis

727 556 892 610 debes
912 553 1081 622 dignis
1107 553 1345 608 laudibus
1368 568 1644 608 coronare.
1667 552 1937 623 Siquidem
1955 562 2009 607 et
2033 553 2293 608 medicum

724 665 844 703 cum
884 660 1021 700 nunc
1064 653 1301 700 urentem
1341 646 1572 711 Videris,
1615 660 1754 700 nunc
1800 645 2062 699 foventem
2087 688 2102 709 ,
2152 662 2291 700 nunc

724 736 864 789 ferro
895 743 1151 801 utentem,
1184 751 1324 792 nunc
1352 737 1762 802 medicamento,
1793 745 1847 789 et
1873 735 2154 804 aliquando
2181 738 2297 804 qui-

719 830 841 884 dem
870 836 1124 900 agrotum
1152 843 1179 880 a
1210 828 1329 883 cibo
1354 836 1585 898 potuque
1609 828 1941 883 cohibentem
1964 868 1979 891 ,
2013 826 2295 897 aliquando

723 935 853 974 vero
890 935 1009 976 eum
1046 922 1095 973 in
1127 921 1222 973 ista
1252 921 1547 985 laxantem,
1578 929 1631 975 et
1659 919 1816 973 modo
1860 918 2070 988 quidem
2092 908 2295 985 coope-

719 1009 945 1064 rientem
976 1009 1223 1078 undique,
1247 1019 1302 1065 et
1325 1011 1557 1080 undique
1581 1009 1979 1070 confovéntem;
2000 1023 2140 1063 nunc
2172 1022 2295 1061 vero

722 1100 819 1167 ipsi
851 1101 924 1155 illi
946 1100 1197 1157 calefacto
1226 1103 1463 1157 securius
1490 1103 1694 1171 plenam
1718 1101 1921 1171 frigidis
1948 1101 2098 1171 aquis
2124 1102 2291 1169 impc-

726 1199 930 1243 rantem
956 1198 1173 1258 epotare
1204 1192 1432 1260 phialam
1458 1210 1469 1244 :
1499 1206 1603 1245 non
1642 1192 1820 1261 utique
1846 1206 2006 1259 super
2048 1192 2145 1243 hac
2172 1206 2292 1243 eum
2321 1174 2333 1187 ’

722 1278 973 1334 varietate
1018 1290 1073 1335 et
1115 1280 1374 1352 frequenti
1411 1283 1698 1337 mutatione
1744 1282 2009 1350 culpabis;
2040 1281 2132 1336 sed
2170 1289 2293 1334 tunc

721 1369 984 1437 prmcipne
1012 1371 1247 1439 stupebis
1271 1382 1461 1437 artem,
1501 1372 1713 1440 quando
1740 1388 1801 1426 ea
1825 1387 1943 1440 qum
1986 1371 2139 1425 nobis
2167 1386 2295 1425 con-

723 1461 881 1513 traria
912 1461 1156 1517 videntur
1183 1473 1236 1518 et
1257 1466 1430 1529 noxia,
1464 1465 1603 1517 illam
1635 1479 1754 1518 cum
1789 1464 1977 1518 fiducia
2002 1462 2195 1517 videris
2216 1462 2294 1515 of-

727 1550 1008 1608 ferentem.
1057 1553 1166 1606 lloc
1204 1563 1284 1606 est
1323 1555 1463 1608 enim
1510 1555 1617 1607 veri
1663 1553 1882 1608 artiﬁcis
1919 1568 1981 1611 ac
2023 1553 2195 1621 periti.
2237 1551 2293 1605 Si

726 1641 881 1709 igitur
905 1644 1259 1711 approbamus
1285 1644 1546 1698 medicum
1577 1646 1840 1699 contraria
1870 1646 1964 1699 ista
1994 1645 2289 1707 facientem,

728 1732 892 1783 multo
919 1736 1084 1801 magis
1126 1734 1268 1788 Pauli
1308 1735 1564 1790 debemus
1592 1737 1821 1790 animam
1852 1736 2158 1804 pra-dicare,
2187 1742 2293 1787 tam

725 1821 907 1875 multis
936 1838 993 1875 se
1021 1838 1079 1875 ac
1105 1820 1329 1878 diversis
1352 1825 1520 1879 modis
1540 1828 1915 1894 mgrotantibns
1937 1834 2290 1894 coaptantem.

722 1908 839 1964 Non
884 1913 1023 1965 enim
1075 1915 1247 1967 minus
1300 1914 1349 1967 hi
1378 1916 1467 1983 qui
1515 1915 1842 1979 animarum,
1891 1932 2044 1984 quam
2088 1917 2159 1969 illi
2205 1916 2293 1983 qui

723 2018 1003 2071 corporum
1055 2006 1305 2073 languore
1347 2017 1624 2069 vexantur,
1654 2017 1769 2062 arte
1807 2024 1941 2076 opus
1979 2008 2205 2069 habent,
2235 2022 2297 2060 ac

724 2096 974 2147 varietate
1014 2096 1231 2149 curandi
1259 2113 1270 2149 :
1303 2098 1366 2149 ad
1397 2111 1528 2166 quos
1552 2099 1594 2152 si
1638 2114 1824 2153 secure
1852 2108 1904 2152 et
1929 2098 2071 2153 velut
2114 2115 2181 2152 ex
2213 2099 2295 2152 di-

726 2194 871 2236 recto
892 2185 1123 2238 volueris
1148 2185 1422 2253 accedere,
1446 2189 1619 2241 omnis
1646 2203 1766 2255 spes
1788 2190 1853 2241 ab
1878 2190 1955 2242 eis
1990 2189 2175 2242 salutis
2200 2204 2295 2241 au-

726 2271 904 2339 fugiet.
964 2273 1026 2325 Et
1054 2274 1177 2342 quid
1208 2277 1396 2329 mirum
1430 2278 1471 2330 si
1523 2278 1763 2331 homines
1807 2278 1872 2331 ad
1913 2278 2026 2333 haec
2075 2280 2295 2333 sanandi

727 2374 1137 2432 temperamenta
1189 2366 1535 2433 descendant,
1588 2384 1708 2423 eum
1755 2369 1914 2422 etiam
1963 2370 2298 2438 omnipotens

727 2454 867 2507 Deus
900 2454 998 2508 hoc
1021 2456 1135 2523 ipso
1158 2457 1432 2512 medicinae
1454 2467 1631 2513 utatur
1656 2460 1835 2524 modo,
1874 2475 1972 2513 nec
1999 2463 2173 2514 omnia
2198 2477 2295 2514 no-

728 2542 808 2596 bis
854 2542 1186 2597 uniformiter
1231 2560 1294 2598 ac
1340 2546 1579 2600 directim
1631 2548 1928 2617 loquatur?
1981 2549 2110 2618 Quia
2156 2550 2297 2604 enim

730 2644 919 2702 sponte
947 2649 1045 2687 nos
1070 2637 1182 2689 vult
1206 2636 1345 2691 efﬁci
1378 2638 1544 2691 bonos
1572 2680 1585 2700 ,
1634 2653 1737 2691 non
1780 2640 2095 2692 necessitate
2140 2648 2299 2707 atque

736 2724 1005 2790 violentia,
1026 2740 1160 2794 opus
1186 2727 1343 2780 etiam
1372 2727 1535 2781 habet
1558 2730 1849 2782 mutatione
1861 2744 2019 2793 curm.
2048 2744 2151 2782 non
2171 2743 2291 2799 pro-

729 2822 848 2881 pter
875 2814 1103 2884 aliquam
1141 2817 1613 2885 impossibilitatem
1656 2834 1826 2884 suam,
1859 2820 2016 2883 absit,
2045 2810 2138 2875 sed
2180 2838 2303 2890 pro-

738 2916 857 2975 ptcr
880 2916 1112 2964 nostram
1140 2908 1496 2978 fragilitatem.
1528 2910 1630 2979 lpsi
1655 2912 1794 2967 enim
1816 2912 1936 2965 licet
1965 2913 2183 2967 innuere
2208 2927 2299 2967 so—

732 2997 860 3061 lum,
890 2999 995 3051 imo
1023 2999 1157 3053 velle
1184 3001 1547 3054 tantummodo
1574 3041 1588 3065 ,
1636 3002 1851 3071 jamque
1876 3002 2011 3055 facta
2064 3015 2303 3071 spectare

735 3088 853 3156 quae
876 3091 1061 3143 voluit.
1085 3090 1194 3145 Nos
1220 3106 1348 3145 vero
1376 3093 1465 3161 qui
1488 3093 1654 3146 semel
1676 3093 2001 3146 dominatum
2022 3096 2188 3148 nostri
2213 3096 2306 3149 ad-

734 3183 840 3249 epti
869 3195 1073 3247 sumus,
1093 3197 1197 3236 non
1229 3183 1280 3236 in
1302 3185 1507 3237 cunctis
1535 3185 1642 3239 Deo
1676 3184 1920 3238 subditos
1943 3200 2063 3240 esse
2089 3202 2187 3239 nos
2215 3202 2304 3256 pa-

736 3274 895 3325 timur
926 3290 939 3324 :
970 3273 1057 3341 qui
1079 3274 1122 3326 si
1150 3272 1381 3327 traheret
1402 3275 1613 3337 invitos,
1637 3275 1990 3343 eriperetipse
2011 3275 2150 3345 quod
2171 3290 2304 3329 eon-

735 3361 872 3418 tulit.
900 3362 951 3415 id
977 3371 1077 3428 est,
1106 3361 1314 3416 arbitrii
1337 3370 1675 3433 potestatem.
1704 3363 1781 3419 Nc
1830 3364 1989 3432 igitur
2022 3365 2161 3419 istud
2213 3366 2304 3423 fie—

737 3463 838 3519 ret,
867 3454 1130 3522 frequenti
1162 3453 1260 3508 fuit
1279 3470 1412 3523 opus
1430 3456 1684 3510 varietate
1710 3457 2025 3511 medicandi.
2058 3458 2181 3513 lltec
2207 3474 2305 3513 au-

734 3554 841 3599 tem
864 3561 890 3597 a
920 3546 1072 3600 nobis
1097 3562 1199 3600 non
1225 3546 1493 3615 superﬂuo
1514 3547 1775 3617 disputata
1802 3558 1944 3614 sunt,
1973 3551 2063 3604 sed
2092 3561 2307 3620 propter

737 3636 874 3689 beati
905 3636 1053 3690 Pauli
1074 3636 1275 3690 varium
1316 3637 1544 3693 studium
1570 3646 1726 3708 atque
1746 3639 1978 3707 sapiens,
2012 3650 2067 3694 ut
2096 3642 2306 3711 quando

739 3742 861 3781 cum
896 3727 1091 3806 videris
1113 3728 1344 3796 pericula
1377 3728 1684 3797 fugientem,
1718 3744 1820 3781 non
1856 3729 2001 3783 illum
2029 3730 2307 3787 admireris

741 3817 934 3881 minus,
962 3834 1117 3887 quam
1149 3833 1267 3872 cum
1288 3834 1347 3873 se
1370 3820 1619 3889 periculis
1662 3821 1855 3889 gaudet
1900 3837 2171 3891 opponere
2198 3842 2209 3877 :
2252 3832 2309 3878 ut

744 3908 883 3963 enim
913 3908 1013 3961 hoc
1034 3908 1374 3973 fortitudinis,
1404 3910 1476 3964 ita
1507 3910 1637 3964 illud
1662 3911 1935 3979 sapientia:
1968 3923 2069 3966 est.
2095 3914 2160 3966 Et
2186 3930 2308 3968 cum

742 3999 939 4055 videris
964 4014 1083 4054 eum
1113 4015 1299 4070 magna
1326 4001 1394 4056 de
1424 4002 1602 4071 seipso
1636 4011 1934 4062 sonantem.
1962 4004 2313 4060 similiterad-

743 4091 977 4158 mireris,
1006 4107 1068 4144 ac
1088 4093 1131 4145 si
1163 4092 1309 4145 illum
1324 4093 2260 4165 ‘vidcassemetipsumdcpretiantem
2295 4114 2308 4149 :

743 4191 800 4236 ut
829 4183 968 4237 enim
1002 4183 1140 4237 istud
1164 4181 1476 4237 humilitatis
1500 4225 1513 4245 ,
1547 4184 1616 4237 ita
1642 4193 1696 4238 et
1725 4185 1849 4238 illud
1871 4187 2314 4255 magnanimitatis

746 4282 847 4326 cst.
875 4273 1095 4337 Quando
1120 4273 1262 4328 enim
1293 4273 1604 4342 gloriantem
1633 4274 1845 4339 videris,
1876 4275 2139 4330 admirare
2176 4293 2187 4328 :
2221 4276 2314 4331 sed

744 4364 993 4417 similiter
1021 4363 1174 4418 lauda
1201 4404 1216 4427 ,
1264 4378 1382 4418 cum
1428 4364 1573 4417 illum
1600 4364 1747 4418 vides
1782 4364 1998 4419 humilia
2048 4366 2115 4419 de
2157 4380 2215 4420 se
2265 4376 2318 4420 et

743 4455 1155 4521 contemptibilia
1173 4454 1454 4509 dicentem.
1473 4454 1602 4508 Nam
1622 4455 1789 4509 ethoc
1806 4464 1885 4510 est
1899 4456 2057 4511 animi
2076 4471 2318 4526 arrogan-
2351 4474 2357 4485 ι

749 4543 817 4595 tia
848 4543 1021 4606 vacui,
1054 4554 1106 4598 et
1126 4543 1252 4597 illud
1282 4543 1565 4598 dilectione
1589 4552 1643 4597 et
1668 4546 1993 4601 humanitate
2044 4546 2203 4612 pleni.
2262 4545 2315 4601 In

745 4634 1192 4701 dispensationem
1232 4635 1493 4704 siquidem
1546 4638 1827 4691 multorum
1862 4640 2048 4692 salutis
2090 4640 2187 4693 ista
2239 4640 2317 4694 fa-

748 4725 953 4787 ciebat,
1004 4736 1218 4795 propter
1242 4726 1381 4795 quod
1422 4728 1533 4782 ait:
1564 4727 1680 4781 Sive
1720 4730 1851 4783 enim
1908 4740 2067 4784 urente
2124 4733 2319 4785 excedi-

749 4832 889 4878 mus,
937 4815 1068 4880 Deo;
1105 4817 1206 4869 sive
1238 4817 1390 4870 sobrii
1422 4834 1627 4882 sumus,
1656 4819 1791 4873 vobis
1824 4820 1899 4890 (2.
1940 4821 2054 4874 Cor.
2101 4823 2155 4876 5.
2207 4825 2315 4894 15).

750 4906 930 4976 Neque
971 4909 1104 4961 alius
1132 4909 1410 4978 quisquam
1443 4918 1635 4974 tantas,
1668 4924 1775 4965 non
1820 4911 1940 4966 dico
1984 4914 2317 4979 occasiones,

754 4998 845 5050 sed
885 5012 1103 5066 prorsus
1144 5000 1488 5053 necessitates
1532 5000 1717 5054 habuit
1754 5004 2069 5070 arrogantia:
2094 5043 2108 5065 ,
2150 5020 2323 5073 neque

752 5097 928 5141 tamen
959 5088 1097 5141 ullus
1120 5089 1251 5142 alter
1272 5090 1340 5142 ita
1366 5104 1423 5143 se
1449 5089 1645 5144 munde
1664 5091 1731 5145 ab
1758 5092 1900 5145 omni
1924 5092 2174 5160 jactantia
2195 5094 2321 5148 sub-

752 5179 922 5231 duxit.
948 5179 1267 5249 llrecitaque
1284 5181 1753 5237 animoattentiore
1767 5184 2060 5238 considera.
2079 5186 2319 5252 Scientia,

753 5270 944 5338 inquit,
973 5270 1120 5338 inﬂat
1148 5272 1225 5337 (l.
1251 5269 1368 5325 Cor.
1400 5271 1451 5325 8.
1486 5273 1538 5342 1)
1565 5289 1577 5326 :
1610 5281 1664 5328 et
1702 5272 1805 5329 hoc
1832 5288 2019 5329 omnes
2044 5290 2162 5328 cum
2181 5273 2322 5344 Apo-

756 5360 893 5411 stolo
935 5357 1088 5413 facile
1135 5358 1448 5416 dixerimus.
1496 5366 1563 5417 At
1608 5373 1750 5418 tanta
1796 5376 1940 5420 certe
1983 5366 2034 5419 in
2085 5367 2175 5420 illo
2213 5377 2326 5421 erat

756 5449 1000 5513 scientia,
1027 5462 1221 5518 quanta
1253 5451 1305 5505 in
1335 5453 1439 5506 ullo
1463 5470 1711 5523 umquam
1742 5455 1928 5522 fuerit,
1951 5472 2123 5527 neque
2152 5468 2323 5513 tamen

758 5556 815 5591 se
836 5541 1021 5594 extulit
1068 5543 1383 5610 insolenter,
1413 5546 1501 5614 qui
1533 5561 1590 5600 se
1618 5548 1670 5600 in
1713 5548 1813 5601 hoc
1841 5549 1955 5617 ipso
1985 5548 2227 5602 humiliat
2266 5565 2326 5604 ac

755 5628 935 5698 dejicit
961 5630 1144 5687 dicens
1176 5650 1190 5687 :
1220 5633 1301 5688 Ea:
1328 5645 1469 5701 parte
1480 5636 1840 5705 cognoscimus,
1865 5653 1926 5691 ex
1946 5648 2086 5706 parte
2108 5641 2324 5708 praphe-

760 5723 1141 5797 tamus(lCor.l
1154 5728 1205 5782 '5.
1222 5726 1300 5800 9).
1320 5726 1405 5797 Et,
1429 5725 1548 5783 Non
1569 5744 1648 5783 me
1663 5728 1877 5784 arbitror
1891 5730 2324 5805 spumae/tendisse

1412 350 1470 405 S.
1511 348 1788 406 JOANNIS
1826 347 2299 405 CllBYSOSTOMI
2339 352 2661 412 ARCHIEP.
2701 347 3238 412 CONSTANTINOP.

3879 346 3986 404 500

2412 466 2667 539 (Philipp.
2699 470 2752 523 ’5.
2780 469 2889 538 15).
2920 466 3007 531 Ει,
3031 465 3093 521 Si
3118 465 3231 535 quis
3258 464 3510 519 existimat
3538 479 3591 520 se
3614 462 3745 518 scire
3763 462 3981 528 aliquid,

2402 560 2624 612 nondum
2674 560 2902 627 cognovit
2959 558 3383 627 quemadmodum
3442 574 3555 611 eum
3610 564 3808 625 oportet
3853 554 3983 607 scire

2406 651 2479 717 (Ι.
2512 648 2628 703 Cor.
2661 650 2714 703 8.
2758 647 2836 718 2).
2886 648 3154 717 Jejunium
3198 663 3384 702 rursus
3430 647 3598 712 inﬂat,
3646 646 3806 715 idque
3858 642 3985 699 fecit

2401 739 2699 793 Pharismns
2726 740 2814 794 ille
2843 739 3201 803 manifestum,
3225 739 3314 807 qui
3338 739 3415 792 ait
3440 755 3452 791 :
3486 736 3675 809 Jejuno
3694 738 3768 791 bis
3786 737 3841 789 in
3862 735 3983 790 sal»

2402 830 2513 883 bnto
2544 829 2692 900 (Luc.
2729 830 2815 884 l8.
2848 831 2954 898 12).
2992 830 3094 884 Sed
3126 829 3321 883 Paulus
3352 845 3458 883 non
3489 829 3651 882 modo
3688 827 3940 897 jejunans
3962 865 3981 895 ,

2402 934 2583 974 verum
2627 919 2786 973 etiam
2824 919 3017 974 famem
3067 929 3285 988 prepter
3333 918 3602 973 Christum
3649 917 3883 987 patiens,
3925 928 3985 969 se

2399 1008 2555 1063 etiam
2578 1008 2871 1063 abortivum
2900 1009 3123 1063 vocabat
3150 1011 3228 1079 (l.
3255 1008 3376 1063 'Cor.
3410 1008 3496 1061 15.
3528 1007 3605 1075 8).

2472 1097 2591 1153 Non
2618 1117 2788 1153 omnes
2808 1101 3131 1153 revelationes
3165 1116 3285 1153 suos
3315 1098 3549 1152 reseravit
3584 1095 3801 1149 Paulus.
3834 1094 3985 1149 Pau-

2399 1192 2477 1245 lus
2499 1194 2747 1260 quomodo
2772 1209 2825 1246 se
2862 1193 3101 1245 laudarit.
3132 1221 3203 1233 -ο
3228 1192 3291 1245 Ει
3320 1190 3443 1260 quid
3486 1189 3554 1243 de
3591 1189 3811 1242 scientia
3863 1187 3986 1241 dico

2398 1291 2555 1352 atque
2595 1282 2826 1351 jejunio,
2870 1283 3080 1350 quando
3108 1283 3265 1336 etiam
3308 1289 3449 1334 tanta
3474 1294 3596 1333 cum
3634 1278 3742 1333 Deo
3777 1277 3988 1331 habens

2398 1384 2452 1428 et
2480 1385 2581 1427 tam
2603 1374 2789 1428 crebra
2811 1376 3094 1443 colloquia,
3115 1384 3310 1445 quanta
3341 1388 3439 1429 nec
3466 1371 3843 1441 prophetarum
3884 1384 3985 1423 nec

2399 1467 2758 1534 apostolorum
2804 1468 2940 1520 ullus
2970 1466 3183 1529 habuit,
3212 1480 3308 1534 per
3333 1481 3393 1519 ea
3432 1464 3543 1533 ipsa
3575 1462 3829 1517 humilior
3865 1460 3987 1514 red-

2399 1557 2666 1611 debatur?
2711 1556 2824 1610 Non
2876 1558 3017 1610 enim
3067 1556 3195 1609 mihi
3236 1556 3382 1608 dicas
3425 1555 3521 1608 ista
3568 1567 3689 1621 qua:
3737 1550 3984 1619 legimus.

2401 1647 2529 1700 Nam
2553 1648 2701 1715 plura
2728 1646 2957 1711 celavit,
2986 1662 3085 1699 nec
3110 1646 3252 1699 enim
3278 1646 3456 1697 omnia
3501 1642 3666 1707 dixit,
3701 1657 3768 1696 ne
3816 1640 3989 1709 gloria

2401 1737 2585 1806 majori
2606 1752 2665 1793 se
2686 1736 3038 1791 circumdaret
3062 1756 3076 1791 :
3110 1751 3208 1793 nec
3236 1735 3452 1789 omnino
3471 1742 3661 1788 cuncta
3688 1731 3886 1793 tacuit,
3920 1743 3989 1784 ne

2372 1828 2961 1899 pseudoapostolorum
3015 1836 3202 1881 contra
3247 1841 3305 1880 se
3357 1840 3448 1880 ora
3507 1832 3795 1879 reseraret.
3845 1822 3990 1875 Nihil

2400 1922 2539 1976 enim
2569 1922 2739 1975 otiose
2768 1921 2856 1977 ille
2900 1919 3159 1984 faciebat,
3186 1918 3280 1972 sed
3302 1917 3478 1971 omnia
3503 1930 3626 1970 cum
3654 1928 3816 1969 causa
3844 1912 3987 1981 justa

2404 2012 2771 2082 probabilique
2796 2011 3019 2064 ratione.
3048 2009 3179 2063 Cum
3209 2018 3353 2062 tanta
3376 2007 3552 2074 itaque
3578 2005 3786 2058 ratione
3812 2010 3992 2055 tantas

2402 2117 2487 2155 res
2515 2103 2651 2156 inter
2674 2116 2733 2155 se
2758 2100 2993 2157 diversas
3016 2099 3417 2167 contrariasque
3444 2095 3761 2166 peragebat,
3791 2102 3850 2146 ut
3879 2093 3990 2145 eis—

2400 2192 2521 2247 dem
2551 2202 2727 2246 tamen
2774 2191 3017 2245 laudibus
3063 2190 3260 2258 ubique
3303 2196 3604 2243 ornaretur.
3659 2184 3813 2249 Quod
3859 2182 3993 2237 dum

2400 2282 2634 2350 apertius
2663 2281 2886 2337 dicimus
2906 2321 2921 2346 ,
2947 2282 3172 2334 intuere.
3205 2278 3449 2347 Magnum
3489 2276 3685 2329 bonum
3716 2282 3800 2326 ρει
3828 2272 3901 2327 de
3930 2284 3993 2325 se

2403 2370 2534 2423 nihil
2572 2385 2816 2439 magnum
2844 2370 3019 2438 loqui;
3051 2369 3135 2422 hic
3160 2377 3337 2421 autem
3372 2374 3477 2419 tam
3510 2370 3810 2432 opportune
3834 2369 3991 2429 apte-

2403 2463 2617 2531 quchoc
2636 2462 2895 2527 faciebat,
2924 2470 2981 2515 ut
3004 2462 3170 2529 magis
3197 2466 3495 2513 mereretur
3514 2454 3783 2524 loquendo
3810 2456 3882 2507 de
3909 2466 3991 2517 se,

2403 2567 2560 2620 quam
2603 2552 2825 2606 tacendo
2848 2593 2863 2617 ,
2887 2551 3109 2605 laudari.
3141 2550 3240 2617 Qui
3270 2548 3370 2603 nisi
3398 2546 3614 2601 fecisset
3642 2542 3783 2598 istud
3806 2584 3821 2607 ,
3874 2540 3991 2595 cul-

2405 2645 2630 2714 pabilior
2676 2652 2821 2697 esset
2872 2642 3012 2707 illis,
3043 2641 3133 2711 qui
3170 2640 3377 2708 seipsos
3428 2638 3732 2705 importune
3770 2632 3994 2687 laudare

2405 2735 2703 2790 didicerunt
2735 2742 2824 2788 :et
2854 2734 2953 2787 nisi
2984 2734 3143 2787 etiam
3181 2730 3437 2801 gloriatus
3482 2727 3703 2791 fuisset,
3752 2723 3993 2779 creditos

2406 2824 2505 2878 sibi
2536 2822 2850 2893 perdidisset
2888 2835 3184 2890 omnesque
3228 2834 3316 2874 res
3346 2817 3681 2877 inimicorum
3704 2854 3720 2880 ,
3766 2813 3894 2867 dum
3933 2827 3994 2867 se

2407 2916 2678 2981 humiliat,
2705 2915 3002 2970 extulisset.
3036 2913 3124 2968 Sic
3152 2920 3375 2965 noverat
3401 2909 3475 2962 uti
3499 2909 3694 2977 ubique
3723 2917 3992 2974 tempore,

2407 3017 2462 3062 et
2488 3023 2607 3061 cum
2632 3015 2782 3061 recto
2806 3006 3027 3061 consilio
3052 3013 3212 3074 atque
3238 3004 3500 3059 sententia
3522 3014 3582 3055 ea
3604 3013 3722 3069 quae
3742 2997 3995 3052 videntur

2409 3095 2738 3165 reprobanda
2785 3094 3043 3163 perficere
3066 3134 3080 3158 ,
3114 3102 3220 3147 tam
3249 3092 3449 3146 utiliter
3489 3098 3543 3143 et
3565 3085 3883 3149 commode,
3936 3091 3998 3137 ut

2410 3204 2514 3243 non
2566 3189 2743 3242 minus
2790 3186 2857 3241 de
2908 3186 3011 3239 illis
3043 3184 3310 3252 placeret,
3365 3196 3522 3251 quam
3567 3193 3690 3233 cum
3730 3177 3995 3245 imperata
4044 3166 4061 3185 ³

2410 3278 2719 3348 compleret.
2750 3276 2991 3343 Amplius
3033 3274 3175 3329 enim
3205 3286 3347 3327 nunc
3386 3270 3581 3325 Paulus
3628 3266 3826 3337 placuit
3875 3260 3997 3335 glo-

2411 3370 2630 3434 riando,
2656 3382 2814 3440 quam
2844 3369 2977 3421 alter
3002 3364 3188 3424 laudes
3226 3363 3465 3437 preprias
3506 3357 3823 3415 occultando
3850 3375 3865 3412 :
3896 3369 4001 3412 nec

2412 3469 2614 3516 tantum
2657 3459 2935 3529 quisquam
2982 3456 3181 3527 profuit
3226 3471 3347 3510 cum
3398 3469 3493 3508 sua
3519 3452 3708 3508 merita
3755 3450 3999 3517 celaret,

2412 3560 2667 3622 quantum
2695 3550 2793 3603 iste
2816 3564 2934 3602 cum
2954 3548 3222 3619 proderet.
3248 3544 3353 3600 Sed
3381 3545 3481 3597 hoc
3506 3556 3717 3611 quoque
3745 3549 3829 3596 est
3855 3539 4003 3593 mul-

2414 3652 2468 3698 to
2496 3642 2859 3697 admirabilius
2889 3659 2904 3696 :
2935 3640 3056 3713 quia
3084 3639 3152 3693 de
3179 3653 3237 3693 se
3264 3653 3369 3692 non
3396 3635 3558 3690 modo
3578 3635 3830 3704 loquutus
3848 3673 3865 3698 ,
3898 3646 4002 3687 ve-

2413 3748 2528 3787 rum
2558 3734 2713 3787 etiam
2740 3740 2998 3799 quantum
3023 3728 3254 3799 Oportuit
3284 3735 3367 3782 cst
3408 3725 3677 3793 loquutus.
3706 3722 3823 3777 Non
3850 3721 4004 3780 enim

2415 3824 2562 3893 quasi
2604 3823 2887 3876 maximam
2910 3821 3177 3875 licentiam
3208 3818 3277 3873 de
3326 3815 3723 3886 opportunitate
3770 3822 4001 3878 nactus,

2416 3914 2813 3969 immoderatius
2837 3912 3080 3966 laudibus
3103 3910 3215 3965 suis
3242 3923 3368 3963 usus
3388 3917 3503 3970 est;
3537 3905 3630 3961 sed
3652 3904 4007 3960 consideran-

2418 4005 2619 4060 tissime
2647 4017 2919 4073 quousque
2938 4018 3060 4061 eum
3079 4001 3325 4071 progredi
3355 4000 3538 4053 liceret
3562 3996 3794 4065 agnovit.
3814 3994 4009 4064 Neque

2418 4104 2595 4148 tamen
2628 4092 2767 4148 istud
2794 4091 3040 4147 sufficere
3081 4090 3183 4145 sibi
3224 4082 3485 4149 credidit,
3516 4085 3611 4140 scd
3640 4099 3707 4139 ne
3735 4082 3871 4137 alios
3900 4082 4011 4136 hoc

2420 4202 2666 4242 sermone
2683 4196 2886 4241 vetaret
2908 4183 2970 4256 [ί.
2993 4182 3250 4255 vitiaret],
3275 4181 3432 4251 idque
3456 4180 3696 4233 efﬁceret
3719 4186 3776 4229 ut
3793 4184 4005 4230 semet-

2421 4279 2565 4345 ipsos
2610 4277 2837 4330 inaniter
2868 4274 3252 4344 praedicarent,
3303 4271 3533 4326 libenter
3571 4266 3816 4321 seetiam
3866 4266 4011 4319 insi~

2423 4368 2653 4436 pientem
2686 4366 2893 4420 vocavit
2922 4384 2935 4420 :
2963 4377 3278 4435 quamquam
3309 4369 3455 4416 certa
3476 4359 3728 4413 invitante
3747 4370 3909 4410 causa
3938 4356 4014 4409 de

2424 4457 2633 4526 propria
2655 4455 2853 4525 aliquid
2880 4454 3037 4508 laude
3057 4450 3450 4521 perstrinxerit.
3478 4448 3610 4515 Quia
3638 4447 3780 4501 enim
3807 4459 4011 4499 conse-

2424 4560 2592 4616 quens
2617 4554 2759 4607 erat,
2785 4553 2844 4598 ut
2869 4542 3094 4611 idipsum
3122 4540 3470 4609 respicientes
3496 4536 3582 4590 alii
3609 4543 3812 4589 temere
3840 4545 4014 4602 atque

2426 4637 2649 4691 inaniter
2685 4638 2800 4703 ejus
2848 4641 3123 4687 uterentur
3173 4628 3458 4698 exemplo:
3498 4626 3639 4695 quod
3689 4624 4019 4693 plerumque

2425 4725 2681 4794 contingit
2706 4734 2759 4778 et
2780 4722 2999 4778 medicis
3025 4738 3039 4774 :
3060 4708 3213 4789 {smpe
3233 4720 3374 4774 enim
3397 4715 3840 4773 medicamentum
3861 4711 4016 4782 quod

2426 4826 2721 4887 Opportune
2748 4814 2880 4867 alter
2903 4811 3181 4882 apposuit,
3212 4812 3511 4878 importune
3530 4807 3664 4861 alter
3687 4804 4015 4865 admovens,

2426 4910 2531 4961 vim
2564 4904 2925 4960 medicaminis
2950 4904 3375 4970 obscuratatque
3399 4896 3693 4964 corrumpit
3722 4911 3735 4946 :
3760 4907 3829 4947 ne
3844 4890 4021 4960 igitur

2428 5001 2513 5054 hic
2534 5013 2744 5069 quoque
2771 4995 2909 5050 istud
2937 4994 3236 5058 accideret,
3264 4991 3387 5046 vide
3402 4998 3600 5060 quanta
3629 4984 4022 5056 procuratione
4074 5022 4085 5035 .

2428 5106 2554 5145 usus
2575 5091 2643 5143 sit
2674 5108 2689 5143 :
2713 5088 2801 5157 qui
2828 5101 2946 5141 cum
2990 5085 3311 5156 gloriaturus
3336 5088 3479 5136 esset
3497 5121 3512 5142 ,
3540 5094 3645 5133 non
3668 5076 3867 5136 semel,
3899 5088 4023 5131 non

2428 5180 2693 5244 secundo,
2722 5177 2818 5232 sed
2847 5176 3036 5247 saepius
3074 5174 3367 5230 differendo
3397 5181 3553 5242 atque
3592 5164 3894 5223 cunctando
3928 5164 4023 5221 di-

2429 5274 2581 5327 cebat
2616 5289 2629 5325 :
2665 5270 2873 5326 Utinam
2912 5268 3213 5323 sustineretis
3263 5265 3514 5319 modicum
3543 5259 3664 5331 quid
3705 5256 4031 5324 insipientia?

2386 5380 2389 5383 ·
2432 5381 2554 5417 mea:
2580 5363 2655 5430 (Ξ.
2689 5361 2807 5417 Cor.
2834 5360 2920 5414 ll.
2954 5359 3003 5413 l.
3035 5359 3095 5430 ‘2)
3121 5377 3133 5412 :
3163 5366 3216 5412 et
3241 5369 3454 5419 rursus,
3486 5350 3634 5419 Quod
3672 5350 3878 5417 loquor,
3910 5364 4026 5401 non

2433 5455 2606 5524 loquor
2625 5455 2899 5507 secundum
2926 5450 3120 5514 Deum,
3147 5449 3235 5502 sed
3261 5449 3313 5501 in
3336 5445 3624 5515 insipientia
3648 5442 3664 5471 ⁸
3696 5438 3801 5510 (Ib.
3847 5452 3900 5489 υ.
3954 5438 4027 5492 Π

2432 5557 2477 5598 et
2498 5546 2608 5615 ‘21).
2642 5545 2880 5615 Cumque
2907 5549 3049 5596 tants
3090 5539 3336 5603 dixisset,
3362 5551 3469 5591 non
3499 5544 3673 5589 tamen
3704 5546 3764 5586 ea
3787 5544 3845 5585 se
3868 5542 4027 5599 praes-

2462 5680 2513 5788 ιι
2549 5686 2625 5726 cr.
2652 5677 2781 5737 add,
2807 5675 2856 5728 in
2880 5687 2974 5738 quo
2996 5672 3100 5738 quis
3124 5671 3267 5722 audet
3285 5705 3300 5732 ,
3323 5682 3373 5721 ut
3397 5666 3669 5732 irtstptentia
3692 5664 3803 5718 dico
3819 5700 3834 5723 .
3859 5664 4033 5717 multo

2500 5752 2603 5788 eoo.

2434 5752 2477 5789 et
2500 5752 2603 5803 ego.
