4220 6316
291 400 397 462 ιον

284 518 427 573 ἁλλά
482 515 550 570 δι’
579 513 720 571 αύτά
775 510 874 587 μὲν
912 507 1017 569 ὀὖν
1048 515 1221 571 ταῦτα
1266 515 1501 587 μάλιστα
1530 516 1870 589 ἀνακήρυξον

287 612 385 665 καὶ
413 610 777 679 στεφάνωσον.
830 608 985 662 Ἐπεὶ
1012 608 1107 662 καὶ
1132 610 1221 663 τὸν
1243 608 1447 679 ίατρὸν,
1474 609 1601 663 ὅταν
1637 610 1750 679 ἴδῃς
1778 608 1871 662 νῦν

292 701 395 773 μὲν
431 700 678 765 καίοντα,
722 700 819 752 νῦν
844 698 901 752 δὲ
925 701 1221 771 τρέφοντα,
1276 703 1371 753 καὶ
1398 699 1493 754 νῦν
1536 701 1635 771 μέν
1668 700 1874 771 σιδήρῳ

284 792 593 865 χρώμενον,
624 790 721 845 νῦν
742 791 801 845 δὲ
835 792 1135 864 φαρμάκῳ,
1168 793 1265 846 καὶ
1288 794 1418 846 ποτέ
1452 793 1553 863 μὲν
1589 792 1874 862 ἀπάγοντα

290 892 481 944 σιτίων
509 891 602 944 καὶ
634 891 835 953 ποτῶν,
873 892 1002 945 ποτέ
1049 890 1108 945 δὲ
1147 892 1512 966 ἐπιτρέποντα
1542 893 1748 948 τούτων
1774 893 1874 963 ἀρ-

286 982 388 1052 δην
431 982 789 1053 ἐμφορεῖσθαι
831 983 923 1037 τὸν
985 983 1293 1054 κάμνοντα,
1344 984 1439 1037 καὶ
1473 982 1602 1037 ποτέ
1632 986 1732 1053 μὲν
1775 1001 1874 1036 πε-

289 1072 616 1141 ριὸἀλλοντα
672 1073 940 1127 πάντοθεν
963 1115 979 1141 ,
1038 1074 1170 1127 ποτέ
1215 1075 1273 1128 δὲ
1322 1074 1485 1128 αὐτὸν
1540 1077 1747 1128 ἐκεῖνον
1784 1075 1877 1127 τὸν

286 1163 759 1235 διαθερμανθέντα
824 1165 1118 1219 κελεύοντα
1182 1165 1381 1237 φιάλην
1440 1167 1732 1238 ὁλόκληρον
1786 1169 1878 1221 ἐκ-

288 1257 438 1307 πιεῖν
476 1256 683 1310 ὑδάτων
714 1256 938 1328 ψυχρῶν
960 1296 975 1321 ,
1014 1258 1076 1311 οὐ
1110 1259 1439 1333 καταγνώσῃ
1488 1260 1587 1331 τῆς
1649 1260 1879 1332 μεταδο-

285 1343 414 1414 λῆς,
445 1346 573 1399 οὐδὲ
593 1347 693 1412 τῆς
722 1347 978 1418 συνεχοῦς
1005 1350 1392 1419 μεταστάσεως
1413 1367 1427 1381 ·
1457 1351 1596 1405 ἀλλά
1622 1353 1743 1410 τότε
1773 1353 1877 1422 μά⁹

288 1436 453 1491 λιστα
475 1439 779 1502 ἐπαινέσεις
804 1440 904 1511 τὴν
935 1441 1153 1512 τέχνην,
1177 1442 1247 1495 τὰ
1280 1442 1540 1496 δοκοῦντα
1566 1446 1699 1513 ἡμῖν
1720 1445 1876 1498 ἐναν-

285 1530 383 1584 τία
414 1523 553 1583 είναι
575 1530 669 1583 καὶ
698 1530 935 1601 βλαϐερά
961 1532 1099 1602 μετὰ
1117 1532 1213 1586 τοῦ
1240 1532 1465 1605 θαρρεῖν
1489 1536 1875 1605 προσάγουσαν

283 1634 436 1706 ὁρῶν
454 1674 470 1699 ,
510 1637 601 1688 καὶ
628 1636 688 1688 τὸ
724 1636 967 1705 ἀσφαλὲς
992 1638 1371 1708 ἐγγυωμένην.
1406 1639 1577 1693 Τοῦτο
1602 1641 1707 1711 γάρ
1737 1643 1879 1713 ἀνὴρ

287 1738 563 1809 τεχνικός.
590 1739 652 1792 El
676 1738 732 1791 δέ
766 1738 949 1809 ίατρδν
973 1738 1350 1809 ἀποδεχόμεθα
1371 1741 1440 1795 τὰ
1461 1744 1678 1796 ἐναντία
1704 1745 1877 1799 ταῦτα

289 1844 558 1896 ποιοῦντα
578 1882 593 1908 ,
632 1842 814 1914 πολλῷ
848 1844 1188 1916 μᾶλλον’τὴν
1240 1845 1454 1901 Παύλου
1487 1848 1699 1919 ψυχὴν,
1737 1851 1879 1905 οὕτω

290 1953 410 2013 τοῖς
432 1949 701 2019 κάμνουσι
727 1946 1207 2022 προσφερομένην,
1236 1953 1632 2024 ἀνακηρύττειν
1655 1955 1753 2009 δεῖ.
1773 1958 1883 2011 Καὶ

291 2055 407 2126 γάρ
448 2054 559 2108 τῶν
600 2054 668 2108 τά
703 2054 933 2125 σώματα
967 2056 1395 2128 ἀρρωστούντων
1435 2060 1536 2112 οὐκ
1576 2060 1797 2115 ἔλαττον
1835 2063 1883 2115 οί

290 2158 396 2223 τάς
426 2157 607 2229 ψυχάς
639 2157 924 2223 νοσοῦντες
953 2160 1167 2214 δέονται
1205 2164 1457 2233 μηχανῆς
1494 2164 1590 2216 καὶ
1632 2182 1884 2236 μεταχει-

294 2260 497 2333 ρίσεως
516 2276 535 2292 ⁸
566 2260 669 2313 κᾶν
698 2261 760 2325 ἐξ
790 2260 1007 2325 εὐθείας
1036 2260 1223 2328 αὐτοῖς
1244 2265 1498 2336 προσίῃς,
1527 2267 1704 2321 πάντα
1735 2271 1887 2340 οἰχή-

294 2375 450 2412 σεται
488 2359 560 2413 τά
590 2359 692 2430 τῆς
742 2360 1020 2431 σωτηρίας
1059 2362 1263 2415 αὐτῶν.
1302 2366 1413 2419 Καὶ
1454 2366 1506 2419 τί
1550 2366 1884 2439 θαυμαστὸν,

292 2460 348 2511 εί
390 2457 672 2531 ἄνθρωποι
710 2458 885 2514 ταῦτα
930 2460 1200 2524 ποιοῦσιν,
1229 2463 1359 2517 ὅταν
1388 2467 1417 2518 ό
1450 2464 1581 2529 Θεὸς
1602 2506 1615 2530 ,
1653 2469 1681 2520 6
1712 2467 1889 2521 πάντα

292 2558 629 2629 δυνάμενος,
661 2558 839 2630 τούτῳ
868 2558 1135 2633 κέχρηται
1168 2562 1267 2633 τῆς
1314 2559 1555 2635 ἰατρείας
1592 2566 1668 2636 τῷ
1702 2567 1851 2639 νόμῳ
1872 2602 1888 2631 ,

296 2660 394 2714 διαὶ
412 2659 476 2712 οὐ
499 2660 734 2714 πάντοτε
753 2660 813 2727 ἐξ
841 2661 1059 2725 εὐθείας
1084 2664 1220 2733 ἡμῖν
1248 2662 1399 2736 [503]
1427 2662 1590 2737 ὁμιλῇ
1614 2684 1629 2733 ;
1673 2668 1890 2739 Ἐπειδὴ

295 2759 409 2830 γάρ
438 2760 667 2823 ἑκόντας
695 2756 835 2815 εἶναι
871 2759 1125 2830 βούλεται
1154 2762 1375 2826 καλοὺς,
1403 2760 1521 2816 ἀλλ’
1552 2766 1653 2818 οὐκ
1677 2766 1893 2838 ἀνάγκη

296 2858 396 2911 καὶ
585 2857 807 2927 ἐδέησεν
840 2859 992 2929 αὐτῷ
1021 2861 1117 2912 καὶ
1150 2852 1398 2931 μεθόδου,
1428 2861 1489 2914 οὐ
1517 2861 1606 2915 διὰ
1641 2864 1702 2915 τὺ
1727 2862 1891 2916 αὐτοῦ

297 2958 587 3026 ἀδύνατον,
622 2959 802 3027 ἄπαγε
822 2999 837 3021 ,
869 2959 1008 3013 ἀλλὰ
1034 2960 1126 3013 διὰ
1164 2958 1225 3013 τὸ
1253 2961 1481 3025 ἀσθενὲς
1509 2962 1571 3015 τὸ
1599 2963 1889 3035 ἡμέτερον.

299 3058 465 3129 Δύτῷ
494 3061 593 3130 μὲν
622 3058 734 3130 γὰρ
762 3058 941 3124 ἔξεστι
962 3059 1156 3113 νεῦσαι
1186 3060 1366 3131 μόνον,
1394 3060 1595 3131 μᾶλλον
1620 3060 1677 3115 δὲ
1704 3060 1891 3133 ἐθελῆ-

301 3176 393 3213 σαι
440 3158 637 3229 μόνον,
683 3161 778 3213 καὶ
821 3160 1045 3229 ποιῆσαι
1089 3160 1266 3213 πάντα
1305 3160 1449 3230 άπερ
1490 3157 1556 3213 ἂν
1602 3158 1889 3229 βούληται·

300 3260 469 3329 ἡμεῖς
500 3258 558 3312 δὲ
594 3258 744 3323 ἆτταξ
770 3258 979 3313 ἑαυτῶν
1019 3253 1304 3328 γενόμενοι
1334 3258 1551 3329 κύριοι,
1580 3258 1681 3312 οὐκ
1708 3260 1896 3331 ἀνεχό-

303 3354 447 3426 μεθα
484 3354 666 3409 πάντα
696 3354 1000 3408 ὑπακούειν
1028 3355 1199 3426 αὐτῷ.
1241 3354 1369 3408 Ἐἀν
1409 3350 1504 3410 οὖν
1542 3357 1776 3421 ἄκοντας
1810 3352 1895 3411 ἐλ-

301 3455 452 3526 κύσῃ
476 3495 493 3519 ,
523 3455 663 3525 ὅπερ
695 3455 919 3519 ἔδωκεν,
951 3455 1321 3525 ἀφαιρήσεται
1346 3493 1363 3519 ,
1392 3454 1490 3525 τὴν
1522 3456 1624 3526 τῆς
1648 3454 1897 3521 ἐξουσίας

301 3555 449 3623 λέγω
482 3554 818 3626 ἐλευθερίαν.
848 3556 949 3608 'Iv‘
981 3550 1073 3617 οὖν
1114 3555 1190 3627 μὴ
1214 3554 1374 3608 τοῦτο
1396 3555 1645 3628 γένηται,
1677 3556 1898 3628 ἐδέησεν

304 3653 459 3724 αὐτῷ
485 3653 726 3725 μεθόδων
752 3653 981 3707 πολλῶν.
1012 3652 1199 3706 Ταῦτα
1227 3653 1286 3705 δέ
1320 3656 1453 3725 ἡμῖν
1479 3653 1579 3725 οὐχ
1598 3654 1786 3719 ἁπλῶς
1816 3655 1897 3709 εί-

311 3776 516 3832 ρηται,
549 3757 689 3813 ἀλλά
723 3757 813 3811 διά
843 3759 904 3813 τὸ
950 3757 1196 3812 ποικίλον
1226 3757 1324 3811 τοῦ
1362 3758 1637 3830 μακαρίου
1680 3758 1896 3813 Παύλου

304 3868 403 3922 καὶ
447 3866 651 3936 σοφόν·
694 3866 836 3919 ὥστε
873 3867 1002 3919 ὅταν
1042 3866 1159 3937 ίδῃς
1204 3864 1369 3919 αὐτὸν
1410 3866 1681 3935 φεύγοντα
1717 3866 1898 3920 κινδύ-

304 3988 454 4035 νους,
487 3970 772 4041 θαύμασον
802 3972 1025 4041 ὁμοίως,
1070 3972 1259 4042 ὥσπερ
1288 3971 1418 4024 ὅταν
1446 3970 1563 4043 ἴδῃς
1590 3952 1897 4041 ὁμόσεχω-

307 4078 512 4150 ροῦντα
541 4076 759 4140 αὐτοῖς·
797 4075 1051 4146 καθάπερ
1083 4075 1191 4147 γὰρ
1222 4075 1382 4130 τοῦτο
1420 4075 1704 4146 ἀνδρείας,
1756 4076 1899 4129 οὓτω

307 4186 535 4239 κάκεῖνο
584 4184 798 4251 σοφίας.
848 4183 1019 4236 Ὅταν
1074 4176 1191 4253 ἴδῃς
1240 4182 1451 4253 μεγάλα
1503 4180 1895 4251 φθεγγόμενον,

310 4288 598 4359 θαύμασον
614 4286 993 4357 όμοίως,ῶσπε
1000 4304 1032 4357 ρ
1058 4287 1186 4339 ὅταν
1201 4286 1318 4357 ἴδῃς
1332 4284 1711 4356 μετριάζοντα·
1732 4286 1901 4339 καθά-

311 4410 417 4465 περ
444 4393 557 4462 γάρ
583 4391 741 4445 τοῦτο
765 4390 1291 4462 ταπεινοφροσύνης,
1324 4384 1497 4454 οὕτως
1527 4392 1705 4444 ἐκεῖνο
1730 4408 1900 4460 μεγα-

307 4491 598 4566 λοψυχίας.
621 4496 790 4549 Ὅταν
817 4496 935 4568 ίδῃς
966 4494 1342 4565 καυχώμενον,
1363 4495 1645 4567 θαύμασον
1678 4496 1899 4566 ὁμοίως,

311 4600 508 4669 ῶσπερ
551 4599 681 4653 ὅταν
721 4599 839 4669 ἴδῃς
870 4598 1294 4669 διακρουόμενον
1322 4599 1599 4670 ἐγκώμιον
1621 4616 1634 4628 ·
1665 4600 1761 4653 καὶ
1792 4600 1901 4673 γὰρ

312 4702 409 4756 καὶ
442 4701 606 4755 τοῦτο
639 4701 803 4772 ήθους
846 4700 1054 4771 ἀτύφου
1075 4742 1091 4767 ,
1147 4702 1370 4757 κάκεῖνο
1414 4701 1770 4773 φιλοστόργου
1806 4708 1901 4761 καὶ

314 4803 706 4875 φιλανθρώπου
725 4822 739 4836 ·
771 4806 872 4876 τὴν
894 4804 1004 4876 γὰρ
1024 4806 1132 4859 τῶν
1164 4806 1379 4859 πολλῶν
1403 4805 1704 4877 οἰκονομῶν
1728 4825 1903 4880 σωτη-

318 4913 464 4985 ρίαν,
498 4912 671 4966 ταῦτα
698 4912 957 4983 ἔπραττε.
993 4910 1085 4964 Διὸ
1116 4910 1211 4965 καὶ
1239 4910 1428 4978 ἔλεγεν
1448 4927 1463 4943 ·
1492 4912 1627 4966 Εἴτε
1650 4912 1902 4982 ἐξέστη-

314 5033 449 5087 μεν,
484 5013 631 5080 Θεῷ·
662 5015 783 5069 εἴτε
808 5014 1261 5083 σωφρονοῦμεν,
1294 5012 1457 5082 ὑμῖν.
1496 5013 1635 5067 Οὐτε
1673 5016 1783 5086 γάρ
1819 5034 1905 5079 τις

317 5120 479 5184 ἀλλος
513 5116 626 5191 εἶχε
666 5119 936 5182 τοσαύτας
985 5118 1233 5186 ἀνάγκας
1273 5115 1410 5186 πρὸς
1436 5118 1732 5184 ἀπόνοιαν,
1777 5119 1901 5174 οὐτε

316 5226 479 5290 ἀλλος
519 5242 605 5287 τις
635 5224 779 5277 οὕτω
803 5224 1050 5294 καθαρὸς
1083 5223 1403 5287 ἀλαζονείας
1432 5218 1517 5293 ἦν.
1570 5224 1768 5277 Σκόπει
1809 5226 1865 5278 δέ
1886 5240 1900 5257 ·

333 5330 392 5384 Ἠ
425 5328 655 5398 γνῶσις
689 5326 931 5396 φυσιοῖ·
974 5327 1067 5379 καὶ
1102 5326 1305 5390 πάντες
1343 5327 1501 5380 τοῦτο
1540 5327 1605 5381 ἂν
1657 5328 1907 5401 εἴποιμεν

322 5438 439 5504 μετ
478 5433 721 5485 ἐκείνου·
760 5434 856 5485 καὶ
900 5430 1136 5503 τοσαύτη
1180 5433 1237 5486 δὲ
1290 5429 1357 5504 ἦν
1399 5436 1457 5487 ἐν
1491 5434 1638 5504 αὐτῷ
1675 5436 1906 5503 γνῶσις,

322 5535 422 5602 ὅση
453 5535 514 5585 ἐν
540 5530 716 5585 οὐδενὶ
742 5532 849 5586 τῶν
895 5530 1114 5585 πώποτε
1146 5532 1451 5603 ἀνθρώπων
1491 5534 1905 5603 γεγενημένων·

328 5632 442 5687 ἀλλ’
495 5632 646 5703 ὅμως
692 5631 853 5684 αὐτὸν
905 5634 1004 5685 οὐκ
1046 5632 1272 5703 ἐπῆρεν,
1326 5632 1465 5685 ἀλλά
1515 5634 1607 5685 καὶ
1655 5635 1713 5685 ἐν
1761 5634 1910 5703 αὐτῴ

323 5734 503 5805 τούτῳ
535 5732 836 5806 μετριάζει.
868 5735 969 5788 Διά
1006 5735 1163 5788 τοῦτο
1207 5734 1385 5803 λέγει·
1432 5738 1525 5789 Ἐκ
1558 5736 1780 5805 μέρους
1824 5755 1909 5805 γι-

329 5834 661 5905 νώσκομεν,
692 5834 790 5890 καί
823 5834 890 5889 ἐκ
908 5834 1129 5905 μέρους
1162 5838 1641 5906 προφητεύομεν·
1688 5837 1779 5889 καὶ
1808 5834 1909 5888 πά-

1152 400 1240 454 DE
1281 402 1628 460 LAUDIBUS
1660 406 1718 461 S.
1764 403 1965 459 PAULI
2002 405 2369 463 AI‘OSTOLI.
2410 407 2645 464 HOMIL.
2687 407 2751 463 V.

3448 392 3555 447 500

1977 516 2060 572 λιν
2080 536 2091 549 ·
2134 518 2297 588 Ἐγὼ,
2320 516 2597 585 ἀδελφοί,
2628 514 2792 569 οὔπω
2821 510 3121 582 λογίζομαι
3146 504 3402 579 ἐμαυτόν
3426 523 3558 559 κατ-

1975 623 2286 692 ειληφέναι
2306 639 2319 654 ·
2348 623 2462 687 καὶ,
2494 622 2568 676 El
2593 638 2683 687 τις
2715 618 2886 674 δοκεῖ
2912 616 3133 672 ειδέναι
3156 631 3232 678 τι,
3264 614 3428 668 οὔπω
3453 613 3557 665 οὑ-

1978 726 2086 779 δὲν
2113 725 2360 796 ἔγνωκε.
2400 724 2572 779 Πάλιν
2599 724 2823 795 νηστεία
2851 722 2997 792 φυσᾷ
3016 738 3030 750 ·
3056 722 3152 773 καὶ
3181 718 3341 772 τοῦτο
3376 720 3404 770 6
3443 718 3556 769 Φα-

1984 835 2194 904 ρισαῖος
2221 832 2373 903 δηλοῖ
2395 831 2599 900 λέγων·
2630 828 2917 896 Νηστεύω
2938 824 3035 893 δίς
3063 824 3175 894 τῆς
3206 821 3553 892 ἑϐδομάδος.

1991 932 2130 989 Ἀλλ’
2160 928 2316 999 οὗτος
2339 935 2462 1005 οὐχὶ
2490 933 2791 1006 νηστεύων,
2822 931 2958 985 ἀλλά
2986 932 3081 983 καὶ
3108 928 3394 999 λιμώττων
3431 928 3560 979 ἐαυο

1978 1060 2071 1115 τὸν
2103 1060 2365 1133 έκτρωμα
2394 1060 2599 1114 ἐκάλει.

2048 1186 2115 1239 Τί
2160 1186 2302 1255 λέγω
2326 1184 2579 1256 νηστείαν
2608 1184 2705 1237 καὶ
2739 1183 2959 1252 γνῶσιν,
2989 1182 3124 1235 ὅπου
3151 1196 3217 1247 γε
3243 1177 3445 1248 ὁμιλίαι
3475 1194 3565 1230 το-
3626 1200 3629 1201 ν

1984 1288 2179 1343 σαῦται
2210 1290 2305 1343 καὶ
2335 1287 2479 1343 οὕτω
2508 1287 2750 1358 συνεχῶς
2785 1286 2921 1357 πρὸς
2952 1286 3045 1338 τὸν
3088 1284 3221 1337 Θεὸν
3246 1278 3386 1353 ἦσαν
3415 1280 3566 1350 αὐτῷ

1982 1390 2366 1465 γεγενημέναι,
2394 1393 2516 1447 ὅσαι
2549 1397 2687 1463 μήτε
2720 1389 3039 1462 προφητῶν,
3080 1390 3219 1459 μήτε
3253 1386 3569 1439 ἀποστόλων

1983 1500 2232 1568 ἐγένοντο
2257 1497 2447 1570 μηδενὶ
2465 1540 2478 1560 ,
2507 1500 2602 1552 καὶ
2631 1497 2833 1568 μᾶλλον
2863 1495 3215 1549 ἐταπεινοῦτο
3251 1494 3337 1546 διὰ
3365 1492 3565 1556 ταῦτας

1984 1605 2075 1674 Μὴ
2098 1605 2207 1675 γάρ
2234 1622 2326 1676 μοι
2350 1603 2550 1667 ταύτας
2586 1604 2745 1675 εἴπης
2776 1605 2873 1666 τὰς
2900 1600 3404 1669 ἀναγεγραμμένας
3424 1612 3436 1625 ·
3466 1595 3569 1659 τάς

1984 1712 2094 1781 γὰρ
2124 1710 2345 1773 πλείους
2389 1708 2675 1779 ἀπέκρυψε
2697 1743 2713 1772 ,
2750 1707 2844 1760 καὶ
2884 1705 3007 1759 οὔτε
3048 1706 3234 1783 ,πάσας
3274 1699 3451 1769 εἶπεν,
3480 1703 3570 1754 ἵνα

1988 1811 2065 1882 μὴ
2086 1808 2244 1875 δόξαν
2274 1807 2456 1879 ἐαυτῷ
2488 1808 2685 1880 περιθῇ
2724 1808 2992 1878 μεγάλην,
3021 1805 3149 1859 οὐτε
3180 1806 3362 1868 πάσας
3381 1803 3572 1874 ἐσίγη-

1988 1934 2100 1983 σεν,
2128 1916 2217 1969 ίνα
2250 1916 2325 1985 μὴ
2362 1915 2429 1968 τά
2466 1915 2574 1968 τῶν
2604 1913 3056 1983 ψευδαποστόλων
3084 1910 3268 1983 ἀνοίξῃ
3302 1912 3567 1981 στόματα.

1989 2019 2155 2074 Οὐδὲν
2180 2019 2290 2090 γάρ
2324 2018 2512 2081 ἁπλῶς
2540 2018 2751 2079 ἐκεῖνος
2785 2017 2995 2081 ἐποίει,
3026 2016 3167 2070 ἀλλὰ
3211 2015 3350 2087 μετὰ
3392 2016 3574 2077 αίτίας

1988 2125 2205 2190 δικαίας
2240 2126 2421 2180 πάντα
2455 2124 2557 2179 καὶ
2594 2124 2821 2194 εὐλόγου
2843 2140 2857 2155 ·
2886 2105 2981 2178 καί
3014 2123 3154 2195 μετά
3186 2122 3459 2191 τοσαύτης
3486 2138 3575 2173 σο-

1990 2230 2120 2302 φίας
2150 2220 2340 2303 μετῄει
2380 2232 2450 2285 τά
2484 2230 2705 2284 ἐναντία
2736 2229 3076 2301 πράγματα,
3128 2227 3206 2293 ώς
3241 2226 3353 2281 τῶν
3396 2226 3576 2281 αὐτῶν

1992 2335 2267 2406 πανταχοῦ
2310 2335 2602 2407 τυγχάνειν
2647 2333 2905 2387 ἐπαίνων.
2949 2331 3018 2388 Ὀ
3048 2332 3105 2385 δέ
3150 2332 3294 2400 λέγω
3334 2329 3577 2383 τοιοῦτόν

1994 2440 2126 2494 ἐστι.
2172 2438 2337 2507 Μέγα
2367 2437 2571 2508 ἀγαθὸν
2607 2438 2670 2491 τὸ
2715 2439 2879 2509 μηδὲν
2920 2437 3063 2507 μέγα
3092 2436 3223 2506 περὶ
3261 2435 3454 2503 ἑαυτοῦ
3498 2436 3587 2489 λέ-

1992 2558 2140 2614 γειν·
2183 2544 2212 2597 6
2249 2544 2307 2597 δὲ
2343 2541 2517 2607 οὕτως
2555 2544 2689 2597 αὐτὸ
2723 2542 2998 2612 εὐκαίρως
3044 2540 3251 2607 ἐποίει,
3301 2540 3376 2602 ὼς
3409 2537 3581 2592 είπὼν

1972 2649 2224 2721 μᾶλλον,
2263 2649 2296 2719 ἢ
2341 2649 2605 2719 σιγήσας,
2639 2647 3027 2719 ἐπαινεθῆναι·
3071 2644 3166 2700 καὶ
3208 2645 3256 2698 εἰ
3303 2643 3379 2715 μὴ
3421 2643 3582 2697 τοῦτο

1995 2753 2286 2825 πεποίηκε,
2303 2750 2451 2826 [504]
2468 2754 2578 2807 τῶν
2599 2754 2843 2823 ἀκαίρως
2862 2750 3319 2821 ἐγκωμιαζόντων
3341 2764 3551 2817 κατηγο
3566 2782 3581 2788 -

1997 2857 2135 2929 ρήθη
2172 2855 2240 2913 ἂν
2280 2857 2506 2928 μᾶλλον·
2539 2859 2588 2909 εί
2624 2856 2734 2928 γὰρ
2772 2857 2846 2927 μὴ
2886 2855 3266 2925 ἐκαυχήσατο,
3302 2852 3481 2906 πάντα
3515 2853 3582 2905 ἂν

1996 2960 2246 3014 ἀπώλεσε
2281 2961 2374 3013 καὶ
2400 2956 2702 3030 προέδωκε,
2735 2960 2830 3011 καὶ
2851 2957 2917 3011 τά
2946 2956 3056 3010 τῶν
3084 2956 3293 3028 ἐχθρῶν
3321 2956 3387 3011 ἂν
3410 2956 3583 3026 ἐπῆρε

1998 3060 2320 3134 πράγματα.
2336 3058 2525 3128 Οὕτως
2540 3038 2749 3137 οἷδέτῷ.
2765 3060 2943 3134 καιρῷ
2961 3061 3238 3131 πανταχοῦ
3256 3061 3583 3132 κεχρῆσθαι,

1997 3167 2094 3221 καὶ
2121 3168 2260 3238 μετά
2274 3166 2499 3242 γνώμης
2519 3168 2707 3239 ὀρθῆς,
2735 3167 2831 3223 καὶ
2845 3167 2915 3222 τὰ
2937 3167 3368 3239 ἀπηγορευμένα
3385 3168 3582 3227 ποιεῖν,
3612 3190 3621 3199 ·

1999 3269 2095 3323 καί
2122 3269 2265 3324 οὕτω
2294 3270 2615 3342 χρησίμως,
2655 3270 2732 3334 ὡς
2757 3272 2867 3325 τῶν
2893 3272 3389 3343 προστεταγμένων
3418 3269 3588 3340 μηδὲν

2000 3369 2220 3424 ἔλαττον
2264 3371 2329 3424 ἐκ
2377 3368 2583 3425 τούτων
2624 3372 2951 3443 εὐδοκιμεῖν.
2990 3371 3208 3426 Μᾶλλον
3242 3371 3347 3443 γὰρ
3375 3369 3588 3433 Παῦλος

1999 3472 2353 3543 καυχώμενος
2380 3474 2499 3525 τότε
2526 3472 2908 3544 εὐδοκίμησεν,
2931 3464 3185 3547 ἠ’ἐτερός
3204 3493 3290 3539 τις
3323 3476 3587 3547 κρύπτων

1998 3574 2070 3629 τὰ
2102 3574 2292 3628 ἐαυτοῦ
2322 3574 2724 3645 κατορθώματα
2743 3591 2756 3604 ·
2786 3574 2963 3639 οὐδεὶς
2983 3575 3093 3646 γάρ
3116 3576 3359 3632 τοσαῦτα
3393 3578 3587 3648 είργά-

2000 3695 2134 3731 σατο
2168 3678 2349 3747 ἀγαθά
2382 3677 2754 3749 ἀποκρύπτων
2787 3678 2855 3731 τά
2886 3678 3106 3745 ἐαυτοῦ,
3134 3680 3234 3732 ὅσα
3263 3681 3469 3745 ἐκεῖνος
3498 3681 3586 3747 ἐξ·

2001 3784 2172 3837 ειπὼν
2199 3783 2268 3837 τὰ
2300 3783 2517 3839 ἐαυτοῦ.
2559 3784 2669 3837 Καὶ
2708 3784 2770 3836 τὸ
2811 3784 2876 3855 δὴ
2910 3784 3074 3839 πάλιν
3108 3784 3587 3858 θαυμαστότερον,

2002 3887 2084 3940 ὅτι
2136 3887 2196 3941 οὐ
2247 3888 2407 3957 μόνον
2446 3885 2695 3950 ἐξεῖπεν,
2732 3886 2868 3959 ἀλλά
2922 3888 3015 3940 καὶ
3062 3888 3225 3957 μέχρι
3259 3888 3360 3957 τῆς
3402 3889 3588 3959 χρείας

2004 3988 2155 4060 ἔστη.
2181 3954 2262 4043 Οὐ*
2279 3990 2387 4062 γάρ
2410 3990 2486 4054 ώς
2514 3989 2605 4043 τοῦ
2630 3954 2826 4062 καιροίῦ
2850 3954 3185 4061 παρέχοντος
3209 3954 3359 4062 αὐτῶ
3390 3954 3589 4063 πολλὴν

2001 4095 2100 4165 τὴν
2130 4094 2335 4159 ἄδειαν,
2371 4095 2627 4168 ἀμέτρως
2672 4098 2837 4150 πάλιν
2866 4096 2943 4168 τῷ
2974 4099 3262 4167 πράγματι
3293 4099 3585 4169 ἐχρήσατο,

2003 4200 2117 4254 ἀλλ’
2145 4200 2285 4270 ἔγνω
2312 4204 2474 4273 μέχρι
2506 4202 2609 4255 ποῦ
2645 4203 2929 4273 προελθεῖν
2959 4202 3085 4258 ἔδει.
3140 4204 3250 4257 Καὶ
3277 4203 3395 4256 οὐδὲ
3429 4204 3589 4257 τοῦτο

2004 4303 2154 4374 αὑτῷ
2181 4304 2433 4375 ἤρκεσεν,
2462 4303 2575 4357 ἀλλ’
2610 4304 2749 4357 ὥστε
2784 4305 2858 4375 μὴ
2879 4306 3005 4367 τοὺς
3034 4305 3228 4368 ἄλλους
3254 4304 3584 4377 διαφθεῖραι,

2009 4408 2145 4479 μηδέ
2171 4410 2588 4480 παρασκευάσαι
2612 4409 2798 4473 ἁπλῶς
2831 4406 3057 4471 ἑαυτοὺς
3088 4408 3478 4477 ἐγκωμιάζειν,
3496 4412 3587 4461 καὶ

2008 4517 2219 4586 ἄφρονα
2253 4515 2443 4570 ἑαυτὸν
2467 4515 2658 4568 καλεῖ·
2683 4514 2845 4576 αὐτὸς
2867 4513 2965 4584 μὲν
2995 4512 3126 4587 γάρ,
3155 4513 3253 4583 τῆς
3274 4514 3463 4584 χρείας
3488 4532 3589 4567 κα-

2006 4626 2225 4697 λούσης,
2248 4624 2406 4679 τοῦτο
2432 4624 2709 4696 ἐποίησεν.
2753 4622 2973 4693 Ἐπειδὴ
2994 4622 3051 4675 δέ
3076 4622 3225 4685 εἰκὸς
3255 4618 3324 4693 ἦν
3345 4625 3473 4686 τοὺς
3495 4623 3588 4677 άλ-

2011 4738 2135 4801 λους
2168 4738 2247 4800 είς
2278 4736 2438 4789 αὐτὸν
2466 4734 2727 4805 ὁρῶντας,
2767 4732 2951 4795 ἁπλῶς
2983 4732 3077 4785 καὶ
3119 4732 3242 4801 εξκῆ
3285 4732 3589 4803 κεχρῆσθαι

2005 4848 2083 4918 τῷ
2121 4844 2552 4916 παραδείγματι·
2594 4843 2622 4895 ὃ
2663 4844 2756 4896 καὶ
2814 4843 2908 4894 ἐπὶ
2948 4840 3055 4894 τῶν
3099 4840 3299 4909 ἰατρῶν
3343 4841 3585 4907 γίνεται·

2006 4957 2265 5019 πολλάκις
2307 4954 2451 5025 γάρ,
2493 4955 2521 5007 ὃ
2563 4954 2701 5024 μετά
2744 4950 2937 5023 καιροῦ
2985 4952 3276 5022 φάρμακον
3320 4950 3589 5019 ἐπέθηκεν

2006 5059 2181 5131 οὗτος,
2210 5064 2451 5135 ἀκαίρως
2478 5063 2564 5115 ἐτε
2575 5080 2664 5134 ρος
2685 5060 2894 5123 ἐπιθεὶς
2915 5061 3220 5130 ἐλυμήνατο
3244 5060 3335 5114 καὶ
3361 5058 3591 5111 ἐπεσκό-

2006 5193 2139 5247 τησε
2176 5178 2242 5246 τῇ
2282 5172 2375 5227 τοῦ
2408 5171 2700 5242 φαρμάκου
2740 5170 2998 5239 δυνάμει·
3048 5168 3113 5221 ἵν’
3141 5164 3233 5221 οὖν
3272 5168 3346 5238 μὴ
3379 5168 3471 5220 καὶ
3504 5168 3591 5218 ἐν·

2008 5284 2181 5339 ταῦθα
2222 5281 2379 5335 τοῦτο
2419 5280 2681 5349 γένηται,
2726 5280 2828 5349 ὅρα
2866 5278 3004 5348 πόσῃ
3052 5278 3314 5348 κέχρηται
3343 5279 3410 5345 τῇ
3454 5292 3587 5345 προ-

2008 5393 2289 5464 διορθώσει
2325 5391 2534 5461 μέλλων
2576 5387 2919 5457 καυχᾶσθαι,
2960 5386 3059 5454 οὐχ
3100 5385 3280 5450 ἅπαξ,
3316 5383 3436 5436 οὐδέ
3470 5384 3587 5447 δὶς,

2009 5502 2143 5555 ἀλλὰ
2167 5499 2425 5561 πολλάκις
2449 5495 3111 5565 ἀναδυόμενοςῖοφελον
3134 5491 3244 5560 γὰρ
3268 5489 3589 5558 ἀνείχεσθέ

2006 5632 2146 5684 μου,
2183 5612 2345 5685 φησὶ,
2377 5610 2593 5679 μικρόν
2620 5625 2669 5658 τι
2706 5604 2808 5671 τῆς
2841 5604 3193 5672 ἀφροσύνης
3222 5619 3231 5630 ·
3267 5600 3361 5653 καὶ
3390 5600 3551 5654 πάλιν
3574 5618 3586 5631 ·

2017 5726 2078 5774 Ὃ
2099 5720 2284 5783 λαλῶ,
2313 5721 2384 5773 οὺ
2417 5715 2583 5771 λα.ἰὼ
2608 5714 2756 5768 κατά
2789 5714 3026 5779 Κύριον,
3054 5710 3192 5763 ἀλλ’
3215 5709 3295 5773 ὡς
3316 5709 3385 5760 ἐν
3410 5708 3591 5774 ἀφρο-

2014 5833 2193 5901 σύνῃ.
2232 5830 2317 5882 Ἐν
2344 5821 2385 5895 ᾧ
2408 5826 2449 5878 δ’
2486 5825 2548 5877 ἄν
2576 5841 2658 5885 τις
2685 5822 2765 5894 [ἐν
2798 5817 3309 5892 ἀφροσύνη]τολμᾷ,
3330 5819 3386 5869 ἐν
3418 5819 3592 5885 ἀφρο-
