4220 6300
642 300 757 368 τίοι
1374 308 1431 362 ε.
1470 306 1758 363 JOANNIS
1796 303 2286 363 CIIRYSOSTOMI
2320 302 2643 360 ARCHIEP.
2678 298 3225 360 CONSTANTINOP.

662 430 802 500 σύνῃ
829 428 1002 497 λέγω,
1034 424 1215 496 τολμῶ
1251 421 1424 491 κάγώ.
1459 422 1572 474 Kal
1613 419 1850 475 τοσαῦτα
1877 414 2046 472 εἰπὼν
2067 455 2082 479 ,
2110 412 2230 469 οὐδὲ

664 520 873 581 τούτοις
905 502 1169 587 ἠρκέσθη,
1195 511 1330 565 ἀλλά
1360 511 1522 564 πάλιν
1557 511 1766 581 μέλλων
1792 510 1872 571 εἰς
1894 507 1963 560 τὰ
1983 505 2233 576 ἐγκώμια

668 606 945 678 ἐμϐαίνειν
982 601 1212 674 κρύπτει
1242 597 1434 652 ἐαυτὸν
1465 597 1667 666 λέγων·
1702 592 1845 650 οῖδα
1877 592 2193 661 ἄνθρωπον
2216 606 2229 620 °

669 700 764 752 καὶ
802 697 980 757 πάλιν,
1013 690 1194 760 Ὑπὲρ
1216 690 1323 745 τοῦ
1352 690 1624 743 τοιούτου
1652 683 2050 755 καυχήσομαι,
2083 682 2236 751 ὑπὲρ

669 791 738 844 δὲ
756 787 1013 859 ἐμαυτοῦ
1034 788 1106 840 οὐ
1124 784 1505 853 καυχήσομαι
1524 797 1539 812 ⁸
1561 780 1654 835 καὶ
1681 778 1822 851 μετά
1841 776 2015 830 ταῦτα
2033 776 2234 835 πάντα,

670 879 900 950 Γέτονα
930 878 1160 946 ἄφρων,
1196 876 1359 945 φησὶν
1380 913 1395 936 ,
1428 872 1593 943 ὑμεῖς
1613 886 1690 943 με
1711 868 2113 940 ἠναγκάσατε.
2141 865 2238 928 Τίς

670 965 766 1025 οὗν
797 968 968 1032 οὕτως
1000 967 1227 1037 ἀνόητος
1272 967 1366 1019 καὶ
1406 963 1608 1035 σφόδρα
1642 962 1998 1033 ἀναίσθητος,
2041 960 2117 1025 ὡς
2148 961 2237 1014 τὸν

673 1063 829 1130 ἀγιον
857 1063 1060 1113 ἐκεῖνον
1088 1057 1251 1129 ὁρῶν,
1277 1056 1543 1127 τοσαύτης
1569 1055 1927 1125 ἐπικειμένης
1967 1052 2235 1121 ἀνάγκης,

672 1153 930 1208 ὀκνοῦντα
966 1152 1061 1204 καὶ
1096 1149 1453 1221 ἀναδυόμενον
1486 1148 1615 1219 περὶ
1654 1146 1849 1201 ἐαυτοῦ
1886 1164 1938 1200 τι
1978 1145 2121 1216 μέγα
2161 1146 2239 1197 εἰ-

675 1246 796 1297 πεῖν
815 1283 830 1307 ,
859 1243 955 1296 καὶ
984 1240 1234 1312 καθάπερ
1262 1242 1427 1293 ῖππον
1464 1238 1606 1292 κατὰ
1646 1236 1906 1309 κρημνῶν
1946 1235 2239 1308 ἐρχόμενον

674 1336 767 1389 καὶ
796 1331 1210 1404 ἀναχαιτίζοντα
1239 1329 1508 1400 συνεχῶς,
1547 1329 1723 1383 καίτοι
1753 1328 2013 1399 μέλλοντα
2046 1324 2242 1380 τοσαῦ-

673 1442 742 1478 τα
775 1427 1095 1495 οἰκονομεῖν,
1131 1422 1205 1493 μὴ
1231 1421 1450 1493 φεύγειν
1475 1422 1539 1473 ἐκ
1567 1419 1767 1491 πολλῆς
1803 1419 1865 1472 τὸ
1892 1421 2125 1490 πρᾶγμα
2150 1434 2243 1471 πε-

680 1516 940 1589 ριουσίας,
972 1516 1064 1568 καὶ
1093 1514 1254 1583 μόνου
1288 1513 1481 1583 καιροῦ
1507 1510 2016 1579 καταναγκάζοντος
2044 1511 2243 1582 κεχρῆ-

678 1606 800 1659 σθαι
828 1604 906 1674 τῷ
936 1604 1252 1674 πράγματι;
1299 1601 1487 1655 Βούλει
1520 1600 1616 1654 καὶ
1654 1601 1838 1671 ἕτερον
1880 1599 2044 1655 αὑτοῦ
2086 1599 2242 1663 δείξω

675 1694 949 1759 τοιοῦτον;
981 1694 1054 1747 Τὸ
1084 1695 1193 1764 γὰρ
1220 1694 1283 1765 δὴ
1309 1692 1620 1763 θαυμαστὸν
1644 1690 1800 1745 τοῦτό
1824 1693 1990 1756 ἐστιν,
2019 1691 2100 1744 ὅτι
2142 1689 2243 1743 οὐκ

675 1789 897 1860 ἠρκεῖτο
924 1785 1005 1855 τῷ
1036 1786 1295 1839 συνειδότι
1316 1826 1333 1850 ,
1361 1784 1498 1837 ἀλλά
1535 1783 1631 1838 καὶ
1668 1784 1814 1853 ἡμᾶς
1849 1781 2093 1835 ἐδίδασκε
2127 1781 2244 1844 πῶς

676 1879 906 1932 ἕκαστον
955 1876 1157 1929 τούτων
1186 1875 1429 1946 μετιέναι
1454 1875 1552 1939 δεῖ,
1584 1875 1682 1943 οὐχ
1711 1871 1889 1943 ἐαυτῷ
1926 1872 2084 1942 μόνον
2111 1872 2247 1926 ἀπο·

679 1969 864 2035 λογίαν
891 1963 1315 2029 κατασκευάζων
1341 1966 1448 2019 ἀπὺ
1480 1966 1581 2036 τῆς
1606 1966 1716 2020 τῶν
1747 1968 1957 2037 καιρῶν
1978 1966 2242 2037 ἀνάγκης,

682 2059 817 2114 ἀ).λά
858 2058 953 2111 καί
998 2056 1125 2119 τοὺς
1162 2056 1355 2119 ἄλλους
1394 2055 1697 2124 παιδεύων,
1726 2056 1868 2111 ὥστε
1915 2057 2248 2128 ἐμπεσόντος

680 2150 874 2222 καιροῦ
908 2152 981 2222 μὴ
1013 2148 1235 2219 φεύγειν
1277 2149 1338 2201 τὸ
1374 2147 1638 2213 τοιοῦτον,
1675 2150 1811 2220 μήτε
1837 2150 2081 2219 ἀκαίρως
2112 2149 2248 2203 αὐτὸ

686 2242 926 2312 μετιέναι
956 2241 1134 2294 πάλιν.
1168 2240 1268 2293 Διὰ
1296 2239 1405 2310 γὰρ
1426 2239 1654 2303 τούτων,
1688 2238 1839 2311 [505]
1870 2232 1945 2293 ὧν
1976 2236 2118 2304 εἷπε,
2155 2258 2249 2310 μο-

681 2335 889 2403 νονονχὶ
921 2332 1093 2386 ταῦτα
1137 2332 1324 2401 ἔλεγε·
1372 2331 1556 2386 Κακὸν
1604 2332 1745 2403 μέγα
1789 2333 1851 2385 τὸ
1892 2334 2021 2403 περὶ
2055 2332 2249 2386 ἐαυτοῦ

683 2426 861 2493 λέγειν
898 2426 1039 2495 μέγα
1069 2442 1121 2477 τι
1164 2427 1258 2477 καὶ
1286 2423 1593 2492 θαυμαστόν
1616 2440 1629 2453 ·
1670 2424 1766 2476 καὶ
1806 2425 2039 2494 ἐσχάτης
2068 2424 2251 2487 ἀνοίας

683 2512 842 2568 τοῦτο
864 2554 878 2579 ,
904 2513 1183 2583 ἀγαπητέ,
1214 2513 1275 2564 τὸ
1308 2512 1575 2581 μηδεμιᾶς
1599 2512 1845 2583 ἀνάγκης
1873 2513 2248 2584 ἐπικειμένης,

684 2606 777 2657 καί
804 2604 1047 2672 ἀνάγκης
1083 2602 1282 2671 βιαίας,
1311 2602 1750 2666 καλλωπίζεσθαι
1782 2606 1894 2668 τοῖς
1928 2604 2244 2675 ἐγκωμίοις.

683 2697 795 2747 Οὐκ
820 2695 934 2747 ἐστι
961 2694 1118 2747 τοῦτο
1158 2694 1296 2748 κατά
1331 2693 1532 2763 Κύριον
1561 2695 1739 2748 λαλεῖν
1759 2737 1775 2761 ,
1804 2696 1939 2750 ἀλλὰ
1965 2697 2256 2767 παραπλη-

686 2787 805 2851 ξίας
835 2785 1033 2855 μᾶλλον
1064 2785 1263 2853 δεῖγμα
1287 2784 1348 2837 τὸ
1368 2783 1608 2837 τοιοῦτόν
1636 2786 1771 2849 ἐστι,
1800 2784 1896 2838 καὶ
1918 2786 2093 2839 πάντα
2123 2789 2254 2856 ἡμῖν

687 2877 832 2927 κενοῖ
859 2874 951 2927 τὸν
980 2872 1169 2943 μισθὸν
1206 2872 1343 2941 μετά
1367 2872 1495 2934 τοὺς
1528 2872 1754 2935 πολλοὺς
1788 2871 2016 2943 ἱδρῶτας
2040 2873 2133 2925 καὶ
2154 2873 2254 2925 πό-

684 2980 826 3023 νους.
859 2959 1044 3013 Ταῦτα
1073 2959 1184 3030 γάρ
1210 2959 1427 3012 ἅπαντα
1464 2958 1558 3012 καὶ
1590 2958 1811 3012 πλείονα
1836 2958 2061 3023 τούτων,
2090 2959 2155 3012 δι’
2181 2955 2256 3012 ὧν

689 3049 1041 3119 παρῃτήσατο
1086 3048 1180 3099 καὶ
1222 3046 1467 3117 ἀνάγκης
1514 3046 1891 3118 ἐμπεσούσης,
1934 3043 2057 3099 εἷπε
2120 3047 2258 3117 πρὸς

691 3142 956 3200 ἅπαντας.
1012 3137 1086 3190 Τὸ
1121 3137 1178 3189 δὲ
1220 3135 1409 3189 τούτου
1457 3136 1667 3205 μεῖζον,
1714 3138 1797 3190 ὄτι
1846 3137 1968 3191 οὐδὲ
2014 3137 2261 3206 ἀνάγκης

690 3228 1065 3299 ἐμπεσούσης,
1123 3226 1301 3279 πάντα
1366 3226 1578 3296 ἐξέχεεν
1626 3228 1707 3289 εἰς
1752 3227 1956 3296 μέσον,
2010 3226 2145 3280 ἀλλά
2193 3227 2263 3280 τὰ

694 3319 914 3373 πλείονα
955 3317 1314 3389 ἀπεκρύψατο
1367 3319 1462 3371 καί⁵
1513 3317 1583 3372 τὰ
1625 3318 1865 3388 μείζονα.
1907 3319 2263 3388 Ἐλεύσομαι

694 3411 801 3479 γάρ
822 3451 836 3474 ,
871 3410 1067 3479 φησὶν,
1109 3412 1196 3475 εἰς
1227 3411 1520 3474 ὀπτασίας
1560 3409 1660 3463 καί
1700 3410 2118 3477 ἀποκαλύψεις
2144 3415 2264 3464 Κυ-

693 3502 824 3569 ρίου
845 3514 858 3527 ⁸
885 3498 1159 3567 φείδομαι
1184 3497 1271 3561 δὲ,
1295 3498 1381 3566 μή
1416 3514 1506 3563 τις
1528 3500 1615 3565 εἰς
1634 3498 1741 3568 ἐμὲ
1760 3499 2097 3568 λογίσηται,
2115 3498 2267 3568 ὑπὲρ

699 3590 731 3643 ὃ
754 3592 974 3655 ,βλέπει
1000 3591 1039 3657 ἣ
1072 3590 1276 3643 ἀκούει
1299 3607 1353 3642 τι
1379 3590 1449 3655 ἐξ
1479 3591 1646 3660 ἐμοῦ.
1670 3591 1855 3645 Ταῦτα
1879 3591 1937 3645 δὲ
1960 3591 2111 3661 ἔλεγε
2138 3609 2270 3646 παις

700 3682 870 3737 δεύων
915 3683 1194 3745 ἅπαντας,
1237 3683 1372 3753 μηδὲ
1420 3683 1665 3755 ἀνάγκης
1703 3682 1904 3754 οὔσης,
1949 3685 2125 3738 πάντα
2169 3686 2271 3738 ὅσα

705 3773 963 3841 σύνισμεν
997 3772 1240 3834 ἑαυτοῖς,
1270 3770 1536 3841 φέροντας
1578 3770 1714 3823 αύτά
1744 3772 1822 3835 εἰς
1855 3772 2018 3842 μέσον
2050 3789 2273 3827 κατατι-

706 3864 878 3927 θέναι,
902 3862 1016 3917 ἀλλ’
1043 3864 1142 3915 ὅσα
1168 3864 1281 3924 τοῖς
1307 3862 1562 3915 ἀκούουσι
1599 3862 1864 3933 χρήσιμα.

792 3954 943 4008 Ἐπεὶ
992 3955 1086 4007 καὶ
1130 3955 1159 4006 ό
1207 3953 1486 4023 Σαμουήλ·
1542 3952 1695 4005 οὐδὲν
1752 3953 1859 4024 γὰρ
1904 3954 2129 4016 ἀπεικὸς
2182 3956 2276 4007 καὶ

712 4046 917 4100 ἐκείνου
948 4044 1252 4114 μνησθῆναι
1271 4042 1364 4096 τοῦ
1395 4042 1568 4111 ἁγίου,
1597 4045 1676 4105 εἰς
1701 4042 1809 4112 γὰρ
1837 4042 2101 4111 ὠφέλειαν
2120 4047 2152 4114 ἡ
2163 4045 2277 4114 μῶν

714 4137 807 4190 καὶ
832 4134 899 4187 τὰ
928 4133 1176 4204 ἐγκώμια
1201 4133 1406 4201 γίνεται
1427 4151 1438 4161 ·
1476 4132 1820 4203 ἐκαυχήσατό
1852 4149 1981 4186 ποτε
2013 4134 2107 4186 καὶ
2136 4136 2278 4186 ἐκεῖ·

714 4244 836 4291 νος,
872 4227 964 4278 καὶ
992 4225 1205 4291 ἐξεῖπεν
1244 4225 1422 4277 οἰκεῖα
1458 4221 1890 4292 κατορθώματαο
1931 4222 2068 4277 ἀλλά
2115 4226 2276 4288 ποῖα;

717 4322 785 4371 Ἀ
815 4320 925 4373 τοῖς
971 4317 1224 4369 ἀκούουσι
1274 4315 1580 4385 συνέφερεν.
1625 4311 1702 4367 Οὐ
1738 4315 1845 4385 γὰρ
1891 4317 2020 4386 περὶ
2070 4332 2284 4386 σωφρο-

717 4410 882 4477 σύνης
928 4408 1176 4459 ἀπέτεινε
1218 4408 1375 4475 λόγον
1422 4407 1665 4477 μακρὸν,
1713 4407 1833 4459 οὐδὲ
1874 4409 2000 4478 περί
2030 4426 2283 4461 ταπεινο-

720 4498 1016 4569 φροσύνης,
1044 4498 1163 4551 οὐδὲ
1194 4498 1321 4569 περὶ
1345 4498 1438 4551 τοῦ
1476 4499 1549 4570 μὴ
1580 4503 1954 4570 μνησικακεῖν,
1981 4498 2119 4554 ἀλλὰ
2148 4500 2287 4572 ὑπὲρ

720 4589 897 4656 τίνος;
939 4588 1111 4659 ’Υπὲρ
1135 4587 1345 4653 τούτου,
1374 4588 1402 4640 ὃ
1436 4589 1670 4658 μάλιστα
1691 4590 1797 4644 ἔδει
1826 4591 2015 4661 μαθεῖν
2041 4591 2133 4644 τὸν
2165 4590 2285 4644 τότε

3790 282 3894 339 ωε

2334 409 2713 481 βασιλεύοντα,
2758 409 2898 479 ὑπὲρ
2942 404 3319 475 δικαιοσύνης,
3371 401 3466 455 καὶ
3512 400 3607 454 τοῦ
3657 400 3909 473 καθαράς

2333 504 2476 575 ἔχειν
2501 503 2600 566 τὰς
2625 504 2811 573 χεῖρας
2839 498 3047 569 δώρων.
3086 497 3197 549 Καὶ
3232 496 3262 548 ό
3298 492 3464 548 Δαυῖδ
3496 492 3657 546 πάλιν
3694 506 3911 561 καυχω-

2336 612 2494 668 μενος
2517 633 2533 657 ,
2576 594 2671 647 ἀπ’
2713 592 2936 645 ἐκείνων
2991 589 3259 658 καυχᾶται
3303 585 3414 638 τῶν
3463 582 3777 653 δυναμένων
3812 582 3911 635 τδν

2334 687 2608 762 ἀκροατὴν
2635 683 2948 756 διορθῶσαι.
2989 680 3125 735 Οὐδὲ
3165 676 3275 748 γάρ
3305 677 3513 739 ἐκεῖνος
3540 673 3706 741 ἀλλην
3750 667 3911 725 εἴπεν

2335 780 2554 851 ἀρετὴν,
2582 777 2717 831 ἀλλά
2745 774 2846 846 τὴν
2871 773 3072 844 ἀρκτον
3106 769 3200 823 καὶ
3244 768 3337 821 τὸν
3361 766 3553 819 λέοντα
3581 764 3910 832 παρήγαγεν

2337 874 2419 934 εἰς
2458 871 2639 940 μέσον,
2672 866 2765 919 καὶ
2794 863 2946 917 ούδέν
2978 861 3186 932 ἕτερον.
3213 859 3288 911 Τδ
3316 857 3416 929 μὲν
3444 855 3555 925 γὰρ
3598 851 3915 924 περαιτέρω

2335 962 2427 1015 τὸν
2450 959 2605 1028 λόγον
2648 958 2957 1025 ἐξαγαγεῖν,
3001 950 3284 1023 φιλοτίμου
3318 948 3413 1001 καὶ
3443 944 3731 1008 ἀλαζόνοςο
3762 941 3825 995 τὸ
3852 939 3915 993 δέ

2339 1054 2512 1106 εἰπεῖν
2550 1050 2720 1103 ταῦτα
2741 1090 2756 1113 ,
2794 1048 2831 1103 ἀ
2858 1047 2993 1118 πρὸς
3028 1044 3127 1113 τὴν
3168 1039 3450 1114 παροῦσαν
3484 1034 3677 1107 ἔμελλε
3717 1031 3915 1103 χρείαν

2337 1144 2609 1211 ἀναγκαῖα
2654 1136 2794 1193 εἶναι
2814 1182 2829 1203 ,
2864 1132 3245 1206 φιλανθρώπου
3263 1175 3278 1191 .
3312 1129 3407 1184 καὶ
3448 1128 3509 1181 τὸ
3548 1125 3656 1179 τῶν
3694 1121 3914 1176 πολλῶν

2339 1210 2615 1304 συμφέρον
2645 1230 2880 1301 ὁρῶντος
2902 1244 2916 1259 ν
2965 1226 2994 1278 δ
3032 1224 3096 1294 δὴ
3130 1223 3225 1275 καὶ
3263 1219 3473 1280 Παῦλος
3520 1215 3762 1285 ἐποίησε.
3799 1210 3917 1304 Kal

2340 1298 2816 1393 γὰρ-δίέϐἀλλετο,
2849 1317 2926 1378 ὠς
2952 1316 3053 1367 οὐκ
3081 1312 3155 1365 ῶν
3183 1307 3480 1369 ἀπόστολος
3514 1305 3758 1372 δόκιμος,
3789 1298 3917 1352 οὐδὲ

2340 1392 2479 1484 έχων
2514 1412 2636 1465 τινά
2680 1408 2855 1479 ἰσχύν.
2893 1404 3130 1472 Ἀνάγκη
3172 1398 3351 1453 τοίνυν
3395 1394 3463 1467 ἦν
3499 1395 3567 1447 δι’
3611 1395 3794 1445 ἐκεῖνα
3831 1392 3919 1453 εἰς

2340 1501 2513 1557 ταῦτα
2538 1501 2821 1571 ἐμπεσεῖν,
2840 1496 2877 1551 ἀ
2901 1495 3137 1566 μάλιστα
3166 1490 3376 1543 ἐδείκνυ
3400 1484 3564 1541 αὑτοῦ
3593 1485 3655 1536 τδ
3676 1482 3918 1551 ἀξίωμα.

2355 1593 2517 1664 Ὁρᾷς
2556 1591 2621 1644 δι’
2650 1591 2790 1643 ὅσων
2823 1585 3108 1640 ἐπαίδευσε
3155 1582 3248 1634 τὸν
3295 1578 3572 1650 ἀκροατὴν
3614 1577 3690 1647 μὴ
3729 1573 3922 1637 ἀπλῶς

2344 1684 2680 1755 καυχᾶσθαι;
2715 1680 2936 1753 Πρῶτον
2968 1678 3067 1747 μὲν
3098 1677 3206 1746 γάρ
3229 1667 3326 1727 διὰ
3354 1671 3449 1725 τοῦ
3474 1668 3669 1732 δεῖξαι,
3705 1670 3787 1721 δτι
3818 1666 3919 1719 ἀν-

2343 1778 2489 1846 άγκῃ
2513 1772 2669 1826 τοῦτο
2694 1770 2918 1839 ἐποίησε
2938 1783 2950 1795 ·
2965 1764 3237 1836 δεύτερον,
3260 1762 3346 1816 διὰ
3374 1759 3468 1813 τοῦ
3492 1760 3587 1813 καὶ
3606 1758 3681 1821 ὡς
3706 1756 3923 1826 ἄφρονα

2345 1866 2533 1920 ἐαυτὸν
2552 1863 2800 1926 καλέσαι,
2818 1862 2914 1914 καὶ
2944 1858 3162 1920 πολλαῖς
3192 1851 3501 1926 χρήσασθαι
3528 1849 3920 1920 παραιτήσεσι·

2345 1958 2545 2028 τρίτον,
2590 1954 2678 2008 διά
2704 1952 2799 2006 τοῦ
2837 1951 2911 2022 μὴ
2952 1949 3130 2003 πάντα
3176 1947 3370 2005 εἰπεῖν,
3412 1941 3550 1996 ἀλλά
3576 1941 3645 1992 τά
3698 1938 3925 2009 μείζονα

2348 2026 2687 2117 ἀποκρύψαι,
2708 2044 2805 2095 καὶ
2831 2040 3008 2095 ταῦτα
3028 2037 3274 2106 ἀνάγκης
3299 2032 3492 2104 οῦσης’
3517 2032 3799 2100 τέταρτον,
3833 2026 3927 2080 διὰ

2347 2138 2441 2193 τοῦ
2489 2136 2827 2207 προσωπεῖον
2877 2131 3060 2201 ἕτερον
3113 2126 3386 2188 ὑπελθεῖν,
3445 2123 3540 2176 καὶ
3593 2121 3765 2173 εἰπεῖν
3799 2118 3910 2180 ὅτι,

2353 2229 2495 2286 Οἶδα
2513 2228 2824 2294 ἄνθρωπον
2841 2237 2854 2250 ·
2882 2223 3156 2293 πέμπτον.
3190 2218 3277 2271 διά
3295 2215 3391 2269 τοῦ
3420 2214 3494 2286 μὴ
3517 2213 3614 2265 καὶ
3640 2211 3736 2282 τὴν
3757 2208 3930 2280 ἀλλην

2350 2321 2550 2394 ἀρετὴν
2591 2320 2805 2373 ἃπασαν
2839 2316 2919 2377 εἰς
2964 2313 3125 2383 μέσον
3172 2310 3433 2378 ἀγαγεῖν,
3473 2304 3588 2356 ἀλλ’
3635 2304 3812 2355 ἐκεῖνο
3863 2300 3930 2354 τὸ

2355 2415 2539 2485 μέρος,
2584 2405 2644 2464 οὗ
2678 2408 2912 2478 μάλιστα
2954 2407 2983 2456 ὁ
3024 2400 3215 2472 παρὼν
3257 2401 3426 2452 ἐδεῖτο
3470 2396 3679 2467 καιρός.
3714 2394 3829 2446 Οὐκ
3868 2393 3931 2445 ἐν

2351 2483 2768 2575 καυχᾶσθαι
2815 2498 2873 2550 δὲ
2920 2495 3100 2565 μόνον,
3142 2491 3277 2546 ἀλλά
3332 2490 3426 2543 καὶ
3458 2489 3516 2541 ἐν
3567 2486 3646 2557 τῷ
3681 2483 3933 2555 ὑϐρίζειν

2352 2572 2587 2652 τοιοῦτος
2610 2590 2758 2662 [506]
2782 2586 2870 2659 ἦν.
2889 2586 3082 2640 Καίτοι
3121 2585 3217 2636 καὶ
3243 2580 3401 2635 τοῦτο
3429 2577 3810 2647 κεκωλυμένον
3834 2572 3932 2647 ἦν,

2352 2684 2414 2737 τὸ
2446 2679 2687 2753 ὑϐρίζειν
2716 2678 2944 2746 ἀδελφὺν
2966 2718 2982 2739 ,
3014 2674 3129 2727 ἀλλ’
3170 2670 3453 2724 οῦτωικαὶ
3480 2666 3658 2737 τούτῳ
3700 2665 3935 2727 δεόντως

2356 2775 2625 2845 ἐχρήσατο
2655 2770 2835 2833 πάλιν,
2864 2767 2939 2831 ὡς
2971 2766 3079 2817 τῶν
3107 2760 3565 2832 ἐγκωμιαζόντων
3613 2755 3812 2826 μᾶλλον
3841 2754 3935 2807 εὑ·-

2354 2864 2667 2934 δοκιμῆσαι.
2702 2859 2804 2912 Διά
2838 2875 2921 2911 τοι
2955 2854 3112 2909 τοῦτο
3156 2852 3250 2905 καὶ
3287 2851 3533 2912 Γαλάτας
3561 2846 3741 2901 καλῶν
3771 2845 3936 2913 ἀνοή-

2355 2930 2489 3016 τους.
2507 2930 2599 3005 καὶ
2626 2949 2773 3013 ama
2804 2948 2897 2999 καὶ
2926 2946 3026 3007 δὶς,
3059 2943 3155 2997 καὶ
3186 2939 3410 3011 Κρῆτας
3439 2936 3711 3006 γαστέρας
3732 2930 3932 3003 ἀργὰς,

2359 3042 2452 3095 καὶ
2479 3040 2643 3110 θηρία
2673 3035 2854 3096 κακὰ,
2898 3034 2992 3085 καὶ
3035 3029 3280 3082 ἐντεῦθεν
3316 3024 3779 3095 ἀνακηρύττεται.
3821 3019 3938 3073 Καὶ

2361 3134 2469 3202 γὰρ
2500 3109 2623 3202 ὅρον
2657 3129 2790 3198 ἡμῖν
2829 3124 2997 3176 ἔδωκε
3038 3122 3132 3174 καὶ
3175 3119 3408 3179 κανόνα,
3444 3115 3586 3167 ὥστε
3633 3113 3744 3165 τῶν
3792 3109 3939 3165 κατά

2362 3198 2493 3274 Θεδν
2533 3198 2922 3287 ἀμελουμένων
2973 3211 3047 3281 μὴ
3096 3206 3397 3277 κεχρῆσθαι
3445 3201 3735 3274 θεραπείᾳ,
3798 3198 3940 3252 ἀλλὰ

2365 3307 2801 3382 πληκτικώτερον
2835 3299 3233 3374 μεταχειρίζειν
3254 3297 3346 3348 τὸν
3373 3294 3550 3363 λόγον.
3582 3294 3692 3345 Καὶ
3721 3292 3939 3344 πάντων

2369 3381 2543 3472 μέτρα
2569 3400 2687 3452 ἐστί
2717 3397 2844 3465 παρ’
2881 3392 3031 3460 αὐτῷ
3061 3390 3317 3459 κείμενα’
3340 3386 3429 3440 διὰ
3468 3385 3533 3456 δὴ
3572 3383 3730 3436 τοῦτο
3760 3381 3940 3437 πάντα

2368 3493 2536 3546 ποιῶν
2574 3492 2669 3544 καὶ
2713 3489 2888 3554 λέγων
2920 3483 3196 3554 εὐδοκίμει
3221 3520 3236 3545 ,
3270 3482 3364 3535 καὶ
3395 3478 3633 3549 ὑϐρίζων
3664 3476 3759 3528 καὶ
3783 3476 3947 3527 ἐπαι-

2368 3585 2495 3649 νῶν,
2525 3583 2619 3636 καὶ
2651 3578 3124 3649 ἀποστρεφόμενος
3158 3573 3252 3627 καὶ
3281 3569 3628 3642 θεραπεύων,
3651 3567 3751 3620 καὶ
3781 3564 3947 3618 ἐπαί-

2372 3693 2481 3748 ρων
2510 3672 2729 3733 ἐαυτὸν,
2778 3670 2873 3723 καὶ
2922 3665 3255 3738 μετριάζων,
3282 3663 3377 3715 καὶ
3424 3658 3810 3729 καυχώμενος.
3849 3656 3951 3710 καὶ

2370 3746 2687 3828 ταλανίζων.
2724 3762 2835 3815 Kal
2862 3759 2915 3811 τί
2944 3754 3266 3827 θαυμάζεις,
3302 3754 3350 3805 εἰ
3382 3751 3541 3821 ῦϐρις
3574 3748 3670 3801 καὶ
3709 3746 3953 3817 λοιδορία

2373 3856 2669 3925 εὐδοκιμεῖ,
2700 3854 2830 3905 ὅπου
2856 3868 2919 3918 γε
2950 3849 3043 3902 καὶ
3082 3847 3241 3916 φόνος
3278 3841 3605 3911 εὐδοκίμησε
3634 3838 3730 3892 καὶ
3759 3838 3949 3901 ἀπάτη

2376 3950 2469 4003 καὶ
2499 3946 2670 4008 δόλος,
2698 3944 2791 3998 καὶ
2816 3942 2906 3993 ἐπὶ
2931 3940 3029 4010 τῆς
3056 3938 3323 4001 Παλαιᾶς,
3343 3934 3437 3989 καὶ
3466 3934 3561 3985 ἐπὶ
3582 3931 3684 4000 τῆς
3704 3926 3952 3997 Καινῆς;

2379 4041 2540 4094 Ταῦτ’
2574 4034 2664 4091 οῦν
2693 4037 2906 4090 ᾶπαντα
2938 4030 3075 4102 μετά
3108 4027 3396 4102 ἀκριϐείας
3425 4022 3821 4087 ἐξετάσαντες,
3855 4017 3959 4071 καὶ

2382 4127 2593 4184 Παῦλον
2626 4124 3015 4195 θαυμάσωμεν,
3049 4119 3143 4172 καί⁵
3182 4118 3274 4170 τὸν
3314 4115 3447 4169 Θεὸν
3478 4112 3816 4181 δοξάσωμεν,
3854 4108 3958 4162 καὶ

2384 4223 2543 4292 ἡμεῖς
2579 4218 2750 4279 οὕτως
2778 4214 2941 4269 αὐτὸν
2973 4206 3495 4282 μεταχειρισόμεθα,
3540 4203 3630 4256 ἵνα
3660 4201 3753 4255 καὶ
3800 4197 3962 4254 αὐτοὶ

2384 4310 2491 4362 τῶν
2516 4307 2746 4362 αἰωνίων
2773 4302 3114 4372 ἐπιτύχωμεν
3154 4296 3398 4365 ἀγαθῶν,
3424 4296 3609 4367 χάριτι
3640 4294 3736 4348 καὶ
3764 4292 3961 4360 φιλανο

2388 4402 2606 4473 θρωπίᾳ
2628 4397 2723 4451 τοῦ
2767 4396 2971 4466 Κυρίου
3002 4391 3160 4463 ήμῶν
3204 4390 3378 4461 Ἰησοῦ
3406 4386 3663 4461 Χριστοῦ,
3697 4378 3742 4452 ᾧ
3772 4386 3809 4455 ἡ
3832 4382 3968 4448 δόξα

2386 4472 2479 4548 καὶ
2508 4493 2567 4544 τὸ
2591 4490 2810 4561 κράτος,
2830 4485 2927 4539 νῦν
2958 4484 3053 4538 καὶ
3086 4483 3195 4550 ἀεὶ,
3230 4482 3327 4536 καὶ
3358 4482 3439 4544 εἰς
3463 4477 3589 4542 τοὺς
3624 4475 3826 4538 αἰῶνας
3848 4472 3969 4529 τῶν

2386 4583 2615 4637 αἰώνων.
2659 4580 2850 4650 Ἀμήν.

1636 5055 1741 5107 ΕΙΣ
1780 5054 1914 5107 ΤΟΝ
1952 5051 2158 5107 APION
2197 5054 2606 5110 ΑΠΟΣΤΟΛΟΝ
2643 5046 2949 5105 ΠΛΥΛΟΝ.

1369 5573 1554 5641 Λόγος
1595 5578 1669 5636 ς’.

816 5670 1069 5725 Βούλεσθε
1103 5669 1355 5742 τήμερον,
1391 5663 1676 5734 ἔιγαττητοὶ,
1702 5659 1956 5732 παρέντες
1992 5658 2056 5714 τὰ
2089 5661 2294 5729 μεγάλα

2414 5564 2622 5619 Παύλου
2653 5566 2746 5619 καὶ
2778 5562 3084 5635 θαυμαστὰ,
3114 5561 3150 5615 ἀ
3181 5562 3330 5614 δοκεί
3354 5558 3503 5632 παρά
3530 5574 3640 5612 τισι
3660 5554 3827 5626 λαϐήν
3852 5568 3984 5608 τινα

2407 5658 2592 5728 ἔχειν,
2651 5655 2820 5711 ταῦτα
2851 5659 2944 5727 ,εἰς
2995 5655 3151 5726 μέσον.
3217 5653 3526 5723 ἀγάγωμεν,
3581 5649 3674 5704 καὶ
3719 5645 3825 5715 γάρ
3868 5645 3970 5698 καὶ
