4220 6300
291 386 389 444 501

293 495 504 552 misisse
527 499 816 548 contentus
839 497 922 544 est
940 529 956 554 ,
982 484 1075 542 sed
1102 499 1288 541 rursus
1315 484 1652 538 ingressurus
1673 480 1726 533 in
1755 478 1875 532 lau-

293 588 424 650 des.
467 585 815 653 semetipsum
846 579 1104 645 occdtat,
1135 585 1190 631 et
1216 574 1382 630 dicit:
1432 573 1554 628 Scio
1582 572 1834 626 hominem
1854 608 1872 637 ,

293 691 347 734 et
369 679 587 744 iterum,
618 674 724 728 Pro
749 672 1040 744 hujusmodi
1061 668 1332 741 gloriabor,
1365 682 1457 736 pro
1501 680 1578 718 me
1603 672 1772 717 autem
1794 664 1877 715 ni-

294 772 387 824 hil.
413 769 648 837 Postque
661 765 778 820 hate
791 764 991 827 omnia,
1021 760 1210 815 Factus
1238 776 1349 814 sum
1375 758 1616 827 insipiens
1635 796 1649 820 ,
1683 755 1872 825 inquit,

295 878 384 916 ros
412 876 494 914 me
514 857 743 929 coegistis
776 856 973 926 (2.6m.
1001 853 1083 908 ιε.
1112 853 1168 906 2.
1213 861 1261 904 et
1287 851 1344 906 5.
1372 859 1418 903 et
1446 847 1552 918 ll).
1583 848 1712 916 Quis
1754 861 1880 916 ergo

294 961 406 1005 tam
437 949 632 1003 stultus
648 988 663 1012 ,
692 946 812 1017 quis
839 947 906 1000 ita
928 944 1225 999 inveniatur
1250 939 1396 995 omni
1414 953 1575 994 sensu
1596 953 1657 993 ac
1676 937 1881 990 ratione

294 1043 539 1110 privatus
557 1079 574 1104 ,
606 1039 694 1107 qui
719 1037 907 1091 videns
926 1044 1165 1088 sanetum
1196 1032 1344 1086 illum
1366 1071 1381 1096 ,
1409 1030 1569 1085 etiam
1591 1043 1711 1083 cum
1736 1035 1880 1080 tanta

295 1131 346 1185 ei
391 1130 684 1184 necessitas
729 1127 1059 1190 immineret,
1099 1133 1439 1177 cunctantem
1491 1131 1668 1174 tamen
1723 1127 1883 1187 atque

296 1229 630 1275 metuentem
667 1217 868 1287 grande
895 1215 1090 1284 aliquid
1119 1214 1186 1269 de
1229 1215 1406 1282 seipso
1437 1213 1614 1281 loqui,
1646 1221 1701 1265 et
1747 1211 1885 1264 sicut

299 1330 500 1384 equum
544 1327 712 1380 usque
757 1310 822 1362 ad
873 1308 1162 1378 praecipitia
1223 1305 1486 1359 horrenda
1542 1304 1880 1364 venientem,

298 1420 466 1475 seque
495 1402 689 1472 saepius
731 1399 855 1455 inde
880 1400 1181 1453 trahentem
1203 1439 1216 1462 ,
1249 1407 1303 1451 et
1329 1395 1546 1466 quidem
1576 1410 1695 1449 cum
1740 1401 1885 1446 tanta

298 1496 406 1550 hoc
452 1503 596 1549 esset
649 1492 1043 1562 dispensatione
1096 1488 1333 1542 facturus
1384 1505 1397 1539 :

299 1588 380 1640 sie
422 1586 492 1637 sit
541 1583 821 1651 insipiens,
873 1575 970 1649 qui
993 1594 1097 1632 non
1141 1579 1297 1630 etiam
1326 1576 1528 1644 majore
1566 1573 1888 1628 abundantia

300 1673 567 1728 cautionis
604 1671 787 1725 laudes
835 1683 958 1723 suas
1003 1669 1194 1738 fugiat,
1245 1677 1300 1722 et
1353 1681 1494 1721 nunc
1538 1665 1673 1719 forte
1715 1665 1886 1718 solum

299 1766 369 1818 de
424 1763 531 1816 illis
585 1761 784 1830 aliquid
825 1761 1080 1827 attingat,
1128 1756 1342 1826 quando
1389 1757 1439 1810 id
1499 1755 1888 1825 opportunissi-

301 1869 448 1908 mum
520 1861 728 1919 tempus
811 1849 1084 1919 exegerit?
1146 1847 1240 1903 Vis
1292 1856 1345 1901 et
1408 1845 1550 1899 aliud
1616 1845 1710 1900 tibi
1788 1844 1891 1898 tale

302 1959 518 2015 quoque
572 1944 718 1997 illius
764 1941 1080 1997 ostendam?
1142 1940 1352 1994 Etenim
1421 1938 1561 1993 istud
1635 1946 1716 2012 est
1771 1951 1892 1990 om-

304 2037 435 2092 nino
508 2035 786 2099 mirabile,
821 2035 941 2103 quia
1003 2041 1288 2086 contentus
1342 2045 1448 2084 non
1496 2038 1612 2084 erat
1656 2029 1893 2083 testimo-

305 2129 397 2182 nio
423 2126 798 2192 conscientiae,
828 2123 922 2179 sed
963 2124 1122 2178 etiam
1147 2138 1245 2177 nos
1281 2122 1506 2176 docebat
1540 2120 1690 2189 juxta
1735 2135 1894 2190 quam

308 2217 548 2287 regulam
579 2216 737 2270 intali
761 2231 938 2270 rerum
962 2215 1268 2270 discrimine
1293 2212 1895 2278 deberemnsincedere,

307 2325 416 2366 non
443 2309 540 2363 sibi
561 2305 929 2363 tantummodo
948 2307 1014 2361 de
1033 2316 1330 2374 temporum
1355 2303 1669 2359 necessitate
1685 2301 1896 2357 satisfa-

307 2399 538 2454 ctionem
560 2412 962 2467 parans,verum
978 2397 1134 2451 etiam
1152 2396 1284 2450 alios
1296 2394 1764 2463 erudiens,qnanta
1777 2408 1897 2447 cum

308 2490 579 2553 cautione,
622 2498 860 2556 tempore
889 2487 1243 2556 efﬂagitante,
1284 2484 1423 2538 istud
1453 2498 1553 2538 nec
1582 2482 1896 2554 effugerent,

310 2595 413 2635 nec
433 2581 737 2649 importune
767 2579 1102 2647 perlicerent.
1144 2575 1276 2630 Nam
1299 2592 1397 2644 per
1425 2577 1523 2630 ista
1541 2616 1556 2640 ,
1580 2587 1696 2644 qua:
1722 2575 1856 2628 dixit
1879 2614 1894 2639 ,

311 2671 711 2742 quodammodo
745 2670 872 2725 illud
899 2670 1090 2725 etl'atus
1124 2679 1244 2724 est:
1274 2668 1493 2724 Grande
1540 2670 1742 2723 malum
1783 2677 1898 2734 est,

311 2764 692 2826 dilectissime,
731 2762 798 2816 de
843 2762 1020 2831 seipso
1044 2761 1239 2830 aliquid
1288 2759 1487 2830 grande
1529 2760 1710 2814 dicere
1744 2768 1902 2827 atque

314 2854 558 2908 mirabile
583 2894 598 2918 ,
648 2861 1007 2922 extremaeque
1035 2853 1255 2906 omnino
1281 2851 1565 2906 dementia:
1605 2857 1717 2912 est,
1753 2849 1901 2902 nulla

316 2946 634 3001 imminente
661 2946 980 2998 necessitate
1006 2959 1207 3010 rerum,
1230 2952 1285 2998 et
1312 2943 1633 2997 necessitate
1651 2942 1901 3007 violenta,

317 3036 549 3106 propriis
594 3035 838 3088 laudibus
869 3035 1005 3088 velle
1033 3034 1296 3088 decorari.
1345 3032 1461 3087 Non
1505 3034 1647 3087 enim
1682 3040 1765 3087 est
1804 3031 1906 3085 hoc

317 3127 616 3182 secundum
652 3128 818 3180 Deum
859 3125 1036 3194 loqui;
1066 3124 1319 3180 indicium
1345 3123 1520 3192 potius
1548 3131 1630 3178 est
1657 3121 1796 3176 istud
1827 3122 1906 3176 in-

318 3218 506 3273 saniat.
552 3216 666 3270 Hoc
706 3216 849 3269 enim
897 3215 1051 3269 nobis
1074 3228 1287 3268 omnem
1340 3228 1559 3282 prorsus
1605 3212 1906 3267 mercedem

317 3317 546 3364 evacuat
569 3347 582 3373 ,
609 3317 662 3362 et
688 3307 901 3376 quidem
941 3307 1182 3376 plurimis
1219 3305 1494 3360 laboribus
1523 3304 1908 3373 sudoribusque

320 3400 624 3470 quaesitam.
676 3398 803 3452 llaec
833 3399 974 3451 enim
1030 3397 1239 3462 omnia,
1290 3396 1479 3466 hisque
1520 3397 1670 3466 plura
1712 3396 1910 3450 dixisse

320 3491 536 3544 videtur
556 3489 620 3542 ad
647 3497 868 3544 cunctos
891 3529 907 3552 ,
932 3488 1060 3542 dum
1089 3487 1339 3557 loquendi
1365 3487 1433 3542 de
1458 3502 1516 3540 se
1538 3488 1910 3541 necessitatem

322 3579 487 3634 etiam
513 3579 858 3633 excusatione
881 3579 1122 3631 munivit.
1152 3577 1245 3631 His
1271 3589 1449 3631 autem
1477 3576 1715 3646 profecto
1741 3578 1914 3646 majus

323 3679 412 3724 est
432 3713 446 3736 ,
497 3670 619 3736 quia
653 3671 968 3723 necessitate
1005 3679 1230 3738 cogente
1251 3711 1266 3734 ,
1299 3657 1404 3724 non
1434 3670 1676 3724 universa
1704 3669 1838 3723 fudit
1860 3671 1913 3724 in

324 3759 564 3814 medium
587 3801 600 3824 ,
631 3758 724 3814 sed
763 3759 910 3828 plura
948 3760 1108 3812 etiam
1154 3769 1207 3813 et
1237 3761 1438 3829 majora
1473 3761 1684 3814 celavit.
1728 3759 1910 3824 Venio,

325 3852 537 3921 inquit,
566 3853 634 3904 ad
663 3852 876 3905 visiones
901 3859 945 3904 et
973 3852 1298 3905 revelationes
1335 3851 1468 3918 Dei;
1513 3869 1665 3922 parco
1704 3865 1872 3906 autent
1898 3894 1912 3916 ,

327 3961 392 3997 ne
415 3945 529 4013 quis
559 3944 620 3997 de
643 3960 720 3996 me
741 3945 986 3997 existimet
1024 3960 1175 4011 super
1211 3944 1264 3996 id
1295 3943 1429 4009 quod
1471 3943 1601 3997 videt
1621 3984 1635 4010 ,
1665 3943 1742 3997 vel
1776 3944 1917 3996 audit

327 4035 524 4104 aliquid
551 4052 616 4088 ex
643 4033 825 4106 me.(‘2.
851 4033 972 4087 Cor.
1006 4034 1088 4087 12.
1124 4036 1175 4088 1.
1207 4043 1251 4086 et
1276 4033 1356 4104 6).
1387 4033 1498 4088 Hoc
1526 4050 1653 4088 vero
1690 4033 1917 4088 dicendo

333 4141 434 4179 nos
453 4125 662 4189 erudit,
691 4133 748 4178 ut
769 4139 835 4178 ne
854 4125 1145 4179 exsistente
1176 4123 1391 4194 quidem
1423 4125 1770 4188 necessitate,
1804 4139 1920 4178 om—

331 4218 421 4273 nia
439 4259 454 4280 ,
477 4232 703 4285 quorum
729 4217 882 4271 nobis
908 4217 1109 4271 conscii
1135 4231 1321 4270 sumus
1343 4258 1357 4282 ,
1389 4217 1439 4270 in
1467 4215 1699 4270 medium
1742 4215 1920 4284 profe-

332 4309 504 4364 rendo
551 4309 863 4378 vulgemus,
913 4309 1006 4364 sed
1051 4324 1113 4364 ea
1160 4310 1374 4376 solum,
1425 4325 1543 4379 quae
1587 4309 1922 4363 audientibus

334 4402 485 4455 utilia
505 4401 822 4468 judicamus.

413 4492 626 4547 Samuel
664 4509 717 4546 se
764 4493 957 4546 laudat.
989 4519 1062 4533 -——
1101 4492 1360 4559 Quoniam
1408 4501 1460 4546 et
1510 4492 1744 4558 Samuel;
1793 4493 1924 4546 nihil

336 4584 484 4639 enim
515 4584 724 4637 videtur
772 4585 1158 4653 inconsequens
1208 4585 1346 4637 illius
1375 4600 1586 4654 quoque
1618 4586 1924 4640 meminisse

337 4678 543 4738 sancti,
578 4674 630 4726 in
674 4684 909 4727 nostram
938 4675 1198 4744 siquidem
1232 4675 1509 4729 utilitatem
1553 4677 1710 4729 etiam
1742 4676 1926 4731 laudes

339 4765 712 4830 proferuntur;
759 4772 809 4818 et
859 4765 1004 4833 ipse,
1056 4767 1267 4833 inquam
1294 4806 1309 4828 ,
1349 4766 1634 4835 aliquando
1673 4767 1927 4836 gloriatus

337 4866 458 4923 est,
485 4866 541 4910 et
573 4857 783 4926 propria
815 4867 958 4911 recte
985 4856 1118 4910 facta
1147 4855 1393 4925 patefecit
1423 4875 1434 4909 :
1483 4859 1575 4912 sed
1605 4860 1777 4928 qualia
1809 4861 1924 4928 illa,

339 4951 562 5019 qureso?
603 4950 734 5017 Qua:
769 4951 949 5019 utique
985 4964 1309 5018 cognoscere
1348 4951 1683 5006 audientibus
1730 4967 1928 5007 convc-

338 5042 499 5095 niret.
532 5041 648 5095 Non
695 5041 836 5094 enim
885 5056 1046 5109 super
1065 5041 1259 5094 decore
1305 5037 1601 5110 pudicitim,
1651 5058 1822 5111 neque
1864 5045 1930 5098 de

337 5129 646 5184 humilitate
667 5171 680 5192 ,
711 5145 883 5198 neque
911 5129 977 5184 de
1002 5131 1267 5184 oblivione
1294 5132 1541 5199 loquutus
1577 5143 1658 5185 est
1703 5133 1928 5201 injuriae,

339 5223 435 5278 sed
457 5239 622 5292 super
651 5222 742 5274 tali
771 5235 831 5275 re
861 5219 1111 5288 quadam,
1142 5237 1299 5290 quam
1327 5224 1594 5292 pra‘cipue
1614 5225 1821 5278 discere
1848 5241 1932 5278 re-

1147 371 1237 428 DE
1276 367 1616 428 LAUDIBUS
1652 365 1709 425 S.
1741 361 1944 422 PAULI
1985 361 2341 421 APOSTOLI.
2383 360 2614 418 HOMIL.
2657 359 2745 416 VL

1453 1485 1573 1556 quis
1587 1526 1600 1548 ,
1634 1486 1846 1552 inquam
1867 1525 1884 1550 ,
1918 1477 1936 1492 “”

3458 360 3562 416 592

1981 491 2100 547 gem
2137 475 2276 530 illius
2304 475 2560 546 temporis
2581 469 2862 545 Oportebat
2890 491 2904 527 :
2934 472 2988 530 id
3007 481 3119 538 est,
3152 473 3220 528 de
3244 487 3567 529 conservan-

1985 565 2051 619 da
2081 565 2381 635 integritate
2397 565 2615 635 justitiae
2635 605 2651 633 ,
2679 573 2734 619 et
2759 565 3004 620 manibus
3042 564 3371 620 abstinendis
3391 580 3420 617 a
3453 579 3568 618 mu.

1985 657 2220 713 neribus.
2245 657 2407 713 David
2434 661 2594 715 etiam
2637 657 2871 727 glorians
2894 657 2961 712 de
2990 658 3068 711 eis
3093 657 3272 727 utique
3299 656 3568 726 gloriaba-

1987 757 2089 813 tur,
2115 765 2232 818 quze
2257 750 2542 803 emendare
2578 749 2874 804 auditorem
2896 747 3153 803 valerent.
3202 747 3387 815 Neque
3426 748 3571 802 enim

1984 839 2052 894 de
2072 856 2130 895 se
2148 840 2313 894 ‘aliam
2345 841 2783 896 commemoravit
2830 840 2919 894 ille
2949 841 3198 895 virtutem
3218 881 3233 904 ,
3265 839 3359 894 sed
3389 854 3571 894 ursum

1984 941 2144 998 atque
2168 930 2376 986 leonem
2402 931 2618 985 adduxit
2648 931 2699 984 in
2723 930 2955 985 medium
2976 973 2991 997 ,
3019 939 3178 1000 atque
3192 930 3332 984 aliud
3355 943 3576 999 prorsus

1986 1022 2114 1076 nihil
2146 1023 2223 1092 (l.
2273 1022 2399 1092 Reg.
2432 1023 2518 1076 l7.
2552 1021 2667 1094 34).
2708 1023 2917 1077 Etenim
2972 1023 3130 1076 altius
3180 1021 3248 1076 de
3274 1036 3334 1076 se
3382 1020 3576 1078 cll'erre

1986 1129 2287 1169 sermonem
2327 1114 2543 1184 gloriosi
2582 1122 2666 1168 est
2707 1122 2761 1167 et
2799 1113 3090 1167 insolenter
3117 1126 3236 1167 sese
3272 1111 3526 1182 jactantis
3558 1127 3574 1162 :

1987 1207 2165 1262 dicere
2185 1217 2360 1262 autem
2393 1208 2476 1261 illa
2496 1221 2616 1276 qua:
2637 1207 2912 1274 pra‘sentis
2934 1206 3007 1259 rei
3029 1219 3186 1261 causa
3211 1203 3580 1259 tantummodo

1990 1301 2287 1354 necessaria
2339 1308 2463 1353 sunt
2513 1300 2722 1364 lutura,
2775 1300 3003 1354 amantis
3045 1306 3130 1353 est
3186 1299 3579 1368 mullorumque

1989 1391 2267 1445 conunoda
2298 1393 2596 1465 cogitantis.
2629 1392 2742 1447 lloc
2785 1392 2960 1461 itaque
2985 1391 3108 1445 fecit
3141 1400 3195 1446 et
3224 1390 3421 1445 Paulus
3442 1432 3457 1457 ,
3487 1390 3578 1459 qui

1987 1498 2164 1536 euina
2196 1482 2657 1551 pseudoapostolis
2707 1493 3036 1553 carperetur,
3084 1484 3234 1553 quasi
3288 1498 3393 1537 non
3436 1491 3581 1537 esset

1993 1560 2244 1643 proba-lus
2282 1575 2587 1643 apostolus,
2640 1591 2741 1630 nec
2787 1575 2989 1630 habens
3028 1590 3057 1627 a
3085 1575 3300 1628 Christo
3347 1575 3582 1643 aliquam

1992 1676 2340 1737 potestatem,
2389 1676 2604 1736 propter
2645 1668 3061 1722 obtrectationes
3111 1666 3268 1721 falsas
3309 1667 3359 1719 in
3402 1667 3584 1721 Iaudes

1994 1773 2118 1814 suas
2146 1760 2224 1814 ire
2246 1759 2554 1828 compulsus
2578 1767 2660 1814 est
2679 1800 2694 1825 ,
2720 1773 2838 1828 qua:
2869 1759 3100 1812 maxime
3129 1757 3437 1826 dignitatem
3467 1757 3584 1825 ejus

1995 1849 2356 1904 ostenderent.
2397 1849 2626 1902 Videsne
2667 1849 2956 1918 igitur~per
2984 1857 3180 1916 quanta
3213 1846 3454 1901 docuerit
3490 1861 3584 1900 au-

1995 1941 2222 1996 ditorem
2265 1955 2372 1994 non
2418 1940 2644 1994 inaniter
2684 1939 2938 2009 gloriari?
2989 1939 3169 1993 Primo
3213 1937 3425 2007 quidem
3457 1937 3586 1992 dum

1997 2032 2228 2088 ostendit
2256 2047 2314 2087 se
2335 2030 2474 2086 istud
2490 2031 2734 2086 adactum
2757 2030 3074 2085 necessitate
3091 2029 3299 2084 fecisse.
3316 2028 3586 2092 Secundo,

1997 2122 2124 2176 dum
2154 2131 2330 2177 tamen
2359 2138 2416 2176 se
2439 2122 2772 2190 insipientem
2790 2122 3030 2186 vocavit,
3063 2129 3117 2175 et
3139 2120 3378 2191 plurimis
3403 2119 3592 2175 laudes

1999 2227 2123 2267 suas
2165 2212 2618 2268 satisfactionibus
2663 2211 2997 2282 temperavit.
3051 2212 3266 2275 Tertio,
3319 2211 3439 2280 quia
3483 2225 3589 2264 non

2000 2311 2190 2357 cuncta
2221 2302 2496 2357 confessus
2521 2311 2630 2366 est,
2660 2302 2755 2357 sed
2784 2303 2984 2372 majora
3011 2302 3342 2371 suppressit,
3391 2311 3445 2355 et
3491 2301 3593 2356 hoc

2001 2406 2176 2460 certe,
2230 2411 2350 2449 cum
2400 2396 2717 2450 necessitate
2737 2395 2964 2464 quadam
3011 2395 3061 2447 in
3093 2408 3188 2447 sua
3209 2393 3474 2463 przeconia
3502 2409 3595 2447 co-

2001 2495 2236 2555 geretur.
2291 2485 2525 2551 Qnarto,
2572 2485 2697 2538 dum
2748 2486 2849 2539 sub
2895 2484 3114 2538 alterius
3152 2498 3378 2552 persona
3425 2482 3594 2547 dixit,

2006 2579 2128 2633 Scio
2182 2581 2437 2634 hominem
2485 2579 2564 2648 (Ξ.
2606 2577 2724 2633 Cor.
2783 2578 2870 2633 12.
2915 2578 2993 2647 2).
3039 2579 3271 2645 Quinto,
3320 2594 3441 2632 cum
3487 2592 3594 2631 non

2003 2685 2190 2724 omnes
2242 2671 2466 2724 virtutes
2514 2685 2638 2724 suas
2679 2669 2899 2724 adduxit
2935 2671 2985 2723 in
3031 2670 3283 2733 medium,
3337 2669 3431 2723 sed
3479 2684 3599 2723 eam

2006 2772 2210 2831 partem
2237 2803 2252 2827 ,
2301 2776 2456 2830 quam
2489 2775 2726 2830 praesens
2767 2770 2978 2830 tempus
3025 2761 3257 2815 maxime
3303 2759 3597 2830 ﬂagitabat.

2007 2855 2188 2924 Neque
2234 2870 2360 2909 vero
2406 2854 2472 2909 de
2501 2870 2560 2910 se
2590 2854 2958 2909 tantummodo
3004 2853 3308 2924 gloriando,
3354 2851 3601 2906 eumdem

2008 2947 2261 3000 virtutum
2304 2960 2523 3000 suarum
2551 2946 2798 2999 servabat
2825 2957 3098 3010 tenorem,
3144 2944 3492 2998 verumetiam
3548 2943 3603 2998 in

2009 3038 2142 3093 alios
2165 3078 2180 3104 ,
2212 3053 2332 3107 quae
2363 3037 2680 3091 viderentur
2702 3038 2959 3107 injuriosa
2982 3079 2996 3104 ,
3028 3036 3273 3092 dicendo.
3303 3037 3435 3091 Nam
3460 3037 3602 3106 inju-

2011 3131 2143 3185 riam
2169 3130 2364 3184 inferre
2392 3129 2540 3185 fratri
2570 3131 2707 3185 inter
2727 3131 2992 3201 prohibita
3013 3141 3361 3197 numeratur;
3385 3131 3478 3188 sed
3505 3131 3609 3186 hac

2011 3237 2223 3292 quoque
2248 3222 2426 3293 specie
2465 3223 2537 3277 ita
2567 3223 2764 3278 Paulus
2793 3235 3095 3294 opportune
3121 3241 3248 3281 usus
3276 3235 3359 3281 est
3385 3235 3440 3281 et
3469 3240 3607 3280 con-

2012 3330 2171 3384 grue,
2205 3324 2260 3369 ut
2307 3316 2474 3384 magis
2501 3317 2661 3371 etiam
2689 3332 2846 3386 quam
2891 3317 3112 3372 laudans
3152 3318 3388 3386 placeret
3420 3334 3433 3370 :
3475 3331 3605 3386 pro-

2014 3417 2198 3475 pterea
2215 3417 2263 3461 et
2281 3406 2491 3462 Galatas
2522 3409 2820 3462 insensatos
2847 3420 3000 3463 vocat
3034 3409 3174 3478 (Gal.
3200 3411 3251 3463 5.
3281 3407 3370 3474 1);
3399 3417 3452 3462 et
3479 3409 3610 3462 Cre—

2017 3507 2196 3552 tenses
2221 3541 2235 3562 ,
2277 3507 2490 3552 ventres
2515 3500 2730 3568 pigros,
2763 3509 2816 3552 et
2843 3499 3040 3553 bestias
3081 3501 3249 3552 malas
3340 3495 3355 3565 (
3394 3498 3498 3551 Tit.
3552 3500 3606 3553 l.

2017 3588 2106 3655 l2)
2135 3605 2148 3639 :
2197 3595 2251 3642 et
2281 3597 2456 3642 tamen
2489 3589 2613 3642 hinc
2643 3591 2801 3642 etiam
2847 3589 3186 3657 praedicatur.
3221 3589 3381 3643 Fines
3410 3591 3614 3643 etenim

2020 3677 2176 3730 nobis
2202 3679 2451 3746 exemplo
2495 3693 2592 3732 suo
2621 3679 2806 3732 statuit
2829 3694 2892 3734 ac
2928 3680 3167 3749 regulas,
3199 3691 3253 3733 ut
3282 3681 3613 3750 neglecturus

2019 3767 2306 3820 voluntatis
2335 3767 2427 3820 Dei
2474 3783 2806 3838 nequaquam
2855 3784 2981 3822 cura
3027 3769 3232 3823 leniore
3281 3777 3610 3834 tractemus,

2021 3859 2114 3912 sed
2144 3873 2445 3912 sermonem
2477 3858 2530 3912 in
2585 3874 2708 3924 eos,
2742 3861 2828 3928 qui
2857 3859 3017 3928 paulo
3063 3860 3284 3929 rigidius
3317 3862 3609 3929 percutiat,

2021 3946 2333 4016 dirigamus.
2382 3948 2631 4002 Omnium
2676 3949 2936 4017 siquidem
2996 3965 3260 4003 mensurae
3299 3960 3425 4004 sunt
3477 3951 3614 4018 apud

2023 4037 2167 4092 illum
2195 4038 2380 4093 locatzr.
2403 4081 2416 4104 ,
2445 4055 2506 4092 ac
2531 4048 2808 4107 propterea
2839 4053 2998 4092 omne
3026 4038 3168 4108 quod
3197 4039 3428 4103 dixerit,
3458 4055 3618 4094 omne

2023 4131 2165 4201 quod
2193 4130 2412 4198 fecerit,
2440 4132 2614 4200 placet
2643 4151 2654 4184 :
2683 4141 2737 4186 et
2761 4132 3017 4187 conviciis
3055 4131 3353 4187 coercendo
3375 4174 3389 4194 ,
3419 4143 3472 4186 et
3501 4132 3616 4186 lau-

2025 4222 2182 4276 dibus
2214 4222 2581 4291 provocando,
2611 4225 2878 4278 austerius
2920 4224 3127 4293 aliquos
3169 4225 3470 4278 accusando
3496 4267 3510 4290 ,
3561 4237 3618 4279 et

2026 4313 2270 4368 blandius
2341 4313 2713 4377 admonendo;
2767 4324 2820 4369 et
2868 4329 2987 4368 cum
3041 4313 3196 4370 effert
3245 4315 3512 4385 seipsum,
3569 4328 3623 4371 et

2028 4421 2213 4459 rursus
2238 4419 2358 4459 cum
2389 4405 2609 4474 deponit
2634 4421 2696 4459 ac
2715 4405 2922 4474 dejicit.
2952 4415 3146 4460 etcum
3169 4406 3236 4460 de
3262 4421 3321 4460 se
3340 4407 3615 4476 gloriatur,

2029 4505 2085 4550 et
2111 4512 2227 4550 cum
2260 4497 2495 4564 seipsum
2525 4497 2828 4551 miseretur.
2883 4497 2949 4551 Et
2978 4498 3102 4567 quid
3132 4499 3324 4552 mirum
3352 4503 3395 4552 si
3432 4499 3623 4568 injuria

2031 4597 2085 4642 et
2111 4588 2450 4643 maledictum
2485 4589 2696 4658 placet,
2749 4591 2963 4659 quando
2993 4591 3188 4660 placuit
3232 4601 3286 4646 ct
3313 4593 3519 4656 credes,
3569 4603 3626 4648 et

2032 4680 2185 4734 dolus
2214 4681 2428 4749 quidem
2478 4690 2637 4750 atque
2681 4681 2924 4750 deceptio
2954 4698 3060 4735 non
3112 4683 3163 4736 in
3199 4693 3383 4737 vetere
3414 4684 3625 4748 Solum,

2035 4770 2126 4823 sed
2152 4770 2202 4822 in
2229 4787 2367 4825 novo
2393 4772 2554 4826 etiam
2587 4771 2971 4827 Testamento?
3000 4773 3124 4826 Ilarc
3150 4773 3328 4826 omnia
3360 4775 3516 4842 igitur
3541 4774 3623 4828 dio

2033 4866 2212 4934 ligenti
2241 4867 2488 4919 examine
2528 4866 2888 4934 ponderantes
2931 4865 3259 4920 admiremur
3285 4868 3506 4920 Paulum
3531 4908 3543 4928 ,
3573 4875 3628 4920 et

2035 4956 2391 5025 glorilicemus
2422 4957 2587 5009 Deum
2609 4997 2624 5021 ,
2666 4965 2723 5010 ut
2755 4957 2854 5024 ipsi
2876 4958 3036 5010 etiam
3069 4958 3204 5010 bona
3233 4973 3624 5025 consequamur

2037 5057 2267 5112 aeterna,
2309 5047 2478 5116 gratia
2509 5055 2564 5100 et
2613 5047 2976 5101 misericordia
3034 5047 3240 5100 Domini
3290 5048 3455 5100 nostri
3497 5048 3623 5100 Jesu

2039 5138 2261 5203 Christi,
2291 5140 2372 5192 cui
2406 5149 2485 5194 est
2513 5140 2679 5208 gloria
2711 5152 2764 5194 et
2794 5141 3070 5210 imperium
3098 5181 3111 5206 ,
3146 5155 3288 5192 nunc
3315 5149 3368 5194 et
3393 5155 3627 5208 semper,

2045 5231 2171 5281 etin
2200 5230 2391 5282 s:rcula
2419 5231 2758 5284 smeulorum.
2796 5236 2986 5284 Anien.

1235 5361 1377 5430 DE
1428 5362 1946 5436 LAUDIBUS
2017 5367 2403 5438 SANCTI
2458 5369 2776 5440 PAULI

1820 5492 2132 5538 APOSTULI.

1703 5620 1933 5634 ᾗ

985 5707 1198 5746 ΠΟΜΙΗΔ
1234 5710 1304 5745 τι.

426 5775 657 5833 Primum
689 5794 859 5834 eorum
886 5796 996 5850 qua:
1020 5783 1071 5837 iu
1097 5783 1262 5838 Paulo
1285 5786 1714 5854 rrprclmuitmmr
1753 5803 1768 5842 .'
1798 5806 1936 5843 mun-

1941 5601 2280 5656 EE—---

2045 5697 2162 5748 data
2196 5699 2291 5750 Del
2320 5700 2593 5767 possibilia.
2634 5729 2698 5737 -—
2734 5700 2904 5754 Vultis
2937 5702 3122 5764 hodie,
3159 5701 3353 5757 fratres
3391 5702 3629 5756 dilectis-

2049 5793 2166 5846 siml
2193 5832 2205 5859 ,
2237 5793 2322 5862 qui
2353 5792 2600 5849 audiendi
2629 5793 2805 5851 studio
2843 5794 2943 5851 huc
2975 5795 3330 5864 convenistis,
3357 5803 3414 5852 ut
3438 5808 3628 5866 magna
