4220 6300
589 368 699 430 ὅω

596 498 743 560 gesta
771 484 918 546 Pauli
946 496 1107 561 atque
1133 491 1387 562 praeclara
1416 532 1432 557 ,
1468 506 1589 562 qure
1626 492 1777 562 juxta
1816 490 2165 564 quorumdam

599 582 953 652 suspicionem
992 582 1191 639 habetie
1226 583 1473 639 videntur
1508 584 1526 616 ί
1558 583 1759 655 aliquid
1792 569 2169 656 reprehensio-

601 672 687 727 nis
705 712 726 741 ,
752 672 805 728 in
832 667 1064 727 medium
1105 672 1476 744 proferamus?
1512 672 1723 732 Etenim
1748 675 2079 733 inveniemus
2102 677 2167 732 il-

600 763 712 818 lum
734 776 837 817 non
862 763 1038 817 minus
1064 778 1129 819 ex
1157 764 1239 820 his
1261 781 1457 836 ,-quam
1480 780 1547 821 ex
1574 767 1781 822 caeteris
1799 766 2001 823 clarum
2028 766 2169 822 efﬁci

601 860 760 923 atque
787 852 1147 922 magniﬁcum.
1174 854 1439 921 Quidnam
1468 856 1599 915 illud
1620 872 1750 928 ergo
1782 865 1885 923 est,
1915 857 2058 930 quod
2088 874 2174 914 re-

601 940 961 1011 prehensibile
978 942 1243 1013 judicatur
1263 935 1288 998 ‘l
1309 940 1465 1001 Visus
1484 958 1586 1014 est,
1614 948 1873 1018 inquiunt,
1892 942 2174 1017 aliquando

603 1031 786 1103 plagas
810 1031 1002 1089 timere
1030 1048 1045 1087 :
1072 1033 1212 1103 quod
1237 1045 1386 1092 certe
1408 1037 1553 1093 visus
1577 1046 1680 1104 est,
1709 1022 1923 1107 quando
1949 1053 2072 1093 eum
2095 1037 2176 1093 lo-

603 1117 679 1174 ris
716 1119 911 1177 milites
940 1119 1247 1181 tutuderunt
1268 1162 1285 1190 ,
1328 1139 1499 1195 neque
1537 1137 1664 1180 vero
1690 1126 1862 1179 solum
1890 1134 2016 1182 tunc
2037 1166 2055 1192 ,
2080 1126 2175 1183 sed

603 1208 734 1265 alias
759 1224 966 1281 quoque
982 1207 1123 1280 a'pnd
1147 1210 1289 1267 illam
1312 1228 1561 1284 purpurae
1572 1213 1941 1291 venditi-icem,
1963 1216 2175 1286 quando

604 1298 762 1353 etiam
788 1306 977 1355 causas
1001 1301 1142 1371 apud
1160 1302 1284 1359 illos
1304 1303 1573 1371 movebat,
1603 1304 1694 1373 qui
1723 1318 1843 1360 eum
1869 1304 1939 1360 de
1959 1320 2181 1361 carcere

602 1382 711 1455 jam
753 1388 981 1446 educere
1010 1391 1347 1447 festinabant.
1392 1393 1534 1448 Nihil
1580 1395 1724 1453 enim
1767 1394 1911 1450 aliud
1950 1396 2051 1451 ista
2095 1394 2174 1449 fa-

603 1474 797 1531 cienth
814 1516 831 1543 ,
868 1478 969 1534 nisi
1007 1479 1219 1536 sibimet
1255 1481 1356 1552 ipsi
1379 1463 2022 1555 defensionemOparabat,
2051 1485 2177 1541 etsi

604 1567 733 1636 quid
756 1568 945 1625 horum
973 1570 1207 1641 fugeret,
1248 1587 1316 1629 ne
1343 1574 1397 1629 in
1423 1589 1485 1629 ea
1523 1575 1637 1645 ipsa
1662 1591 1850 1632 rursus
1877 1576 2133 1632 incideret
2158 1617 2173 1642 ,

604 1660 934 1728 providebat.
956 1660 1093 1729 Quid
1114 1662 1271 1732 igitur
1293 1663 1534 1721 dicemus
1553 1665 1577 1719 l
1596 1664 1868 1737 Siquidem
1895 1666 2025 1722 nihil
2053 1664 2175 1723 eum

607 1747 683 1802 ita
727 1762 976 1819 magnum
1017 1761 1178 1821 atque
1221 1745 1557 1823 mirabilem,
1596 1765 1657 1811 ut
1694 1752 1810 1812 haec
1836 1756 1977 1813 dicta
2004 1756 2179 1813 decla-

606 1846 763 1907 rant,
792 1842 915 1910 quia
941 1842 1122 1912 utique
1160 1852 1216 1898 et
1243 1842 1404 1900 talem
1433 1845 1636 1902 habens
1674 1848 1905 1902 animam
1919 1879 1943 1913 -,
1968 1847 2021 1903 id
2049 1854 2174 1915 est,

605 1944 714 1984 ιιυη
738 1930 1060 2001 malignitate
1083 1933 1308 2002 quadam
1341 1949 1404 1991 ac
1432 1934 1801 2005 desperatione
1827 1938 2176 2007 praecipitem,

606 2011 662 2073 et
680 2033 872 2088 corpus
894 2019 1087 2077 cedens
1108 2023 1293 2093 plagis;
1319 2026 1478 2094 atque
1499 2026 1722 2082 verbera
1737 2030 2175 2094 contremiscens,

608 2122 716 2162 non
742 2108 919 2163 minus
948 2119 1124 2165 tamett
1154 2124 1312 2180 quam
1346 2113 1675 2184 incorporea:
1710 2115 1932 2172 virtutes
1955 2153 1971 2185 ,
2001 2112 2179 2173 omnia

609 2184 701 2249 illa
731 2211 851 2266 qua:
886 2197 1133 2255 videntur
1168 2200 1424 2257 terribilia
1463 2203 1743 2275 despexit,
1772 2220 1892 2262 cum
1920 2184 2021 2263 hoc
2046 2217 2180 2264 tem-

610 2294 711 2353 pus
745 2286 996 2357 exigeret.
1023 2288 1247 2355 Quando
1278 2306 1413 2363 ergo
1451 2293 1601 2349 illum
1637 2295 1787 2351 vides
1809 2306 2080 2356 extentum
2111 2298 2178 2354 ad

611 2373 793 2443 plagas
810 2415 826 2442 ,
863 2383 1024 2447 atque
1047 2389 1371 2437 metuentem
1391 2422 1408 2449 ,
1448 2382 1659 2439 illorum
1684 2386 1966 2443 recordare
1988 2388 2179 2443 verbo-

616 2479 766 2533 rum,
799 2480 895 2535 per
921 2482 1040 2537 qua:
1066 2472 1395 2529 transcendit
1416 2474 1486 2528 ad
1513 2474 1699 2530 ctelum
1727 2477 2031 2548 angelisque
2056 2494 2178 2535 cer-

610 2552 763 2618 tavit,
785 2554 1009 2612 dicendo
1038 2574 1053 2613 :
1085 2557 1211 2627 Quis
1238 2572 1357 2631 ergo
1380 2579 1471 2618 nos
1484 2564 1780 2634 separabita
1796 2568 2004 2623 caritate
2030 2568 2179 2625 Citri—

610 2644 710 2698 sti?
735 2645 990 2701 tribulatio
1007 2688 1025 2717 ,
1045 2662 1112 2703 an
1134 2652 1397 2721 angustia,
1422 2666 1490 2708 an
1518 2658 1831 2727 persequutio
1853 2697 1869 2724 ,
1900 2674 1969 2713 an
1990 2660 2178 2728 fames,

612 2746 681 2819 an
704 2736 927 2802 auditas,
952 2754 1020 2792 an
1049 2740 1347 2811 periculum,
1376 2758 1444 2797 an
1466 2744 1669 2816 gladius
1694 2744 1867 2819 (Rom.
1890 2746 1947 2804 8.
1970 2748 2099 2819 35)?
2121 2751 2181 2804 il-

612 2810 889 2910 lorutnque
912 2829 1193 2885 verborum
1214 2810 1516 2901 memento,
1542 2810 1733 2905 quibus
1750 2839 1925 2893 omnia
1949 2810 2067 2910 qua:
2090 2856 2180 2909 pa-

611 2906 777 2985 iitur,
822 2916 951 2973 nillil
982 2933 1103 2976 esse
1140 2924 1473 2992 pronuntiat,
1504 2924 1689 2982 dicens
1720 2945 1734 2982 :
1769 2926 1918 2993 Quod
1962 2906 2103 2985 enim—
2126 2934 2181 2986 in

613 3007 849 3075 presenti
872 3022 947 3062 est
977 3018 1377 3067 ntomentaneum
1394 3031 1455 3069 ac
1479 3016 1584 3070 leve
1612 3016 1945 3075 tribulationis
1974 3032 2178 3089 nostrae,

613 3114 770 3171 supra
812 3099 1019 3157 moduni
1061 3103 1114 3158 in
1150 3106 1452 3162 sublimitate
1482 3116 1722 3164 (sternunt
1752 3109 1940 3183 (gloria
1983 3115 2183 3183 pondus

614 3191 853 3260 operatur
889 3192 942 3246 in
977 3194 1118 3248 nobis
1138 3236 1155 3263 ,
1183 3212 1284 3250 non
1321 3199 1774 3270 contemplantibus
1799 3203 1941 3257 nobis
1969 3219 2082 3273 qua
2116 3206 2183 3259 tii-

614 3277 816 3348 dentur,
834 3284 922 3337 sed
935 3300 1049 3353 qua:
1074 3302 1175 3341 non
1202 3288 1431 3343 videntur
1453 3290 1528 3361 (2.
1548 3288 1666 3347 σὺν.
1692 3292 1747 3347 4.
1776 3293 1863 3349 l7.
1894 3293 2005 3366 18).
2032 3295 2182 3352 Adde

614 3370 702 3425 bis
719 3373 1058 3441 quotidianae.
1080 3377 1465 3444 tribulationes,
1497 3380 1603 3435 imo
1630 3382 1952 3451 singularum
1982 3397 2182 3442 mortes

615 3460 819 3517 dierum
841 3505 857 3531 ,
883 3473 1042 3535 atque
1064 3467 1163 3521 ista
1194 3470 1526 3539 perpendens
1554 3471 1817 3531 admirare
1844 3470 2063 3533 Paulum
2086 3521 2104 3546 ,
2130 3494 2183 3535 et

616 3549 685 3605 de
710 3559 762 3605 te
786 3552 1070 3622 desperate
1089 3556 1304 3613 desiste.
1336 3558 1461 3615 litec
1487 3562 1629 3615 enim
1655 3573 1773 3633 quae
1796 3564 2006 3621 videtur
2035 3568 2184 3623 inﬁr-

616 3641 773 3697 mitas
798 3658 917 3700 esse
938 3648 1158 3715 naturae,
1188 3648 1300 3717 ipsa
1319 3660 1401 3705 est
1426 3653 1711 3709 maximum
1732 3656 1847 3725 ejus
1870 3658 2073 3714 virtutis
2097 3661 2181 3715 in-

618 3729 815 3787 (licium
836 3775 851 3800 ,
890 3736 1013 3804 quia
1042 3733 1199 3793 talem
1236 3754 1296 3795 se
1320 3741 1503 3812 utique
1524 3746 1848 3813 praestabat,
1876 3749 2034 3805 etiam
2059 3766 2181 3807 cum

619 3824 901 3880 multarum
942 3828 1121 3884 rerum
1167 3834 1484 3889 necessitate
1526 3844 1877 3907 torqueretur.
1921 3841 2181 3907 Quoniam

618 3915 907 3969 enormitas
926 3919 1281 3986 periculorum
1307 3922 1443 3980 hanc
1472 3925 1539 3980 de
1560 3927 1652 3981 illo
1675 3930 1855 3985 multis
1881 3932 2181 4001 opinionem

620 4018 985 4074 suggesserat,
1016 4021 1064 4065 et
1090 4014 1348 4082 suspicari
1376 4030 1469 4070 eos
1501 4019 1740 4085 profecto
1768 4018 1966 4077 fecerat
1988 4064 2003 4089 ,
2042 4024 2184 4094 quod

618 4110 779 4164 super
814 4095 1096 4155 humanam
1123 4112 1361 4159 naturam
1388 4107 1475 4162 ille
1498 4109 1798 4179 proﬁciens,
1843 4120 2019 4169 tantus
2045 4114 2186 4170 εκεῖ-

618 4187 784 4241 Steret
815 4187 1053 4244 :idcirco
1091 4192 1326 4248 tribulari
1368 4198 1800 4268 permittebatur,
1834 4212 1890 4257 ut
1916 4204 2182 4274 disceres,

617 4291 738 4345 quia
764 4294 884 4334 cum
909 4283 1197 4339 secundum
1226 4294 1462 4342 naturam
1490 4305 1627 4344 unus
1651 4303 1791 4347 esset
1817 4294 1881 4348 de
1909 4296 2181 4364 pluribus;

617 4376 835 4437 prepter
854 4372 1174 4429 voluntatem
1198 4388 1302 4430 non
1328 4378 1497 4433 solum
1520 4396 1678 4451 supra
1702 4385 1898 4439 multos
1916 4384 2183 4453 homines,

620 4474 804 4515 verum
843 4464 1001 4517 etiam
1032 4481 1167 4520 unus
1201 4477 1343 4523 esset
1365 4477 1437 4525 ex
1480 4470 1702 4541 angelis.
1732 4475 1867 4530 Cum
1900 4477 1988 4531 tali
2024 4480 2183 4533 etiam

620 4550 798 4605 anima
828 4553 1024 4624 talique
1049 4569 1273 4625 corpore
1301 4568 1497 4616 mortes
1523 4564 1664 4617 mille
1694 4565 1971 4633 tolerabat,
2002 4567 2185 4637 despi-

620 4642 795 4729 ciebat
814 4644 1111 4711 praesentia,
1142 4651 1513 4706 contemnebat
1534 4652 1723 4719 futura,
1755 4657 1892 4711 clara
1925 4659 2007 4712 illa
2030 4668 2187 4729 atque

620 4728 896 4805 inagniﬁca
931 4737 1086 4793 verba
1118 4738 1440 4797 resonabat:
1475 4745 1725 4809 Quoniam
1752 4752 1951 4818 optavi,
1983 4728 2183 4820 inquit,

620 4836 711 4895 ego
750 4826 858 4895 ipse
896 4829 1161 4882 anathema
1199 4847 1307 4885 esse
1348 4847 1381 4886 α
1415 4832 1610 4888 Christo
1645 4828 1768 4890 iesa
1811 4855 1901 4907 pro
1950 4842 2188 4909 fratribus

620 4917 772 4990 meis,
802 4918 887 4987 qui
910 4929 1027 4974 sunt
1051 4924 1254 4991 cognati
1278 4925 1373 4977 mei
1402 4926 1674 4980 secundum
1702 4940 1900 4982 carnem
1927 4928 2100 5001 (Rom.
2133 4935 2185 4989 9.

622 5006 699 5073 5).
729 5008 986 5065 Possibile
1012 5021 1093 5067 est
1121 5015 1259 5068 enim
1300 5016 1393 5070 Dei
1428 5018 1577 5086 jussa'
1622 5020 1906 5087 perlicere,
1955 5023 1999 5075 si
2030 5024 2188 5078 modo

622 5099 850 5154 velimus
888 5116 1100 5157 omnem
1142 5114 1343 5161 naturse
1382 5109 1785 5178 trepidationem
1814 5112 2059 5168 alacriter
2078 5117 2187 5168 vir-

625 5199 733 5247 tute
766 5206 1054 5262 superare,
1094 5195 1329 5265 nihilque
1359 5199 1681 5268 iinpossibile
1706 5211 1786 5257 est
1814 5218 1996 5259 eorum
2019 5246 2032 5267 ,
2069 5220 2187 5275 qua:

620 5296 649 5335 a
671 5282 881 5337 Christo
902 5284 1199 5342 hominibus
1222 5290 1565 5358 imperantur.
1593 5292 1649 5347 Si
1669 5294 1807 5348 enim
1830 5304 2080 5364 quantum
2106 5309 2189 5352 est

622 5372 676 5426 in
705 5374 855 5429 nobis
882 5376 1103 5433 velimus
1135 5381 1318 5433 virium
1347 5383 1646 5450 exprimere
1669 5425 1684 5448 ,
1716 5386 1997 5439 maximum
2029 5388 2187 5440 etiam

622 5464 776 5519 nobis
805 5469 942 5522 Deus
969 5472 1204 5541 adjungit
1241 5474 1489 5526 auxilium
1510 5514 1524 5537 ,
1559 5484 1717 5542 atque
1743 5475 1808 5528 ita
1828 5514 1843 5541 ,
1874 5475 1972 5529 etsi
2014 5478 2186 5529 omnia

624 5550 674 5608 in
698 5573 793 5611 nos
821 5560 1038 5614 adversa
1068 5572 1383 5615 concurrant
1403 5605 1415 5626 ,
1447 5567 1539 5616 tuti
1570 5573 1742 5617 tamen
1772 5565 1821 5617 in
1851 5566 2024 5618 medio
2050 5568 2189 5637 peri-

623 5648 856 5701 culorum
902 5650 1184 5719 intactique
1232 5653 1583 5707 servabimur.
1628 5653 1808 5721 Neque
1856 5662 2031 5709 tamen
2076 5671 2187 5712 mc-

654 5738 706 5803 ληξ
736 5743 832 5792 ον..
866 5739 1012 5803 t’ultis
1030 5740 1171 5790 hodie
1187 5750 1255 5798 ut,
1271 5743 1681 5802 prmtermitteutes
1706 5743 1941 5799 prazclara
1958 5751 2001 5793 et
2035 5743 2185 5795 mira-

620 5797 736 5851 bilia
751 5800 909 5859 Pauli,
931 5816 1037 5858 qua:
1065 5804 1204 5862 iusta
1226 5797 1455 5863 quosdam
1480 5805 1656 5859 habere
1674 5797 1912 5869 videntur,
1934 5810 2030 5858 etc.

1329 372 1389 431 Β.
1429 369 1708 431 ισΑΝΝιε
1742 372 2213 434 CHRYSOSTOMI
2252 376 2568 436 ARCHIEP.
2607 376 3139 435 CONSTANTINOP.

3751 376 3864 434 50'

2279 524 2431 573 tuere
2457 515 2638 586 plagas
2663 506 3077 585 reprehensione
3116 511 3333 583 dignum
3358 520 3481 578 est,
3516 511 3610 569 sed
3640 519 3858 593 propter

2275 606 2547 677 plagarum
2590 614 2788 660 metum
2817 604 3014 675 aliquid
3058 604 3333 673 indignum
3370 602 3566 674 pietate
3603 604 3859 657 commit-

2277 705 2412 752 tere.
2433 695 2546 752 Hoc
2584 697 2699 768 ipso
2724 696 2897 762 enim,
2923 711 3030 764 quo
3058 696 3235 764 plagas
3264 696 3446 762 timet,
3473 694 3564 765 qui
3601 695 3656 748 in
3685 704 3859 749 certa.

2276 788 2420 844 mine
2448 803 2553 843 non
2575 788 2819 851 vincitur,
2843 787 3206 842 admirabilior
3225 786 3556 852 ostenditur,
3583 801 3744 855 quam
3765 784 3861 839 ille

2277 874 2373 948 qui
2400 880 2508 933 non
2527 878 2695 933 timet.
2721 877 2885 947 Magis
2912 873 3054 933 enim
3076 877 3129 931 in
3151 876 3254 954 isto
3271 876 3438 932 virtus
3463 875 3710 946 refulget,
3732 889 3859 929 cum

2278 971 2466 1027 vicerit
2492 970 2650 1026 etiam
2681 971 2765 1034 ilia
2797 984 2914 1039 qua:
2942 970 3136 1024 timuit.
3161 962 3295 1024 Nam
3328 968 3505 1037 plagas
3530 967 3817 1023 formidare
3836 1006 3859 1032 ,

2280 1070 2481 1116 naturas
2519 1069 2603 1116 est
2631 1078 2644 1114 :
2671 1060 2805 1115 nihil
2840 1067 3017 1114 autem
3059 1058 3313 1113 indecens
3353 1058 3624 1128 plagarum
3664 1057 3859 1111 timore

2278 1152 2642 1217 committere,
2688 1150 2975 1205 voluntatis
3027 1158 3272 1204 naturam
3316 1147 3579 1202 inﬁrmam
3620 1147 3863 1218 juvantis

2279 1251 2395 1309 est,
2446 1242 2666 1311 ejusque
2704 1242 3122 1297 imbecillitatem
3157 1253 3250 1295 sua
3300 1241 3495 1295 virtute
3535 1241 3858 1308 superantis.

2281 1332 2370 1387 Sic
2395 1346 2495 1387 nec
2519 1346 2747 1386 mterere
2771 1331 3032 1399 culpabile
3051 1339 3136 1385 est
3158 1373 3174 1395 ,
3208 1330 3300 1384 sed
3324 1344 3418 1400 per
3446 1343 3732 1385 maerorem
3759 1330 3853 1384 ali-

2280 1424 2406 1495 quid
2444 1433 2536 1479 aut
2571 1424 2780 1489 facere,
2816 1432 2908 1477 aut
2934 1423 3113 1477 dicere
3138 1431 3327 1477 eorum
3364 1437 3483 1492 quae
3520 1422 3632 1476 Deo
3668 1420 3859 1489 displi-

2281 1522 2424 1570 cent.
2450 1498 2601 1582 ῥεισύ
2631 1514 2676 1569 si
2695 1529 2808 1583 ego
2850 1508 3074 1568 Paulum
3120 1511 3307 1571 fuisse
3329 1511 3599 1566 hominem
3628 1510 3861 1580 denega-

2282 1618 2420 1669 rem,
2443 1604 2641 1683 pierito
2668 1602 2798 1658 mihi
2830 1602 2926 1658 has
2962 1601 3276 1671 fragilitates
3317 1610 3522 1655 natura:
3548 1600 3664 1669 ejus
3688 1615 3860 1671 oppo-

2282 1707 2471 1756 neres.
2498 1695 2692 1765 quibus
2710 1704 2951 1749 nostrum
2975 1707 3160 1763 posses
3188 1692 3419 1747 refutare
3447 1706 3773 1746 sermonem.
3801 1690 3865 1746 Si

2282 1802 2411 1843 vero
2431 1786 2543 1855 ipse
2569 1786 2689 1840 dieo
2713 1795 2873 1855 atque
2896 1783 3155 1839 conﬁrmo
3173 1783 3297 1855 quia
3318 1784 3479 1838 homo
3506 1782 3718 1853 quidem
3740 1783 3862 1849 fuit,

2281 1886 2337 1933 et
2379 1877 2520 1932 nulla
2560 1874 2714 1933 nobis
2750 1877 2911 1931 etiam
2958 1883 3162 1930 natura:
3191 1875 3496 1931 conditione
3523 1875 3862 1944 prmstantior

2281 1966 2379 2022 fuit
2398 2006 2415 2034 ,
2446 1977 2621 2023 tamen
2660 1965 2849 2022 melior
2872 1965 3148 2021 voluntate
3179 1981 3193 2018 :
3225 1964 3421 2019 frustra
3444 1964 3574 2018 mihi
3601 1964 3703 2019 ista
3731 1978 3862 2033 pro-

2282 2060 2436 2129 ponis
2457 2099 2473 2126 ,
2516 2058 2625 2113 imo
2661 2072 2767 2111 non
2797 2056 2992 2113 frustra
3020 2096 3036 2122 ,
3062 2055 3163 2111 Sed
3190 2054 3410 2111 omnino
3438 2069 3533 2124 pro
3564 2053 3733 2108 Paulo
3751 2093 3766 2117 ,
3807 2059 3865 2108 et

2284 2147 2409 2204 hinc
2449 2147 2785 2219 potissimum
2822 2147 2996 2218 qualis
3038 2146 3129 2203 ille
3175 2144 3337 2201 fuerit
3380 2144 3654 2211 ostendis,
3686 2145 3777 2215 qui
3806 2146 3860 2202 in

2283 2240 2375 2295 tali
2406 2248 2593 2294 natura
2636 2238 2856 2305 vivens,
2902 2237 3075 2309 potuit
3111 2235 3504 2308 quodammodo
3541 2248 3665 2291 esse
3702 2249 3861 2305 supra

2283 2344 2546 2390 naturam.
2573 2332 2688 2389 Non
2713 2344 2893 2389 autem
2920 2334 3067 2389 illum
3096 2333 3465 2388 tantummodo
3483 2331 3736 2396 extollis;
3768 2312 3865 2385 sed

2281 2425 2442 2481 etiam
2466 2425 2681 2480 consuls
2698 2430 2792 2479 bra
2819 2425 3144 2495 torpentium
3167 2423 3391 2494 seseQue
3418 2424 3469 2478 in
3492 2423 3753 2479 desidiam
3777 2437 3865 2476 re-

2283 2516 2626 2584 clinantium,
2655 2531 2770 2592 .non
2798 2528 2895 2571 eos
2919 2514 3192 2571 sustinens
3212 2514 3279 2569 ad
3304 2514 3649 2570 eminentiam
3671 2511 3864 2568 conlu-

2282 2622 2410 2679 gere
2429 2618 2631 2663 naturai
2651 2649 2667 2675 ,
2701 2606 2795 2663 sed
2825 2604 3110 2677 impellens
3137 2605 3203 2661 ad
3234 2606 3464 2661 studium
3491 2604 3801 2659 voluntatis.

2354 2698 2573 2754 Mortem
2608 2715 2675 2753 an
2722 2699 2941 2752 tintuerit
2988 2693 3220 2764 Paulus;
3256 2701 3415 2750 libera
3456 2696 3713 2749 uoluntate
3744 2691 3869 2749 boni

2284 2792 2578 2861 eﬁicimur.-
2620 2820 2639 2829 -
2665 2789 2770 2846 Sed
2800 2798 2855 2844 et
2882 2789 3130 2855 mortem,
3173 2788 3369 2858 inquis,
3410 2785 3698 2855 aliquando
3740 2799 3866 2855 per-

2285 2883 2479 2936 timuit.
2496 2880 2602 2937 Sed
2623 2882 2727 2936 hoc
2751 2888 2966 2952 quoque
2985 2880 3226 2950 profecto
3245 2890 3449 2934 naturae
3471 2886 3588 2943 est;
3618 2887 3674 2932 et
3689 2881 3871 2932 tamen

2284 2956 2469 3029 rursus
2510 2973 2597 3027 hic
2634 2974 2749 3043 ipse
2791 2972 2882 3043 qui
2927 2982 3152 3028 mortem
3202 2973 3415 3037 timuit,
3445 2970 3654 3026 dicebat
3684 2988 3698 3025 :
3728 2968 3867 3023 Nam

2283 3064 2522 3135 quamdiu
2549 3082 2721 3120 sumus
2734 3067 2787 3119 in
2817 3069 2910 3119 hoc
2925 3063 3263 3132 tabernaculo,
3288 3064 3656 3136 ingemiscimus
3673 3062 3872 3134 gravati

2289 3158 2364 3228 (2.
2387 3157 2504 3211 (ἐὸν.
2537 3158 2592 3212 5.
2619 3157 2675 3228 4)
2708 3175 2723 3212 :
2750 3164 2805 3212 et
2824 3169 3029 3225 rursus,
3067 3155 3180 3211 Nos
3209 3157 3306 3224 ipsi
3344 3157 3479 3209 intra
3503 3172 3597 3209 nos
3625 3155 3873 3224 gemimus

2288 3248 2467 3318 (Rom.
2516 3232 2571 3306 8.
2616 3248 2742 3319 25).
2773 3247 3007 3303 Videsne
3061 3262 3223 3318 quam
3265 3247 3682 3317 tequiparantem
3720 3263 3753 3301 e
3780 3244 3868 3300 di-

2286 3356 2440 3397 verso
2478 3340 2702 3396 naturali
2742 3335 3034 3396 infirmitati
3060 3340 3305 3393 virtutem
3334 3339 3643 3407 opposuerit
3678 3337 3870 3391 volan-

2287 3432 2451 3488 tatis‘l
2476 3431 2610 3499 Quia
2636 3438 2690 3485 et
2733 3438 2996 3496 martyres
3048 3428 3261 3499 plurimi
3297 3440 3417 3483 cum
3449 3411 3770 3482 ducerentur
3797 3412 3872 3481 ad

2285 3532 2533 3587 mortem,
2561 3522 2754 3591 saepius
2781 3521 3104 3590 palluerunt,
3134 3530 3188 3573 et
3203 3520 3395 3574 timore
3422 3533 3485 3573 ac
3512 3517 3868 3586 trepidatione

2286 3614 2531 3683 completi
2557 3622 2679 3668 sunt
2703 3624 2717 3666 :
2750 3612 2845 3667 sed
2870 3611 2971 3665 hoc
2994 3611 3111 3680 ipso
3141 3610 3405 3677 praecipue
3425 3608 3695 3663 mirabiles
3716 3622 3868 3664 com-

2285 3699 2596 3777 probantur,
2624 3702 2871 3773 quoniam
2899 3703 2973 3755 illi
2996 3701 3094 3770 ipsi
3120 3702 3206 3769 qui
3226 3699 3360 3753 mori
3384 3699 3697 3764 timuerunt,
3718 3711 3870 3752 mor-

2287 3794 2392 3846 tem
2422 3798 2596 3843 tamen
2626 3785 3131 3867 propterCltristum
3162 3780 3379 3837 minime
3409 3780 3740 3850 refugerunt.
3771 3780 3863 3836 Sic

2285 3892 2341 3937 et
2364 3880 2576 3945 Paulus,
2618 3878 2708 3948 qui
2750 3892 2871 3931 cum
2902 3885 3128 3930 mortem
3171 3875 3401 3937 timeret,
3452 3888 3519 3925 ne
3561 3872 3726 3939 ipsam
3752 3870 3871 3939 qui;

2287 3971 2408 4026 dem
2452 3970 2731 4025 recusabat
2771 3967 3103 4037 gehennam,
3155 3962 3245 4036 qui
3292 3973 3510 4034 propter
3537 3962 3866 4018 desiderium

2287 4063 2484 4119 Christi
2508 4103 2522 4127 ,
2548 4061 2707 4115 etiam
2733 4070 2852 4113 cum
2895 4057 3201 4113 formidaret
3241 4056 3510 4109 interitum
3532 4097 3547 4119 ,
3578 4064 3751 4108 tamen
3777 4061 3872 4108 (ιιι-ὲ

2289 4153 2468 4224 piebat
2491 4151 2704 4207 resolvi.
2728 4146 2844 4204 Non
2870 4161 3047 4203 autem
3077 4148 3163 4201 hic
3191 4144 3336 4201 solus
3368 4146 3488 4199 talis
3528 4145 3643 4209 fuit,
3666 4144 3757 4198 sed
3780 4143 3875 4199 ille

2289 4249 2499 4313 quoque
2525 4242 2613 4312 qui
2641 4240 3119 4309 fuitapostolornm
3149 4246 3327 4308 caput,
3356 4238 3444 4307 qui
3477 4251 3620 4306 sa-pe
3665 4235 3873 4290 dixerat

2290 4343 2526 4403 paratum
2557 4347 2617 4386 se
2645 4344 2766 4386 esse
2794 4346 2889 4400 pro
2912 4329 3125 4384 Christo
3151 4329 3380 4383 animam
3418 4326 3627 4381 tradere
3653 4324 3871 4395 (Matth.

2287 4422 2393 4491 26)
2418 4463 2434 4486 ,
2473 4430 2526 4477 et
2546 4430 2719 4475 tamen
2756 4431 2979 4474 mortem
3008 4419 3352 4473 vehementer
3392 4416 3691 4471 horruerat.
3732 4412 3875 4470 Audi

2292 4511 2448 4581 igitur
2466 4510 2589 4580 quid
2613 4510 2660 4564 ei
2682 4524 2844 4577 super
2870 4509 2973 4562 hoc
3000 4507 3239 4562 Christus
3255 4508 3486 4577 loquitur
3512 4525 3525 4558 :
3551 4505 3674 4559 Cum
3702 4516 3874 4559 autem

2290 4602 2532 4668 senueris,
2562 4602 2692 4656 alius
2718 4611 2763 4654 te
2783 4600 2963 4669 cinget,
2984 4608 3030 4652 et
3050 4599 3193 4652 ducet
3218 4613 3317 4669 quo
3346 4612 3448 4651 non
3473 4598 3545 4651 vis
3562 4595 3719 4667 (Joan
3737 4636 3749 4648 .
3773 4597 3869 4651 2|.

2292 4691 2416 4762 i8):
2446 4702 2647 4745 naturze
2675 4689 3034 4743 inﬁrmitatem
3076 4689 3398 4756 exprimens,
3426 4702 3531 4740 non
3564 4686 3871 4740 voluntatis.

2290 4781 2558 4852 Siquidem
2579 4788 2765 4834 natura
2785 4779 2936 4833 nobis
2961 4776 3136 4832 invitis
3156 4792 3366 4846 quoque
3384 4775 3615 4831 ostendit
3655 4790 3773 4836 sua.
3817 4783 3877 4830 et

2291 4872 2624 4925 inﬁrmitates
2640 4871 2755 4939 ejus
2779 4884 3029 4938 superare
3056 4882 3160 4922 non
3177 4880 3460 4937 possumus
3478 4908 3493 4931 ,
3525 4881 3622 4921 nec
3645 4867 3688 4919 si
3717 4866 3877 4920 valde

2292 4962 2631 5031 studioseque
2658 4956 2933 5029 cupiamus
2966 4977 2979 5012 :
3012 4974 3108 5014 nec
3133 4960 3406 5028 culpamus
3431 4956 3589 5021 istud,
3618 4957 3736 5026 quia
3772 4957 3879 5009 nti-'-

2292 5069 2395 5122 que
2420 5053 2542 5107 inde
2567 5052 2699 5105 nihil
2727 5050 2989 5115 laedimur,
3018 5050 3126 5103 imo
3150 5049 3272 5103 inde
3301 5048 3467 5118 magis
3488 5063 3670 5101 sumus
3694 5046 3876 5099 admi-

2293 5145 2504 5200 rabiles.
2554 5144 2669 5199 Non
2713 5144 2856 5199 enim
2892 5144 3091 5197 crimen
3128 5152 3211 5197 est
3240 5150 3464 5196 mortem
3503 5141 3690 5194 timere
3719 5156 3733 5191 :
3764 5138 3883 5194 ima

2294 5251 2325 5291 e
2352 5235 2641 5301 contrario,
2685 5248 2877 5304 quanta
2907 5235 3022 5288 laus
3050 5243 3130 5287 est
3158 5246 3278 5287 cum
3308 5245 3532 5285 mortem
3563 5230 3767 5289 timeas,
3797 5229 3877 5284 nil

2296 5336 2446 5395 turpe
2486 5335 2653 5393 atque
2673 5325 2863 5379 servile
2895 5323 3096 5393 perpeti
3136 5330 3231 5393 per
3264 5320 3542 5375 timorem?
3587 5318 3699 5373 Non
3728 5318 3877 5371 enim

2296 5428 2533 5470 naturam
2563 5418 2759 5470 habere
2799 5415 3187 5468 inﬁrmitatibus
3216 5414 3501 5475 subditam,
3533 5410 3625 5464 sed
3670 5408 3878 5462 servire

2296 5507 2709 5569 iutirmitatiluts,
2762 5506 3100 5558 criminosum
3143 5513 3225 5557 est
3272 5521 3283 5553 :
3320 5510 3375 5555 ut
3416 5502 3605 5553 merito
3652 5502 3880 5568 magnuﬂ

2296 5600 2382 5652 ille
2413 5598 2665 5652 habeatur
2694 5609 2849 5665 atque
2879 5597 3130 5649 mirabilis
3153 5639 3166 5660 ,
3200 5596 3286 5663 qtti
3330 5594 3741 5648 imbecillitatem
3771 5607 3875 5643 na-

2296 5699 2422 5741 tura:
2442 5688 2725 5741 voluntatis
2747 5689 2936 5741 virtute
2963 5687 3291 5753 superaverit
3316 5702 3327 5737 :
3348 5696 3400 5738 et
3429 5684 3529 5738 hoc
3554 5685 3668 5752 ipSo
3687 5692 3877 5735 eaten-

2296 5778 2371 5831 tlit
2397 5788 2587 5847 quanta
2632 5776 2699 5831 sit
2724 5777 2899 5831 liberae
2930 5775 3213 5830 voluntatis
3243 5784 3495 5845 potestas,
3547 5771 3876 5840 obstruitqu‘e
