4220 6316
667 464 765 522 καὶ
792 459 1126 533 ἐπιστομίζει
1149 457 1281 521 σοὺς
1305 455 1580 525 λέγοντας,
1616 453 1715 508 Διά
1751 452 1805 507 τί
1836 451 1912 524 μὴ
1936 450 2095 522 φύσει
2132 466 2228 520 γε-

665 566 904 635 γόναμεν
950 558 1133 620 καλοί;
1192 555 1243 610 τί
1291 555 1400 627 γάρ
1438 554 1689 626 διαφέρει
1747 551 1905 606 τοῦτο
1959 549 2141 620 φύσει,
2197 548 2232 620 ἢ

668 661 979 736 προαιρέσει
1015 653 1188 721 εἷναις
1234 655 1383 725 πόσῳ
1433 654 1491 706 δὲ
1532 653 1690 707 τοῦτο
1736 651 1946 723 βέλτιον
1985 649 2231 716 ἐκείνους

668 763 821 832 ὀσιρ
848 759 941 814 καὶ
972 757 1264 826 στεφάνους
1292 754 1426 825 ἔχει,
1457 753 1551 808 καὶ
1597 750 1855 823 λαμπρὰν
1883 750 1982 821 τὴν
2024 750 2235 821 ἀνακήα

671 861 843 935 ρυξιν.
882 858 1042 913 Ἀλλά
1072 856 1286 927 βέϐαιον
1316 856 1377 909 τὸ
1409 857 1507 926 τῆς
1528 854 1775 926 φύσεως;
1824 852 2021 905 ’Λλλέί
2054 851 2233 920 βούλει

667 961 982 1035 προαίρεσιν
1018 958 1268 1027 γενναίαν
1307 956 1469 1025 ἔχειν,
1504 954 1658 1009 τοῦτο
1704 953 2056 1025 στερῤότερον
2099 947 2236 1004 ἐκεί-

665 1077 760 1115 νου
809 1058 1035 1127 γίνεται.
1076 1058 1142 1110 Ἦ
1187 1056 1285 1127 ούχ
1328 1056 1461 1125 δρᾷς
1495 1051 1601 1105 τῶν
1637 1051 1927 1123 μαρτύρων
1960 1051 2135 1121 ξίφεσι
2164 1046 2234 1102 τὰ

669 1156 897 1228 σώματα
927 1157 1253 1227 τεμνόμενα,
1279 1155 1371 1228 καί
1400 1152 1499 1223 τὴν
1535 1154 1631 1222 μὲν
1679 1152 1839 1220 φύσιν
1871 1151 2123 1205 εἴκουσαν
2153 1148 2232 1221 τῷ

671 1257 891 1327 σιδήρῳ,
930 1254 1027 1325 τὴν
1054 1253 1111 1306 δὲ
1137 1251 1449 1324 προαίρεσιν
1489 1251 1549 1303 οὑ
1594 1248 2028 1320 παραχωροῦσαν
2054 1248 2229 1318 αὐτῷ,

665 1357 785 1410 ούδέ
833 1354 1226 1424 ἐλεγχομένηνς
1261 1352 1361 1404 οὐκ
1388 1347 1523 1412 εἶδες
1544 1349 1635 1402 ἐπὶ
1656 1349 1749 1403 τοῦ
1800 1347 2070 1420 Ἀϐραάμ,
2106 1347 2229 1401 εἰπέ

670 1473 784 1526 μοι,
815 1454 1128 1526 προαίρεσιν
1156 1452 1363 1521 φύσεως
1396 1453 1763 1529 κρατήσασαν,
1795 1451 1956 1521 ἡνίκα
1994 1451 2085 1503 τὸν
2111 1452 2233 1501 παῖ·

666 1555 734 1607 δα
782 1554 1076 1623 σφαγιάσαι
1115 1553 1428 1621 ἐκελεύσθη,
1460 1552 1553 1603 καὶ
1584 1549 1786 1618 ταύτην
1824 1550 2039 1619 ἐκείνης
2067 1550 2231 1603 δυνα-

667 1657 908 1726 τωτέραν
954 1657 1243 1724 φανείσανς
1272 1654 1369 1706 οὑκ
1402 1649 1537 1714 εἶδες
1566 1652 1657 1705 ἐπὶ
1690 1652 1797 1706 τῶν
1835 1650 1997 1723 τριῶν
2022 1650 2232 1703 παίδων

667 1752 729 1806 τὸ
760 1752 890 1805 αὐτὸ
919 1749 1076 1804 τοῦτο
1127 1751 1369 1821 συμϐάν;
1396 1751 1495 1804 οὑκ
1523 1751 1740 1813 ἀκούεις
1769 1750 1862 1803 καὶ
1889 1750 1986 1818 τῆς
2034 1747 2235 1815 ἔξωθεν

669 1848 968 1918 παροιμίας
990 1846 1273 1932 λεγούσης,
1300 1847 1382 1898 ὅτι
1418 1846 1641 1916 δευτέρα
1673 1844 1833 1913 φύσις
1858 1847 1890 1914 ἡ
1916 1845 2237 1915 προαίρεσις

668 1942 877 2011 γίνεται
908 1944 974 1994 ὲκ
1002 1940 1315 2011 συνηθείαςς
1355 1938 1495 2007 Ἐγὼ
1513 1940 1568 1992 δέ
1586 1939 1747 2008 φαίην
1777 1938 1864 2005 ἂν,
1885 1939 1965 1991 ὅτι
1995 1938 2087 1991 καὶ
2104 1956 2236 2008 προ-

668 2038 823 2109 τέρα,
856 2036 1038 2100 καθὼς
1068 2036 1137 2090 τὰ
1184 2035 1554 2107 προειρημένα
1606 2034 1902 2098 ἀπέδειξεν.
1948 2035 2110 2105 Ὁρᾷς
2152 2035 2237 2088 ὅτι

669 2133 891 2187 δυνατὸν
924 2133 1019 2186 καὶ
1049 2133 1145 2203 τὴν
1194 2132 1301 2185 ἀπὸ
1329 2132 1426 2201 τῆς
1466 2129 1678 2200 φύσεως
1705 2129 1848 2199 ἔχειν
1877 2130 2233 2201 στερρότητα,

672 2228 770 2281 ἐάν
807 2229 1120 2299 προαίρεσις
1254 2226 1475 2294 γενναία
1522 2226 1616 2279 καὶ
1660 2224 2089 2294 διεγηγερμένη,
2142 2223 2236 2277 καὶ

648 2324 891 2376 ’πλείονα
920 2321 1257 2394 καρποῦσθαι
1284 2322 1375 2375 τὸν
1401 2322 1618 2377 ἔπαινον
1648 2321 1739 2373 τόν
1783 2338 1844 2389 γε
1869 2320 2118 2391 ἑλόμενον
2144 2321 2239 2375 καὶ
2262 2376 2265 2381 ,

678 2418 828 2491 [509]
888 2419 1233 2488 βουληθέντα,
1279 2418 1313 2489 ἢ
1359 2416 1774 2485 ἀναγκασθέντα
1838 2415 2002 2470 καλὸν
2057 2411 2233 2483 εἷναις

675 2515 845 2568 Τοῦτό
878 2516 991 2567 ἐστι
1021 2514 1252 2584 μάλιστα
1276 2512 1457 2575 καλὸν,
1482 2513 1557 2576 ὡς
1578 2514 1703 2566 ὅταν
1730 2512 1863 2585 λέγῃ
1886 2528 1901 2543 ·
1948 2510 2234 2564 Ύπωπιά-

674 2609 747 2672 ζω
789 2628 906 2680 μου
956 2610 1022 2662 τὸ
1066 2608 1235 2677 σῶμα
1274 2608 1371 2661 καὶ
1413 2608 1789 2677 δουλαγωγῶ.
1814 2609 1947 2660 Τότε
2001 2597 2237 2677 μάλιστα

674 2706 786 2776 ἐγὼ
818 2706 977 2760 αὐτὸν
1012 2705 1233 2770 ἐπαινῶ,
1273 2705 1414 2773 δρῶν
1462 2704 1561 2757 οὐκ
1616 2704 1844 2774 ἀπονητὶ
1895 2703 1993 2774 τὴν
2040 2703 2239 2773 ἀρετὴν

674 2801 1059 2874 κατορθοῦντα,
1093 2800 1233 2853 ὥστε
1265 2800 1340 2871 μὴ
1374 2796 1512 2853 εἶναι
1541 2802 1656 2862 τοῖς
1690 2799 1827 2868 μετά
1853 2799 2028 2853 ταῦτα
2073 2799 2242 2872 ρᾳθυ-

678 2898 815 2969 μίας
833 2898 1083 2951 ὑπόθεσιν
1118 2896 1214 2967 τὴν
1257 2896 1501 2949 εὐκολίαν
1547 2896 1645 2966 τὴν
1691 2895 1919 2949 ἐκείνου.
1972 2894 2082 2947 Καὶ
2112 2896 2241 2948 ὅταν

674 2994 809 3066 λέγῃ
859 2993 1037 3058 πάλιν,
1077 2991 1160 3056 Τῷ
1191 2993 1392 3060 κόσμῳ
1420 2992 1811 3060 ἑσταύρωμαι,
1838 2991 1937 3061 τὴν
1986 2990 2242 3062 προαίρεσ-

676 3105 763 3142 σιν
817 3088 981 3143 αὑτοῦ
1035 3087 1303 3151 στεφανῶ.
1361 3087 1479 3139 Ἐνι
1535 3085 1663 3156 γάρ,
1717 3087 1796 3138 ἐνι
1842 3086 2054 3157 φύσεως
2086 3086 2240 3157 ίσχὺν

676 3185 1045 3256 προαιρέσεως
1088 3182 1342 3255 ἀκριϐείᾳ
1381 3183 1749 3254 μιμήσασθαι’
1796 3183 1900 3236 κᾶν
1952 3185 2033 3245 είς
2080 3182 2243 3253 μέσον

675 3285 973 3351 ἀγάγωμεν
1005 3279 1191 3334 τοῦτον
1243 3279 1403 3333 αὑτὸν
1452 3278 1543 3331 τὸν
1574 3278 1860 3349 ἀνδριάντα
1891 3278 1987 3349 τῆς
2016 3279 2239 3349 ἀρετῆς,

676 3378 981 3448 εὑρήσομεν
1024 3377 1105 3429 ὅτι
1134 3375 1202 3428 τά
1262 3375 1325 3427 ἐκ
1370 3375 1737 3446 προαιρέσεως
1774 3374 1922 3445 αὐτῷ
1971 3374 2240 3445 προσόντα

678 3472 839 3535 καλά,
866 3473 945 3534 είς
991 3470 1204 3540 φύσεως
1244 3470 1575 3542 στερρότητα
1602 3471 2000 3540 ἐφιλονείκησεν
2028 3470 2242 3538 ἐξενεγ-

680 3572 815 3623 κεῖν.
843 3568 1035 3635 Ἥλγει
1061 3567 1160 3636 μὲν
1182 3566 1290 3637 γὰρ
1320 3567 1678 3635 τυπτόμενος’
1718 3566 1825 3620 τῶν
1859 3566 1913 3619 δὲ
1939 3568 2244 3637 ἀσωμάτων

677 3664 956 3734 δυνάμεων
982 3664 1091 3716 τῶν
1117 3664 1217 3717 οὐκ
1241 3662 1521 3731 ἀλγουσῶν
1560 3665 1659 3733 οὑχ
1707 3657 1866 3734 ἦττον
1892 3664 2070 3717 αὐτῶν
2106 3682 2241 3718 κατ·
2276 3664 2279 3667 ’

680 3760 920 3829 εφρόνει,
949 3758 1025 3821 ὡς
1071 3758 1217 3811 ἔστιν
1272 3756 1501 3812 ἀκοῦσαι
1557 3758 1666 3811 τῶν
1701 3758 1963 3829 ῥημάτων
1996 3758 2182 3825 αὑτοῦ,
2207 3759 2243 3814 ἀ

684 3855 819 3928 μηδὲ
845 3855 943 3925 τῆς
975 3853 1187 3923 φύσεως
1215 3853 1375 3907 αὑτὸν
1418 3856 1563 3906 ποιεῖ
1587 3853 1895 3923 νομίζεσθαι
1923 3855 2021 3923 τῆς
2050 3855 2246 3925 ἡμετέ-

684 3968 802 4022 ρας.
838 3952 1005 4004 Ὅταν
1049 3950 1158 4020 γὰρ
1193 3950 1357 4021 λέγῃ·
1404 3950 1558 4019 Ἐμοὶ
1597 3952 1821 4020 κόσμος
1857 3951 2241 4019 ἐσταύρωται,

684 4044 846 4115 κάγὼ
871 4044 949 4111 τῷ
978 4047 1201 4115 κόσμῳ,
1227 4047 1321 4098 καὶ
1356 4046 1537 4109 πάλιν,
1573 4045 1663 4097 Ζῶ
1688 4045 1754 4098 δὲ
1775 4046 1977 4100 οὐκέτι
2015 4046 2149 4115 ἐγὼ,
2174 4046 2242 4114 δᾶ

683 4141 754 4194 δὲ
780 4141 849 4194 ἐν
882 4140 1009 4209 ἐμοὶ
1037 4140 1308 4209 Χριστὸς,
1339 4140 1392 4193 τί
1411 4140 1537 4194 ἄλλο
1568 4142 1713 4193 ἐστὶν
1752 4142 1944 4205 εἰπεῖν,
1979 4140 2013 4210 ἢ
2045 4141 2123 4194 ὅτι
2151 4142 2244 4195 καὶ

683 4237 744 4301 ἐξ
779 4236 942 4289 αὑτοῦ
976 4237 1203 4305 μετέστη
1238 4234 1331 4288 τοῦ
1362 4233 1645 4305 σώματος;
1676 4235 1729 4287 τί
1774 4234 1852 4296 δὲ,
1916 4236 2045 4289 ὅταν
2088 4234 2241 4305 λέγῃ,

696 4331 898 4398 Ἐδόθη
942 4349 1044 4399 μοι
1082 4332 1326 4399 σκόλοψ
1376 4331 1452 4399 τῇ
1488 4331 1687 4398 σαρκὶ,
1719 4330 1972 4400 ἄγγελος
2014 4329 2246 4395 σατᾱν;

684 4425 839 4478 τοῦτο
864 4425 921 4477 δὲ
946 4425 1095 4478 ούδέν
1126 4426 1310 4497 ἔτερόν
1337 4427 1503 4489 ἐστιν,
1542 4425 1575 4496 ἧ
1614 4426 1781 4489 δεῖξαι
1823 4428 1986 4497 μέχρι
2010 4424 2104 4478 τοῦ
2138 4425 2245 4478 σώ-

690 4535 858 4589 ματος
887 4519 1173 4588 ἱστάμενον
1220 4520 1311 4572 τὸν
1342 4521 1500 4573 πόνον
1520 4536 1533 4550 ·
1563 4520 1662 4573 οὑκ
1687 4521 1872 4591 ἐπειδὴ
1899 4520 2053 4575 ἔνδον
2081 4521 2141 4573 οὐ
2161 4522 2242 4574 δι-

686 4598 917 4679 έϐαινεν,
965 4613 1076 4666 ἀλλ’
1097 4613 1279 4685 ἐπειδὴ
1324 4616 1389 4685 τῇ
1439 4614 1721 4687 περιουσίᾳ
1758 4615 1853 4686 τῆς
1880 4616 2245 4688 προαιρέσεως

687 4710 849 4763 αὑτὸν
867 4709 1171 4780 διεκρούετο
1184 4710 1276 4763 καὶ
1294 4708 1501 4773 ἐξώθει.
1532 4710 1598 4764 Τί
1628 4711 1706 4775 δέ,
1728 4712 1853 4765 ὅταν
1881 4712 2043 4784 ἔτερα
2068 4713 2241 4766 πολλά

688 4805 887 4859 τούτων
917 4806 1327 4877 θαυμαστότερα
1350 4805 1502 4877 λέγῃ,
1528 4807 1621 4861 καὶ
1642 4808 1805 4881 χαίρῃ
1830 4809 2246 4881 μαστιζόμενος,

692 4901 785 4955 καὶ
814 4903 1079 4972 καυχᾶται
1098 4902 1189 4955 ἐπὶ
1214 4904 1331 4965 ταῖς
1352 4901 1600 4969 ἀλύσεσι;
1636 4905 1701 4957 Τί
1723 4905 1789 4957 ἂν
1820 4905 1945 4960 ἀλλο
1973 4925 2057 4971 τις
2084 4908 2246 4973 εἴποι,

690 4997 724 5067 ἢ
747 4996 901 5049 τοῦτο
933 4998 1069 5068 ὅπερ
1121 4997 1274 5069 ἔφην,
1306 4998 1387 5051 ὅτι
1415 4998 1475 5052 τὸ
1510 4998 1711 5068 λέγειν,
1752 5001 2077 5064 Ὑπωπιάζω
2128 5021 2247 5072 μου

692 5092 758 5145 τὸ
795 5093 964 5161 σῶμα
1001 5093 1099 5146 καί
1131 5093 1510 5163 δουλαγωγῶ,
1556 5096 1654 5150 καὶ
1702 5096 1993 5166 φοϐοῦμαι
2032 5098 2248 5167 μήπως

693 5190 902 5254 ἄλλοις
921 5189 1187 5258 κηρύξας
1214 5190 1393 5257 αὐτὸς
1416 5191 1697 5260 ἀδόκιμος
1712 5194 1985 5264 γένωμαι,
2007 5194 2067 5247 τὸ
2089 5196 2249 5247 ἀσθε-

694 5286 782 5349 νὲς
801 5288 899 5356 τῆς
923 5304 1132 5355 φυσεως
1156 5287 1521 5353 ἀποδείκνυσι,
1544 5290 1629 5343 διὰ
1651 5291 1707 5343 δέ
1732 5291 1952 5358 τούτων,
1982 5290 2056 5350 ὧν
2073 5291 2247 5358 εἷπον,

692 5381 792 5452 τὴν
824 5381 1095 5448 εὐγένειαν
1126 5382 1224 5452 τῆς
1256 5384 1661 5455 προαιρέσεως;

766 5476 861 5529 Διὰ
888 5477 994 5547 γὰρ
1036 5477 1191 5530 τοῦτο
1238 5479 1517 5550 ἀμφότερα
1544 5482 1738 5544 κεῖται,
1773 5483 1858 5536 ἵνα
1892 5486 2027 5555 μήτε
2056 5486 2143 5539 διὰ
2178 5488 2247 5541 τά

702 5574 911 5642 μεγάλα
972 5576 1153 5628 ἐκεῖνα
1207 5576 1395 5645 ἐτέρας
1457 5571 1593 5629 εἷναι
1644 5578 1801 5631 αὑτὸν
1867 5581 2091 5653 νομίσῃς
2155 5582 2249 5651 φύ-

703 5683 858 5736 σεως,
885 5671 973 5723 καὶ
1013 5672 1278 5743 ἀπογνῷς,
1314 5673 1447 5744 μήτε
1473 5672 1559 5727 διὰ
1600 5674 1667 5728 τά
1724 5676 1893 5749 μικρὰ
1938 5675 2104 5731 ταῦτα
2162 5696 2253 5733 κα-

1346 359 1409 416 S.
1440 352 1728 415 JOANNIS
1776 298 2266 405 εέιῐιῑεοετοιιι
2302 349 2628 407 ΑιέϐΙΙΙΕΡ.
2667 349 3221 408 CONSTANTINOP.

2340 456 2553 526 ταγνῷς
2572 458 2673 529 τῆς
2703 458 2863 528 ἁγίας
2890 455 3091 527 ψυχῆς,
3128 452 3264 508 ἀλλά
3291 454 3580 509 κάντεῦθεν
3606 457 3765 511 πάλιν
3800 459 3903 531 τῆν

2337 558 2644 628 ἀπόγνωσιν
2698 559 2966 623 ἐκϐαλὼν,
3011 561 3089 624 εἰς
3142 558 3393 629 χρηστὰς
3446 561 3638 614 σαυτὸν
3689 563 3905 633 ἀγάγῃς

2338 659 2575 725 ἐλπίδας.
2600 662 2697 716 Διά
2735 662 2894 717 τοῦτο
2921 662 3101 733 τίθησι
3152 662 3313 716 πάλιν
3347 663 3439 716 καί
3467 664 3528 716 τὸ
3550 664 3651 733 τῆς
3681 665 3909 735 χάριτος.

2336 763 2429 815 τοῦ
2452 763 2586 818 Θεοῦ
2617 764 2733 834 μεθ’
2760 764 3085 837 ὑπερϐολῆς,
3115 765 3313 836 μᾶλλον
3337 764 3395 818 δὲ
3436 766 3496 819 ού
3530 766 3646 837 μεθ’
3672 766 3900 837 ὑπερϐο-

2337 864 2437 934 λῆς
2490 866 2626 920 ἀλλά
2672 867 2807 937 μετά
2864 868 3315 938 εὐγνωμοσύνης.
3372 870 3459 922 ἵνα
3513 869 3678 940 μηδὲν
3737 868 3904 924 αὑτοῦ

2344 968 2566 1039 νομίσῃς
2621 966 2779 1024 εἶναι.
2811 973 2976 1039 Λέγει
3022 970 3077 1024 δέ
3127 970 3318 1024 καὶτά
3346 972 3446 1041 τῆς
3499 972 3663 1026 αὑτοῦ
3700 972 3903 1044 προθυσ-

2343 1072 2488 1142 μίας,
2525 1074 2609 1127 ἴνα
2646 1073 2799 1146 μὴτὸ
2830 1078 2935 1129 πᾶν
2969 1075 3059 1127 ἐπὶ
3081 1074 3173 1128 τὸν
3204 1075 3334 1128 Θεὸν
3365 1074 3549 1146 ῥίψας,
3565 1074 3755 1148 διάγῃς
3774 1075 3906 1129 καθι

2338 1179 2505 1232 εύδων
2536 1180 2628 1233 καὶ
2672 1182 2902 1251 ῥέγχων.
2940 1183 3051 1235 Καὶ
3085 1181 3300 1235 πάντων
3342 1181 3511 1252 μέτρα
3548 1180 3644 1233 καὶ
3678 1180 3910 1244 κανόνας

2340 1284 2592 1354 εὑρήσεις
2613 1286 2739 1355 παρ’
2758 1285 2907 1355 αὑτῷ
2935 1285 3076 1355 μετά
3104 1285 3390 1357 ἀκριϐείας
3413 1285 3712 1357 κειμένους.
3745 1284 3911 1337 Ἀλλὰ

2341 1388 2434 1440 καὶ
2451 1388 2764 1460 ἐπηράσατο
2774 1389 2851 1460 τῷ
2862 1389 3263 1461 χαλκεϊ,φησὶν,
3281 1379 3611 1461 ’Ἀλεξάνδρῳ
3628 1390 3777 1443 ποτέ.
3796 1386 3910 1441 Καὶ

2338 1488 2392 1540 τί
2414 1488 2601 1555 τοῦτο;
2629 1492 2703 1544 Ού
2737 1490 2844 1562 γάρ
2876 1490 3048 1562 θυμοῦ
3076 1492 3137 1543 τὸ
3168 1493 3319 1562 ῥῆμα
3342 1487 3431 1563 ἦν,
3464 1490 3579 1544 ἀλλ’
3599 1490 3790 1560 ὀδύνης
3808 1489 3915 1558 τῆς⁴

2341 1590 2483 1662 ὑπὲρ
2500 1591 2601 1661 τῆς
2616 1591 2868 1663 ἀληθείας
2884 1609 2897 1623 ⁸
2917 1593 2976 1645 οὐ
2994 1593 3101 1664 γάρ
3118 1593 3181 1645 δι’
3203 1594 3389 1646 ἑαυτὸν
3412 1591 3585 1663 ῆλγει,
3600 1592 3805 1645 ἀλλ’ὅτι
3823 1592 3911 1644 ἀνα

2342 1694 2560 1748 θίστατο
2580 1694 2657 1765 τῷ
2676 1695 3020 1765 κηρύγματι·
3040 1697 3191 1749 Λιάν
3204 1694 3312 1764 γὰρ
3327 1694 3695 1757 ἀνθίσταται,
3723 1692 3909 1763 φησὶν,

2341 1797 2461 1867 οὐχὶ
2490 1798 2633 1867 ἐμοὶ,
2667 1796 2801 1852 ἀλλά
2823 1798 2948 1863 τοῖς
2969 1798 3275 1868 ἡμετέροις
3301 1799 3530 1867 λόγοις⁸
3568 1800 3707 1853 ὥστε
3801 1796 3921 1869 ἀρὰ

2341 1899 2403 1951 οὐ
2448 1900 2607 1967 μόνον
2631 1899 2722 1951 τὸν
2757 1898 2947 1952 τούτου
3002 1900 3166 1954 πόθον
3217 1900 3457 1953 ἐδείκνυε
3509 1900 3599 1953 τὸν
3648 1901 3786 1970 ὑπὲρ
3811 1900 3921 1969 τῆς

2341 2000 2616 2068 ἀληθείας,
2629 2000 2764 2054 ἀλλά
2781 2003 2874 2054 καὶ
2892 2003 3018 2066 τοὺς
3036 2002 3280 2074 μαθητὰς
3296 2004 3679 2072 παρεμυθεῖτο.
3696 2000 3920 2074 Ἐπειδὴ

2341 2102 2448 2173 γὰρ
2482 2104 2689 2168 πάντας
2733 2104 2880 2167 εἰκὸς
2922 2100 3011 2175 ἦν’
3043 2104 3507 2171 σκανδαλίζεσθαι,
3534 2104 3642 2158 τῶν
3668 2106 3916 2176 ἐπηρεα-

2343 2204 2544 2268 ζόντων
2566 2204 2713 2277 [510]
2739 2205 2817 2277 τῷ
2851 2206 2994 2277 λόγῳ
3049 2207 3201 2260 οὐδὲν
3263 2208 3595 2279 πασχόντων,
3630 2206 3718 2261 διά
3752 2206 3916 2263 τοῦτο

2340 2309 2515 2363 ταῦτά
2558 2328 2739 2381 φησιν.
2766 2312 2926 2364 ’Λλλά
2951 2313 3045 2365 καὶ
3086 2311 3389 2381 κατηύξατό
3433 2328 3563 2364 ποτε
3615 2311 3815 2383 ἐτέρων
3840 2329 3915 2366 τι-

2343 2409 2470 2477 νῶν,
2499 2410 2697 2479 λέγων·
2732 2412 2915 2481 Εἴπερ
2943 2408 3176 2466 δίκαιον
3210 2413 3367 2481 παρὰ
3397 2413 3518 2478 Θεῷ
3543 2413 3917 2469 ἀντ-σποδοῦ·

2342 2530 2443 2567 ναι
2471 2513 2585 2579 τοῖς
2618 2516 2929 2569 θλίϐουσιν
2949 2514 3106 2584 ἡμᾶς
3134 2516 3345 2584 θλῖψ-ιν
3363 2534 3377 2547 ·
3404 2517 3766 2581 οὐκ,ἐκείνους
3793 2520 3917 2571 ἐπι-

2343 2616 2531 2686 θυμῶν
2565 2618 2719 2687 δίκην
2745 2618 2947 2681 δοῦναι,
2989 2620 3062 2690 μὴ
3088 2621 3317 2688 γένοιτο,
3348 2621 3486 2675 ἀλλά
3512 2621 3638 2683 τοὺς
3675 2621 3915 2692 ἐπηρεα-

2344 2722 2601 2794 ζομένους
2629 2724 2870 2779 σπεύδων
2900 2725 3403 2796 παραμυθήσασθαι
3423 2725 3535 2779 ’διὸ
3562 2726 3659 2780 καὶ
3694 2725 3914 2794 ἐπάγει,

2336 2827 2549 2893 Αὑτοῖς
2578 2826 2703 2894 τοῖς
2731 2829 3104 2897 θλιϐομένοις
3126 2829 3358 2883 ἄνεσιν.
3407 2828 3559 2882 Ἐπεὶ
3588 2830 3716 2883 ὅταν
3755 2824 3920 2891 αὐτός

2344 2951 2397 2986 τι
2433 2932 2616 3004 πάσχῃ
2655 2933 2839 3003 ἀηδὲς,
2882 2933 3116 2987 ἄκουσον
3158 2935 3275 2998 πῶς
3313 2935 3613 3004 φιλοσοφεῖ,
3668 2934 3763 2987 καὶ
3800 2936 3918 2999 τοῖς

2345 3036 2604 3100 ἐναντίοις
2638 3037 2945 3106 ἀμείϐεται,
2988 3037 3196 3105 λέγων’
3252 3037 3702 3107 [λοιδορούμενοι
3751 3038 3925 3092 εὐλο-

2346 3140 2593 3210 γοῦμεν,
2623 3138 2967 3207 διωκόμενοι
2992 3141 3344 3209 ἀνεχόμεθα,
3374 3142 3919 3211 ,ϐλασφημούμενοι

2346 3244 2826 3314 παρακαλοῦμεν.
2865 3241 2927 3295 Εἰ
2959 3218 3016 3296 δὲ
3036 3244 3103 3297 τὰ
3137 3245 3274 3316 ὑπὲρ
3306 3244 3415 3298 τῶν
3459 3244 3633 3299 ἄλλων
3653 3243 3916 3314 λεγόμενα

2346 3346 2380 3415 ἦ
2411 3347 2669 3416 γινόμενα
2688 3346 2858 3417 ὀργῆς
2885 3342 3024 3399 εἶναι
3047 3348 3233 3418 φαίης,
3263 3346 3382 3420 ὣρα
3408 3365 3485 3401 σοι
3514 3348 3719 3401 καὶτὸν
3763 3346 3917 3401 Ἐλύ-

2351 3470 2458 3524 μαν
2490 3453 2548 3519 ἐξ
2582 3453 2751 3523 ὀργῆς
2786 3451 2948 3505 αὑτὸν
2996 3453 3404 3522 πεπηρωκέναι,
3466 3453 3560 3506 καὶ
3612 3451 3917 3522 ὑϐρικέναι,

2348 3554 2558 3608 καὶτὸν
2609 3554 2855 3607 ’Δνανίαν
2881 3554 2971 3606 καὶ
3016 3553 3115 3621 τὴν
3152 3553 3464 3623 Σάπφειραν
3499 3553 3590 3607 τὸν
3624 3552 3827 3623 Πέτρον
3862 3551 3922 3618 ἐξ

2348 3660 2518 3729 ὀργῆς
2546 3657 2925 3711 ἀπεκτονέναι.
2974 3656 3110 3708 Ἀλλ’
3142 3654 3316 3718 οὐδεὶς
3354 3652 3526 3718 οὕτως
3571 3654 3794 3725 ἀνόητος
3824 3655 3920 3709 καὶ

2348 3764 2569 3834 ἠλίθιος,
2597 3762 2673 3826 ὡς
2701 3762 2872 3816 ταῦτα
2906 3762 3102 3815 εἰπεῖν.
3138 3760 3242 3813 Καὶ
3266 3760 3428 3832 ἕτερα
3458 3761 3516 3814 δὲ
3572 3758 3743 3815 πολλά
3772 3760 3920 3833 εὑρί-

2351 3885 2554 3939 σκομεν
2588 3868 2753 3923 αὑτὸν
2776 3868 2869 3921 καὶ
2894 3866 3119 3935 λέγοντα
3146 3868 3239 3919 καὶ
3261 3866 3536 3931 ποιοῦντα,
3562 3864 3818 3919 δοκοῦντα
3838 3858 3921 3919 εῖ-

2350 3992 2436 4029 ναι
2469 3976 2726 4045 φορτικά,
2759 3975 2855 4027 καὶ
2883 3972 3053 4027 ταῦτα
3092 3973 3328 4043 μάλιστά
3351 3974 3521 4038 ἐστιν,
3548 3973 3583 4027 ἀ
3614 3974 3714 4045 τὴν
3742 3973 3919 4028 ἐπισί-

2351 4096 2504 4132 κειαν
2532 4078 2696 4132 αὑτοῦ
2729 4079 2990 4133 δείκνυσι.
3018 4080 3127 4132 Καὶ
3164 4079 3271 4148 γὰρ
3303 4080 3431 4132 ὅταν
3466 4077 3543 4149 τῷ
3574 4079 3789 4149 Σατανᾷ
3813 4096 3921 4133 πα-

2354 4181 2499 4253 ραδῷ
2538 4182 2629 4235 τὸν
2650 4183 2707 4234 ἐν
2736 4180 2985 4252 Κορίνθῳ
3006 4184 3435 4253 πεπορνευκότα,
3462 4181 3521 4247 ἐξ
3546 4181 3767 4252 ἀγάπης
3787 4181 3923 4237 αὐτὸ

2354 4283 2557 4353 πολλῆς
2601 4286 2745 4341 ποιεῖ
2789 4284 2885 4336 καὶ
2915 4283 3271 4355 φιλοστόργου
3316 4284 3552 4349 διανοίας
3575 4301 3588 4315 ⁶
3626 4289 3720 4340 καὶ
3761 4285 3923 4340 τοῦτο

2352 4394 2593 4446 δείκνυσι
2637 4394 2731 4445 καὶ
2769 4394 2833 4445 ἐκ
2877 4393 2978 4462 τῆς
3016 4393 3273 4464 δευτέρας
3321 4395 3629 4465 ἐπιστολῆς.
3652 4396 3762 4449 Καὶ
3791 4398 3922 4452 ὅταν

2365 4497 2641 4559 Ἰουδαίοις
2662 4494 2857 4565 ἀπειλῇ
2877 4497 2968 4549 καὶ
2979 4496 3131 4567 λέγῃ,
3154 4499 3459 4566 Ἕφθασεν
3476 4499 3697 4564 αὐτοὺς
3712 4498 3749 4566 ἠ
3772 4500 3921 4569 ὁρτὴ

2351 4603 2439 4665 εἰς
2467 4599 2659 4665 τέλος,
2689 4600 2748 4651 οὑ
2781 4597 2954 4669 θυμοῦ
2973 4599 3344 4670 πληρούμενος
3356 4599 3487 4653 αὐτὸ
3518 4603 3662 4652 ποιεί
3682 4599 3921 4669 (ἀκούεις

2354 4704 2483 4771 γοῦν
2514 4702 2677 4757 αὑτοῦ
2724 4700 2961 4772 συνεχῶς
3009 4702 3148 4771 ὑπὲρ
3198 4702 3375 4754 αὐτῶν
3413 4702 3750 4772 εὐχομένου),
3784 4702 3921 4758 ἀλλά

2357 4806 2673 4877 βουλόμενος
2701 4805 2933 4875 φοϐῆσαι
2964 4805 3056 4857 καὶ
3073 4805 3539 4876 σωφρονεστέρους
3559 4806 3916 4877 ἐργάσασθαι.

2382 4918 2527 4973 Αλλά
2549 4918 2640 4971 τὸν
2680 4916 2847 4982 ἱερέα,
2873 4916 3059 4987 φησὶν,
3092 4915 3302 4987 ὕϐρισε,
3332 4916 3532 4984 λέγων’
3568 4918 3818 4972 Τύπτειν
3845 4932 3923 4973 σε

2350 5021 2560 5089 μέλλει
2593 5024 2625 5075 ό
2657 5020 2825 5086 Θεὸς,
2869 5018 3030 5086 τοῖχε
3081 5017 3483 5089 κεκονιαμένε.
3536 5020 3647 5073 Καὶ
3694 5016 3921 5093 οἴδαμεν

2356 5135 2437 5187 ὅτι
2459 5135 2601 5197 τινες
2627 5134 2759 5204 πρὸς
2785 5132 2943 5185 τοῦτο
2958 5132 3396 5203 ἀπολογούμενοι,
3421 5136 3755 5206 προφητείαν
3780 5133 3921 5191 εἷναί

2359 5258 2486 5309 φασι
2515 5242 2578 5295 τὸ
2615 5242 2921 5313 εἰρημένον.
2965 5240 3075 5294 Καὶ
3126 5241 3227 5294 οὐκ
3270 5241 3484 5310 ἐγκαλῶ
3531 5246 3641 5307 τοῖς
3668 5243 3917 5321 λέγουσις

2360 5352 2451 5403 καὶ
2476 5350 2582 5422 γάρ
2619 5350 2815 5419 συνέϐη
2876 5348 3054 5412 τοῦτο,
3106 5350 3200 5403 καὶ
3234 5348 3407 5410 οὕτως
3459 5350 3825 5423 ἐτελεύτησεν.
3856 5353 3921 5406 Et

2358 5457 2415 5511 δέ
2446 5476 2528 5521 τις
2555 5458 2875 5530 δριμύτερος
2903 5457 3092 5528 ἐχθρὸς
3128 5457 3202 5512 ὢν
3243 5460 3534 5529 ἀντιλέγοι,
3571 5449 3666 5516 καὶ
3694 5480 3918 5534 περιερ-

2360 5568 2577 5639 γότερόν
2608 5586 2658 5619 τι
2708 5568 2874 5620 ποιῶν
2916 5568 3276 5641 ἀνθυποφέροι
3320 5567 3523 5637 λέγων’
3564 5570 3675 5624 Καὶ
3714 5571 3761 5623 εί
3797 5587 3927 5642 προ-

2362 5674 2551 5745 φητεία
2577 5672 2664 5746 ἧν,
2682 5675 2821 5739 τίνος
2850 5676 3032 5731 ἕνεκεν
3060 5676 3373 5745 ἀπελογεῖτο
3400 5679 3591 5743 λέγων,
3618 5682 3738 5736 Οὐκ
3760 5682 3924 5750 ᾔδειν
