4220 6316
347 359 452 416 505

343 487 438 525 ora
458 469 767 534 dicentium,
793 469 904 524 Cur
930 482 1034 521 non
1060 473 1245 521 natura
1267 464 1394 520 boni
1433 462 1555 518 facti
1599 474 1805 526 sumus,
1828 473 1929 514 nec

340 577 464 616 cum
492 561 606 630 ipsa
642 561 834 614 virtute
861 557 1164 628 progeniti?
1191 555 1327 623 Quid
1372 555 1513 611 enim
1543 552 1704 608 refert
1741 559 1929 604 natura

341 666 484 716 esse,
515 650 658 720 quod
686 655 860 716 potest
885 647 1021 702 effici
1061 644 1372 702 voluntate?
1400 643 1511 697 lmo
1538 651 1684 696 tanto
1703 650 1786 695 est
1812 655 1929 694 me-

342 740 446 795 lius
479 748 672 809 sponte
697 752 818 792 esse
857 737 1074 802 bonum,
1113 749 1271 805 quam
1310 742 1476 796 sorte,
1521 740 1722 801 quanto
1751 729 1931 797 utique

341 839 560 901 prmstat
595 829 810 884 coronis
835 836 890 882 et
929 826 1254 896 amplissima
1285 824 1439 878 laude
1475 821 1737 882 decorari,
1769 834 1928 890 quam

340 921 554 989 penitus
581 919 653 973 nil
687 918 902 974 mereri.
937 920 1002 971 At
1025 924 1107 970 est
1146 916 1298 969 firma
1326 923 1532 968 natura.
1563 911 1674 966 lmo
1714 911 1758 965 si
1801 909 1932 964 velis

337 1012 668 1066 voluntatem
714 1011 902 1064 fortem
944 1008 1141 1063 habere
1166 1015 1323 1076 atque
1363 1004 1658 1068 robustam,
1702 1000 1805 1055 hoc
1843 1001 1932 1054 illo

334 1104 496 1175 plane
527 1101 584 1155 fit
622 1100 848 1155 firmius.
902 1099 984 1153 An
1015 1113 1142 1153 vero
1172 1112 1276 1153 non
1302 1096 1452 1150 vides
1489 1096 1699 1148 concisa
1729 1099 1930 1163 marty-

334 1207 458 1247 rum
487 1206 712 1260 corpora
744 1189 992 1257 ferroque
1012 1187 1275 1252 cedentia,
1298 1200 1397 1240 nec
1418 1193 1595 1238 tamen
1617 1181 1810 1238 cedere
1836 1189 1927 1235 aut

334 1283 480 1337 vinci
537 1284 588 1336 in
642 1283 821 1351 aliquo
863 1278 1224 1334 voluntatem?
1253 1279 1335 1331 An
1367 1274 1502 1329 forte
1545 1289 1648 1328 non
1678 1271 1932 1342 spectasti

334 1374 498 1427 etiam
541 1370 808 1425 Abraham
854 1371 1127 1423 voluntate
1167 1375 1368 1422 natura:
1417 1365 1791 1435 impedimenta
1843 1378 1932 1417 su-

334 1471 615 1530 perantem
634 1459 784 1528 (Gen.
806 1459 902 1530 ‘22)
927 1499 942 1522 ,
970 1458 1179 1528 quando
1205 1458 1387 1526 utique
1413 1456 1737 1524 unigenitum
1761 1453 1930 1507 filium

334 1552 519 1622 jussus
544 1561 627 1605 est
664 1552 965 1613 immolare,
1011 1565 1130 1602 cum
1177 1558 1323 1602 certe
1366 1557 1494 1601 tunc
1539 1555 1726 1599 natura
1776 1543 1931 1613 quasi

334 1643 546 1698 fortiori
589 1642 808 1697 cesserit
864 1639 1164 1695 voluntati?
1193 1652 1370 1692 nonne
1411 1637 1589 1691 vidisti
1618 1636 1847 1704 idipsuiu
1875 1635 1929 1688 in

336 1733 441 1787 illis
470 1733 640 1786 tribus
694 1732 870 1801 pueris
913 1730 1170 1784 accidisse
1204 1728 1368 1797 (Dan.
1399 1726 1513 1796 3)?
1545 1741 1722 1781 nonne
1767 1726 1927 1779 etiam

335 1826 528 1880 audisti
556 1826 685 1878 illud
709 1826 982 1892 antiquum
1010 1831 1064 1876 et
1103 1821 1359 1875 saeculare
1385 1820 1746 1888 proverbium,
1785 1816 1929 1885 quod

335 1914 427 1969 fiat
451 1930 515 1969 es
544 1913 930 1968 consuetudine
953 1911 1187 1966 secunda
1216 1910 1445 1964 natura?
1480 1910 1593 1978 Ego
1620 1924 1746 1962 vero
1773 1908 1927 1961 dixe-

334 2008 461 2071 rim,
492 2006 636 2076 quod
677 2007 836 2060 etiam
881 2006 1075 2075 prima,
1109 2005 1246 2057 sicut
1271 2001 1513 2071 superius
1542 2001 1681 2054 dicta
1726 1999 1928 2054 docue-

334 2104 482 2151 runt.
515 2096 673 2150 Vides
691 2097 847 2165 igitur
867 2104 919 2149 et
947 2093 1126 2148 haberi
1157 2108 1312 2162 posse
1329 2093 1493 2157 illam,
1511 2107 1630 2161 qua:
1656 2090 1708 2144 in
1733 2098 1921 2143 natura

334 2196 440 2252 est,
466 2185 796 2250 firmitatem,
827 2186 872 2240 si
916 2186 986 2239 sit
1011 2187 1255 2240 voluntas
1297 2184 1451 2238 fortis
1476 2199 1538 2237 ac
1582 2181 1804 2251 vigilans
1834 2197 1847 2234 ε
1873 2189 1930 2236 et

333 2279 476 2348 quod
507 2279 710 2347 majore
761 2277 918 2332 laude
959 2278 1029 2330 sit
1065 2276 1256 2345 dignus
1290 2277 1376 2345 qui
1403 2289 1521 2329 esse
1567 2275 1682 2328 vult
1735 2273 1924 2338 bonus,

331 2383 492 2438 quam
523 2368 613 2422 ille
665 2368 756 2436 qui
783 2369 988 2437 cogitur
1024 2381 1036 2418 :
1070 2364 1170 2420 hoc
1201 2378 1283 2420 eSt
1312 2366 1451 2419 enim
1494 2379 1611 2419 esse
1661 2365 1928 2434 praecipue

332 2458 558 2512 bonum.
592 2457 772 2525 Itaque
802 2472 922 2511 cum
950 2457 1076 2510 dicit
1108 2476 1119 2509 :
1149 2455 1350 2524 Castigo
1371 2470 1554 2523 corpus
1581 2470 1766 2517 meum,
1799 2462 1844 2505 et
1873 2455 1926 2504 in

328 2549 618 2602 servitutem
642 2549 813 2617 redigo
845 2563 864 2599 :
887 2547 1035 2600 timeo
1058 2548 1190 2599 enim
1217 2562 1279 2599 ne
1293 2561 1405 2597 cum
1427 2546 1541 2597 aliis
1563 2544 1921 2614 prwdicavero,

330 2640 440 2707 ipse
468 2638 712 2708 reprobus
742 2639 927 2708 eﬁiciar
969 2638 1049 2708 (1.
1095 2638 1212 2696 Cor.
1271 2637 1325 2692 9.
1381 2637 1491 2707 27)
1544 2655 1557 2690 :
1607 2645 1732 2690 tunc
1778 2637 1925 2689 illum

329 2731 562 2784 maxime
593 2732 794 2784 meritis
839 2729 1045 2784 honoro
1076 2731 1378 2798 praeconiis,
1431 2729 1619 2783 videns
1649 2745 1754 2782 non
1801 2743 1924 2782 eum

329 2819 446 2871 siue
474 2819 657 2873 labore
685 2819 934 2887 implesse
955 2821 1204 2873 virtutem
1237 2836 1250 2872 :
1281 2836 1349 2874 ne
1379 2819 1412 2873 ii
1439 2823 1528 2889 qui
1553 2830 1671 2888 post
1689 2834 1810 2874 eum
1839 2833 1926 2872 es-

328 2918 451 2962 sent
490 2907 675 2975 futuri,
708 2921 1075 2978 argumentum
1107 2911 1172 2963 ad
1200 2910 1458 2964 desidiam
1508 2912 1764 2964 ducerent
1785 2911 1925 2965 illius

327 2997 381 3051 in
407 2999 552 3052 bono
591 2997 893 3053 facilitatem
924 3018 939 3052 :
973 3009 1026 3053 et
1045 3016 1164 3054 eum
1191 3016 1374 3055 rursus
1397 3001 1546 3066 dicit,
1581 3000 1776 3054 Mundo
1803 3018 1924 3053 cru-

325 3087 511 3155 ciﬁxus
536 3104 649 3140 sum
673 3087 812 3158 (Gal.
844 3089 897 3142 6.
923 3088 1011 3159 ιι)
1035 3131 1048 3154 ,
1076 3089 1401 3143 voluntatem
1431 3090 1547 3157 ejus
1569 3104 1786 3143 eorono.
1817 3090 1923 3143 Po-

327 3185 432 3230 test
462 3177 628 3240 enim,
660 3187 852 3246 potest,
882 3178 1119 3246 inquam,
1144 3186 1345 3232 natura:
1364 3179 1726 3232 fortitudinem
1752 3179 1918 3232 virtus

333 3267 634 3321 voluntatis
661 3268 875 3321 imitari.
901 3267 1030 3321 Nam
1062 3267 1106 3320 si
1129 3267 1210 3321 vel
1240 3267 1570 3336 huncipsum
1599 3267 1924 3322 adducamus

324 3364 378 3418 in
411 3363 668 3428 medium,
697 3364 785 3434 qui
833 3371 915 3417 est
941 3362 1182 3432 quaedam
1205 3403 1219 3428 ,
1268 3370 1326 3416 ut
1351 3362 1422 3415 ita
1452 3362 1696 3424 dixerim,
1750 3373 1922 3416 statua

326 3454 540 3508 virtutis
583 3471 598 3508 :
631 3453 961 3508 inveniemus
987 3454 1239 3522 quoniam
1281 3453 1416 3507 bona
1448 3469 1565 3522 quae
1603 3454 1675 3505 illi
1716 3453 1924 3506 inerant

326 3546 624 3611 voluntate,
653 3545 705 3598 in
733 3556 935 3598 natura:
965 3559 1026 3599 ea
1057 3544 1361 3598 firmitatem
1391 3545 1614 3597 certavit
1651 3544 1919 3597 inducere.

329 3636 557 3691 Dolebat
581 3636 794 3705 quidem
817 3635 906 3689 ille
932 3635 1268 3701 verberatus,
1289 3635 1381 3690 sed
1406 3650 1510 3689 non
1540 3635 1714 3688 minus
1745 3639 1920 3688 incor-

325 3728 505 3798 poreis
530 3727 883 3796 potestatibus
907 3727 1050 3796 ipsos
1079 3729 1457 3782 contemnebat
1482 3727 1698 3782 dolores
1731 3745 1744 3780 :
1779 3730 1917 3782 sicut

324 3833 388 3873 ex
431 3819 600 3888 ipsius
644 3818 820 3873 verbis
882 3818 1232 3873 animadverti
1297 3828 1492 3887 potest,
1543 3835 1661 3888 qua:
1716 3835 1814 3872 nec
1855 3821 1922 3873 de

331 3919 517 3962 nostra
560 3915 774 3974 putatur
800 3909 1039 3978 proferre
1082 3920 1292 3964 natura.
1327 3909 1549 3976 Quando
1576 3910 1718 3964 enim
1749 3910 1875 3964 dicit
1905 3929 1917 3962 :

326 3997 460 4053 lilii
511 4000 728 4053 mundus
758 4002 1031 4068 cruciﬁxus
1057 4011 1151 4066 est,
1179 4009 1224 4053 et
1251 4017 1342 4071 ego
1384 4001 1572 4053 mundo
1600 4001 1794 4070 (Ibid.)
1823 4019 1834 4054 :
1866 4010 1922 4056 et

324 4105 535 4156 rursus,
595 4088 716 4143 Vivo
746 4099 914 4142 autem
951 4091 1063 4160 jam
1102 4108 1203 4144 non
1257 4107 1367 4161 ego,
1419 4092 1534 4144 vivit
1572 4101 1737 4144 autem
1764 4093 1813 4144 in
1843 4109 1922 4146 me

325 4179 558 4235 Christus
583 4180 720 4251 (Gal.
744 4181 799 4234 2.
825 4181 932 4252 20)
955 4224 968 4247 ,
990 4181 1116 4250 quid
1141 4181 1282 4235 aliud
1299 4182 1506 4236 videtur
1535 4182 1732 4249 dicere,
1760 4198 1920 4252 quam

324 4271 472 4343 quod
501 4275 662 4326 etiam
690 4288 756 4325 ex
788 4287 1013 4341 corpore
1058 4275 1174 4340 ipso
1214 4272 1377 4325 animi
1427 4273 1619 4327 virtute
1662 4274 1922 4342 migrave-

324 4364 435 4417 rit?
461 4363 598 4428 Quid
626 4378 753 4418 vero
790 4363 948 4417 datur
974 4363 1144 4428 carni,
1181 4377 1301 4418 cum
1342 4363 1524 4432 procul
1555 4363 1716 4418 dubio
1739 4364 1869 4418 dicit
1902 4381 1916 4417 :

331 4454 493 4507 Datus
526 4463 599 4507 est
641 4455 765 4506 mihi
805 4454 1039 4507 stimulus
1085 4455 1253 4506 carnis
1304 4469 1428 4508 mea:
1467 4455 1675 4524 angelus
1710 4454 1921 4509 Satame

324 4544 403 4615 (2.
438 4543 561 4599 Cor.
592 4544 678 4601 12.
715 4537 803 4614 7)?
841 4545 953 4599 Hoc
988 4553 1164 4598 autem
1202 4545 1332 4598 nihil
1377 4554 1460 4600 est
1507 4561 1726 4614 prorsus
1776 4546 1920 4600 aliud

325 4650 484 4705 quam
504 4636 792 4691 ostendere
810 4638 1195 4707 contempsisse
1215 4638 1452 4693 dolorem
1473 4653 1532 4693 se
1552 4654 1776 4709 corpore
1792 4655 1918 4695 sen-

325 4728 574 4792 tientem,
607 4742 712 4782 non
734 4728 854 4797 quia
877 4744 983 4782 non
1007 4730 1375 4799 ingrederetur
1398 4732 1656 4798 animum,
1682 4731 1776 4787 sed
1793 4733 1916 4803 quia

323 4819 688 4889 magnitudine
709 4819 994 4873 voluntatis
1020 4820 1326 4875 excluderet
1346 4835 1468 4874 eum
1489 4829 1650 4891 atque
1675 4822 1914 4894 depelle-

322 4919 428 4966 ret.
485 4907 618 4963 Cum
646 4925 776 4964 vero
802 4910 903 4964 alia
931 4911 1153 4980 plurima
1182 4911 1264 4964 his
1291 4911 1616 4966 mirabiliora
1662 4913 1835 4976 dicat,
1863 4924 1918 4967 et

321 4999 557 5069 gaudeat
582 4999 916 5066 verberatus,
947 5010 1002 5055 et
1018 5001 1275 5070 glorietur
1306 5010 1600 5066 catenatus,
1633 5002 1758 5072 quid
1775 5003 1917 5060 aliud

321 5093 593 5162 quiSpiam
623 5090 836 5158 dixerit,
884 5108 1042 5162 quam
1071 5092 1232 5158 istud,
1260 5093 1402 5162 quod
1432 5093 1546 5162 ipse
1589 5094 1918 5149 memoravi?

320 5183 591 5251 Quoniam
619 5182 846 5238 dicendo
874 5184 1110 5253 quidem,
1141 5184 1343 5256 Castigo
1364 5202 1551 5255 corpus
1580 5203 1765 5252 meum,
1799 5197 1842 5240 et
1864 5189 1916 5241 in

323 5276 612 5328 servitutem
633 5275 805 5344 redigo
834 5292 852 5329 :
879 5277 1029 5330 timeo
1061 5277 1213 5334 enim.
1244 5294 1305 5329 ne
1330 5295 1442 5330 cum
1462 5279 1578 5331 aliis
1609 5279 1915 5348 prmdicave-

319 5379 444 5432 71m,
465 5366 577 5433 ipse
603 5367 843 5436 reprobus
859 5369 1043 5437 eﬁiciar
1061 5368 1107 5438 (1
1125 5408 1137 5421 .
1155 5367 1272 5422 Cor.
1301 5368 1356 5422 9.
1383 5370 1490 5440 27)
1519 5411 1534 5436 ,
1562 5371 1793 5425 ostendit
1823 5387 1917 5425 na-

324 5468 459 5512 tura:
504 5458 867 5514 infirmitatem
893 5479 905 5512 ε
937 5477 1032 5530 per
1060 5461 1157 5516 ista
1187 5479 1332 5529 vero,
1363 5479 1480 5534 qua:
1509 5464 1639 5532 dixi,
1665 5465 1912 5518 volunta-

328 5552 393 5604 tis
425 5550 774 5605 nobilitatem.

383 5642 616 5695 Gratiam
637 5643 727 5698 Dei
755 5647 992 5712 praedicat
1023 5646 1234 5702 Paulus.
1260 5646 1310 5698 Μ
1317 5649 1524 5700 ιιιεάίαιὶι
1545 5649 1911 5719 aliquando.—

329 5734 530 5791 ldcirco
557 5734 698 5791 enim
723 5747 1003 5809 utrumque
1030 5739 1259 5810 positum
1287 5749 1386 5808 est,
1415 5750 1470 5794 ut
1494 5756 1665 5811 neque
1689 5750 1908 5813 propter

1194 349 1285 406 DE
1319 347 1661 407 LAUDIBUS
1697 347 1756 403 Β.
1789 344 1993 402 PAULI
2033 343 2383 401 APOSTOU.
2419 346 2651 403 HOMIL.
2694 347 2783 403 Vl.

3528 359 3633 414 506

2051 459 2137 513 illa
2163 473 2356 528 magna
2378 459 2597 514 alterius
2625 475 2748 513 cum
2779 458 3016 528 epincris
3043 473 3162 515 esse
3191 467 3413 526 natum,
3441 467 3496 515 et
3521 461 3634 527 ipse

2035 549 2104 604 de
2131 551 2324 605 virtute
2350 550 2606 619 desperes
2636 568 2648 605 :
2695 566 2866 620 neque
2897 566 2994 618 per
3023 552 3121 604 ista
3149 551 3361 619 parvula
3393 559 3634 605 sanctam

2037 640 2180 695 illam
2202 640 2560 711 reprehendas
2587 641 2818 696 animam
2842 658 2857 707 ;
2883 641 2976 696 sed
3000 640 3122 696 hinc
3149 655 3358 711 quoque
3377 640 3636 708 despera-

2038 733 2235 787 tionem
2267 748 2450 787 rursus
2495 733 2807 800 excludeus,
2832 733 2899 787 ad
2921 733 3195 788 meliorem
3229 747 3377 801 spem
3405 731 3633 800 teipsnm

2037 823 2291 878 reducas.
2320 825 2611 894 PrOpterea
2643 840 2825 879 rursus
2851 824 3094 894 adjungit
3112 826 3271 878 etiam
3299 825 3351 878 id
3377 823 3516 894 quod
3541 823 3635 878 Dei

2036 928 2154 969 esse
2173 917 2357 984 gratiae
2379 916 2646 985 proprium
2658 915 3245 986 confitetur,etquidcm
3261 915 3634 986 exaggerando

2037 1014 2197 1074 atque
2222 1007 2564 1062 cumulando.
2593 1008 2697 1063 Sed
2727 1017 2882 1078 grato
2911 1023 3035 1076 erga
3068 1009 3235 1062 Deum
3283 1009 3464 1062 animo
3509 1006 3633 1061 facit

2038 1096 2231 1165 piaque
2278 1098 2544 1152 sententia
2573 1138 2587 1162 ,
2631 1113 2697 1153 ne
2723 1097 2849 1165 quid
2884 1096 3089 1152 scilicet
3114 1112 3267 1151 suum
3294 1112 3415 1150 esse
3441 1096 3633 1151 creda-

2039 1195 2143 1240 tur.
2175 1187 2313 1240 Dicit
2340 1197 2515 1242 autem
2544 1188 2703 1242 etiam
2732 1188 2874 1258 quod
2898 1190 2962 1242 ad
2992 1189 3156 1258 ipsius
3185 1189 3416 1256 pertinet
3446 1187 3632 1241 volun-

2038 1284 2198 1331 tatem
2223 1319 2238 1344 ,
2267 1293 2335 1332 ne
2373 1278 2426 1331 in
2469 1278 2635 1333 Deum
2667 1288 2855 1333 cuncta
2889 1279 3170 1347 projieiens
3217 1277 3450 1332 dormire
3478 1278 3632 1330 malis

2042 1380 2105 1420 ac
2132 1375 2379 1422 stertere.
2417 1367 2668 1421 Omnium
2713 1383 2941 1437 namque
2993 1383 3275 1422 mensuras
3303 1383 3366 1422 ac
3420 1369 3632 1437 regulas

2037 1457 2178 1526 apud
2206 1473 2330 1512 eum
2362 1458 2621 1513 invenies.
2654 1459 2758 1515 Sed
2789 1460 3364 1528 maledixitaliquando
3387 1501 3402 1523 ,
3425 1460 3627 1528 inquis,

2039 1548 2353 1603 Alexandro
2388 1551 2578 1604 aerario
2619 1548 2718 1622 (2.
2767 1549 2904 1603 Tim.
2953 1552 3008 1606 4.
3049 1552 3117 1604 14
3166 1551 3204 1620 ).
3237 1549 3304 1604 Et
3347 1551 3470 1619 quid
3501 1550 3628 1606 illud

2037 1645 2245 1707 spectat
2267 1639 2335 1692 ad
2362 1640 2545 1693 vitium
2573 1639 2596 1693 ?
2640 1640 2754 1693 Non
2781 1641 2924 1696 enim
2954 1640 3051 1693 fuit
3081 1639 3167 1693 hic
3199 1655 3378 1693 serqu
3414 1641 3628 1694 iracun-

2035 1731 2159 1797 dite,
2191 1731 2285 1785 sed
2316 1732 2492 1800 potius
2519 1732 2740 1795 doloris,
2771 1733 2859 1802 qui
2891 1742 3037 1786 certe
3061 1741 3210 1786 ortus
3253 1739 3336 1785 est
3381 1730 3449 1785 de
3482 1731 3628 1785 veri-

2036 1823 2157 1874 tatis
2187 1821 2401 1890 injuria.
2446 1821 2562 1875 Non
2589 1824 2730 1876 enim
2756 1831 2972 1890 propter
2997 1822 3231 1889 seipsum
3261 1819 3494 1882 dolebat,
3531 1819 3626 1874 sed

2033 1911 2154 1981 quia
2177 1911 2537 1980 praedicationi
2581 1913 2670 1967 ille
2711 1914 2981 1968 restiterat
3016 1929 3029 1964 :
3065 1911 3226 1966 Valde
3251 1915 3405 1974 enim,
3436 1913 3627 1987 inquit,

2033 2002 2210 2054 restitit
2233 2043 2249 2067 ,
2279 2016 2386 2056 non
2417 2003 2566 2068 mihi,
2601 2003 2694 2066 ait,
2721 2003 2814 2056 sed
2841 2004 3000 2056 verbis
3029 2005 3214 2057 nostris
3237 2002 3354 2074 (Ib.
3387 2018 3436 2056 υ.
3473 2004 3538 2058 15
3567 2004 3626 2070 ):

2038 2103 2100 2146 ut
2140 2101 2194 2146 ct
2241 2109 2394 2147 suum
2446 2109 2568 2163 erga
2607 2094 2882 2147 veritatem
2910 2094 3231 2162 exprimeret
3257 2092 3543 2159 affectum,
3574 2101 3630 2146 et

2034 2198 2138 2236 non
2171 2184 2340 2236 solum
2367 2183 2514 2236 illum
2541 2183 2626 2236 cui
2653 2183 2919 2236 scribebat
2945 2224 2959 2246 ,
3005 2182 3099 2237 sed
3130 2190 3278 2236 certe
3305 2181 3389 2235 bis
3415 2196 3628 2250 quoque

2040 2273 2330 2341 discipulos
2358 2274 2642 2328 solaretur.
2671 2273 2930 2340 Quoniam
2961 2273 3103 2328 enim
3143 2273 3272 2326 satis
3295 2286 3629 2340 consequens

2033 2375 2150 2418 erat
2181 2365 2524 2419 scandalizari
2553 2381 2763 2430 omnes,
2793 2365 2920 2418 nihil
2950 2365 3269 2433 patientibus
3309 2363 3629 2418 adversariis

2033 2457 2272 2510 veritatis
2293 2497 2308 2520 ,
2339 2456 2536 2510 ideirco
2557 2465 2610 2510 et
2633 2457 2680 2509 ei
2709 2456 2797 2524 qui
2829 2463 3220 2525 repugnaverat
3249 2455 3360 2509 Deo
3404 2454 3628 2508 commi-

2032 2556 2188 2600 natus
2216 2556 2298 2600 est
2328 2547 2628 2600 ultionem‘.
2670 2546 2774 2600 Sed
2803 2547 2972 2598 oravit
2997 2545 3253 2599 adversus
3279 2545 3509 2611 aliquos,
3540 2544 3626 2598 di-

2036 2653 2165 2692 cens
2196 2655 2209 2690 :
2235 2638 2295 2691 Si
2323 2648 2488 2690 tamen
2525 2639 2724 2706 justum
2771 2647 2843 2690 est
2882 2638 3021 2706 apud
3048 2635 3214 2690 Deum
3253 2635 3627 2689 retributionem

2029 2727 2239 2780 reddere
2265 2729 2359 2791 his,
2392 2730 2475 2797 qui
2501 2745 2592 2782 nos
2623 2728 2863 2780 tribulam
2890 2727 2967 2797 (2.
2996 2727 3175 2780 Thess.
3198 2728 3247 2780 1.
3278 2726 3338 2794 6)
3369 2744 3382 2779 :
3415 2740 3521 2778 non
3556 2725 3624 2778 il-

2031 2817 2112 2869 los
2143 2832 2328 2885 ptenas
2368 2819 2513 2870 luere
2557 2818 2979 2886 concupiscens,
3025 2815 3119 2871 sed
3160 2831 3256 2870 eos
3292 2815 3381 2885 qui
3425 2814 3625 2883 afﬂiges

2029 2905 2222 2960 bantur
2247 2907 2510 2960 consolari
2555 2907 2781 2962 studens
2811 2925 2824 2960 :
2855 2916 3075 2976 propter
3121 2905 3263 2975 quod
3319 2915 3372 2960 et
3421 2905 3579 2959 infert
3605 2946 3624 2972 ,

2031 2997 2098 3050 Et
2122 2999 2258 3050 vobis
2285 2999 2371 3067 qui
2396 2998 2730 3064 tribulamini,
2753 2998 2973 3066 requiem
3003 2997 3259 3051 nobiscum
3290 2995 3337 3066 (Ι
3347 2995 3448 3049 bid.
3477 3012 3525 3047 v.
3543 2994 3624 3067 7).

2029 3092 2442 3146 therumeum
2494 3090 2608 3159 ipse
2659 3090 2858 3159 aliquid
2906 3091 3058 3143 triste
3117 3088 3445 3158 perpetitur,
3501 3087 3624 3142 audi

2031 3199 2189 3252 quam
2221 3183 2323 3237 alta
2369 3183 2621 3252 patientia
2653 3181 3059 3252 philosophetur
3083 3223 3097 3246 ,
3126 3190 3181 3236 et
3224 3190 3442 3250 propter
3485 3180 3625 3235 mals

2029 3275 2220 3328 bonam
2248 3275 2416 3327 vicem
2445 3273 2634 3328 reddat
2680 3274 2927 3327 inimicis.
2972 3273 3327 3327 Maledicimur
3355 3313 3370 3338 ,
3411 3273 3621 3340 inquit,

2029 3375 2075 3420 et
2097 3367 2433 3419 benedicimus
2452 3382 2469 3419 :
2485 3365 2923 3434 persequutionem
2956 3366 3196 3434 patimur,
3219 3375 3264 3417 et
3288 3364 3588 3418 sustinemus
3603 3379 3625 3419 .'

2028 3458 2455 3525 blasphemamur,
2488 3464 2534 3507 et
2568 3455 2886 3508 obsecramus
2915 3456 2932 3523 (
2960 3455 3012 3508 1.
3047 3453 3165 3509 Cor.
3195 3455 3250 3508 4.
3285 3453 3395 3521 12).
3430 3453 3486 3508 Si
3531 3468 3626 3507 au-

2029 3555 2135 3600 tem
2163 3562 2282 3616 quae
2309 3561 2404 3614 pro
2442 3545 2562 3600 aliis
2587 3546 2726 3600 facta
2760 3545 2845 3598 vel
2873 3545 3013 3598 dicta
3038 3553 3182 3609 sunt,
3213 3541 3502 3597 iracundia;
3531 3542 3618 3595 di—

2027 3653 2118 3692 cas
2141 3639 2322 3704 fuisse,
2347 3646 2500 3705 potes
2525 3636 2706 3690 dicere
2733 3647 2784 3691 et
2807 3637 3050 3708 Elymam
3075 3649 3284 3704 magum
3299 3650 3395 3705 per
3414 3634 3623 3688 iracun-

2027 3728 2167 3782 diam
2195 3736 2521 3784 exczecatum
2551 3727 2917 3795 injurioseque
2946 3735 3249 3794 correptum
3281 3723 3300 3796 (
3329 3726 3439 3777 Act.
3472 3723 3618 3796 f3);

2033 3822 2293 3874 Ananiam
2323 3837 2533 3890 quoque
2569 3831 2623 3874 et
2644 3821 2959 3890 Sapphiram
2989 3835 3083 3888 per
3105 3818 3488 3889 iracundiam_a
3517 3818 3614 3871 Pe-

2029 3924 2109 3966 tro
2138 3914 2448 3968 interfectos
2471 3914 2802 3969 exclamabis
2835 3911 2854 3986 (
2881 3912 2993 3966 Act.
3021 3913 3054 3967 5
3085 3913 3124 3982 ).
3157 3911 3260 3966 Sed
3295 3913 3416 3980 quis
3440 3920 3523 3965 est
3549 3911 3621 3965 ita

2031 4005 2224 4058 stultus
2249 4015 2302 4060 ct
2330 4021 2541 4069 vecors,
2571 4015 2627 4059 ut
2658 4005 2757 4059 hoc
2785 4004 2978 4058 audeat
3004 4004 3260 4073 suSpicari
3288 4003 3312 4056 τ
3340 4005 3456 4058 Alia
3483 4019 3617 4073 quo-

2029 4110 2134 4164 que
2175 4096 2400 4164 plurima
2444 4096 2747 4150 invenimus
2776 4110 2895 4149 eum
2944 4095 3143 4149 dixisse
3189 4103 3347 4164 atque
3385 4094 3617 4160 fecisse,

2027 4201 2147 4254 qua:
2175 4185 2241 4239 ad
2287 4186 2518 4254 speciem
2555 4185 2802 4239 videntur
2841 4199 3090 4238 onerosa.
3115 4184 3311 4237 Verum
3361 4183 3476 4238 lucc
3505 4185 3620 4252 ipsa

2027 4286 2152 4330 sunt
2181 4319 2195 4342 ,
2228 4292 2346 4345 qure
2387 4277 2652 4344 prmcipue
2677 4276 2991 4330 modestiam
3020 4275 3135 4344 ejus
3179 4275 3485 4330 ostendunt.
3521 4276 3615 4331 Et-

2026 4368 2168 4421 enim
2200 4383 2317 4421 eum
2340 4367 2548 4421 Satanae
2575 4367 2734 4420 tradit
2763 4382 2908 4431 eum,
2937 4368 3024 4435 qui
3047 4365 3287 4419 Corinthi
3314 4365 3486 4418 fuerat
3512 4365 3621 4418 for-

2027 4459 2234 4512 nicatus
2258 4459 2336 4528 (1.
2369 4456 2487 4511 Cor.
2516 4457 2568 4513 5.
2599 4457 2683 4528 5),
2710 4472 2830 4510 cum
2874 4456 3041 4510 multa
3071 4454 3174 4510 hoc
3207 4454 3371 4510 efficit
3394 4456 3619 4510 caritate

2026 4553 2291 4622 plenoque
2337 4552 2534 4606 amoris
2575 4551 2789 4615 animo;
2824 4548 2982 4618 idque
3012 4563 3080 4603 ex
3113 4548 3346 4602 secunda
3394 4546 3618 4616 epistola

2028 4643 2306 4697 evidenter
2362 4641 2594 4696 ostendit
2625 4657 2639 4694 :
2672 4650 2726 4695 et
2751 4656 2782 4695 e
2811 4640 3031 4708 regione
3055 4653 3177 4693 eum
3215 4637 3416 4691 Judzeis
3445 4637 3646 4690 mina--

2027 4745 2132 4798 tur,
2155 4750 2216 4788 ac
2240 4734 2388 4800 dicit,
2417 4732 2652 4787 Pervenit
2678 4733 2732 4784 in
2756 4748 2840 4784 eos
2863 4732 2940 4783 ira
2961 4729 3058 4782 Dei
3075 4730 3093 4799 (
3124 4730 3176 4783 1.
3204 4727 3384 4782 Thess.
3413 4728 3468 4781 2.
3495 4727 3610 4794 i6):

2027 4841 2134 4880 non
2160 4827 2339 4894 utique
2362 4826 2540 4880 furore
2570 4825 2760 4896 plenus
2787 4823 2840 4877 id
2868 4823 3102 4892 loquitur
3127 4862 3142 4888 ,
3174 4837 3333 4891 quem
3370 4821 3620 4876 audimus

2024 4933 2123 4988 pro
2145 4919 2273 4988 ipsis
2305 4920 2611 4988 frequenter
2637 4925 2877 4971 orantem
2907 4957 2921 4982 ,
2954 4900 3050 4968 sed
3073 4913 3345 4968 deterrere
3372 4929 3466 4968 eos
3507 4921 3619 4968 stu-

2024 5010 2153 5064 dens
2178 5051 2193 5077 ,
2225 5027 2318 5079 per
2349 5026 2469 5079 quae
2496 5024 2589 5063 eos
2615 5008 2861 5063 redderet
2890 5007 3160 5062 meliores.
3195 5006 3300 5060 Sed
3330 5005 3615 5072 sacerdoti,

2024 5103 2201 5171 inquis
2226 5143 2240 5166 ,
2269 5102 2526 5170 irrogavit
2547 5101 2792 5169 injuriam
2820 5099 3047 5154 dicens:
3078 5098 3330 5152 Percutiet
3362 5108 3408 5151 te
3435 5096 3567 5150 Deus
3596 5138 3611 5160 ,

2025 5193 2189 5261 paries
2236 5191 2464 5244 dealbate
2492 5191 2510 5262 (
2538 5191 2650 5243 Act.
2677 5190 2766 5244 25.
2799 5190 2834 5244 3
2864 5191 2908 5259 ).
2955 5189 3210 5242 Novimus
3233 5187 3446 5258 quidem
3475 5185 3619 5257 quod.

2023 5282 2089 5336 de
2121 5285 2222 5336 hoc
2249 5284 2366 5336 loco
2393 5281 2555 5351 aliqui
2583 5280 2970 5335 satisfacientes
2989 5320 3004 5344 ,
3045 5279 3162 5333 loco
3205 5275 3495 5348 pr0phetia:
3518 5291 3614 5332 ve-

2025 5375 2124 5429 lint
2164 5389 2286 5429 esse
2316 5374 2457 5444 quod
2491 5374 2688 5427 dictum
2718 5380 2800 5427 est
2836 5389 2849 5426 :
2887 5385 2986 5425 nec
3029 5370 3186 5438 culpo
3215 5368 3453 5423 dicentes
3483 5385 3496 5421 :
3536 5375 3613 5421 et.

2021 5466 2162 5521 enim
2193 5465 2329 5518 istud
2358 5465 2552 5529 evenit,
2580 5465 2761 5533 sicque
2778 5463 3059 5518 defunctus
3078 5470 3177 5516 est.
3209 5461 3264 5515 Si
3291 5462 3407 5530 quis
3436 5467 3614 5514 tamen

2022 5557 2198 5610 acrior
2225 5555 2463 5625 insurgat
2490 5554 2736 5610 inimicus
2767 5595 2780 5620 ,
2814 5563 2868 5609 ct
2895 5553 3158 5608 curiosius
3184 5565 3438 5620 reparans
3459 5563 3608 5620 qua-

2087 5754 2101 5784 ί
2142 5759 2190 5802 In
2213 5759 2371 5804 Graeco
2395 5755 2462 5802 sic
2475 5751 2651 5815 legitur
2682 5765 2693 5800 :
2725 5750 2910 5801 Idcirco
2934 5746 3047 5798 talia
3071 5747 3203 5799 dicit:
