4220 6300
613 368 714 429 507

612 486 838 542 stionem
863 521 878 546 ,
904 474 1275 543 contradicat,
1306 490 1370 529 ac
1411 472 1606 528 referat
1651 489 1665 526 :
1710 469 1895 525 Nonne
1943 473 2183 528 noverat,

613 576 735 646 quia
776 584 1016 628 summus
1044 567 1160 623 eral.
1183 566 1431 622 sacerdos
1464 562 1525 615 '?
1554 562 1654 616 hoc
1698 562 1877 645 utique
1902 556 2141 612 dicemus
2168 594 2184 619 ,

614 666 862 748 quoniam
910 662 1161 717 erudiens
1204 658 1341 712 alios
1377 669 1500 724 erga
1555 667 1650 707 cos
1696 634 1812 719 qui‘
1842 648 1893 703 in
1927 654 2189 716 potestate

572 762 589 770 ‘
614 738 737 815 sunt
763 754 1055 811 modestius
1073 748 1395 813 conversari,
1416 756 1577 817 atque
1615 756 1836 799 monens
1859 780 1875 804 ,
1917 738 2032 808 ipse
2058 751 2191 806 quo-

617 865 723 920 que
752 848 878 903 huic
900 846 1069 900 voluit
1092 843 1500 909 obtemperare,
1529 837 1665 891 sicut
1690 842 1745 888 et
1771 832 2017 887 Christus
2047 827 2189 890 fecit,

616 914 705 1011 qui
754 947 901 994 certe
952 951 1073 992 cum
1121 930 1323 989 Scribis
1364 929 1510 983 mille
1556 924 1710 980 fanda
1765 934 1922 991 atque
1965 914 2192 973 nefanda

616 1009 876 1093 dixisset,
904 1028 977 1081 ait
1004 1036 1180 1081 tamen
1217 1041 1231 1076 :
1266 1022 1432 1090 Super
1478 1018 1766 1072 cathedram
1803 1010 1933 1064 Mosi
1960 1009 2195 1064 “derunt

617 1123 814 1179 Scriba
836 1129 885 1175 et
918 1116 1168 1176 Pharisa'i
1196 1131 1215 1171 :
1258 1114 1428 1169 omnia
1452 1127 1569 1180 ergo
1588 1118 1700 1179 quae
1724 1106 1896 1159 dicunt
1937 1103 2093 1162 vobis,
2117 1105 2195 1170 fa-

617 1217 713 1269 cile
736 1229 755 1277 ;
780 1211 1054 1266 secundum
1068 1217 1235 1261 autem
1255 1222 1284 1260 ο
1289 1220 1409 1274 pera
1424 1208 1594 1257 eorum
1617 1196 1772 1252 nolite
1795 1195 1961 1265 facere
1980 1191 2192 1264 (Matth.

617 1306 707 1361 23.
732 1305 782 1360 2.
822 1307 857 1360 s
885 1305 924 1373 ).

694 1397 793 1462 Qui
841 1394 1205 1465 prazdicaturus
1240 1397 1310 1441 est
1338 1383 1538 1441 verbum
1580 1375 1677 1465 Del
1731 1377 1911 1448 quibus
1958 1391 2011 1429 se
2060 1373 2196 1444 peri-

621 1487 751 1540 culis
793 1462 1031 1549 caperrat.
1078 1478 1168 1533 Ira
1208 1493 1363 1549 quare
1408 1473 1548 1528 nobis
1579 1464 1760 1525 insita.
1809 1496 1882 1508 ——
1927 1462 2001 1518 Ita
2044 1464 2201 1533 igitur

621 1582 679 1629 et
715 1572 801 1627 hic
850 1570 1081 1633 Paulus,
1113 1578 1167 1622 et
1199 1562 1534 1621 conservavit
1581 1557 1846 1629 pontificis
1892 1553 2200 1624 dignitatem

620 1672 677 1719 et
724 1660 867 1732 quod
929 1660 1163 1714 futurum
1220 1664 1377 1720 erat,
1423 1661 1547 1707 ante
1608 1646 1872 1719 praedixit.
1932 1639 2085 1711 Quod
2157 1640 2203 1695 si

624 1755 887 1811 Joannem
912 1767 942 1805 a
968 1748 1238 1805 consortio
1262 1742 1570 1816 separari“
1600 1742 1711 1793 Act.
1740 1737 1830 1793 15.
1855 1736 1975 1805 38),
1999 1742 2054 1789 et
2099 1732 2204 1787 hoc

625 1845 810 1915 utique
846 1839 1145 1896 rectissime
1190 1851 1285 1906 pro
1310 1831 1580 1889 communi
1609 1826 1787 1884 officio
1816 1822 2206 1897 pmdicatiouis

622 1910 820 1991 eﬂ’ecit.
848 1931 981 1985 Eum
1004 1927 1265 1998 siquidem
1282 1922 1371 1995 qui
1399 1920 1542 1977 istud
1568 1917 1790 1987 suscipit
1812 1910 2075 1981 cilicium,
2097 1925 2207 1966 non

624 2032 835 2094 oportet
860 2021 1075 2075 mollem
1096 2032 1216 2073 esse
1242 2008 1527 2085 quemdam
1565 2020 1725 2079 atque
1762 2007 2053 2062 resolutum
2074 2044 2091 2069 ,
2112 2001 2209 2056 sed

628 2115 823 2171 fortem
849 2120 904 2168 et
948 2126 1043 2182 per
1067 2116 1256 2165 cuncta
1285 2104 1583 2159 robustum.
1634 2099 1819 2169 Neque
1848 2095 1991 2150 enim
2020 2094 2209 2147 saltem

629 2209 892 2277 attingere
940 2204 1223 2273 quisquam
1264 2197 1423 2252 debet
1475 2190 1717 2263 princlari
1775 2187 1931 2257 hujus
1972 2182 2211 2239 muneris

631 2300 995 2363 iunctionem,
1050 2294 1151 2348 nisi
1183 2298 1396 2362 paratus
1440 2288 1510 2341 sit
1553 2283 1746 2339 millies
1783 2279 2013 2333 animam
2060 2288 2211 2329 suam

634 2393 847 2449 tradere
872 2390 925 2443 in
954 2395 1205 2445 mortem,
1232 2391 1392 2451 atque
1417 2377 1747 2433 discrimina.
1778 2372 1912 2427 Dicit
1937 2368 2078 2424 enim
2099 2368 2214 2435 ipse

636 2483 896 2543 Dominus
919 2479 1074 2534 Jcsus
1104 2492 1116 2527 :
1146 2474 1206 2529 Si
1231 2473 1343 2541 quis
1380 2472 1483 2524 vult
1523 2477 1630 2536 post
1671 2480 1749 2518 me
1774 2466 1941 2516 venire
1963 2498 1979 2524 ,
2009 2456 2215 2525 abneget

633 2574 953 2642 semetipsum
976 2610 992 2635 ,
1046 2576 1090 2621 et
1133 2565 1276 2619 tollat
1329 2575 1526 2615 crucem
1560 2572 1737 2621 suam,
1766 2564 1812 2606 et
1861 2560 2096 2620 sequatur
2138 2560 2216 2597 me

637 2667 659 2735 (
690 2632 879 2719 Metili.
912 2632 1001 2715 16.
1028 2658 1144 2726 24).
1173 2653 1274 2721 Qui
1301 2666 1431 2720 ergo
1461 2665 1565 2705 non
1596 2644 1685 2702 tali
1724 2644 1905 2699 animo
1929 2648 2011 2695 est
2036 2677 2054 2705 ,
2081 2632 2219 2690 mul-

633 2727 719 2810 tos
741 2752 899 2809 etiam
930 2749 1063 2803 alios
1107 2760 1202 2799 suo
1249 2738 1423 2812 perdit
1478 2736 1756 2807 ekemplo,
1788 2732 2059 2801 magisque
2089 2727 2219 2781 utile

634 2857 719 2904 cst
742 2844 787 2901 si
815 2845 1071 2914 quiescat,
1099 2837 1307 2906 sibique
1330 2838 1531 2887 tantum
1558 2837 1730 2890 vacet,
1774 2832 1931 2894 quam
1962 2821 2005 2876 si
2024 2833 2217 2889 proce-

638 2939 732 2995 dat
767 2937 818 2991 iu
850 2932 1080 2989 medium
1110 2939 1163 2985 et
1188 2942 1322 2983 onus
1351 2924 1461 2979 suis
1491 2922 1691 2975 viriblis
1729 2918 1905 2985 majus
1935 2919 2168 2968 assumat
2202 2927 2215 2961 :

634 3027 716 3084 sic
741 3025 881 3080 enim
907 3037 1010 3077 non
1035 3019 1299 3090 propriam
1317 3010 1612 3077 solum,scd
1630 3010 1792 3066 etiam
1812 3005 2095 3062 multorum
2118 3000 2219 3055 sibi

637 3116 966 3173 creditorum
1015 3110 1193 3181 prodit
1220 3106 1469 3161 salutem.
1516 3101 1585 3156 Et
1609 3108 1796 3155 revera
1823 3094 2091 3166 quomodo
2115 3104 2221 3146 non

641 3205 932 3263 absurdum
956 3214 1060 3267 est,
1086 3210 1146 3255 ut
1193 3213 1314 3254 cum
1357 3194 1548 3263 aliquis
1590 3189 1795 3247 nesciat
1830 3197 1998 3242 artem
2027 3183 2223 3255 guber-

642 3295 805 3352 nandi
829 3291 1202 3364 pugnandique
1225 3303 1344 3342 cum
1385 3281 1659 3348 ﬂuctibus,
1688 3292 1786 3334 nec
1814 3277 1861 3331 si
1894 3275 2039 3330 mille
2064 3271 2225 3327 rebus

642 3359 928 3455 adigatur,
958 3382 1116 3451 eligat
1158 3377 1224 3433 ad
1251 3376 1458 3431 clavum
1509 3370 1698 3426 sedere
1751 3384 1765 3421 ε
1814 3372 1869 3421 et
1918 3363 2007 3418 ille
2034 3361 2128 3432 qui
2156 3359 2223 3413 ειιι

643 3475 966 3549 praedicandi
994 3473 1166 3543 pergit
1186 3469 1651 3525 officium‘temerc
1680 3460 1747 3517 ad
1774 3457 1912 3514 istud
1933 3463 1987 3512 et
2018 3465 2228 3509 utcum-

649 3547 756 3641 que
808 3566 1103 3635 contingit,
1153 3558 1410 3623 accedat,
1440 3563 1599 3625 atque
1630 3547 2090 3607 innumerabilium
2136 3558 2225 3598 re-

646 3632 765 3715 rum
814 3632 1019 3713 curamv
1046 3654 1246 3722 absque
1287 3646 1393 3703 ulla
1446 3641 1878 3700 consideratione
1929 3632 2227 3704 suscipiat?

647 3748 771 3808 Non
799 3748 979 3816 itaque
1020 3743 1231 3805 navium
1256 3739 1686 3809 gubernatorem,
1710 3727 1900 3811 nonad
1925 3725 2124 3781 bestias
2146 3723 2230 3777 di-

656 3807 947 3895 micantem
975 3876 991 3902 ,
1034 3849 1141 3889 non
1190 3807 1316 3885 ludo
1359 3824 1671 3898 gladiatorio
1701 3807 2023 3875 destinatum
2055 3855 2070 3880 ,
2126 3829 2233 3868 non

653 3916 821 3985 alium
850 3924 1152 3996 quempiam
1182 3920 1398 3976 omnino
1418 3918 1496 3971 sic
1518 3916 1585 3970 ad
1614 3912 1923 3968 discrimina
1953 3918 2007 3962 et
2035 3916 2235 3961 mortes

654 3993 897 4091 paratam
929 3993 1085 4085 atque
1111 4012 1408 4082 expositam
1432 4013 1645 4077 oportet
1667 3993 1869 4056 habere
1898 3999 2156 4059 animum,
2178 4005 2237 4048 ut

659 4087 785 4166 eum
811 4109 899 4179 qui
939 4105 1160 4174 suscipit
1193 4100 1424 4155 officium
1456 4093 1797 4167 prazdicaudi.
1839 4090 1970 4145 Nam
2010 4097 2064 4143 et
2093 4087 2236 4156 peri-

655 4209 775 4259 cuia
819 4200 1059 4271 profecto
1086 4194 1307 4265 majora,
1343 4202 1397 4245 et
1420 4184 2026 4246 adversariisaaviores,
2056 4190 2111 4234 et
2130 4193 2235 4231 non

656 4300 824 4349 unum
850 4288 1119 4361 quoddam
1148 4282 1335 4338 mortis
1362 4295 1528 4351 genus
1554 4275 1810 4332 incumbit
1840 4316 1854 4338 ,
1888 4288 1988 4326 nec
2012 4285 2242 4340 usquam

655 4393 879 4455 prorsus
906 4378 1065 4433 simill
1095 4372 1399 4429 conditione
1447 4377 1680 4425 certatur
1703 4368 1748 4418 ¹.
1779 4364 1979 4420 Caelum
2009 4374 2240 4431 namque

722 4578 738 4609 ι
776 4582 824 4623 tn
847 4581 1008 4621 Gnaeo
1042 4569 1237 4632 legitur,
1258 4580 1317 4632 st
1351 4561 1719 4632 propitetizaret,
1760 4570 1849 4609 cur
1885 4552 2250 4632 excusationem

655 4617 839 4703 ννρίᾶι
1046 4617 1365 4703 fascem;
1375 4617 2143 4703 σεξέξςέξεέξεξξεὶηῖῖέτξδμξξέἱθτάω·

718 4680 1193 4755 δ’ἆζέἷᾶἂινηιονδ
1213 4690 1269 4739 ob
1290 4702 1369 4739 res
1387 4680 1584 4737 initiime
1600 4680 2013 4747 ignobilctrobimr.

1320 352 1379 420 s.
1403 345 1681 421 tonsis
1714 350 2188 413 cnursosrout
2226 342 2546 406 ARClllEP.
2585 333 3115 401 cous'rmnuor.

2296 460 2381 515 hic
2402 462 2455 514 in
2484 458 2721 528 prtemio,
2749 456 2803 510 in
2837 452 3097 531 supplicio
3129 459 3307 505 autem
3332 447 3574 520 gebenna
3617 446 3871 517 proponis

2294 559 2398 615 tur,
2426 557 2481 602 et
2503 557 2699 602 :eterna
2729 546 2918 600 animae
2944 542 3086 597 salus
3112 581 3129 606 ,
3160 545 3321 611 atque
3348 540 3593 610 perditio.
3632 538 3751 592 Non
3781 554 3873 592 so-

2294 640 2403 694 lum
2427 649 2604 693 autem
2627 652 2747 692 eum
2770 638 2857 706 qui
2881 632 3243 703 prtedicationi
3272 632 3585 702 accingitur,
3608 631 3684 686 sic
3709 644 3875 698 opera

2295 738 2371 784 tet
2400 729 2611 799 parari,
2657 726 2751 782 sed
2775 739 3164 796 quemcumque
3187 764 3204 790 ,
3248 723 3331 777 vel
3358 722 3669 791 simpliciter
3713 719 3878 775 Chri-

2297 821 2527 875 stianum
2550 837 2563 872 :
2590 833 2713 874 nam
2738 832 2957 873 crucem
2987 816 3174 871 tollere
3199 826 3255 871 et
3279 816 3429 886 sequi
3468 814 3738 870 Christum
3760 827 3883 866 om-

2298 912 2452 969 nibus
2478 913 2787 981 imperatur.
2830 910 2887 966 Si
2916 919 3093 966 autem
3119 911 3361 974 cunctis,
3391 908 3559 963 multo
3586 909 3757 978 magis
3782 908 3884 961 do-

2298 1004 2532 1061 ctoribus
2559 1002 2739 1073 populi
2768 1009 2927 1073 atque
2954 1000 3279 1072 pastoribus,
3307 1013 3533 1069 quorum
3562 1012 3628 1053 ex
3657 1011 3887 1053 numero

2299 1098 2457 1153 etiam
2482 1094 2719 1151 Joannes
2755 1104 2880 1149 tunc
2900 1103 3017 1161 erat
3048 1132 3064 1159 ,
3098 1093 3189 1162 qui
3230 1091 3507 1147 dicebatur
3531 1100 3585 1144 et
3628 1089 3839 1145 Marcus
3870 1106 3885 1140 :

2298 1187 2388 1257 qui
2415 1188 2665 1256 quoniam
2692 1185 2827 1241 sein
2850 1185 2961 1255 ipsa
2987 1183 3121 1240 aciei
3150 1182 3323 1238 fronte
3347 1182 3698 1243 constituens,
3726 1179 3893 1235 nimis

2302 1278 2587 1333 inviriliter
2623 1286 2802 1347 egerat
2831 1318 2845 1343 ,
2877 1290 3000 1331 eum
3042 1276 3238 1328 merito
3267 1273 3463 1328 Paulus
3507 1270 3739 1341 abjecit(
3767 1269 3887 1322 Acr.

2303 1370 2394 1426 l3.
2413 1369 2584 1433 5H5.
2608 1368 2695 1424 57.
2725 1359 2793 1422 38
2822 1366 2840 1436 )
2870 1408 2887 1430 ,
2928 1381 2997 1420 ne
3026 1364 3168 1419 illius
3219 1364 3370 1433 quasi
3397 1365 3714 1432 eontagione
3744 1364 3893 1416 vires

2304 1469 2774 1530 corrumperentur
2800 1459 3049 1512 aliorum.
3078 1456 3137 1512 Si
3165 1471 3297 1510 vero
3330 1455 3504 1509 Lucas
3534 1453 3701 1509 refert
3739 1468 3887 1523 quo-

2313 1564 2456 1619 niam
2498 1562 2675 1633 aliqua
2701 1560 2841 1614 inter
2866 1559 3009 1628 ipsos
3053 1555 3192 1611 facta
3218 1565 3301 1611 est
3330 1553 3625 1617 contentio,
3656 1550 3765 1605 noli
3786 1549 3895 1605 hoc

2307 1654 2557 1710 delictum
2611 1662 2816 1723 putare.
2859 1650 2975 1705 Non
3003 1648 3148 1704 enim
3171 1644 3502 1702 commoveri
3541 1643 3740 1698 malum
3780 1650 3895 1706 est,

2309 1746 2403 1802 sed
2435 1743 2889 1807 irrationabiliter,
2925 1741 3181 1809 nulloque
3203 1738 3351 1808 justo
3374 1736 3649 1806 ﬂagitante
3676 1733 3899 1803 negotia

2309 1836 2653 1893 commoveri.
2679 1832 2981 1899 Iracundia,
3005 1831 3178 1900 inquit
3203 1871 3221 1896 ,
3246 1829 3439 1900 injuste
3466 1844 3569 1881 non
3584 1824 3897 1897 justi/Scabi-

2312 1930 2393 1981 tur
2421 1927 2440 1997 (
2468 1925 2639 1980 Sirae.
2660 1924 2711 1979 i.
2748 1923 2844 1993 28)
2874 1939 2890 1977 :
2941 1936 3047 1977 non
3076 1929 3209 1990 ergo
3249 1919 3497 1987 culpatur
3526 1916 3752 1984 simplex
3783 1915 3898 1968 ira-'-

2313 2014 2538 2077 cundia,
2567 2013 2661 2068 sed
2689 2012 2924 2082 injusta':
2955 2018 3013 2066 et
3036 2022 3222 2064 rursus
3248 2049 3264 2074 ,
3293 2007 3397 2072 Qui
3428 2006 3588 2060 iratus
3618 2002 3903 2075 [αα-ἰητρ-

2313 2108 2379 2162 tri
2413 2122 2506 2161 suo
2531 2106 2639 2160 sine
2657 2104 2849 2174 causa(
2880 2097 3069 2155 Matth.
3102 2101 3156 2157 5.
3181 2098 3294 2169 2‘2)
3328 2114 3340 2150 :
3387 2111 3495 2152 non
3525 2111 3657 2166 ergo
3684 2092 3899 2162 simpli-

2313 2198 2449 2253 citer
2478 2198 2667 2251 iratus.
2690 2194 2759 2251 Et
2774 2182 3041 2264 PrOpbeta
3071 2192 3204 2247 dicit
3242 2208 3255 2243 :
3302 2188 3594 2243 Irascimini
3612 2229 3628 2252 ,
3673 2196 3720 2239 et
3745 2185 3906 2239 ποιέω

2315 2289 2560 2359 peccare(
2592 2282 2805 2343 Psal.4.
2838 2285 2904 2350 5;
2935 2282 3130 2354 Ephes.
3155 2283 3209 2337 4.
3236 2280 3307 2335 26
3332 2281 3373 2351 ).
3412 2277 3565 2345 Quod
3607 2276 3651 2331 si
3680 2275 3907 2330 omnino
4007 2281 4019 2291 '

2316 2377 2618 2449 bujusmodi
2643 2378 2721 2431 uti
2746 2391 2855 2432 non
2879 2382 3092 2444 oportet
3119 2372 3331 2435 affectu,
3350 2372 3509 2427 etiam
3537 2384 3659 2423 cum
3690 2378 3906 2435 tempus

2316 2471 2591 2540 exposcit,
2636 2466 2831 2524 frustra
2858 2466 3015 2521 nobis
3041 2464 3254 2520 videtur
3288 2461 3595 2532 ingenitus;
3647 2458 3740 2512 sed
3770 2471 3903 2526 prn-

2316 2560 2458 2617 i‘ecto
2487 2575 2595 2617 non
2621 2558 2836 2623 frustra,
2866 2571 3023 2627 quem
3044 2562 3194 2610 certe
3236 2550 3489 2623 providus
3510 2548 3664 2603 nobis
3687 2554 3907 2602 creator

2319 2650 2564 2713 inseruit,
2599 2656 2661 2704 ut
2693 2647 3021 2703 dormientes
3045 2644 3249 2698 animas
3281 2683 3297 2709 ,
3346 2653 3509 2710 atque
3544 2637 3805 2692 resolutas
3834 2636 3906 2689 ab

2319 2743 2509 2799 inertia
2562 2756 2627 2796 ac
2680 2738 2887 2794 desidia
2928 2738 3233 2792 suscitaret.
3294 2734 3460 2801 Quasi
3507 2732 3650 2785 enim
3714 2727 3899 2799 gladio

2319 2836 2514 2901 aciem,
2545 2835 2613 2888 ita
2642 2831 2807 2888 menti
2836 2838 3033 2885 nostra:
3062 2830 3155 2883 ira:
3177 2842 3403 2884 acumen
3434 2822 3705 2893 imposuit,
3735 2831 3791 2874 ut
3816 2834 3907 2884 eo,

2320 2944 2441 2983 cum
2471 2933 2707 2997 oportet,
2739 2932 2973 2977 utamur.
3001 2920 3290 2989 Propterea
3312 2918 3474 2988 igitur
3496 2924 3552 2971 et
3586 2915 3780 2969 Paulus
3806 2912 3915 2967 hoc

2322 3034 2467 3089 saepe
2506 3028 2591 3073 est
2627 3030 2757 3071 usus
2787 3014 2999 3079 affectu,
3048 3022 3102 3068 et
3138 3010 3379 3067 modeste
3413 3008 3757 3078 loquentibus
3795 3008 3917 3060 erat

2326 3110 2516 3164 melior
2539 3109 2723 3170 iratus,
2757 3120 2880 3160 cum
2913 3112 3156 3172 tempore
3174 3101 3357 3155 omnia
3383 3098 3584 3154 faciens
3611 3105 3920 3167 opportuno
3976 3102 3981 3107 ‘

2326 3209 2423 3272 pro
2476 3201 2625 3254 lucro
2685 3200 2740 3252 et
2792 3194 3076 3250 Commodo
3125 3190 3467 3261 praedicandi.
3519 3188 3701 3258 Neque
3771 3188 3919 3242 enim

2326 3290 2637 3361 simpliciter
2680 3287 2866 3342 lenitas
2909 3293 2991 3339 est
3018 3284 3154 3338 bona
3178 3323 3195 3349 ,
3226 3280 3321 3337 sed
3359 3296 3482 3336 cum
3532 3288 3741 3349 tempus
3765 3275 3922 3331 efﬁa-

2324 3384 2503 3455 gitat:
2546 3380 2758 3451 quando
2810 3392 2939 3432 vero
2989 3376 3043 3430 id
3098 3389 3204 3429 non
3247 3371 3427 3437 adest,
3484 3371 3645 3428 etiam
3696 3370 3795 3423 ista
3838 3367 3923 3422 vi-

2330 3477 2463 3531 tiosa
2486 3483 2584 3537 est,
2608 3472 2771 3540 titque
2798 3469 2873 3523 ira
2904 3465 3258 3522 contumacia.
3300 3464 3427 3519 Haec
3456 3478 3586 3517 Vero
3609 3460 3788 3514 omnia
3811 3474 3920 3514 non

2331 3582 2430 3638 pro
2458 3564 2619 3619 Paulo
2649 3559 2985 3616 satisfaciens
3031 3571 3149 3611 sum
3176 3556 3429 3624 loquutus
3462 3570 3477 3606 :
3508 3567 3614 3606 non
3640 3552 3783 3605 enim
3818 3565 3924 3604 no-

2331 3662 2426 3715 stri
2478 3660 2567 3713 ille
2610 3654 2813 3724 indiget
2859 3651 3159 3711 sermonis;
3198 3649 3316 3703 laus
3361 3647 3503 3701 enim
3551 3646 3670 3713 ejus
3705 3658 3811 3697 non
3847 3658 3923 3697 ex

2337 3750 2665 3814 hominibus,
2691 3746 2783 3800 sed
2822 3760 2888 3799 ex
2921 3744 3031 3798 Deo
3076 3741 3194 3811 εει(
3226 3738 3377 3792 Rom.
3408 3740 3464 3790 '2.
3494 3736 3607 3807 29)
3636 3753 3651 3801 ;
3684 3734 3778 3789 sed
3813 3744 3927 3804 quo

2333 3841 2605 3897 auditores
2632 3837 2941 3893 erudiamus
2964 3842 3063 3899 ,‘ut
3092 3832 3340 3887 omnibus
3373 3829 3441 3882 ad
3469 3825 3926 3896 opportunitatem

2336 3940 2553 3985 utantur
2598 3926 2917 3989 affectibus,
2952 3924 3092 3978 sicut
3137 3921 3247 3991 jam
3304 3928 3433 3972 ante
3476 3916 3789 3971 memoravi.
3835 3915 3930 3970 Sic

2338 4036 2567 4091 namque
2605 4019 2901 4089 poterimus
2947 4013 3181 4082 undique
3239 4010 3599 4079 spiritualium
3652 4008 3931 4061 lucrormn

2339 4115 2667 4169 incrementa
2716 4108 2988 4177 colligere,
3045 4118 3274 4172 cumque
3326 4101 3575 4156 maximis
3625 4098 3826 4154 divitiis
3859 4094 3932 4153 ad

2339 4216 2550 4277 portqu
2589 4201 2913 4257 tutissimum
2973 4198 3251 4267 pervenire
3281 4236 3297 4261 ,
3327 4203 3384 4249 ct
3434 4191 3692 4261 corisequi
3740 4190 3937 4245 indeﬁ-

2338 4301 2542 4355 cientes
2588 4308 2815 4351 coronas
2844 4333 2860 4359 ,
2908 4305 3042 4362 quas
3090 4290 3249 4344 etiam
3283 4302 3381 4341 uos
3416 4300 3607 4341 omnes
3655 4284 3938 4351 contingat

2340 4390 2574 4454 mereri,
2623 4387 2795 4458 gratia
2843 4395 2898 4439 et
2934 4381 3299 4437 misericordia
3343 4371 3554 4432 Domini
3603 4376 3771 4429 nostri
3799 4372 3937 4429 Jesu

2341 4481 2559 4544 Christi,
2598 4480 2683 4533 cui
2712 4480 2796 4532 est
2834 4475 3003 4545 gloria
3038 4483 3092 4527 et
3147 4471 3427 4541 imperium
3454 4509 3470 4535 ,
3522 4468 3574 4521 in
3605 4465 3798 4521 sazcula
3824 4479 3937 4520 sa:-

2342 4573 2605 4628 culorum.
2626 4571 2825 4624 Amen.

659 4770 3939 4841 Νη...

1512 4902 1651 4975 DE
1708 4887 2227 4971 LAUDIBUS
2280 4862 2663 4958 SAN'CTI
2716 4874 3041 4950 PAULI

2140 5032 2456 5081 APOSTOLI.

2016 5182 2227 5202 ..α-ιι..-

1280 5311 1496 5353 EOIILIA
1534 5309 1625 5348 VII.

737 5395 957 5467 Quoties
980 5392 1048 5458 ii,
1068 5390 1158 5462 qui
1184 5399 1395 5460 portant
1424 5388 1572 5457 signa
1604 5381 1799 5452 regalia
1822 5379 2097 5449 clangente
2118 5385 2244 5431 ante

664 5492 727 5548 be
748 5491 872 5546 tuba
890 5497 944 5544 et
968 5487 1080 5542 acie
1108 5486 1332 5540 militum
1363 5489 1653 5552 prmeunte,
1678 5476 2041 5545 ingrediuntur
2063 5472 2243 5534 urbes,

666 5579 844 5638 omnis
891 5579 1113 5649 populus
1152 5575 1428 5631 consuevit
1478 5582 1761 5626 accurrere
1809 5567 1874 5620 ad
1924 5564 2245 5619 audiendum

669 5670 911 5729 buccina:
945 5685 1156 5733 sonum,
1194 5668 1273 5722 vel
1304 5668 1510 5736 signum
1552 5661 1692 5731 quod
1738 5660 1788 5713 in
1830 5658 2053 5711 sublime
2081 5656 2245 5708 fertur

667 5762 977 5830 videndum,
1019 5761 1185 5832 ipsius
1220 5759 1379 5815 etiam
1425 5756 1672 5810 virtutem
1722 5748 1957 5807 ferentis.
1983 5747 2243 5815 Quoniam

2226 5159 2335 5217 Ἦ

2346 5170 2597 5191 —-——d

2352 5282 2510 5353 igitur
2538 5288 2593 5335 et
2621 5274 2781 5332 hodie
2808 5288 2916 5328 non
2946 5271 3155 5337 urbem,
3184 5266 3277 5325 sed
3307 5262 3492 5323 orbem
3538 5266 3734 5323 Paulus
3762 5268 3946 5337 ingree

2352 5374 2515 5439 ditur,
2545 5380 2931 5426 coucurramus
2959 5378 3167 5419 omnes.
3200 5362 3409 5416 Etenim
3454 5360 3559 5416 iste
3588 5376 3693 5415 non
3721 5361 3948 5430 signum

2355 5464 2552 5520 terreni
2579 5461 2803 5531 alicujus
2845 5456 3007 5527 regis,
3049 5454 3144 5509 sed
3187 5470 3240 5507 In
3266 5453 3399 5507 caelo
3429 5453 3698 5521 regnantis
3736 5451 3950 5508 Christi

2353 5570 2570 5612 crucem
2597 5561 2807 5622 portat;
2837 5548 3146 5619 praecedunt
3175 5561 3279 5600 non
3308 5545 3604 5610 hominum,
3648 5542 3741 5598 sed
3776 5559 3950 5614 ange-

2354 5647 2524 5701 lorum
2541 5653 2791 5708 catervze,
2824 5656 2928 5696 nou
2958 5638 3131 5695 solum
3158 5639 3208 5692 in
3228 5638 3487 5692 honorem
3510 5636 3624 5705 ejus
3641 5634 3772 5705 signi
3793 5635 3942 5705 quod

2353 5742 2541 5807 fertur,
2575 5737 2669 5795 sed
2694 5734 2931 5794 etiamin
2962 5733 3097 5805 ejus,
3132 5747 3162 5788 a
3188 5748 3293 5802 quo
3324 5731 3510 5800 fertur,
3543 5730 3820 5786 auxilium.
