4220 6300
661 340 769 399 ὕθθ

725 451 790 504 El
844 446 954 518 γάρ
1010 447 1121 509 τοῖς
1181 443 1272 499 τὸν
1327 444 1453 498 [διον
1513 443 1626 512 βίον
1688 443 2024 513 οἰκονομοῦσι
2045 483 2060 504 ,
2121 445 2213 497 καὶ

654 553 806 607 οὐδὲν
849 551 958 605 τῶν
997 549 1191 603 κοινῶν
1252 548 1578 620 πράττουσιν
1601 587 1616 611 ,
1670 547 1888 616 ἄγγελοι
1929 548 2078 618 παρά
2120 550 2212 601 τοῦ

654 649 763 702 τῶν
831 648 966 702 δλων
1047 646 1315 700 Δεσπότου
1400 645 1508 697 είσὶ⁵
1583 644 1855 714 δεδομένοι
1935 645 2172 713 φύλακες
2201 683 2215 707 ,

658 749 844 814 καθὼς
896 751 989 805 καί
1045 766 1129 812 τις
1169 749 1364 819 φησιν’
1437 749 1489 800 Ὁ
1541 749 1783 818 ἄγγελος
1844 751 1878 802 ό
1921 749 2218 818 ρυόμενός

655 872 727 921 με
766 856 837 907 ἐκ
882 853 1160 920 νεότητός
1206 868 1352 918 μου·
1382 850 1563 921 πολλῷ
1599 850 1796 921 μᾶλλον
1841 851 1933 904 ἐπὶ
1971 851 2082 905 τῶν
2119 851 2218 921 τὴν

653 957 973 1028 οίκουμένην
994 956 1443 1026 ἐγχειρισθέντων
1458 956 1551 1008 καὶ
1574 955 1887 1025 τηλικοῦτον
1919 955 2216 1024 βασταζόν-

651 1076 760 1112 των
787 1059 949 1126 δγκον
977 1058 1214 1129 δωρεῶν,
1249 1059 1500 1132 πάρεισιν
1539 1059 1594 1112 αί
1621 1058 1876 1128 δυνάμεις
1911 1059 1968 1111 αἱ
1997 1058 2128 1112 ἀνω.
2152 1060 2215 1112 Ol

654 1159 754 1228 μὲν
775 1153 869 1211 οῦν
896 1156 1047 1227 παρά
1075 1158 1184 1212 τῶν
1205 1157 1413 1224 ἔξωθεν
1460 1156 1663 1226 ταύτης
1689 1158 1981 1229 ⁴ήξιωμένοι
2003 1160 2104 1230 τῆς
2134 1176 2217 1211 τι-

651 1261 781 1332 μῆς,
818 1261 1012 1332 ίμάτια
1055 1261 1390 1330 περίκεινται
1433 1260 1527 1312 καὶ
1574 1260 1958 1330 περιαυχένιον
2006 1260 2213 1330 κόσμον

647 1363 903 1434 χρυσοῦν,
936 1363 1028 1417 καὶ
1054 1360 1313 1415 πάντοθέν
1346 1362 1450 1413 είσι
1483 1359 1721 1432 λαμπροί
1741 1378 1753 1390 ‘
1772 1355 1925 1426 οὗτος
1948 1362 2006 1415 δὲ
2023 1362 2216 1416 ἀλυσιν

648 1469 771 1521 ἀντὶ
804 1465 1006 1538 χρυσοῦ
1059 1465 1461 1536 περικείμενος,
1496 1464 1755 1535 βαστάζει
1801 1467 1892 1520 τὸν
1937 1466 2169 1538 σταυρόν
2197 1482 2210 1498 ο

647 1563 801 1632 οὗτος
819 1561 1192 1640 ἐλαυνόμενος,
1211 1558 1365 1629 οὗτος
1384 1567 1773 1639 μαστιζόμενος
1789 1571 1882 1622 καὶ
1904 1568 2207 1639 λιμώττων.

660 1673 820 1726 Ἀλλά
869 1674 945 1744 μὴ
977 1671 1304 1744 στυγνάσῃς,
1338 1672 1607 1742 ἀγαπητέ.
1641 1673 1752 1725 Καὶ
1803 1673 1911 1744 γὰρ
1940 1675 1968 1726 ό
2015 1675 2217 1741 κόσμος

646 1773 803 1841 οὗτος
847 1777 1055 1831 ἐκείνου
1099 1775 1277 1845 πολλῷ
1324 1775 1544 1846 βελτίων
1565 1776 1658 1828 καὶ
1689 1775 2079 1846 λαμπρότερος,
2115 1776 2213 1829 καὶ

644 1879 764 1948 Θεῷ
808 1881 959 1948 φίλος
985 1896 998 1909 ο
1047 1878 1127 1932 διὸ
1173 1879 1268 1932 καὶ
1319 1878 1600 1949 βαστάζων
1645 1880 1744 1932 οὐκ
1787 1880 2012 1950 ἔκαμνε.
2045 1878 2218 1932 Τοῦτο

645 1984 754 2058 γάρ
785 1985 898 2037 ἐστι
921 1983 983 2036 τὸ
1001 1983 1330 2061 θαυμαστὸν,
1369 1985 1451 2037 ὅτι
1485 1983 1622 2054 μετὰ
1643 1984 1855 2055 δεσμῶν
1887 1985 1981 2038 καὶ
2010 1984 2208 2054 μαστί-

644 2103 759 2154 γων
786 2087 879 2139 καὶ
903 2087 1216 2156 στιγμάτων
1245 2085 1624 2157 λαμπρότερος
1651 2086 1757 2138 τῶν
1793 2086 1891 2158 τήν
1919 2086 2213 2156 ἁλουργίδα

643 2189 736 2242 καὶ
763 2190 820 2241 τὸ
841 2188 1080 2258 διάδημα
1114 2187 1342 2257 ἐχόντων
1389 2181 1480 2259 ἦν.
1512 2189 1633 2240 Ὀτι
1661 2187 1769 2258 γάρ
1807 2175 2210 2258 λαμπρότερος,

642 2288 738 2343 καὶ
767 2290 828 2341 οὐ
855 2289 1064 2358 κόμπος
1095 2287 1164 2341 τά
1191 2290 1474 2360 εἰρημένα,
1505 2287 1766 2358 ἐδήλωσεν
1786 2289 1951 2343 αὑτοῦ
1990 2289 2060 2342 τὰ
2083 2290 2212 2360 ἱμά-

639 2410 750 2447 τια.
808 2393 1123 2463 Διαδήματα
1167 2392 1266 2462 μὲν
1317 2391 1424 2463 γὰρ
1485 2392 1654 2464 μυρία
1716 2393 1811 2445 καὶ
1877 2393 2209 2464 πορφυρίδας

639 2493 905 2555 τοσαύτας
937 2492 1002 2546 ἂν
1037 2490 1231 2562 ἐπιθῇς
1253 2489 1644 2560 ἀρρωστοῦντι,
1678 2489 1800 2542 οὐδὲ
1818 2489 2009 2559 μικρόν
2030 2507 2081 2542 τι
2106 2489 2206 2559 τῆς

641 2594 835 2666 φλογὸς
849 2592 1212 2664 ὑποτεμέσθαι
1239 2592 1441 2663 δυνήσῃ
1459 2606 1475 2624 ⁸
1489 2591 1556 2644 τὰ
1571 2591 1627 2643 δὲ
1655 2590 1862 2643 ἐκείνου
1886 2589 2204 2659 σημικίνθια

639 2698 929 2768 ὁμιλοῦντα
960 2699 1072 2759 τοῖς
1102 2695 1314 2766 σώμασι
1334 2694 1443 2747 τῶν
1479 2694 1810 2764 καμνόντων,
1851 2693 2030 2745 πᾶσαν
2057 2693 2210 2744 νόσον

637 2801 992 2871 δραπετεύειν
1014 2801 1190 2852 ποιεῖ’
1212 2798 1308 2852 καὶ
1340 2797 1584 2859 είκότως.
1612 2796 1676 2849 El
1695 2795 1802 2866 γὰρ
1831 2796 2026 2866 λῃσταὶ
2047 2793 2206 2847 τοῦτο

635 2901 871 2972 δρῶντες
896 2899 958 2953 τὸ
991 2901 1212 2970 σημεῖον
1237 2899 1298 2952 ού
1325 2877 1592 2968 τολμῶσιν
1634 2897 1897 2965 ἐπελθεῖν,
1925 2897 2039 2950 ἀλλ’
2063 2898 2202 2966 άμε-

534 3064 543 3073 _
635 3004 936 3075 ταστρεπτὶ
972 3005 1251 3074 φεύγουσι,
1276 3003 1453 3074 πολλῷ
1489 3002 1688 3073 μᾶλλον
1714 3003 1857 3055 νόσοι
1895 3003 1988 3056 καὶ
2015 3001 2206 3072 δαίμο-

636 3125 724 3172 νες
746 3107 975 3178 δρῶντες
996 3107 1170 3160 ἐκεῖνο
1211 3105 1271 3159 τὸ
1301 3109 1525 3176 σημεῖον
1543 3105 1850 3174 φεύγουσιν.
1893 3103 2198 3169 Ἐϐάσταζε

634 3211 714 3274 δέ,
747 3212 845 3280 οὐχ
875 3211 962 3263 ἵνα
987 3208 1147 3272 αὐτὸς
1177 3209 1308 3262 αὐτὸ
1335 3208 1471 3279 φέρῃ
1498 3207 1676 3278 μόνος,
1699 3207 1813 3261 ἀλλ’
1838 3207 1924 3259 ῐνα
1953 3206 2204 3268 ἅπαντας

634 3311 902 3374 τοιούτους
937 3313 1134 3380 ποιήσῃ
1177 3310 1270 3362 καὶ
1319 3309 1505 3380 διδάξῃ
1537 3309 1823 3378 βαστάζειν
1847 3324 1860 3338 ο
1902 3307 1982 3360 διὸ
2025 3308 2202 3376 ἐλεγε,

636 3413 786 3486 [513}
839 3414 1098 3482 Μιμηταί
1123 3429 1242 3481 μου
1289 3414 1547 3482 γίνεσθε,
1593 3411 1788 3477 καθὼς
1814 3412 1979 3479 ἔχετε
2009 3414 2202 3465 τύπον

632 3515 792 3585 ἡμᾶς
810 3530 824 3543 ·
865 3515 957 3566 καὶ
983 3513 1165 3581 πάλιν,
1190 3515 1249 3566 Ἀ
1273 3512 1461 3566 εἰδετε
1500 3513 1600 3566 καί
1625 3513 1922 3580 ἠκούσατε
1949 3513 2018 3566 ἐν
2043 3512 2194 3580 ἐμοὶ,

624 3618 820 3685 ,ταῦτα
845 3615 1152 3684 πράσσετε
1171 3633 1185 3646 ’
1240 3616 1334 3670 καὶ
1361 3615 1543 3680 πάλιν,
1588 3616 1748 3684 Ἡμῖν
1780 3615 2094 3684 ἐχαρίσθη,
2124 3618 2197 3670 οὺ

628 3718 820 3789 μόνον
850 3717 913 3770 τὸ
941 3719 1028 3783 είς
1053 3717 1242 3771 αὑτὸν
1259 3717 1588 3782 πιστεύειν,
1617 3715 1779 3770 ἀλλὰ
1813 3716 1915 3772 καί
1941 3715 2009 3768 τὸ
2043 3717 2200 3784 ὑπὲρ

631 3819 820 3875 αὐτοῦ
852 3818 1130 3888 πάσχειν.
1177 3818 1259 3872 Τά
1309 3819 1408 3888 μὲν
1453 3819 1563 3888 γάρ
1600 3817 1694 3886 τοῦ
1743 3818 2007 3888 παρόντος
2039 3817 2202 3885 ἀξιὼ-

635 3939 783 3994 ματα
833 3921 949 3992 βίου
995 3920 1114 3974 τότε
1178 3921 1400 3990 μείζονα
1450 3920 1737 3988 φαίνεται,
1793 3921 1923 3973 ὅταν
1976 3922 2056 3983 είς
2105 3921 2202 3976 ἕνα

631 4027 860 4096 περιστῇ
886 4025 1075 4094 μόνον·
1109 4025 1203 4077 ἐπὶ
1224 4025 1280 4078 δέ
1310 4025 1418 4077 τῶν
1441 4021 1824 4092 πνευματικῶν
1842 4023 2150 4076 τούναντίον
2179 4037 2195 4053 ⁶

628 4128 750 4180 τότε
775 4125 1009 4197 μάλιστα
1030 4126 1236 4196 λάμπει
1263 4126 1323 4179 τὸ
1343 4126 1442 4196 τῆς
1463 4125 1650 4196 τιμῆς,
1677 4125 1808 4177 ὅταν
1839 4123 2064 4186 πολλοὺς
2096 4124 2198 4192 τῆς

628 4230 922 4304 προεδρίας
946 4228 1042 4300 ἔχη
1074 4228 1382 4293 κοινωνοὺς,
1402 4229 1497 4280 καὶ
1519 4227 1646 4280 ὅταν
1674 4229 1702 4279 ό
1732 4226 1975 4296 μετέχων
2003 4225 2076 4296 μὴ
2116 4220 2199 4288 εἷς

630 4329 688 4406 ᾖ,
711 4332 846 4386 ἀλλὰ
871 4329 1095 4390 πολλοὺς
1125 4329 1224 4401 ἔχῃ
1245 4329 1370 4390 τοὺς
1392 4328 1501 4379 τῶν
1537 4327 1715 4380 αὐτῶν
1737 4327 2123 4388 ἀπολαύοντας.

709 4435 870 4505 Ὁρᾷς
918 4427 1010 4486 οῦν
1040 4432 1248 4494 πάντας
1284 4433 1699 4500 σημειοφόρους,
1737 4430 1831 4483 καὶ
1857 4430 2086 4483 ἕκαστον
2137 4435 2199 4483 τὸ

627 4537 798 4606 ὄνομα
836 4534 1002 4587 αὑτοῦ
1045 4532 1380 4602 βαστάζοντα
1435 4532 1667 4586 ἐνώπιον
1712 4533 1882 4585 ἐθνῶν
1915 4534 2008 4586 καὶ
2042 4533 2198 4602 βασι-

627 4640 783 4703 λέων,
814 4638 973 4690 αὑτὸν
1017 4638 1075 4689 δέ
1124 4638 1218 4689 καὶ
1258 4634 1486 4689 ἐνώπιον
1535 4635 1783 4707 γεέννης,
1825 4637 1920 4690 καὶ
1965 4635 2196 4690 ἐνώπιον

629 4741 922 4804 κολάσεως.
961 4739 1098 4792 Ἀλλ’
1123 4739 1220 4792 οῦκ
1265 4735 1415 4791 εἶπεν
1450 4739 1620 4800 οὕτως
1641 4755 1655 4768 ·
1683 4737 1744 4790 οὐ
1783 4737 1891 4809 γάρ
1937 4738 2197 4807 ἠδύναντο

628 4848 824 4899 ἐκεῖνοι
860 4843 1162 4914 βαστάζειν.
1196 4838 1353 4906 Εἶδες
1383 4819 1511 4911 ὅσης
1544 4842 1689 4896 ἐστὶν
1720 4843 1923 4912 ἀρετῆς
1962 4845 1994 4913 ή
2033 4843 2195 4912 φύσις

628 4951 666 5019 η
694 4948 936 5019 ἡμετέρα
961 4948 1179 5017 δεκτική
1205 4964 1219 5011 ;
1254 4947 1328 5008 ῶς
1359 4947 1510 4999 οὐδὲν
1538 4945 1829 5016 ἀνθρώπου
1872 4946 2194 5016 τιμιώτερον

629 5054 719 5106 καὶ
741 5051 932 5121 θνητοῦ
965 5052 1240 5121 μένοντος;
1267 5051 1330 5104 Τί
1351 5051 1457 5120 γάρ
1492 5065 1579 5121 μοι
1604 5050 1796 5102 τούτου
1834 5050 2018 5121 μεῖζον
2049 5051 2195 5120 ἔχεις

626 5156 834 5218 εἰπεῐνς
870 5153 995 5205 τίδὲ
1022 5151 1164 5218 ῐσον;
1199 5151 1378 5204 πόσων
1410 5150 1467 5202 δὲ
1499 5150 1748 5218 ἀγγέλων
1787 5153 1883 5204 καὶ
1913 5150 2192 5220 ἀρχαγγέ-

627 5258 732 5311 λων
766 5256 867 5308 οὐκ
916 5255 1062 5308 ἔστιν
1111 5255 1263 5321 ἀξιος
1302 5257 1330 5306 ὁ
1378 5254 1534 5307 τοῦτο
1575 5253 1746 5306 εἰπὼν
1781 5254 1843 5306 τὺ
1893 5256 2084 5324 ῥῆμα;
2138 5255 2194 5308 Ὀ

625 5362 733 5432 γὰρ
761 5361 817 5414 ἐν
847 5357 1055 5428 σώματι
1077 5356 1255 5428 θνητῷ
1303 5357 1395 5411 καὶ
1445 5359 1695 5428 ἐπικήρῳ
1731 5356 1907 5409 πάντα
1935 5357 2073 5427 ὑπὲρ
2101 5357 2191 5409 τοῦ

628 5463 857 5537 Χριστοῦ
878 5463 1127 5535 προδοὺς,
1155 5455 1229 5516 ὧν
1251 5462 1432 5534 κύριος
1453 5457 1544 5532 ἦν,
1563 5460 1761 5530 μᾶλλον
1786 5459 1842 5512 δέ
1869 5455 1944 5513 ὧν
1975 5461 2076 5512 οὐκ
2100 5454 2188 5529 ἦν’

628 5570 721 5622 καὶ
745 5569 851 5640 γὰρ
865 5568 957 5622 καὶ
983 5567 1052 5619 τά
1075 5566 1362 5630 ἐνεστῶτα,
1386 5566 1481 5618 καὶ
1504 5565 1571 5618 τὰ
1599 5565 1857 5635 μέλλοντα
1889 5563 2188 5633 προέδωκε,

627 5670 719 5724 καί
751 5665 948 5737 ὕψωμα
975 5669 1067 5722 καὶ
1103 5667 1261 5732 βάθος
1293 5670 1386 5723 καὶ
1414 5668 1590 5722 κτίσιν
1610 5667 1802 5736 ἑτέραν
1823 5684 1836 5699 ο
1869 5659 2024 5730 οὗτος
2045 5665 2091 5717 εί
2123 5667 2182 5718 ἐν

1393 340 1451 397 ς.
1489 337 1776 396 JOANNIS
1815 337 2304 396 CHRYSOSTOMI
2342 338 2659 395 AKCIIIEP.
2698 339 3240 396 CONSTANTINOP.

3775 334 3886 392 5m

2322 448 2598 518 ἀσωμάτῳ
2655 447 2810 518 φύσει
2840 441 2928 518 ἦν,
2970 446 3036 498 τί
3056 447 3156 498 οὐκ
3201 446 3266 500 ἀν
3309 439 3464 511 εἶπες
3513 444 3566 498 τί
3607 445 3667 500 δέ
3694 447 3796 499 οὐκ
3821 447 3892 501 ἀν

2319 553 2555 624 ἐπραξες
2597 554 2704 606 Καὶ
2725 552 2833 622 γὰρ
2861 552 2958 606 καὶ
2980 553 3104 614 τοὺς
3128 551 3392 619 ἀγγέλους
3429 551 3518 605 διὰ
3549 550 3708 605 τοῦτο
3754 551 3890 605 θαυο

2322 654 2498 722 μάζω,
2530 655 2612 707 ὅτι
2663 653 3076 725 κατηξιώθησαν
3118 655 3371 724 τοιαύτης
3416 655 3604 726 τιμῆς,
3652 655 3752 727 οὐχ
3807 655 3896 707 δτι

2320 756 2594 827 ἀσώματοι
2613 757 2797 827 ἔτυχον
2823 758 2974 822 ὄντες
2989 775 3002 788 ο
3031 759 3154 812 ἐπεὶ
3173 759 3266 812 καὶ
3281 761 3309 812 ὁ
3332 759 3574 823 διάῦολος
3597 756 3891 828 ἀσώματός

2318 861 2380 914 τέ
2406 861 2521 914 ἐστι
2552 862 2648 914 καὶ
2674 861 2925 932 ἀόρατος,
2947 862 3063 916 ἀλλ’
3094 864 3244 933 ὅμως
3267 863 3484 916 πάντων
3512 863 3661 914 ἐστὶν
3691 861 3900 916 ἀθλιὼ-

2317 981 2491 1034 τερος,
2531 964 2720 1036 ἐπειδὴ
2745 965 2824 1035 τῷ
2854 967 3139 1036 ποιήσαντι
3166 966 3540 1038 προσέκρουσε
3767 965 3892 1017 Ἐν·

2317 1065 2506 1120 τεῦθεν
2539 1068 2633 1121 καὶ
2658 1067 2977 1140 ἀνθρώπους
3013 1070 3232 1134 ἀθλίους
3251 1066 3390 1125 εἷναί
3411 1087 3612 1141 φαμεν,
3633 1070 3732 1139 οὐχ
3757 1069 3890 1122 ὅταν

2321 1170 2500 1240 σάρκα
2527 1172 2940 1243 περικειμένους
2974 1173 3193 1243 ἴδωμεν,
3223 1174 3340 1227 ἀλλ’
3361 1175 3491 1228 ὅταν
3529 1173 3608 1244 μὴ
3638 1174 3721 1236 είς
3766 1173 3891 1226 δέον

2319 1274 2456 1345 αὐτῇ
2489 1276 2803 1346 χρωμένους
2823 1292 2838 1306 ⁸
2889 1277 3012 1330 ἐπεὶ
3043 1277 3140 1331 καὶ
3191 1279 3220 1329 ὁ
3250 1276 3462 1342 Παῦλος
3517 1264 3695 1347 σάρκα
3725 1292 3890 1345 περι-

2320 1377 2515 1435 έκειτο.
2528 1381 2697 1434 Πόθεν
2719 1377 2812 1435 οὖν
2831 1381 3072 1446 τοιοῦτος
3099 1378 3167 1453 ἦν
3187 1400 3202 1449 ;
3226 1384 3336 1437 Καὶ
3364 1381 3598 1446 οἴκοθεν,
3624 1381 3718 1435 καὶ
3737 1381 3892 1451 παρά

2319 1479 2475 1548 Θεοῦ,
2511 1483 2604 1535 καὶ
2653 1482 2742 1538 διά
2772 1482 2931 1537 τοῦτο
2962 1485 3113 1555 παρά
3141 1484 3298 1552 Θεοῦ,
3327 1485 3513 1556 ἐπειδὴ
3550 1483 3792 1538 οἴκοθεν·
3824 1483 3891 1536 ού

2319 1584 2428 1656 γάρ
2459 1585 2575 1638 ἐστι
2609 1587 3078 1659 προσωπολήπτης
3107 1589 3136 1640 ό
3167 1587 3318 1652 Θεός.
3359 1589 3423 1640 El
3463 1588 3522 1641 δέ
3555 1587 3754 1656 λέγοις,
3791 1589 3890 1641 καὶ

2319 1687 2436 1750 πῶς
2461 1687 2683 1742 δυνατὸν
2715 1689 2953 1754 ἐκείνως
2988 1689 3348 1761 μιμήσασθαι,
3378 1691 3608 1744 ἄκουσον
3634 1691 3688 1742 τί
3720 1705 3886 1760 φησι·

2319 1792 2576 1859 Μιμηταί
2598 1809 2716 1860 μου
2732 1794 2994 1862 γίνεσθε,
3016 1795 3211 1859 καθὼς
3230 1793 3392 1863 κάγὼ
3411 1793 3690 1862 Χριστοῦ.
3723 1794 3890 1846 Ἐκεῖ-

2319 1911 2408 1957 νος
2452 1894 2545 1946 τοῦ
2591 1895 2826 1966 Χριστοῦ
2857 1899 3046 1965 γέγονε
3091 1897 3363 1968 μιμητὴς,
3405 1896 3469 1948 σὺ
3505 1895 3564 1948 δὲ
3614 1895 3746 1948 οὐδὲ
3789 1893 3888 1948 τοῦ

2320 2000 2635 2067 συνδούλους
2677 2005 2884 2066 ἐκεῖνος
2926 2003 3206 2074 Δεσπότην
3237 2003 3500 2074 ἐζήλωσε,
3551 2003 3615 2055 σὺ
3659 1999 3716 2053 δὲ
3764 1998 3888 2052 οὐδὲ

2313 2101 2404 2156 τὸν
2429 2101 2742 2173 ὁμόδουλον;
2773 2106 2869 2158 καὶ
2896 2105 3056 2158 ποίαν
3079 2104 3221 2171 ἐξεις
3251 2103 3584 2171 ἀπολογίαν;
3615 2103 3726 2156 Καὶ
3767 2101 3886 2166 πῶς

2314 2207 2475 2260 αὐτὸν
2513 2210 2838 2278 ἐμιμήσατο,
2875 2209 3038 2279 φησί;
3073 2208 3241 2261 Τοῦτο
3267 2207 3325 2274 ἐξ
3360 2209 3532 2279 ἀρχῆς
3560 2209 3755 2260 σκόπει
3785 2207 3882 2259 καί

2313 2309 2410 2363 ἀπ’
2427 2309 2602 2363 αὐτῶν
2617 2311 2724 2363 τῶν
2745 2311 3064 2382 προοιμίων.
3099 2310 3318 2380 Ἐπειδὴ
3345 2311 3453 2380 γάρ
3475 2308 3583 2362 ἀπὸ
3600 2309 3706 2362 τῶν
3725 2308 3886 2360 θείων

2313 2415 2567 2483 ναμάτων
2594 2413 2847 2468 τοσοῦτον
2877 2413 2987 2485 πῦρ
3017 2413 3154 2484 ἔχων
3190 2413 3442 2484 ἀνῆλθεν,
3485 2413 3562 2475 ὡς
3593 2412 3727 2483 μηδὲ
3754 2412 3886 2463 άνα-

2315 2504 2496 2586 μέῖναι
2531 2517 2845 2572 διδάσκαλον
2865 2533 2879 2546 '
2907 2517 2967 2569 ού
3009 2517 3119 2589 γάρ
3155 2517 3470 2586 σκριέμεινε
3503 2516 3728 2587 Πέτρον,
3759 2515 3886 2569 οὐδὲ

2309 2613 2441 2688 ἦλθε
2472 2619 2607 2688 πρὸς
2648 2618 2923 2686 Ἰάκωϐον,
2958 2619 3078 2672 οὐδὲ
3108 2618 3245 2690 πρὸς
3275 2617 3434 2672 ἀλλον
3483 2619 3710 2681 οὐδένα,
3766 2617 3885 2671 ἀλλ’

2312 2723 2416 2775 ὑπὸ
2439 2722 2542 2792 τῆς
2584 2722 2892 2793 προθυμίας
2920 2722 3129 2794 ἀρθεὶς,
3168 2720 3311 2775 οὕτω
3336 2721 3435 2792 τὴν
3463 2722 3617 2776 πόλιν
3651 2721 3884 2792 ἀνῆψεν,

2310 2826 2386 2889 ὡς
2443 2826 2676 2896 πόλεμον
2725 2827 3182 2898 ἀναρριπισθῆναι
3222 2829 3342 2880 κατ’
3382 2826 3548 2880 αὐτοῦ
3601 2827 3837 2897 χαλεπόν
3867 2844 3882 2858 ο

2310 2934 2432 2987 ἐπεὶ
2479 2935 2574 2988 καὶ
2619 2934 2867 2998 Ἰουδαῖος
2916 2936 3014 3000 ὢν,
3058 2935 3128 2988 τά
3171 2937 3310 3006 ὑπὲρ
3335 2936 3435 3007 τὴν
3464 2934 3622 3000 ἀξίαν
3667 2935 3882 3001 ἐποίει,

2308 3041 2604 3113 δεσμεύων,
2628 3043 2876 3110 ἀπάγων,
2900 3043 3167 3113 δημεύων.
3186 3043 3342 3096 Οὕτω
3371 3045 3468 3096 καὶ
3498 3044 3764 3114 Μωῦσῆς,
3786 3045 3884 3097 καὶ

2310 3144 2459 3218 [514]
2491 3147 2704 3210 οὐδενὸς
2759 3150 3238 3218 χειροτονήσαντος
3268 3149 3431 3202 αὑτὸν
3451 3190 3466 3215 ,
3521 3151 3622 3222 τὴν
3658 3151 3876 3204 ἀδικίαν

2305 3253 2412 3306 τῶν
2441 3253 2733 3326 βαρϐάρων
2765 3253 3004 3308 ἐκώλυσε
3035 3255 3132 3325 τὴν
3160 3257 3300 3310 κατά
3321 3255 3429 3312 τῶν
3458 3259 3768 3329 ὁμοφύλων.
3853 3239 3859 3244 ’

2376 3381 2559 3433 Ταῦτα
2587 3381 2694 3455 γὰρ
2722 3382 2900 3453 ψυχῆς
2931 3386 3180 3452 γενναίας
3205 3387 3474 3452 ἀπόδειξις
3526 3390 3620 3442 καὶ
3653 3388 3880 3462 γνώμης

2305 3488 2609 3560 ἐλευθέρας,
2665 3491 2765 3543 οὐκ
2817 3492 3162 3565 ἀνεχομένης
3195 3497 3321 3566 σιγῇ
3371 3496 3652 3566 φέρειντά
3676 3499 3880 3567 ἐτέρων

2305 3595 2468 3661 κακά,
2503 3594 2604 3648 κᾶν
2639 3596 2827 3665 μηδεὶς
2855 3599 2884 3649 ό
2921 3595 3322 3674 χειροτονῶν
3357 3602 3480 3655 Ὀτι
3515 3602 3626 3674 γὰρ
3653 3603 3880 3669 δικαίως

2303 3704 2613 3775 ἐπεπήδησε
2634 3707 2697 3775 τῇ
2719 3706 3045 3776 προστασίᾳ,
3063 3706 3264 3771 ἔδειξεν
3285 3710 3314 3762 ό
3336 3709 3468 3773 Θεὸς
3492 3714 3879 3784 χειροτονήσας

2303 3815 2464 3867 αὑτὸν
2493 3813 2745 3884 ὕστερον⁸
2770 3815 2798 3868 δ
2821 3818 3018 3871 καὶέπὶ
3036 3818 3249 3872 Παύλου
3273 3821 3592 3890 πεποίηκεν.
3624 3822 3746 3876 Ὅτι
3765 3822 3881 3897 γὰρ

2303 3925 2397 3977 καὶ
2421 3919 2573 3986 οὗτος
2597 3925 2774 3988 καλῶς
2792 3925 3014 3995 ἐποίησε
3034 3926 3128 3980 τοῦ
3147 3927 3306 3998 λόγου
3330 3927 3607 3999 ἁψάμενος
3632 3931 3754 3985 τότε
3780 3933 3883 3988 καὶ

2301 4015 2400 4100 τῆς
2422 4031 2787 4096 διδασκαλίας,
2819 4033 3089 4086 καὶτοῦτο
3111 4036 3383 4105 ἐδήλωσεν
3409 4040 3437 4090 ό
3473 4038 3627 4102 Θεὸς,
3662 4042 3878 4112 ταχέως

2302 4143 2461 4196 αὑτὸν
2491 4144 2583 4196 ἐπὶ
2604 4144 2661 4196 τὸ
2675 4143 2783 4196 τῶν
2800 4145 3133 4200 διδασκάλων
3164 4145 3382 4217 ἀξίωμα
3406 4149 3650 4218 ἀγαγών.
3684 4151 3748 4205 El
3773 4152 3880 4222 μὲν

2301 4251 2409 4321 γὰρ
2433 4251 2600 4322 τιμῆς
2626 4251 2809 4303 ἕνεκεν
2835 4253 2930 4304 καὶ
2957 4252 3249 4323 προεδρίας
3279 4255 3563 4325 ἐπεπήδων
3587 4259 3700 4320 τοῖς
3725 4259 3878 4328 πρά-

2301 4377 2493 4428 γμασι,
2519 4359 2611 4411 καὶ
2641 4359 2742 4428 τῆς
2765 4359 2948 4412 αὐτῶν
2977 4360 3290 4430 θεραπείας,
3317 4363 3541 4427 είκότως
3569 4363 3635 4416 ἂν
3658 4364 3880 4436 ἐνεκλή-

2303 4468 2492 4538 θησαν.
2537 4469 2752 4539 Ἐπειδὴ
2778 4469 2834 4522 δὲ
2858 4469 3140 4532 κινδύνους
3176 4471 3428 4540 ἠγάπων,
3481 4474 3575 4526 καὶ
3608 4475 3877 4540 θανάτους

2302 4577 2636 4643 ἐπεσπῶντο,
2667 4578 2753 4630 ἵνα
2784 4577 2912 4640 τοὺς
2932 4577 3123 4641 ἀλλους
3147 4579 3484 4634 διασώσωσιν
3505 4581 3772 4647 ἅπαντας,
3787 4585 3877 4649 τίς

2301 4682 2469 4746 οὕτως
2496 4682 2698 4748 ἀθλιος,
2735 4684 2876 4737 ὥστε
2912 4685 3205 4753 ἐγκαλέσαι
3253 4687 3532 4761 προθυμία
3582 4692 3821 4764 τοσαύτῃ
3855 4709 3872 4759 ;

2303 4791 2423 4844 Ὀτι
2472 4790 2580 4860 γὰρ
2625 4791 2723 4857 τῆς
2753 4791 2861 4843 τῶν
2892 4791 3277 4860 ἀπολλυμένων
3310 4797 3587 4865 σωτηρίας
3633 4798 3870 4866 ἐρῶντες

2297 4897 2467 4952 ταῦτα
2493 4897 2780 4969 ἔπραττον,
2803 4897 3036 4967 ἐδήλωσε
3062 4899 3156 4951 καὶ
3191 4903 3224 4970 ή
3255 4900 3348 4953 τοῦ
3368 4901 3503 4954 Θεοῦ
3528 4902 3724 4973 ψῆφος,
3753 4905 3873 4976 ἐδή-

2300 5011 2436 5063 λωσε
2468 5011 2560 5063 καὶ
2587 5009 2742 5080 ήτῶν
2768 5009 2951 5072 κακῶς
2984 5010 3324 5080 ἐρασθέντων
3355 5012 3448 5065 τὸν
3469 5011 3650 5081 ἔρωτα
3677 5015 3871 5068 τοῦτον

2299 5118 2560 5172 ἀπώλεια.
2605 5118 2944 5188 Ἐπεπήδησε
2971 5117 3079 5187 γάρ
3110 5134 3239 5170 ποτε
3264 5119 3359 5172 καὶ
3386 5120 3571 5190 ἕτερος
3600 5123 3740 5192 ἀρχῇ
3775 5126 3873 5178 καὶ

2300 5223 2622 5294 προστασίᾳ,
2676 5221 2811 5274 ἀλλά
2852 5221 3052 5284 πάντες
3099 5221 3391 5282 ἀπέθανον,
3421 5225 3469 5274 οἱ
3503 5224 3602 5293 μὲν
3647 5228 3871 5297 ἐμπρη-

2301 5332 2534 5394 σθέντες,
2569 5331 2618 5382 οἱ
2665 5329 2721 5381 δὲ
2750 5329 2852 5398 γῆς
2893 5328 3170 5382 διαστάσει
3197 5329 3622 5394 καταποθέντες.
3653 5333 3729 5386 Ού
3758 5334 3871 5405 γάρ

2297 5440 2384 5492 διὰ
2433 5437 2764 5508 προστασίαν
2797 5434 2952 5488 τοῦτο
2984 5436 3223 5499 ἐποίουν,
3253 5436 3386 5491 ἀλλά
3434 5437 3523 5491 διὰ
3572 5439 3870 5511 προεδρίας
3890 5498 3901 5508 ,

2299 5548 2494 5619 ἔρωτα.
2533 5542 2869 5614 Ἐπεπήδησε
2896 5544 2990 5596 καὶ
3031 5544 3232 5609 Ὀζίας,
3254 5545 3392 5600 ἀλλά
3421 5546 3516 5602 καὶ
3551 5540 3706 5609 οὗτος
3730 5548 3878 5609 ἀχά.

2301 5659 2494 5731 θαρτος
2522 5655 2779 5724 γέγονεν’
2807 5653 3116 5725 ἐπεπήδησε
3164 5657 3257 5710 καὶ
3299 5657 3502 5730 Σίμων,
3547 5657 3687 5712 ἀλλά
3737 5674 3879 5713 κατ-
