4220 6316
292 343 403 401 509

368 454 550 524 Ληρείὶ
591 451 826 507 custodes
871 448 1050 503 nostri.
1079 477 1150 487 —
1175 446 1232 501 Si
1262 445 1405 500 enim
1445 443 1715 514 pr0priam
1763 451 1889 496 tan-

291 543 576 600 tummodo
614 541 776 596 vitam
826 539 1151 610 regentibus,
1195 537 1436 606 nihilque
1485 549 1583 604 pro
1624 531 1894 588 communi

298 637 530 691 utilitate
573 631 912 695 facientibus,
953 630 1127 699 angeli
1168 628 1236 682 ab
1262 628 1500 681 omnium
1541 625 1770 680 Domino
1797 624 1894 678 de-

295 726 468 796 putati
495 734 640 787 sunt,
677 723 814 776 sicut
838 722 910 774 ait
947 735 1080 774 unus
1102 735 1166 772 ex
1189 717 1368 786 justis,
1398 715 1618 785 Angelus
1650 715 1737 784 qui
1764 713 1894 767 eruit

295 833 378 869 me
407 833 439 868 a
458 816 724 885 juventute
764 829 876 866 mea
900 809 1052 884 (Gem
1076 809 1164 864 48.
1200 808 1292 876 16)
1323 826 1336 861 :
1367 808 1537 861 multo
1576 806 1744 874 magis
1783 803 1887 869 his,

293 907 496 977 quibus
545 907 710 960 totius
755 904 900 958 orbis
942 917 1070 957 cura
1114 901 1398 956 commissa
1443 909 1542 962 est,
1602 898 1894 966 taliumque

293 998 561 1052 donorum
590 1012 752 1052 onera
779 996 1113 1064 portantibus
1139 994 1363 1048 virtutes
1390 993 1584 1045 adsunt
1621 1005 1890 1058 supernas.

298 1089 367 1143 Et
385 1090 459 1144 illi
486 1088 700 1158 quidem
724 1088 810 1156 qui
838 1087 890 1138 in
919 1087 1153 1140 exercitu
1177 1083 1278 1136 hoc
1308 1083 1511 1135 honore
1534 1079 1717 1134 donati
1745 1089 1889 1144 sunt,

296 1187 558 1233 ornantur
585 1185 734 1231 veste
779 1176 1032 1244 pretiosa,
1073 1173 1250 1226 aureis
1281 1171 1558 1240 torquibus
1598 1170 1734 1224 colla
1764 1169 1894 1222 sub—

297 1270 432 1331 nixi,
462 1267 692 1322 nitentes
740 1265 994 1333 undique,
1038 1271 1092 1316 et
1119 1261 1352 1330 undique
1389 1259 1747 1329 refulgentes;
1791 1259 1893 1312 isw

297 1375 429 1416 vero
452 1371 639 1416 catena
668 1373 763 1427 pro
791 1366 980 1426 torque
1007 1352 1369 1410 circumdatus
1396 1393 1410 1418 ρ
1443 1361 1617 1421 gestat
1650 1365 1890 1414 crucem,

297 1461 354 1507 et
385 1450 856 1520 persequutionem
886 1446 1116 1515 undique
1155 1444 1444 1506 sustinens,
1475 1441 1667 1495 famem
1699 1440 1894 1508 ubique

298 1543 630 1613 perpetiens.
660 1539 764 1596 Sed
795 1538 927 1592 nihil
964 1546 1066 1600 est,
1097 1535 1464 1596 dilectissime,
1496 1532 1639 1602 quod
1672 1547 1738 1586 ex
1787 1531 1890 1584 hu-

296 1633 598 1706 juscemodi
641 1629 977 1686 sermonibus
1009 1626 1343 1697 ingemiscas.
1373 1625 1645 1694 Siquidem
1673 1623 1774 1676 iste
1797 1638 1890 1676 or-

299 1733 459 1780 natus
486 1724 657 1777 multo
686 1731 767 1776 est
796 1720 889 1775 illo
916 1719 1108 1774 melior
1133 1728 1186 1772 ct
1220 1718 1438 1781 clarior,
1481 1724 1640 1784 atque
1663 1715 1889 1768 amicior

299 1817 434 1880 Deo,
465 1822 683 1885 propter
713 1812 855 1882 quod
886 1821 939 1865 et
963 1821 1181 1880 portans
1205 1809 1424 1863 minime
1453 1807 1748 1861 laborabat.
1782 1806 1893 1860 Hoc

299 1915 384 1961 est
409 1919 640 1974 namque
667 1901 930 1965 mirabile,
967 1900 1092 1970 quia
1136 1914 1256 1954 cum
1287 1898 1534 1962 vinculis,
1566 1896 1884 1950 verberibus

299 2011 464 2067 atque
506 1995 820 2050 vulneribus
862 1995 1018 2062 longe
1061 1991 1392 2062 splendidior
1434 2002 1550 2044 erat
1587 1991 1890 2045 diademate

301 2102 641 2159 purpuraque
677 2086 1018 2156 fulgentibus.
1060 2085 1212 2151 Quod
1252 2085 1394 2138 enim
1435 2093 1581 2138 esset
1621 2099 1749 2138 vere
1777 2084 1888 2136 cla-

297 2181 430 2242 rior,
465 2187 520 2231 et
547 2178 672 2244 quia
711 2192 818 2230 non
862 2175 930 2229 ad
955 2190 1146 2230 sonum
1175 2174 1542 2228 tantummodo
1570 2173 1669 2226 ista
1699 2173 1890 2227 dican-

297 2278 408 2334 tur,
438 2268 608 2336 ipsius
636 2266 955 2320 vestimenta
983 2265 1298 2319 docuerunt.
1328 2263 1464 2318 Nam
1508 2263 1551 2316 si
1598 2263 1743 2316 mille
1770 2262 1888 2316 dia-

297 2359 519 2415 dentata
543 2357 868 2425 totidemque
895 2370 1153 2426 purpuras
1193 2355 1400 2409 ardenti
1430 2353 1670 2409 febribus
1700 2369 1890 2422 super-

299 2467 492 2522 ponas,
539 2466 606 2505 ne
648 2449 914 2504 modicum
957 2448 1172 2518 quidem
1211 2447 1439 2500 ﬂammis
1486 2446 1605 2515 ejus
1641 2445 1894 2499 valebunt

297 2545 666 2611 exstinguere.
697 2544 765 2595 At
794 2555 924 2595 vero
952 2539 1107 2608 hujus
1141 2533 1491 2605 semicinctia,
1520 2537 1890 2606 aegrotandum

298 2633 518 2688 admota
575 2631 919 2700 corporibus,
990 2629 1207 2682 morbos
1257 2642 1446 2682 omnes
1509 2627 1778 2696 fugabant.
1834 2627 1891 2682 Si

297 2727 444 2780 enim
478 2724 713 2778 latrones
735 2722 975 2776 videntes
1001 2721 1209 2790 signum
1241 2720 1370 2773 illud
1399 2720 1651 2785 militare,
1680 2737 1784 2774 non
1816 2723 1891 2774 ir-

301 2825 486 2880 ruunt,
521 2814 614 2868 sed
640 2815 812 2868 aversi
845 2821 1064 2882 repente
1084 2811 1366 2880 diffugiunt
1395 2829 1407 2865 :
1440 2811 1611 2864 multo
1641 2812 1808 2880 magis
1837 2821 1891 2866 et

299 2906 649 2976 aegritudines
707 2914 762 2959 et
815 2904 1087 2957 daemones
1141 2901 1343 2957 Christi
1397 2902 1549 2971 signo
1598 2911 1890 2970 apparente

300 2996 592 3068 fugiebant.
627 2995 714 3050 Sic
738 3006 913 3049 autem
942 2994 1136 3048 Paulus
1163 2991 1368 3047 ferebat
1391 2991 1493 3045 hoc
1521 2992 1756 3061 signum,
1781 3008 1889 3047 non

299 3099 360 3144 ut
406 3090 558 3143 solus
600 3087 733 3142 illud
766 3094 1020 3155 portaret,
1067 3084 1160 3140 sed
1193 3094 1252 3139 ut
1295 3099 1484 3138 omnes
1513 3099 1725 3152 quoque
1758 3085 1889 3139 tales

301 3193 422 3233 esse
448 3179 666 3232 doceret
697 3192 761 3232 ac
795 3176 1029 3231 faceret:
1057 3185 1274 3244 propter
1311 3175 1685 3245 quod/Clamat
1730 3186 1891 3246 atque

300 3271 433 3324 dicit
461 3287 474 3322 :
508 3268 792 3322 lmitatores
819 3271 916 3320 mei
939 3277 1114 3332 estote,
1145 3267 1272 3320 sicut
1307 3266 1496 3320 habetis
1520 3270 1739 3336 formam
1775 3285 1887 3321 nos.

304 3363 371 3416 Et
399 3375 605 3428 rursus,
641 3359 770 3426 Qua
793 3360 987 3413 uidistis
1019 3368 1065 3411 et
1093 3358 1323 3411 audiislis
1358 3358 1410 3408 in
1453 3374 1549 3420 nte,
1575 3358 1681 3410 lucc
1707 3360 1842 3428 agile
1870 3375 1889 3412 :

300 3463 356 3510 et
382 3468 592 3516 rursus,
636 3452 784 3506 Vobis
813 3452 1055 3506 donatum
1101 3461 1196 3515 est,
1243 3467 1345 3504 non
1372 3452 1535 3504 solum
1579 3462 1632 3503 ut
1686 3452 1739 3505 in
1776 3468 1889 3506 eum

301 3545 540 3603 credatis.
569 3545 658 3598 sed
701 3553 753 3596 ut
793 3546 942 3597 etiam
983 3559 1075 3611 pro
1117 3541 1211 3594 illo
1248 3542 1512 3612 patiamini
1543 3541 1798 3612 (Philipp.
1834 3543 1888 3596 5.

303 3637 390 3690 17.
420 3646 468 3690 et
498 3635 552 3689 4.
588 3635 642 3689 9.
676 3644 720 3686 et
755 3636 801 3687 l.
828 3633 944 3702 29).
975 3631 1183 3686 Etenim
1222 3633 1497 3700 praesentis
1518 3631 1639 3686 vitze
1666 3632 1893 3702 dignita-

303 3738 384 3783 tes
412 3742 539 3781 tunc
568 3726 821 3780 clariores
864 3724 1031 3779 videri
1065 3724 1260 3788 solent,
1293 3724 1508 3792 quando
1540 3725 1590 3776 in
1636 3739 1743 3776 uno
1772 3735 1890 3778 tan-

302 3829 415 3871 tum
439 3817 656 3870 homine
680 3815 1014 3870 constiterint
1043 3833 1058 3868 :
1082 3814 1133 3867 in
1163 3814 1525 3882 spiritualibus
1549 3830 1675 3868 vero
1702 3831 1731 3868 e
1759 3829 1892 3868 con-

304 3909 471 3962 trario
498 3917 625 3961 tunc
671 3907 835 3975 magis
878 3904 1160 3974 splendent
1190 3904 1438 3966 honores,
1472 3919 1590 3957 cum
1631 3904 1729 3958 sibi
1769 3905 1890 3974 plu-

305 3997 426 4051 rimi
457 4011 644 4050 eorum
685 3996 1063 4049 mmmunione
1115 3995 1408 4056 sociantur,
1454 4009 1573 4046 eum
1618 4010 1722 4048 non
1754 4011 1893 4050 unius

305 4097 388 4142 est
413 4090 680 4156 particeps
706 4085 994 4155 dignitatis,
1029 4083 1122 4139 sed
1150 4085 1345 4138 multos
1389 4083 1546 4136 habet
1569 4086 1656 4152 qui
1689 4085 1891 4140 eisdem

309 4178 601 4232 honoribus
634 4177 992 4243 perfruantur.

379 4267 568 4321 Omnes
588 4264 861 4320 Christiani
880 4264 1128 4334 signiferi.
1151 4293 1222 4303 —
1243 4263 1402 4317 Vides
1423 4262 1582 4332 igitur
1602 4263 1684 4315 hic
1707 4278 1892 4317 omnes

305 4373 428 4413 esse
458 4355 760 4425 signiferos,
793 4363 848 4407 et
874 4353 1070 4407 Christi
1103 4367 1296 4406 nomen
1340 4367 1769 4421 unumquemque
1798 4369 1894 4420 ge-

305 4459 451 4503 stare
480 4449 533 4501 in
561 4454 850 4516 conspectu
873 4445 1109 4514 gentium
1146 4453 1303 4512 atque
1331 4459 1536 4511 regum,
1567 4444 1734 4512 ipsum
1769 4459 1894 4497 vero

306 4538 530 4593 Paulum
561 4536 718 4591 etiam
747 4551 867 4589 cum
910 4535 1008 4589 sibi
1041 4533 1322 4588 anathema
1359 4543 1524 4602 optat,
1559 4545 1716 4602 atque
1763 4550 1891 4602 sop-

307 4633 549 4700 plicium.
580 4629 682 4683 Sed
710 4643 814 4682 non
847 4629 947 4681 hoc
977 4627 1227 4695 praecepit
1252 4636 1306 4679 et
1330 4627 1559 4689 caeteris,
1588 4626 1726 4694 quod
1750 4637 1895 4681 certe

307 4721 386 4774 illi
416 4729 628 4790 portare
655 4734 760 4771 non
789 4727 1049 4789 poterant.
1081 4717 1299 4770 Vidistis
1321 4732 1509 4784 nempe
1540 4726 1750 4784 quantze
1780 4732 1883 4769 no-

309 4821 420 4865 stra
445 4811 516 4863 sit
549 4819 737 4863 natura
769 4823 932 4876 capax
967 4808 1195 4868 virtutis,
1231 4821 1387 4873 quam
1421 4807 1551 4858 nihil
1583 4807 1650 4860 sit
1680 4807 1891 4860 homine

310 4901 618 4969 pretiosius,
661 4906 715 4952 ct
741 4897 912 4951 adhuc
944 4898 1124 4964 utique
1155 4897 1381 4949 mortali.
1409 4896 1542 4961 Quid
1577 4897 1717 4949 cnim
1764 4896 1893 4949 mihi

311 4992 416 5046 hoc
457 4991 647 5059 majus,
690 4991 796 5042 imo
827 4990 949 5059 quid
984 4989 1180 5057 poteris
1224 4988 1412 5042 saltem
1457 4990 1662 5057 arquale
1691 5005 1893 5042 memo-

313 5083 474 5148 rare?
517 5081 848 5146 Quantorum
901 5095 1005 5132 non
1048 5079 1168 5142 iste,
1211 5093 1411 5145 quaeso,
1464 5078 1665 5132 honore
1705 5080 1895 5148 dignus

311 5181 395 5226 est
442 5170 772 5239 angelorum,
824 5170 914 5238 qui
961 5169 1062 5224 hoc
1107 5170 1325 5224 verbum
1359 5171 1525 5237 potuit
1569 5169 1752 5224 effari?
1794 5172 1892 5238 Qui

313 5263 458 5316 enim
493 5262 549 5314 in
573 5261 853 5328 temporali
885 5259 987 5314 hoc
1015 5271 1173 5329 atque
1201 5259 1410 5312 mortali
1439 5274 1664 5327 oorpore
1693 5263 1892 5315 consti-

311 5362 471 5406 tutus
497 5362 707 5416 cuncta,
742 5352 900 5404 etiam
941 5364 1167 5418 quorum
1212 5365 1316 5402 non
1347 5358 1462 5402 erat
1502 5350 1768 5415 dominus,
1801 5367 1896 5420 pro

311 5442 527 5498 Christo
553 5457 657 5494 non
679 5440 882 5494 dubitat
909 5439 1125 5502 oﬂ‘erre,
1155 5439 1240 5493 hic
1269 5440 1320 5494 si.
1347 5439 1672 5507 incorporea:
1710 5439 1898 5496 fuisset

313 5544 536 5597 naturae,
568 5533 694 5602 quid
729 5533 944 5588 tandem
985 5533 1182 5593 dicere.
1215 5531 1337 5600 quid
1372 5543 1548 5585 autem
1590 5533 1762 5586 facere
1788 5532 1898 5585 dis-

312 5628 566 5685 tulisset?
621 5625 750 5707 Nam
794 5635 849 5681 ct
889 5626 1107 5694 angelos
1147 5634 1427 5694 propterea
1469 5625 1742 5691 miramur,
1791 5640 1896 5677 non

311 5737 434 5793 quia
475 5721 771 5791 incorporei
811 5726 936 5774 sunt
969 5718 1135 5774 creati
1170 5736 1183 5772 :
1217 5717 1478 5790 siquidem
1502 5734 1622 5776 cum
1649 5716 1891 5774 diabolus

1119 334 1210 392 DE
1250 331 1594 391 LAUDIBUS
1625 330 1680 387 S.
1713 330 1914 388 PAULI
1977 324 2332 384 APOSTOLI.
2373 325 2603 384 HOMIL.
2645 326 2760 384 VII.

3481 329 3587 385 5H)

1999 441 2068 494 sit
2095 440 2440 510 incorporeus
2469 450 2524 496 et
2545 441 2846 515 invisibilis,
2869 451 2951 499 est
2975 451 3150 498 tamen
3182 444 3429 500 omnibus
3457 446 3592 500 infe-

1998 532 2153 587 licior
2181 550 2196 587 :
2225 533 2349 603 quia
2372 532 2585 589 factoris
2611 533 2704 589 Dei
2733 537 2928 590 meruit
2953 535 3233 591 offensam.
3264 536 3396 592 llinc
3423 537 3587 591 etiam

2000 623 2244 678 homines
2284 624 2524 680 infelices
2571 640 2844 692 vocamus,
2891 643 2997 682 non
3046 630 3170 698 quia
3216 629 3456 683 videmus
3494 644 3591 685 eos

1997 730 2159 769 carne
2215 716 2598 784 circumdatos,
2652 717 2746 772 sed
2794 734 2915 774 cum
2973 735 3078 778 non
3125 736 3208 782 ea,
3259 731 3312 774 ut
3357 729 3587 792 oportet,

1999 809 2510 878 utuntur;alioquin
2535 817 2590 864 et
2629 824 2792 865 carne
2819 810 3141 866 induebatur
3184 812 3400 867 Paulus.
3438 813 3591 869 Unde

1999 897 2158 966 igitur
2189 899 2306 952 talis
2333 900 2574 967 emersit,
2610 911 2665 954 et
2694 901 2913 956 tantus?
2956 902 3023 956 Et
3051 918 3120 957 ex
3153 905 3370 972 pmprio
3397 905 3590 960 videli-

1998 1000 2104 1057 cet,
2134 1000 2190 1046 et
2217 1008 2282 1046 ex
2313 993 2420 1046 Deo
2450 1010 2463 1046 :
2497 1002 2550 1047 et
2577 993 2776 1048 idcirco
2811 1011 2877 1048 ex
2928 995 3060 1059 Deo,
3093 997 3216 1064 quia
3256 996 3325 1051 de
3350 998 3591 1065 proprio.

1996 1081 2112 1135 Non
2141 1082 2282 1136 enim
2324 1093 2406 1137 est
2446 1097 2796 1152 perSonarum
2842 1095 3094 1155 acceptor
3131 1086 3270 1140 Deus
3303 1087 3438 1157 (Act.
3477 1087 3590 1158 l0).

1999 1171 2053 1225 Si
2096 1182 2274 1226 autem
2313 1172 2536 1240 dixeris,
2581 1174 2645 1228 Et
2692 1175 3141 1244 quemadmodum
3194 1177 3341 1232 illum
3394 1178 3592 1231 imitari

1998 1263 2250 1331 possibile
2291 1264 2415 1318 est?
2465 1264 2613 1319 disce
2661 1265 2788 1334 quid
2841 1265 3039 1320 dixerit
3090 1283 3104 1320 :
3153 1264 3444 1320 Imitatores
3497 1268 3596 1321 ntei

1997 1364 2172 1417 eslote;
2208 1356 2338 1408 sicut
2385 1363 2432 1409 et
2470 1372 2561 1425 ego
2591 1354 2782 1410 Christi
2812 1358 2886 1427 (l.
2921 1354 3039 1410 Cor.
3071 1358 3157 1411 ll.
3192 1358 3271 1428 l).
3302 1358 3395 1412 Ille
3426 1358 3595 1427 ipsius

1995 1442 2193 1498 Christi
2237 1445 2460 1500 effectus
2502 1455 2584 1501 cst
2631 1447 2884 1514 imitator,
2937 1454 2994 1502 tu
3043 1462 3175 1502 vero
3219 1463 3320 1503 nec
3363 1449 3594 1518 apostoli

1997 1538 2240 1592 conservi
2267 1554 2280 1592 :
2314 1539 2402 1593 illc
2435 1539 2642 1593 Domini
2667 1541 2948 1593 aemulator
2993 1541 3108 1604 fuit,
3128 1549 3181 1593 tu
3206 1552 3386 1596 autem
3419 1552 3596 1610 neque

1997 1628 2242 1682 Conscrvi
2271 1646 2284 1681 :
2314 1638 2368 1682 et
2407 1644 2564 1698 quam
2598 1628 2808 1684 tandem
2850 1628 3052 1698 poteris
3100 1630 3440 1699 negligentia:
3486 1639 3594 1686 tua:

1998 1721 2242 1774 umbram
2285 1719 2613 1775 obtendere?
2651 1719 3113 1786 Quemadmodum
3150 1737 3280 1775 vero
3306 1737 3429 1776 eum
3472 1722 3595 1776 imi-

1996 1819 2138 1865 tatus
2181 1812 2269 1876 sit,
2319 1811 2573 1865 ostendit.
2620 1810 2783 1880 ldque
2830 1810 2897 1864 ab
2936 1811 3088 1865 initio
3117 1812 3398 1865 considera
3429 1822 3484 1866 ct
3521 1814 3593 1868 ab

1998 1903 2129 1972 ipsis
2182 1903 2476 1972 principiis.
2528 1903 2751 1971 Quando
2813 1903 2956 1957 enim
3000 1919 3064 1958 ex
3114 1903 3220 1958 illis
3266 1904 3593 1963 salutaribus

1997 1996 2216 2048 emersit
2244 1994 2479 2059 fluentis,
2514 2002 2662 2048 tanto
2691 1994 2813 2064 igne
2840 1994 3030 2062 plenus
3057 1994 3249 2060 exivit,
3284 2005 3342 2048 ut
3370 2011 3468 2050 nec
3494 2012 3590 2051 ne-

1996 2086 2287 2138 cessarimn
2315 2086 2415 2139 sibi
2456 2093 2668 2154 putaret
2703 2085 3039 2153 magistrum.
3068 2084 3187 2139 Non
3223 2089 3366 2139 enim
3396 2102 3589 2156 exspe-

1996 2179 2157 2232 ctavit
2178 2178 2416 2243 Petrum,
2442 2193 2541 2232 nec
2566 2178 2710 2234 venit
2735 2177 2803 2231 ad
2826 2177 3106 2243 Jacobum,
3131 2192 3306 2248 neque
3329 2178 3394 2232 ad
3422 2179 3588 2234 alium

1996 2269 2214 2322 omnino
2251 2284 2575 2339 quemquam
2609 2284 2624 2321 :
2664 2268 2759 2322 sed
2805 2268 3023 2336 propria
3062 2269 3336 2322 alacritate
3381 2279 3587 2338 raptus,

1997 2359 2065 2412 ita
2097 2368 2259 2412 totam
2283 2359 2424 2412 illam
2453 2359 2506 2412 in
2528 2373 2632 2428 qua
2660 2358 2837 2412 fuerat
2862 2357 3184 2427 baptizatus,
3212 2357 3593 2427 praedicatione

1995 2465 2089 2504 sua
2122 2449 2465 2504 inflammavit
2493 2449 2701 2513 urbem,
2736 2457 2793 2502 ut
2819 2448 3170 2502 saevissimum
3201 2457 3387 2502 contra
3416 2463 3476 2504 se
3497 2448 3594 2504 Ju-

1995 2541 2231 2596 dacorum
2254 2542 2491 2610 prmlium
2519 2541 2832 2595 concitaret.
2854 2539 2928 2609 (α)
2951 2536 3431 2611 [Violentissimum
3445 2541 3592 2596 enim

1996 2643 2434 2702 pcrsequutorem
2483 2631 2730 2685 Christus
2780 2632 2836 2685 in
2887 2629 3323 2685 ardentissimum
3371 2641 3594 2701 repente

1998 2723 2398 2793 pnedicatorem
2457 2721 2875 2794 immutaverat.]
2931 2722 3204 2793 Siquidem
3256 2725 3414 2777 etiam
3468 2738 3593 2779 cum

1995 2813 2213 2869 Judaeus
2233 2823 2396 2879 esset,
2429 2827 2590 2881 supra
2621 2811 2935 2881 dignitatem
2965 2827 3117 2866 suam
3145 2812 3311 2866 multa
3345 2813 3590 2879 faciebat,

1995 2903 2239 2972 alligans,
2271 2903 2566 2969 abducens,
2601 2902 2820 2957 trahens
2843 2901 2895 2956 in
2928 2903 3200 2972 publicum
3234 2902 3590 2959 Christianos.

1996 2993 2085 3049 Sic
2109 2996 2270 3050 etiam
2311 2994 2486 3049 Moses
2525 3010 2648 3049 cum
2693 3011 2723 3049 a
2768 2995 2916 3049 nullo
2947 2995 2998 3050 in
3023 2995 3378 3065 principatum
3410 2998 3591 3067 populi

1997 3084 2273 3138 ordinatus
2304 3083 2511 3151 fuisset,
2554 3085 2883 3140 contribules
2912 3099 3038 3141 suos
3068 3093 3249 3141 tamen
3275 3101 3306 3140 a
3341 3085 3594 3143 barbaro-

1995 3190 2112 3228 rum
2148 3174 2424 3245 iniquitate
2453 3175 2708 3230 defendit.

2069 3264 2409 3319 Fortitudinis
2437 3281 2553 3318 uera
2573 3266 2718 3336 signa
2744 3266 2797 3320 in
2824 3265 3014 3322 Paulo.
3046 3296 3114 3306 —
3139 3266 3266 3321 Haec
3287 3268 3430 3322 cnim
3467 3277 3596 3324 sunt

1998 3356 2153 3411 fortis
2194 3356 2470 3425 cujusdam
2511 3370 2576 3410 ac
2617 3357 2784 3410 virilis
2814 3357 2978 3410 animi
3017 3365 3165 3411 certa
3207 3357 3531 3414 documenta
3576 3376 3591 3413 :

1999 3446 2101 3500 hoc
2123 3447 2330 3516 signum
2358 3448 2590 3516 propria:
2613 3446 2902 3516 liberaeque
2927 3448 3228 3512 sententiae,
3257 3464 3594 3519 nequaquam

2000 3537 2053 3591 in
2098 3538 2326 3592 aliorum
2354 3537 2735 3593 afﬂictionibus
2782 3548 2968 3593 tenere
2998 3539 3333 3607 patientiam,
3370 3541 3464 3594 sed
3497 3541 3595 3596 be-

1999 3629 2159 3697 nigne
2195 3639 2357 3698 atque
2388 3638 2698 3683 constanter
2733 3630 2869 3684 tueri
2901 3645 3016 3698 eos,
3061 3630 3149 3699 qui
3194 3632 3593 3699 opprimuntur,

1997 3719 2206 3772 etiamsi
2261 3719 2440 3772 nullo‘
2493 3718 2544 3771 in
2592 3720 2691 3772 hoc
2736 3719 3014 3772 ordinetur
3059 3719 3260 3774 ofﬁcio.
3300 3719 3432 3786 Quia
3465 3735 3596 3775 vero

1997 3811 2138 3878 justc
2168 3824 2300 3878 opus
2326 3809 2624 3878 arripuerat
2656 3810 3005 3879 principatus,
3042 3811 3181 3864 Deus
3217 3810 3356 3864 hanc
3377 3811 3425 3864 ei
3451 3819 3597 3878 post-

1999 3918 2060 3957 ea
2103 3902 2327 3956 contulit
2376 3901 2710 3971 dignitatem.
2769 3901 3001 3969 ldipsum
3039 3909 3214 3954 autem
3259 3902 3488 3968 servavit
3534 3900 3590 3955 in

1998 3994 2164 4047 Paulo
2195 4011 2207 4048 :
2235 3992 2323 4062 qui
2352 4007 2508 4060 quam
2539 4001 2685 4046 recte
2725 3989 2926 4045 faceret
2971 3990 3111 4044 ultro
3139 3991 3402 4060 arripiens
3440 3990 3587 4044 initia

1999 4084 2264 4138 sermonis
2289 4091 2446 4150 atque
2471 4081 2746 4146 doctrinm,
2780 4081 2918 4134 Deus
2953 4081 3197 4134 similiter
3221 4079 3455 4134 ostendit
3479 4079 3592 4135 cito

1998 4177 2233 4231 doctoris
2274 4190 2397 4228 emn
2438 4173 2640 4227 honore
2674 4173 2985 4227 snblimans.
3026 4173 3080 4227 Si
3127 4175 3267 4226 enim
3301 4173 3593 4242 magisterii

1999 4279 2155 4338 atque
2183 4267 2441 4335 primatus
2462 4263 2784 4332 adipiscendi
2805 4265 2970 4331 gratia
3001 4263 3064 4316 ad
3088 4264 3417 4332 procuranda
3446 4273 3593 4320 tanta

2001 4357 2211 4425 negotia
2245 4356 2630 4423 prosiluissent,
2673 4363 3064 4421 consequenter
3093 4363 3272 4406 essent
3312 4353 3380 4407 de
3411 4353 3586 4413 ambi-

2002 4451 2146 4505 tione
2185 4448 2479 4516 culpabiles
2513 4463 2525 4499 :
2567 4461 2687 4500 cum
2717 4460 2845 4498 vero
2888 4445 3120 4512 pericula
3152 4445 3362 4512 utrique
3403 4445 3593 4513 dilige-

2002 4551 2141 4602 rent,
2174 4547 2480 4606 mortesque
2524 4536 2572 4588 in
2612 4549 2669 4588 se
2713 4535 2944 4604 undique
2973 4543 3338 4603 procurarent,
3373 4543 3430 4587 ut
3456 4535 3592 4589 alios

2002 4632 2337 4700 acquirercnt
2366 4629 2417 4681 in
2462 4628 2708 4689 salutem,
2742 4627 2859 4695 quis
2909 4635 3013 4678 tam
3041 4637 3224 4693 aperte
3268 4624 3450 4678 infelix
3480 4635 3585 4692 est,

2000 4725 2089 4793 qui
2119 4731 2277 4776 tanta:
2302 4720 2598 4774 devotionis
2628 4718 2860 4772 studium
2889 4717 3242 4771 criminetur?
3268 4715 3421 4781 Quod
3446 4719 3595 4772 enim

2000 4819 2222 4871 aliorum
2255 4823 2492 4867 amantes
2529 4811 2752 4866 salutem
2783 4812 2880 4862 ista
2912 4809 3250 4878 perfecerint,
3279 4816 3333 4862 et
3369 4818 3587 4863 senten-

2002 4911 2070 4964 tia
2101 4905 2389 4961 declaravit
2418 4905 2529 4970 Dei,
2565 4913 2617 4956 et
2641 4918 2825 4956 eorum
2857 4901 3101 4971 perditio,
3146 4901 3236 4969 qui
3268 4901 3406 4953 male
3433 4901 3592 4953 istum

2002 5001 2384 5067 concupierunt
2417 4996 2693 5049 honorem.
2738 4994 3013 5048 lrrucrunt
3049 4990 3309 5060 siquidem
3365 5000 3490 5044 tunc
3538 5001 3593 5044 ct

2002 5093 2092 5146 alii
2123 5092 2174 5145 in
2218 5087 2516 5156 hujusmodi
2546 5086 2920 5154 principatum,
2965 5082 3057 5137 sed
3086 5082 3260 5150 potius
3287 5081 3595 5149 interempti

2003 5190 2127 5236 sunt
2161 5197 2173 5231 :
2205 5195 2329 5232 nam
2380 5179 2605 5230 alterum
2646 5174 2858 5243 quidem
2905 5173 3085 5242 lapsus
3125 5173 3192 5226 de
3232 5173 3366 5225 ercto
3393 5170 3598 5224 exussit

2004 5272 2159 5342 ignis,
2210 5271 2434 5324 alterum
2481 5267 2684 5320 subitus
2715 5273 2869 5318 terrae
2913 5263 3087 5317 hiatus
3129 5261 3422 5315 absorbuit.
3472 5259 3594 5314 Non

2005 5366 2147 5419 enim
2183 5371 2398 5432 propter
2426 5359 2794 5415 defensionem
2825 5357 3002 5426 populi
3041 5357 3138 5408 ista
3181 5353 3462 5418 faciebant,
3493 5350 3587 5406 sed

2004 5458 2072 5510 ob
2098 5455 2318 5524 gloriam
2349 5450 2637 5521 dignitatis.
2671 5449 2825 5502 lrruit
2864 5458 2916 5502 et
2941 5447 3115 5510 Ozias,
3143 5447 3238 5500 sed
3271 5446 3415 5514 lepra
3445 5460 3594 5498 com-

2004 5546 2302 5600 maculante
2339 5543 2552 5612 punitus
2597 5551 2680 5596 est
2718 5541 2794 5612 (2.
2847 5538 3027 5592 Parat.
3069 5539 3158 5608 26)
3195 5537 3389 5591 :irruit
3434 5535 3595 5592 etiam

2069 5661 2150 5690 In

2069 5661 2083 5690 ι
2137 5666 2150 5687 r

2067 5665 2282 5784 (tt;
2301 5654 2802 5769 clauduntur
2823 5717 2871 5764 in
2886 5714 3053 5765 Graeco
3075 5725 3172 5762 non
3195 5718 3405 5762 exstant.
