4220 6300
710 305 801 366 5H

632 492 640 499 _
708 430 914 496 Simon,
968 429 1061 485 sed
1112 424 1425 497 reprobatus
1487 429 1605 483 est,
1654 426 1710 474 et
1770 417 1906 471 mori
1954 414 2277 488 periclitatus

714 522 849 591 (Act.
888 520 947 591 8)
976 538 989 573 :
1014 518 1167 574 irruit
1203 532 1329 572 vero
1366 515 1529 578 etiam
1561 511 1776 573 Paulus.
1818 508 1912 565 sed
1954 508 2282 579 apostolatus

708 611 873 680 gloria
912 618 1199 665 coronatus
1224 616 1324 662 est.
1364 605 1477 660 Non
1501 604 1644 658 enim
1683 602 1735 656 in
1780 599 2153 665 sacerdotium,
2184 615 2283 656 nec

709 702 990 765 honorem,
1010 700 1104 755 sed
1127 700 1178 754 in
1204 695 1555 752 ministerium
1584 694 1734 747 irruit
1754 707 1816 747 ac
1840 690 2085 753 labores;
2115 691 2283 744 maxi-

710 807 901 862 tneque
927 792 979 845 in
1008 790 1109 845 hoc
1136 789 1251 844 zelo
1272 796 1325 842 et
1340 788 1615 841 alacritate
1636 783 1939 855 properavit
1966 799 1980 836 :
2004 790 2281 851 propterea

708 881 1042 949 praedicatur,
1072 886 1350 948 propterea
1375 875 1630 930 continuo
1659 874 1830 928 clarus
1858 870 2106 925 efﬁcitur.
2134 872 2285 925 Sicut

707 969 848 1023 enim
876 968 967 1039 qui
993 968 1240 1038 princeps
1278 965 1437 1020 fuerit
1461 964 1754 1033 ordinatus,
1796 961 1898 1015 nisi
1924 961 2080 1033 digne
2106 964 2279 1030 impo-

708 1059 867 1114 situm
909 1058 1010 1113 sibi
1034 1056 1372 1111 administret
1412 1054 1665 1119 officium,
1693 1059 1927 1111 meretur
1969 1051 2132 1105 etiam
2162 1065 2278 1105 ma-

706 1147 817 1215 jora
860 1146 1118 1216 supplicia
1146 1161 1159 1198 :
1187 1145 1266 1200 sic
1295 1144 1431 1198 alter
1463 1143 1563 1197 etsi
1603 1155 1708 1195 non
1738 1139 2011 1196 ordinetur
2042 1139 2278 1213 quidem,

707 1236 961 1307 suscipiat
990 1244 1189 1301 tamen,
1228 1244 1284 1289 et
1324 1234 1461 1290 sicut
1487 1238 1697 1302 oportet
1743 1229 1979 1300 impleat,
2029 1244 2134 1282 non
2162 1229 2279 1283 dico

707 1325 1083 1391 sacerdotium,
1104 1324 1199 1379 sed
1220 1322 1621 1379 sollicitudinem
1650 1335 1937 1389 curamque
1966 1320 2276 1391 multorum,

710 1416 851 1470 omni
882 1417 1119 1486 profecto
1144 1426 1224 1469 est
1249 1415 1451 1468 honore
1477 1412 1840 1483 dignissimus.
1865 1411 2152 1480 PrOpterea
2179 1411 2276 1479 igi-

707 1518 793 1561 tur
816 1522 885 1561 ne
912 1521 1071 1560 unum
1099 1505 1307 1575 quidem
1332 1504 1470 1558 d'em
1497 1504 1549 1560 in
1580 1504 1690 1558 otio
1719 1517 1905 1572 passus
1924 1509 2009 1556 est
2036 1502 2280 1571 etquiete

707 1596 931 1652 transire
958 1596 1041 1650 hic
1069 1596 1119 1649 in
1146 1594 1465 1665 praedicandi
1493 1594 1683 1648 ardore
1704 1595 1819 1661 ipso
1840 1593 1960 1663 igne
1988 1592 2279 1647 vehemen-

718 1686 854 1749 tior;
896 1685 992 1740 sed
1044 1686 1199 1739 simul
1242 1696 1299 1738 ut
1336 1685 1605 1746 salutifero
1646 1699 1709 1737 ex
1756 1682 1903 1739 fonte
1938 1682 2276 1746 conscendit,

702 1774 1093 1843 plurimumque
1120 1764 1174 1826 in
1214 1788 1274 1827 se
1296 1772 1561 1832 flammam
1589 1773 1703 1840 ipse
1738 1770 2030 1842 succendit,
2053 1785 2157 1825 non
2188 1784 2280 1839 pe,-

708 1864 873 1918 ricula
904 1864 1095 1926 timuit,
1125 1877 1229 1915 non
1254 1862 1531 1915 irrisioues
1557 1861 1767 1916 erubuit
1790 1868 1844 1915 et
1871 1859 2154 1931 opprobria
2180 1858 2279 1913 Ju-

705 1955 963 2017 dreorum,
992 1966 1165 2022 neque
1200 1966 1499 2016 sermonem
1526 1965 1677 2011 suum
1707 1950 1774 2003 ab
1805 1950 1908 2007 illis
1938 1950 2115 2018 respui
2146 1938 2283 2007 indi:
2324 1980 2335 1991 ι

706 2052 931 2114 gnantcr
979 2041 1142 2096 tulit:
1171 2056 1277 2097 non
1332 2040 1475 2095 aliud
1534 2030 1820 2112 quidquam
1865 2039 2054 2093 horum
2105 2039 2280 2105 simile

707 2134 973 2205 cogitavit,
1021 2131 1113 2186 sed
1140 2130 1272 2185 alios
1294 2130 1562 2199 accipiens
1587 2132 1788 2194 ocitlos,
1816 2130 1996 2198 utique
2022 2129 2278 2197 caritatis,

698 2227 967 2296 aliamque
994 2233 1247 2288 mentem,
1279 2223 1444 2285 multo
1469 2238 1588 2277 cum
1616 2222 1815 2301 impetu
1842 2222 2010 2283 instar
2031 2220 2282 2285 torrentis

708 2316 915 2385 irrupit,
944 2315 1120 2370 omnia
1148 2315 1343 2382 pariter
1374 2313 1679 2374 Judteorum
1706 2313 1922 2367 trahens
1960 2322 2117 2381 atque
2146 2327 2277 2379 con-

707 2406 944 2467 volvens,
970 2414 1026 2459 et
1066 2418 1134 2458 ex
1174 2403 1460 2473 Scripturis
1504 2404 1675 2484 ipsum
1704 2417 1825 2462 esse
1864 2402 2136 2457 Christum
2166 2404 2281 2459 evi-

706 2497 895 2551 denter
921 2493 1230 2549 ostendens.
1264 2493 1334 2551 Et
1359 2502 1505 2550 certe
1545 2493 1782 2547 nondum
1812 2494 1865 2547 in
1891 2506 1959 2547 eo
1980 2503 2088 2547 tam
2116 2494 2281 2556 multa

706 2586 889 2655 gratias
942 2599 1161 2639 munera
1206 2583 1575 2652 coruscabant,
1634 2584 1868 2638 nondum
1917 2592 2060 2637 tanta
2110 2584 2283 2647 fuerat

709 2676 936 2745 Spiritus
974 2674 1363 2732 illuminatione
1407 2674 1654 2738 donatus,
1706 2672 1800 2727 sed
1848 2682 2021 2729 tamen
2072 2672 2281 2728 inﬂam-

712 2777 849 2822 mata
878 2769 1129 2821 continuo
1153 2766 1418 2831 voluntas,
1446 2766 1866 2833 mortificataque
1895 2765 2067 2819 anima
2092 2772 2281 2821 cuncta

711 2857 955 2923 faciebat,
982 2866 1036 2910 et
1059 2855 1207 2925 quasi
1235 2869 1446 2924 semper
1462 2853 1793 2910 satisfaceret
1826 2854 1932 2909 Deo
1952 2854 2020 2909 de
2046 2863 2284 2922 tempore

710 2948 814 3017 jam
842 2956 1078 3017 peracto,
1110 2947 1188 3007 sic
1229 2944 1449 3015 gerebat
1480 2943 1680 3009 omnia,
1714 2944 1792 2997 sic
1820 2943 1965 2997 lucra
1993 2944 2285 3012 spiritualia

712 3036 947 3105 undique
984 3035 1283 3105 colligebat,
1328 3034 1384 3087 in
1422 3034 1619 3098 locum,
1666 3034 1756 3102 qui
1803 3041 1947 3088 esset
1990 3033 2117 3089 belli
2162 3047 2285 3103 pars

713 3125 963 3188 maxima,
996 3132 1052 3181 et
1078 3124 1318 3181 laborum
1348 3122 1812 3193 periculorumque
1841 3122 2016 3191 plena,
2065 3122 2287 3177 fidenter

714 3213 972 3269 insiliens.

786 3302 1077 3356 Obedientia
1104 3301 1260 3355 Pauli
1284 3300 1681 3355 commendatur.
1705 3329 1780 3347 -——
1798 3300 1911 3355 Hoc
1929 3314 2060 3358 vero
2083 3296 2288 3371 majore

714 3411 923 3467 quoque
950 3394 1299 3449 admiratione
1326 3394 1541 3464 dignum
1569 3403 1670 3459 est,
1700 3391 1841 3467 quod
1865 3406 1985 3447 cum
2014 3402 2120 3447 tam
2147 3402 2289 3448 esset

715 3489 918 3553 audax,
966 3502 1028 3541 ac
1066 3487 1212 3542 velut
1253 3485 1319 3541 ad
1366 3500 1597 3555 pugnam
1640 3499 1850 3554 semper
1888 3484 2187 3549 accinctus,
2236 3493 2292 3551 et

716 3582 889 3651 ignem
918 3579 1204 3649 quemdam
1234 3576 1482 3633 bellicum
1512 3577 1720 3646 spirans
1739 3617 1754 3641 ,
1784 3575 1854 3630 ita
1897 3590 2080 3634 rursus
2116 3574 2292 3645 placa-

716 3671 874 3727 bilem
902 3683 965 3724 ac
1001 3666 1281 3729 ﬂexibilem
1310 3681 1370 3722 se
1399 3666 1668 3736 praibebat
1700 3664 1998 3735 magistris,
2046 3673 2104 3719 ut
2130 3678 2290 3723 num-

716 3778 875 3832 quam
904 3774 999 3815 eos
1028 3757 1112 3813 vel
1154 3758 1210 3817 in
1240 3766 1385 3812 tanto
1430 3758 1519 3813 illo
1562 3758 1771 3826 impetu
1796 3756 2083 3811 alacritatis
2118 3753 2291 3821 oﬂ‘en-

722 3853 891 3907 Jeret.
918 3851 1098 3919 itaque
1125 3848 1345 3904 ferventi
1373 3857 1533 3915 tunc,
1561 3849 1643 3903 vel
1670 3848 1844 3918 potius
1871 3846 2063 3911 furenti
2091 3860 2292 3916 przcce-

720 3949 945 4017 perunt,
976 3947 1035 3993 ut
1062 3939 1163 3993 iret
1187 3937 1409 3993 Tarsum
1450 3947 1607 4006 atque
1630 3937 1959 4001 Caesaream,
1985 3950 2085 3990 nec
2114 3943 2293 3992 tamen

718 4029 912 4087 renuit.
954 4030 1211 4084 Dixerunt
1238 4029 1363 4098 quia
1391 4042 1511 4082 eum
1555 4042 1649 4096 per
1672 4040 1881 4080 murum
1910 4024 2103 4094 deponi
2131 4038 2293 4094 opor-

717 4128 885 4187 teret,
928 4127 983 4175 et
1021 4132 1211 4189 passus
1255 4125 1337 4173 est
1374 4136 1389 4173 :
1429 4116 1691 4171 dederunt
1724 4115 2000 4171 consilium
2043 4122 2101 4168 ut
2136 4122 2296 4183 caput

716 4218 961 4277 raderet,
994 4225 1100 4267 non
1129 4208 1324 4272 restitit
1356 4227 1369 4264 :
1402 4217 1683 4263 suaserunt
1719 4223 1787 4263 ne
1830 4208 1883 4261 in
1924 4207 2187 4261 theatrum
2214 4206 2297 4264 in.-

715 4306 1055 4376 grederetur,
1083 4312 1140 4359 et
1165 4303 1345 4359 cessit.
1377 4300 1451 4356 lta
1476 4316 1534 4356 se
1562 4301 1687 4355 huic
1714 4300 1793 4354 rei
1818 4308 1988 4355 totum
2014 4298 2292 4353 dedicave-

718 4406 832 4463 rat,
858 4404 917 4449 ut
942 4394 1119 4449 omnia
1145 4407 1242 4462 pro
1269 4391 1500 4447 fidelium
1531 4388 1845 4443 utilitatibus
1881 4388 2108 4443 libenter
2150 4388 2293 4445 acci-

717 4492 902 4556 peret,
932 4498 1030 4554 pro
1059 4482 1296 4553 ipsorum
1331 4480 1677 4542 aedificatione
1704 4494 1918 4549 pacem,
1950 4491 2291 4546 consensum,

717 4574 1205 4646 dispensationem,
1249 4572 1605 4631 concordiam‘
1626 4571 1929 4642 diligendo,
1957 4579 2011 4626 et
2046 4570 2294 4625 eumdem

721 4680 783 4721 se
806 4680 869 4720 ac
893 4679 1105 4734 semper
1124 4662 1379 4733 aequalem
1407 4662 1765 4733 praedicationi
1792 4662 1985 4733 ubique
2008 4661 2292 4717 servando.

716 4757 855 4813 Cum
880 4757 1034 4827 igitur
1058 4758 1230 4819 audis,
1266 4756 1407 4828 quod
1435 4757 1636 4811 sororis
1661 4756 1825 4810 tilium
1853 4755 2058 4814 miserit
2084 4755 2151 4809 ad
2178 4754 2297 4809 Tri-

721 4851 943 4916 bunum,
970 4849 1152 4903 volens
1179 4848 1247 4904 de
1274 4847 1524 4918 periculis
1560 4848 1792 4918 liberari,
1821 4856 1875 4901 et
1901 4847 2041 4917 quod
2068 4847 2297 4918 appellet

716 4941 1007 5005 Caesarem,
1036 4941 1283 5010 quodque
1310 4940 1534 4994 Romam
1566 4940 1644 4994 ire
1674 4938 1915 5004 festinet,
1960 4954 2293 5009 nequaquam

719 5043 873 5101 putes
900 5030 1120 5085 verbum
1146 5045 1267 5086 esse
1303 5031 1616 5084 formidinis.
1645 5030 1745 5097 Qui
1780 5029 1923 5084 enim
1959 5029 2203 5099 gemebat
2242 5028 2294 5081 in

721 5124 820 5177 hac
850 5137 911 5177 se
946 5122 1117 5179 adhuc
1156 5137 1275 5177 esse
1318 5123 1423 5177 vita
1446 5163 1461 5188 ,
1492 5137 1666 5176 annon
1704 5121 1880 5190 potius
1922 5121 2149 5191 eligebat
2175 5133 2296 5177 esse

718 5230 840 5268 cum
868 5214 1128 5269 Christo?
1155 5214 1242 5284 qui
1268 5222 1322 5269 et
1355 5214 1540 5267 caalum
1570 5222 1790 5282 propter
1834 5212 2001 5281 ipsum
2030 5211 2293 5281 deSpicie-

725 5305 813 5359 bat
840 5314 895 5359 et
913 5305 1150 5374 angelos,
1178 5319 1283 5374 quo
1309 5303 1520 5358 tandem
1552 5313 1705 5371 pacto
1731 5302 1844 5356 haec
1875 5304 2150 5372 praesentia
2175 5302 2291 5355 dili-

723 5396 919 5463 gebat?
952 5395 1110 5466 Cujus
1148 5396 1309 5467 igitur
1349 5396 1428 5451 rei
1467 5396 1634 5466 gratia
1678 5394 1777 5448 ista
1810 5394 2071 5450 faciebat?
2101 5395 2292 5449 Procul

724 5488 888 5543 dubio
909 5505 967 5541 ut
990 5488 1184 5543 diutius
1212 5487 1571 5558 praedicationi
1599 5487 1886 5555 insisteret,
1914 5502 2137 5558 cumque
2157 5488 2293 5542 mul-

723 5579 793 5633 tis
827 5579 947 5633 hinc
971 5579 1308 5636 credentibus
1336 5587 1494 5650 atque
1521 5579 1767 5635 omnibus
1802 5579 2069 5634 coronatis
2098 5579 2199 5633 iret
2223 5578 2292 5633 ad

720 5667 1010 5725 Christum.
1051 5669 1183 5724 Nam
1214 5671 1447 5743 profecto
1490 5669 1789 5737 metuebat,
1831 5683 1898 5726 ne
1932 5683 2132 5740 pauper
2168 5668 2292 5725 hinc

1495 309 1549 365 S.
1583 307 1864 366 JOANNIS
1887 302 2260 363 CHRYSOS'I'.
2306 301 2621 360 ARCHIEP.
2664 302 3200 365 CONSTANTINOP.

3861 294 3967 350 513

2388 426 2547 487 atque
2576 414 2728 486 inops
2757 416 3039 470 multorum
3065 413 3252 474 salutis
3290 413 3620 471 abscederet.
3663 412 3730 481 Et
3768 412 3969 467 idcirco

2389 506 2603 571 dicebat
2637 522 2651 559 :
2688 504 2995 561 Permanere
3031 512 3199 559 autem
3244 503 3297 562 in
3333 519 3487 558 carne
3526 503 3863 556 necessarium
3894 512 3968 556 est

2388 605 2595 667 prapter
2618 576 2741 665 eo?"
2752 595 2983 665 Philipp.
3006 596 3055 649 1.
3076 594 3190 664 24).
3219 594 3505 666 Propterea
3529 610 3659 664 ergo
3681 604 3803 650 cum
3825 594 3968 650 vide-

2387 694 2470 740 ret
2490 686 2762 740 meliorem
2784 699 2883 753 pro
2903 698 2961 738 se
2987 684 3037 737 in
3058 682 3259 752 judicio
3286 686 3604 753 processisse
3622 684 3965 748 sententiam,

2387 774 2608 844 ipsoque
2631 773 2840 828 dicente
2865 772 3028 828 Festo
3047 813 3061 837 ,
3092 774 3294 827 Ahsolvi
3320 783 3515 843 poterat
3541 775 3691 828 homo
3710 775 3839 839 iste,
3869 774 3967 843 nisi

2386 867 2687 935 appellasset
2732 865 2983 922 timorem
3024 866 3041 933 (
3069 864 3182 925 Act.
3212 864 3302 921 26.
3329 866 3434 937 δὲ)
3466 882 3481 920 :
3511 866 3721 921 vinctus
3766 874 3965 946 tamen,

2385 970 2612 1025 cumque
2639 955 2879 1027 plurimis
2906 954 3114 1019 vinctis,
3143 956 3231 1024 qui
3257 956 3404 1011 mille
3429 955 3659 1009 facinora
3684 957 3970 1012 commise-

2387 1056 2540 1111 rant,
2577 1047 2798 1110 ductus,
2831 1061 2936 1103 non
2967 1047 3177 1102 erubuit
3204 1062 3325 1102 cum
3371 1048 3475 1101 illis
3518 1048 3701 1118 ligari,
3729 1049 3971 1118 quininto

2382 1137 2620 1196 omnium
2637 1138 2795 1191 simul
2816 1137 3175 1206 navigantium
3202 1153 3383 1199 curam
3407 1139 3645 1208 gerebat,
3662 1141 3744 1194 sui
3769 1141 3969 1209 quippe

2386 1244 2626 1293 securus,
2662 1243 2828 1299 seque
2853 1238 3022 1283 tutum
3047 1229 3179 1291 satis
3206 1243 3327 1285 esse
3352 1231 3697 1286 certissimus.
3723 1231 3968 1300 Cumque

2386 1322 2594 1377 vinctus
2623 1337 2717 1391 per
2746 1332 2853 1376 tam
2898 1330 3102 1375 vastum
3133 1321 3350 1395 pelagus
3376 1322 3661 1387 duceretur
3683 1360 3700 1387 ,
3734 1323 3803 1375 ita
3834 1338 3967 1390 gau-

2382 1413 2543 1472 debat
2571 1421 2770 1475 tamen,
2800 1422 3067 1482 tamquam
3095 1412 3149 1469 in
3170 1412 3456 1465 maximum
3486 1412 3770 1466 duceretur
3799 1414 3966 1481 impos

2384 1504 2543 1557 rium.
2572 1503 2781 1561 Etenim
2808 1519 2915 1557 non
2942 1517 3158 1572 parvum
3185 1502 3259 1556 illi
3298 1502 3575 1571 praemium
3602 1504 3750 1557 urbis
3778 1504 3965 1559 Romae

2385 1596 2663 1653 conversio
2694 1594 3110 1663 proponebatur.
3146 1592 3339 1650 Verum
3369 1608 3437 1648 ne
3466 1593 3586 1650 illos
3610 1593 3847 1661 quidem,
3874 1594 3963 1663 qui

2388 1685 2586 1756 pariter
2621 1683 2970 1753 navigabant,
2996 1682 3272 1752 despectui
3301 1683 3577 1738 habendos
3605 1685 3806 1757 putavit
3831 1699 3845 1735 :
3870 1683 3963 1751 sed

2384 1775 2489 1828 illis
2528 1788 2740 1843 quoque
2768 1774 3005 1835 veritatis
3048 1774 3309 1828 suavitate
3338 1774 3638 1829 modulatus
3674 1783 3789 1837 est,
3822 1774 3964 1828 indi-

2386 1878 2515 1918 cans
2541 1864 2640 1918 sibi
2672 1863 2880 1919 divinos
2906 1865 3169 1943 apparuis'
3200 1882 3213 1897 τ
3241 1866 3437 1927 vultus,
3479 1874 3535 1919 et
3570 1880 3653 1929 ea,
3698 1881 3820 1933 quae
3846 1865 3964 1919 fue-

2383 1963 2505 2020 rant
2542 1955 2642 2009 sibi
2684 1954 2822 2011 dicta
2848 1995 2863 2018 ,
2909 1970 3335 2011 commemorans
3365 1974 3380 2011 :
3411 1957 3463 2011 id
3488 1967 3570 2013 est
3592 1998 3608 2022 ,
3638 1956 3752 2014 Tibi
3781 1957 3964 2011 donavi

2383 2046 2607 2103 homines
2646 2047 2770 2099 istos
2796 2046 2939 2116 (Act.
2964 2047 3052 2099 27.
3076 2045 3146 2100 24
3164 2044 3205 2117 ).
3247 2046 3360 2101 Hoc
3389 2062 3515 2100 vero
3545 2047 3770 2100 faciebat
3791 2088 3806 2109 ,
3857 2062 3962 2100 non

2382 2138 2619 2205 scipsum
2648 2148 2959 2206 arroganter
2987 2138 3246 2193 extollens
3266 2179 3281 2203 ,
3323 2138 3418 2193 sed
3456 2138 3575 2192 illos
3602 2137 3702 2192 sibi
3731 2138 3798 2192 ad
3842 2154 3964 2207 per-

2382 2229 2687 2285 Suasionem
2730 2228 2852 2283 fidei
2896 2243 3109 2297 parans.
3154 2228 3439 2297 Propterea
3477 2236 3532 2282 et
3560 2228 3698 2281 Deus
3727 2229 3966 2302 permisit

2387 2318 2603 2389 pelagus
2632 2320 2978 2394 commoveri,
3010 2328 3067 2373 ut
3110 2334 3205 2389 per
3245 2320 3295 2373 id
3324 2319 3463 2389 quod
3489 2319 3702 2373 auditus
3731 2335 3836 2373 non
3863 2329 3964 2397 est,

2383 2417 2438 2462 et
2485 2423 2581 2478 per
2627 2408 2679 2462 id
2720 2408 2864 2477 quod
2907 2409 3117 2463 auditus
3144 2418 3247 2478 est,
3294 2409 3583 2478 spiritualis
3626 2408 3770 2463 Pauli
3798 2410 3966 2480 gratia

2384 2499 2729 2569 panderetur.
2753 2498 2884 2552 Nam
2908 2507 2962 2553 ct
2990 2514 3110 2553 cum
3135 2498 3369 2561 dedisset
3391 2499 3689 2563 consilium,
3716 2501 3968 2569 navigan-

2386 2588 2511 2643 dum
2542 2603 2646 2642 non
2676 2602 2817 2651 esse,
2846 2599 3181 2658 contemptus
3206 2597 3288 2643 est
3306 2629 3321 2652 ,
3344 2598 3664 2658 ventumque
3690 2599 3775 2643 est
3800 2604 3968 2658 usque

2384 2680 2449 2737 ad
2479 2688 2719 2733 extrema
2767 2680 3071 2738 discrimina
3105 2678 3315 2751 (Ibid.).
3346 2679 3539 2734 Verum
3570 2694 3637 2750 ne
3661 2690 3969 2749 contemptu

2385 2768 2598 2838 quidem
2650 2784 2837 2831 eorum
2890 2770 3059 2824 factus
3108 2781 3190 2823 est
3236 2770 3552 2835 onerosior;
3607 2769 3702 2826 sed
3762 2785 3967 2847 rursus,

2385 2860 2534 2932 quasi
2583 2870 2733 2929 pater
2781 2860 2903 2917 ﬁliis
2949 2861 3264 2935 providebat
3307 2862 3601 2934 agebatque
3632 2863 3819 2928 omnia
3845 2903 3860 2927 ,
3905 2877 3970 2922 no

2388 2952 2665 3022 quisquam
2694 2953 2915 3021 periret.
2978 2987 2997 3029 θ

2452 3040 2631 3095 Roma:
2647 3049 2883 3111 quantum
2897 3042 3187 3101 modestiam
3201 3043 3496 3099 exhibuerit.
3516 3040 3841 3111 Comparatio
3861 3060 3972 3113 cuiu

2389 3130 2519 3185 duce
2544 3130 2808 3185 exercitus.
2847 3158 2921 3170 —
2957 3130 3240 3200 Postquam
3277 3146 3404 3186 vero
3438 3131 3660 3185 Romam
3707 3132 3976 3201 ingressus

2388 3229 2474 3276 est
2492 3260 2507 3285 ,
2540 3220 2613 3273 ibi
2639 3234 2850 3290 quoque
2870 3228 3063 3291 quanta
3092 3234 3213 3283 cum
3243 3219 3503 3276 modestia
3530 3220 3807 3274 annuntiat
3831 3224 3974 3274 veri-

2391 3320 2575 3375 tatem,
2601 3322 2799 3380 quanta
2822 3312 2982 3366 etiam
3005 3326 3126 3367 cum
3150 3311 3396 3367 libertate
3420 3313 3649 3367 obstruit
3666 3326 3759 3365 ora
3786 3311 3977 3380 impio-

2392 3406 2541 3459 rum!
2572 3404 2769 3460 Verum
2799 3419 2897 3459 nec
2922 3403 2992 3459 ibi
3015 3414 3159 3465 stare
3187 3414 3489 3470 contentus,
3519 3404 3680 3458 etiam
3705 3404 3759 3457 in
3788 3403 3978 3471 Hispao

2394 3494 2537 3549 niam
2579 3495 2864 3563 percurrit.
2907 3492 3044 3547 Cum
3089 3501 3267 3548 autem
3308 3494 3504 3563 smpius
3551 3493 3695 3547 varia
3743 3492 3980 3563 pericula

2393 3584 2720 3648 sustineret,
2747 3581 3047 3641 conﬁdebat
3080 3583 3248 3653 magis
3288 3592 3449 3652 atque
3484 3581 3646 3637 fiebat
3680 3582 3935 3637 audacior
3962 3600 3980 3638 :

2392 3689 2495 3743 nec
2521 3675 2635 3744 ipse
2667 3674 2839 3737 solum
2860 3714 2879 3748 ,
2910 3673 3004 3729 sed
3035 3673 3196 3730 etiam
3235 3672 3478 3741 discipuli
3508 3681 3723 3742 propter
3763 3674 3936 3743 ipsum
3958 3714 3975 3737 ,

2393 3767 2483 3837 qui
2507 3767 2620 3836 ejus
2645 3767 2827 3837 utique
2851 3766 3196 3825 ﬁrmabantur
3218 3766 3486 3835 exemplo.
3513 3764 3977 3833 Quemadmodum

2394 3857 2536 3912 enim
2562 3855 2609 3911 si
2629 3870 2750 3912 eum
2772 3855 3129 3913 remissiorem
3153 3853 3559 3924 segnioremque
3581 3853 3859 3917 vidissent,
3878 3853 3982 3922 ipsi

2395 3947 2556 4003 etiam
2584 3946 2809 4000 fortasse
2832 3944 3058 4007 fuissent
3084 3959 3317 4000 mou-ore
3346 3944 3537 4014 dejecti
3564 3959 3579 3998 :
3611 3944 3683 3999 ita
3712 3945 3802 4014 qui
3829 3945 3983 4020 illum

2396 4035 2672 4091 fortiorem
2700 4035 2895 4090 factum
2923 4049 3045 4090 esse
3065 4034 3382 4099 cernebant,
3410 4043 3464 4090 et
3487 4035 3627 4090 inter
3650 4035 3869 4105 injurias
3894 4044 3983 4089 at-

2397 4139 2501 4206 que
2528 4124 2709 4194 plagas
2745 4124 3058 4179 constantia:
3085 4138 3229 4194 saepe
3255 4126 3452 4179 virtute
3478 4133 3806 4179 crescentem
3829 4163 3848 4190 ,
3879 4125 3983 4195 ipsi

2397 4230 2608 4286 quoque
2632 4230 2752 4270 cum
2775 4215 2977 4285 majore
2998 4215 3186 4270 fiducia
3212 4215 3569 4284 przedicabant
3594 4232 3608 4266 :
3638 4215 3797 4285 idque
3814 4216 3986 4287 signi-

2398 4305 2565 4375 ﬁcans
2589 4307 2659 4360 ait
2684 4346 2702 4372 ,
2730 4304 2756 4358 1
2763 4317 2815 4359 ta
2841 4315 2894 4361 ut
2925 4307 3093 4375 plures
3117 4322 3144 4359 e
3170 4306 3413 4375 fratribus
3437 4305 3741 4373 conﬁdentes
3765 4306 3987 4360 vinculis

2398 4397 2543 4457 meis.
2565 4396 2902 4449 abundantius
2920 4396 3158 4449 auderent
3179 4396 3286 4451 sine
3308 4395 3484 4449 timore
3506 4397 3707 4448 verbum
3726 4393 3824 4448 Dei
3844 4396 3988 4465 loqui

2404 4486 2423 4558 (
2449 4484 2643 4555 Philip.
2672 4490 2723 4555 1.
2757 4487 2822 4545 14
2844 4484 2886 4553 ).
2939 4486 2995 4545 Si
3026 4487 3167 4541 enim
3194 4486 3301 4541 dux
3329 4487 3532 4542 militiae
3562 4488 3720 4543 fuerit
3742 4487 3898 4544 fortis
3920 4504 3989 4546 ac

2398 4579 2680 4646 robustus,
2707 4593 2812 4633 non
2850 4578 3010 4633 modo
3047 4578 3261 4643 caedetis
3297 4588 3455 4648 atque
3485 4589 3862 4649 prosternens,
3894 4596 3990 4636 ve-

2398 4684 2514 4723 rum
2539 4670 2702 4724 etiam
2730 4669 2953 4724 vulnere
2980 4670 3093 4745 ipse
3122 4683 3428 4739 percussus,
3452 4669 3693 4724 subditos
3719 4684 3845 4725 suos
3867 4671 3990 4737 eflio

2401 4760 2476 4815 cit
2502 4759 2780 4826 fortiores,
2812 4763 3082 4831 magisque
3107 4760 3210 4825 hoc
3250 4770 3468 4830 prasstat
3496 4762 3800 4817 vulneratus
3827 4762 3947 4829 ipse
3968 4802 3987 4828 ,

2400 4864 2559 4919 quam
2588 4849 2895 4903 vulnerans.
2944 4850 3075 4904 Cum
3119 4851 3261 4904 enim
3297 4850 3333 4917 ii
3370 4850 3460 4921 qui
3489 4851 3589 4905 sub
3616 4851 3707 4905 tali
3746 4861 3990 4921 pugnant

2400 4942 2674 5010 magistro,
2708 4939 2937 4995 viderint
2962 4941 3161 4997 inflicta
3191 4943 3443 5007 vulnera,
3475 4942 3726 5000 ﬂuentem
3763 4944 3991 5012 sangui-

2399 5046 2521 5088 nem
2540 5072 2556 5097 ,
2584 5040 2637 5086 et
2666 5046 2733 5087 ne
2759 5031 2836 5086 sic
2864 5031 3079 5102 quidem
3114 5032 3259 5087 illum
3291 5033 3533 5088 hostibus
3569 5032 3852 5102 aliquando
3890 5048 3989 5087 ce-

2399 5121 2610 5176 dentem
2636 5162 2650 5185 ,
2683 5120 2780 5177 sed
2805 5131 3031 5177 stantem
3058 5122 3305 5197 fortiter,
3333 5122 3617 5193 hastasque
3642 5123 3944 5178 vibrantem
3972 5165 3990 5190 ,

2399 5220 2454 5266 et
2472 5211 2669 5267 crebris
2686 5212 2953 5282 certisque
2978 5214 3165 5269 ictibus
3185 5214 3239 5268 in
3261 5214 3594 5273 adyersarios
3612 5222 3989 5302 promentem,

2400 5318 2499 5359 nec
2527 5306 2745 5360 omnino
2771 5305 3058 5375 quidquam
3086 5316 3388 5375 parcentem
3410 5306 3603 5373 dolori,
3631 5307 3831 5377 majore
3856 5311 3990 5371 alis-

2398 5410 2502 5464 que
2524 5395 2685 5450 dubio
2714 5405 2862 5449 tanto
2890 5396 3011 5477 duci
3035 5397 3308 5452 alacritate
3334 5397 3649 5452 subduntur.
3675 5398 3784 5453 Hoc
3804 5398 3991 5471 itaque

2400 5486 2594 5542 factum
2619 5496 2672 5541 et
2693 5486 2877 5542 Paulo.
2909 5484 3158 5541 Videntes
3184 5488 3325 5541 enim
3351 5487 3496 5542 illum
3518 5487 3734 5558 ligatum
3754 5491 3989 5565 catenis,

2399 5586 2455 5633 et
2498 5578 2664 5631 nihilo
2704 5578 2879 5634 minus
2923 5579 2976 5634 in
3023 5593 3239 5635 carcere
3281 5579 3698 5649 praedicantem,
3742 5580 3995 5639 videntes

2400 5671 2560 5725 etiam
2584 5671 2945 5741 verberatum,
2968 5680 3024 5727 et
3050 5680 3225 5728 tamen
3250 5673 3592 5730 verberantes
3612 5673 3754 5744 ipsos
3775 5687 3993 5730 sermo-
