4220 6316
352 404 458 455 {iis
1200 395 1285 448 DF.
1317 394 1376 450 S.
1410 389 1714 448 MELETIO
1751 390 2218 445 ANTlOCllENO.
2245 420 2316 432 -—-
2345 391 2678 450 MONITUM.

336 533 373 567 ιι
388 537 416 567 ιε
439 525 756 584 capientem,
781 519 1036 582 majorem
1058 515 1293 581 profecto
1321 512 1563 566 ﬁduciam
1584 505 1922 572 colligebant.

347 605 413 657 Et
439 602 636 659 idcirco
669 619 774 657 non
801 603 933 657 dixit
961 603 1272 670 simpliciter
1299 601 1653 670 Con/ﬁdentes;
1680 599 1774 654 sed
1794 639 1809 652 .
1843 596 1928 651 Ita

341 708 400 747 ut
424 696 763 748 abundantius
790 694 1030 748 auderent
1057 695 1164 747 sine
1188 696 1366 747 timore
1393 692 1593 746 verbum
1618 690 1715 745 Dei
1742 690 1878 746 ἰσαιιὶ
1905 705 1924 743 :

330 787 539 856 magis,
573 787 742 854 inquit
763 827 778 850 ,
807 787 966 840 modo
993 801 1150 856 quam
1180 799 1300 840 cum
1327 799 1499 839 essem
1529 785 1661 838 liber
1685 799 1713 836 a
1744 782 1928 835 vincu-

340 875 408 928 lis
433 917 449 940 ,
482 877 670 930 fratres
702 875 1059 944 praedicabant
1086 876 1414 930 ﬁducialiter.
1459 873 1608 927 Tunc
1637 874 1776 926 enim
1804 889 1925 926 cer-

349 967 542 1020 tiorem
574 966 898 1020 alacritatem
929 976 982 1020 et
1021 967 1134 1035 ipse
1159 966 1440 1034 capiebat,
1470 979 1533 1017 ac
1561 963 1926 1018 vehementius

341 1057 397 1109 in
419 1056 751 1111 adversarios
773 1055 1059 1119 ferebatur,
1078 1065 1132 1110 et
1151 1058 1476 1109 incrementa
1498 1053 1920 1124 persequutionis

337 1146 560 1214 majoris
589 1147 659 1199 illi
685 1146 882 1201 ﬁebant
901 1162 1057 1200 causa
1078 1147 1412 1201 constantiae.
1444 1145 1682 1198 Inclusus
1709 1153 1790 1198 est
1811 1144 1927 1213 qui-

336 1237 465 1291 dem
495 1238 546 1291 in
573 1252 788 1292 carcere
807 1279 823 1305 ,
851 1246 1163 1308 tantumque
1192 1239 1242 1291 in
1273 1253 1339 1292 eo
1367 1237 1574 1290 virtutis
1601 1236 1834 1298 refulsit,
1869 1247 1924 1288 ut

332 1328 500 1380 etiam
531 1327 869 1382 fundamenta
901 1337 1248 1397 quaterentur
1285 1338 1340 1399 et
1377 1326 1509 1380 Ostia
1545 1325 1921 1393 panderentur.

333 1418 624 1473 Custodem
645 1433 854 1489 quoque
881 1429 1006 1474 tunc
1030 1421 1204 1489 ipsum
1223 1419 1454 1474 carceris
1474 1419 1541 1473 ad
1563 1419 1720 1473 ﬁdem
1746 1428 1919 1470 trans-

337 1509 460 1564 tulit
485 1509 616 1580 (Αει.
653 1511 758 1580 16),
782 1511 949 1580 judici
979 1527 1114 1580 pene
1144 1513 1423 1580 persuasit,
1459 1511 1529 1565 ita
1555 1520 1611 1564 ut
1639 1511 1755 1580 ipse
1777 1509 1924 1564 dice-

337 1611 422 1655 ret
451 1619 465 1654 :
497 1601 562 1656 In
591 1604 786 1656 modico
812 1619 890 1657 me
914 1606 1094 1657 suades
1123 1603 1467 1658 Christianum
1497 1606 1608 1672 ﬁeri
1639 1605 1659 1676 (
1688 1607 1799 1660 Act.
1827 1605 1918 1659 26.

331 1694 452 1762 28).
493 1692 698 1747 Rursus
722 1708 841 1747 cum
868 1693 1224 1762 lapidaretur,
1271 1695 1479 1764 plenam
1511 1696 1688 1764 pepuli
1730 1697 1923 1749 civita-

338 1792 448 1836 tem
480 1780 602 1836 tidei
633 1783 748 1838 luce
775 1783 1060 1838 donavit‘:
1087 1793 1141 1838 et
1175 1785 1434 1839 vocabant
1460 1801 1580 1839 eum
1607 1787 1754 1855 quasi
1775 1786 1921 1854 judi-

334 1874 508 1926 caturi
546 1872 717 1928 ιιιάωί
739 1913 756 1938 ,
787 1883 914 1928 tunc
956 1875 1116 1930 etiam
1153 1876 1506 1931 Athenienses
1537 1877 1660 1930 facti
1700 1887 1825 1932 sunt
1855 1893 1922 1932 ex

333 1963 658 2019 adversariis
699 1966 930 2033 subditi,
957 1976 1012 2021 et
1037 1982 1104 2021 ex
1124 1967 1392 2035 judicibus
1422 1976 1638 2036 repente
1657 1969 1920 2038 discipuli.

330 2053 486 2108 Sicut
514 2055 652 2108 enim
696 2056 833 2125 ignis
861 2059 916 2110 in
954 2059 1192 2112 diversas
1218 2059 1531 2127 plerumque
1557 2061 1805 2114 materias
1836 2059 1919 2114 in-

334 2144 521 2199 cidens
550 2156 773 2215 augetur
805 2149 973 2217 magis
997 2189 1013 2214 ,
1041 2158 1094 2202 et
1131 2165 1195 2203 ex
1235 2149 1472 2217 subjecta
1500 2149 1600 2204 sibi
1627 2149 1920 2204 substantia

338 2235 668 2290 incrementa
693 2238 910 2295 sortitur
936 2253 950 2291 :
980 2239 1058 2293 sic
1087 2239 1246 2293 etiam
1274 2241 1448 2309 lingua
1480 2239 1630 2293 Pauli
1656 2281 1670 2304 ,
1700 2241 1920 2308 quibus-

330 2339 563 2393 cumque
575 2325 761 2382 fuisset
774 2327 1009 2392 admeta,
1030 2329 1094 2384 ad
1117 2331 1350 2398 seipsum
1370 2344 1462 2384 eos
1481 2329 1732 2384 continuo
1747 2339 1924 2385 trans-

329 2416 554 2471 ferebat.
606 2417 1002 2488 lmpognatores
1045 2435 1256 2490 quoque
1302 2421 1417 2490 ejus
1463 2422 1710 2478 celeriter
1755 2423 1920 2492 ipsius

328 2507 499 2561 verbo
522 2508 662 2576 capti
695 2508 947 2577 pabulum
987 2510 1254 2580 quoddam
1281 2511 1538 2580 spirituali
1567 2512 1690 2569 huic
1717 2515 1916 2569 efﬁcie-

313 2598 526 2653 bantur
548 2599 690 2668 igni,
721 2615 926 2670 perque
961 2601 1105 2669 ipsos
1131 2602 1302 2670 magis
1330 2602 1601 2672 Evangelii
1627 2602 1766 2658 fama
1796 2620 1916 2660 cre-

325 2692 533 2755 scebat,
561 2691 756 2746 idcirco
781 2691 992 2747 dicebat
1020 2693 1306 2763 :Alligatus
1330 2710 1460 2758 sum,
1481 2696 1571 2747 sed
1596 2698 1794 2748 uerbum
1823 2696 1918 2749 Dei

327 2795 429 2833 non
457 2789 529 2834 est
555 2780 822 2850 alligatum
846 2781 866 2851 (
890 2781 946 2834 2.
977 2781 1106 2836 Tim.
1134 2783 1188 2836 2.
1217 2783 1251 2838 9
1276 2785 1313 2855 ).
1343 2783 1618 2854 Fugabant
1649 2801 1769 2840 eum
1811 2787 1914 2840 fre-

325 2880 554 2941 quenter
581 2871 801 2938 inimici,
840 2881 900 2928 et
929 2883 1182 2942 quantum
1211 2876 1424 2944 quidem
1452 2876 1520 2931 ad
1547 2891 1659 2930 rem
1686 2886 1912 2944 spectat.

327 2961 784 3030 persequebantur
813 2980 826 3015 :
855 2975 1111 3032 quantum
1135 2980 1264 3020 vero
1292 2965 1359 3020 ad
1387 2977 1641 3021 eventum
1670 2967 1769 3030 rei,
1797 2967 1914 3020 aliis

327 3052 607 3107 mittebant
631 3055 938 3124 magistrum
963 3056 1052 3125 qui
1075 3071 1140 3111 eo
1158 3057 1412 3111 carebant
1438 3075 1451 3110 :
1479 3058 1724 3127 quodque
1749 3057 1913 3112 facie-

325 3143 454 3197 bant
489 3144 643 3198 amici
680 3153 842 3214 atque
879 3145 1201 3212 concordes,
1233 3146 1332 3200 hoc
1365 3148 1508 3201 velut
1546 3149 1724 3202 studio
1759 3162 1911 3203 exse-

323 3235 630 3301 quebantur
672 3235 908 3297 inimici.
945 3251 1230 3306 numquam
1275 3238 1511 3293 sitientes
1552 3254 1673 3294 eum
1715 3239 1768 3293 in
1809 3256 1910 3294 una

324 3322 683 3378 habitaculum
709 3326 925 3396 regione
962 3327 1227 3381 collocare
1248 3369 1263 3391 ,
1290 3329 1384 3382 sed
1415 3331 1912 3400 persequutionibus

328 3413 647 3484 insidiisque
673 3415 932 3485 pallentes
951 3455 967 3482 ,
995 3431 1090 3486 per
1117 3428 1336 3474 cunctas
1359 3419 1577 3474 omnino
1611 3420 1912 3490 provincias

436 3555 535 3608 ει,
559 3548 853 3614 lapidatum
868 3549 1108 3604 ciuitatem
1127 3552 1372 3617 ingressus
1398 3553 1679 3605 inmutauit.

3512 398 3613 456 δυ.

2036 505 2302 560 medicum
2321 505 2803 571 eircnmduccbant,
2829 518 2884 561 ut
2901 523 3087 564 omnes
3103 508 3348 563 videlicet
3364 508 3614 563 salutaria

2033 593 2149 663 ejus
2191 597 2383 665 lingua:
2431 599 2662 652 remedia
2705 601 2980 653 sentirent.
3030 599 3233 655 Rursus
3263 601 3614 670 alligaverunt

2031 703 2152 743 eum
2178 729 2192 753 ,
2222 688 2314 742 sed
2351 691 2525 742 acrius
2552 691 2602 743 in
2631 691 2989 745 defensionem
3021 691 3138 745 ﬁdei
3164 691 3452 762 discipulos
3477 707 3612 745 con-

2032 779 2292 840 citarunt;
2321 780 2624 847 persequuti
2645 789 2786 842 sunt,
2811 789 2862 834 ct
2890 795 2992 834 non
3018 781 3330 835 habentibus
3353 783 3612 837 miserunt
3713 848 3725 856 _

2031 868 2374 936 magistrum;
2436 869 2500 922 ad
2532 869 2701 935 majus
2724 870 2980 939 judicium
3015 881 3471 940 provocaverunt.
3520 871 3616 928 sed

2031 957 2246 1013 uberius
2274 958 2439 1012 Judmi
2471 960 2780 1014 beneﬁcium
2808 963 3208 1025 contulerunt‘,
3235 971 3452 1031 propter
3474 973 3614 1032 quod

2032 1061 2084 1103 et
2108 1051 2274 1104 Judu-i
2317 1051 2563 1105 (licebant
2593 1052 2659 1106 de
2686 1054 2942 1122 apostolis
2974 1054 3215 1110 dolentes
3245 1072 3257 1106 :
3291 1055 3426 1119 Quid
3453 1057 3612 1126 facie-

2032 1158 2141 1192 mus
2183 1143 2291 1195 istis
2317 1142 2599 1196 hominibus
2625 1146 2641 1212 (
2667 1145 2779 1196 Act.
2810 1146 2863 1198 4.
2896 1144 2964 1198 16
2984 1145 3042 1215 )?
3085 1146 3184 1199 Per
3211 1161 3327 1214 qua:
3353 1146 3494 1200 enim
3522 1160 3614 1200 eos

2030 1233 2331 1308 Opprimere
2363 1233 2638 1300 volumus,
2670 1251 2762 1303 per
2786 1220 2848 1289 ea
2888 1237 2996 1304 ipsa
3030 1236 3391 1305 provehimus.
3428 1237 3613 1290 Tradi-

2029 1323 2222 1375 derunt
2269 1324 2474 1377 custodi
2518 1327 2771 1388 carceris,
2816 1335 2873 1379 ut
2913 1342 3034 1380 eum
3081 1327 3363 1393 diligenter
3409 1327 3614 1397 ligarei,

2029 1415 2123 1468 sed
2151 1416 2262 1483 ipse
2291 1430 2319 1468 a
2349 1416 2511 1470 Paulo
2540 1419 2734 1472 arctius
2759 1419 3003 1488 alligatus
3031 1429 3132 1473 est.
3165 1419 3298 1474 Cum
3327 1421 3429 1473 reis
3455 1430 3614 1488 atque

2029 1505 2220 1560 vinctis
2258 1521 2378 1559 eum
2421 1507 2717 1573 miserunt,
2749 1525 2815 1563 ne
2857 1509 3166 1578 aufugeret;
3213 1519 3268 1562 at
3297 1511 3383 1565 ille
3413 1513 3613 1566 Vinctos

2028 1596 2326 1652 Christiana
2357 1599 2595 1654 doctrina
2633 1601 2838 1654 imbuit.
2887 1601 3259 1669 [inposuerunt
3297 1616 3421 1655 eum
3449 1602 3570 1656 navi
3595 1642 3611 1665 ,

2029 1697 2084 1740 ut
2111 1688 2267 1756 plane
2291 1688 2453 1742 etiam
2479 1690 2716 1744 nolentes
2741 1691 2892 1745 ocius
2920 1690 3019 1744 iter
3040 1691 3156 1758 ejus
3179 1689 3415 1745 facerent
3438 1692 3610 1762 expli-

2027 1778 2136 1832 cari
2161 1819 2177 1841 ,
2214 1779 2568 1848 accidensque
2605 1779 2934 1849 naufragium
2978 1778 3174 1834 factum
3215 1795 3335 1836 cum
3357 1779 3615 1848 Apostolo

2027 1868 2394 1938 navigantibus
2427 1884 2584 1924 causa
2613 1870 2887 1924 doctrinae.
2938 1871 3274 1925 Minabantur
3310 1871 3456 1925 mille
3483 1886 3610 1940 Stip-

2029 1959 2179 2026 plicia
2206 1999 2219 2021 ,
2249 1968 2307 2013 ut
2345 1960 2520 2028 ignem
2563 1959 2951 2027 praedicationis
2991 1961 3429 2029 exstinguerent,
3458 1960 3546 2031 qui
3579 1978 3609 2012 (ξ

2027 2050 2295 2104 contrario
2331 2051 2498 2120 magis
2535 2050 2657 2106 inde
2682 2053 2977 2107 crescebat.
3027 2053 3096 2106 Et
3129 2055 3264 2107 sicut
3293 2053 3360 2107 de
3390 2053 3613 2107 Domino

2025 2144 2273 2197 dixerunt
2291 2185 2304 2205 ,
2337 2143 2640 2197 Occiduntur
2669 2161 2811 2209 eum,
2845 2161 2907 2198 ne
2930 2147 3131 2198 ueniant
3156 2144 3408 2206 Romani,
3435 2154 3482 2198 et
3511 2148 3610 2199 tol-

2026 2235 2130 2286 lunt
2158 2234 2321 2288 locum
2346 2244 2571 2288 nostrum
2598 2245 2748 2304 atque
2771 2245 2966 2306 gentem
2998 2234 3175 2304 (Joan.
3205 2237 3290 2290 il.
3325 2233 3436 2307 48),
3467 2238 3615 2291 acci-

2027 2326 2210 2396 ditque
2239 2328 2562 2381 contrarium
2595 2345 2609 2381 :
2639 2343 2758 2382 nam
2797 2328 2920 2397 quia
2963 2329 3272 2383 occiderunt
3299 2344 3420 2384 eum
3442 2371 3456 2389 .
3489 2345 3611 2401 pru-

2026 2430 2201 2486 ptcrea
2226 2417 2449 2470 Romani
2478 2427 2530 2472 et
2552 2406 2764 2487 gentem
2785 2435 2969 2472 eorum
2992 2430 3043 2473 et
3066 2420 3334 2473 civitatem
3355 2421 3610 2474 tulerunt:

2023 2517 2076 2561 et
2102 2523 2221 2577 quae
2260 2509 2579 2576 putabantur
2609 2509 2982 2579 impedimenta
3015 2510 3424 2578 prauiicationis,
3454 2510 3606 2564 fortia

2023 2597 2387 2652 efﬁciebantur
2410 2600 2602 2653 auxilia
2631 2617 2643 2652 :
2669 2600 2744 2653 sic
2764 2600 2921 2653 etiam
2943 2599 3264 2669 pnedieante
3284 2600 3470 2667 Paulo,
3490 2617 3609 2670 qua

2021 2687 2306 2742 adversarii
2351 2688 2417 2741 ad
2463 2689 2872 2757 opprimendum
2920 2689 3147 2744 intulere
3189 2691 3446 2758 verbum,
3490 2691 3606 2746 haec

2023 2778 2146 2830 illud
2191 2780 2256 2832 ad
2296 2779 2614 2834 ineﬁ‘abilem
2659 2781 2942 2849 quamdam
2981 2780 3312 2836 altitudinem
3353 2781 3603 2836 subleva-

2021 2879 2160 2921 ruut.
2191 2869 2365 2936 Super
2392 2869 2476 2924 his
2501 2887 2627 2925 vero
2662 2871 2908 2926 omnibus
2946 2873 3144 2941 gratias
3176 2872 3314 2926 bono
3343 2881 3606 2927 tantarum

2019 2975 2195 3013 rerum
2225 2962 2427 3016 auctori
2453 2976 2673 3031 agamus
2703 2964 2828 3028 Deo,
2853 2964 3216 3034 gloriﬁcemus
3245 2964 3488 3030 Paulum,
3515 2981 3606 3036 per

2017 3069 2173 3121 quem
2207 3054 2302 3106 ista
2329 3055 2592 3124 completa
2618 3065 2742 3110 sunt
2772 3075 2782 3108 :
2811 3071 3031 3111 oremus
3057 3058 3238 3123 etiam,
3268 3066 3323 3111 ut
3349 3057 3446 3126 ipsi
3477 3073 3606 3126 quo-

2016 3160 2120 3212 que
2149 3145 2352 3199 eisdem
2383 3145 2718 3214 perfruamur
2748 3149 2900 3202 bonis
2920 3190 2932 3210 ,
2968 3150 3134 3218 gratia
3160 3157 3215 3202 et
3241 3147 3605 3204 misericordia

2019 3235 2226 3289 Domini
2272 3238 2440 3291 nostri
2485 3237 2610 3291 Jesu
2648 3237 2876 3301 Christi,
2923 3255 3015 3306 per
3052 3255 3211 3308 quem
3253 3250 3307 3293 et
3349 3255 3470 3294 cum
3500 3254 3608 3311 quo

2017 3330 2183 3399 gloria
2216 3329 2356 3384 Patri
2381 3371 2396 3394 ,
2427 3345 2548 3385 cum
2578 3330 2774 3400 Spiritu
2803 3342 2987 3386 sancto
3016 3373 3030 3398 ,
3065 3333 3116 3386 in
3147 3332 3340 3386 saecula
3381 3333 3605 3388 saeculo-

2016 3438 2155 3475 rnm.
2184 3424 2376 3476 Amen.

2079 3561 2097 3590 ι
2131 3562 2228 3615 σι’..
2253 3562 2300 3606 et
2321 3557 2498 3620 majori
2519 3559 2744 3623 profuere
2762 3558 2954 3609 civitati.
2981 3565 3183 3622 Propter
3205 3561 3352 3625 quod,
3379 3567 3477 3611 etc.

315 3858 3567 3915 mw

1201 4063 1298 4123 AD
1331 4065 1709 4128 HOMILIAM
1750 4066 1829 4127 IN
1874 4066 2227 4131 SANCTUM
2271 4073 2689 4138 MELETIUM.

321 4226 555 4284 omnino
578 4229 791 4289 videtur
818 4235 962 4312 hanc
1005 4236 1281 4296 homiliam
1314 4243 1724 4312 pronuntiatam
1776 4244 1946 4304 fuisse
1985 4249 2067 4304 vel
2126 4265 2273 4308 anno
2317 4254 2457 4321 586,
2507 4267 2629 4326 post
2671 4274 2912 4316 mensem
2954 4258 3195 4332 blaium,
3244 4263 3329 4320 vel
3365 4262 3586 4321 ineunte

314 4359 463 4400 anno
487 4347 614 4404 387.

382 4481 461 4539 De
490 4483 549 4540 S.
583 4484 801 4546 leletio
826 4493 1074 4562 quasdam
1095 4496 1338 4560 diximus
1362 4499 1417 4555 in
1455 4501 1580 4560 Vita
1609 4502 1667 4561 S.
1703 4505 1990 4563 Athanasii
2022 4510 2090 4564 ad
2139 4525 2344 4566 annum
2376 4512 2504 4568 36!.
2539 4511 2588 4569 Is
2645 4531 2842 4588 nempe
2879 4519 2951 4573 ab
3007 4519 3252 4584 Arianis,
3305 4519 3399 4590 qui
3455 4519 3573 4577 suis

307 4598 559 4666 partibus
585 4598 738 4676 [5l8]
763 4604 1038 4664 addictum
1068 4614 1354 4681 putabant,
1383 4618 1673 4676 ordinatus
1711 4622 1766 4677 in
1797 4624 2116 4696 episcopum
2165 4627 2591 4695 Antiochenam,
2632 4630 2728 4685 τοῦ
2757 4635 3047 4705 opoouotou
3082 4634 3340 4691 defensor
3370 4635 3579 4692 acerri-

305 4728 436 4769 mus
474 4725 632 4786 erat;
657 4734 770 4790 quo
791 4735 1091 4795 comperto,
1123 4727 1313 4784 Ariani
1344 4747 1510 4802 penes
1531 4751 1672 4806 quos
1712 4747 1829 4792 tum
1872 4756 2088 4797 summa
2109 4753 2248 4807 erat,
2278 4744 2558 4802 hominem
2590 4748 2644 4800 in
2672 4749 2930 4804 exsilium
2969 4749 3246 4822 deportari
3279 4764 3573 4814 curarunt.

311 4831 640 4891 Dedissidio
665 4848 845 4896 autem
868 4841 989 4913 ejus
1017 4853 1262 4918 tempore
1289 4849 1454 4904 etiam
1513 4851 1656 4909 inter
1690 4853 2010 4913 Catholicos
2056 4857 2312 4924 suborto,
2353 4863 2477 4918 vide
2504 4879 2628 4935 qua:
2656 4864 2898 4922 diximus
2929 4867 2984 4922 in
3025 4867 3229 4924 Mouito
3260 4869 3327 4925 ad
3386 4868 3577 4926 llomi-

305 4950 439 5005 liam
459 4951 532 5006 de
556 4951 934 5012 Anathemate.
976 4956 1246 5017 Caeterum
1272 4963 1332 5018 in
1361 4966 1464 5022 hac
1507 4969 1731 5025 homilia
1760 4981 1816 5027 et
1847 4971 2147 5044 imaginum
2182 4977 2368 5034 cultus
2391 4989 2446 5034 et
2495 4979 2818 5038 intercessio
2845 4981 3178 5040 Sanctorum
3214 4994 3400 5055 aperte
3428 5001 3574 5058 pra-

305 5065 550 5124 dicatur.

376 5176 578 5237 lacerti
606 5181 1110 5256 interpretationem
1141 5192 1328 5249 multis
1355 5194 1408 5249 in
1435 5195 1571 5253 locis
1605 5198 1951 5256 emendatam
1979 5216 2012 5257 e
2047 5203 2268 5272 regione
2290 5204 2463 5262 Graeci
2502 5215 2682 5261 textus
2711 5207 2933 5264 damus.
