4220 6300
675 371 776 424 5ιὸ

1437 360 1490 411 S.
1532 353 1804 412 JOANNIS
1844 343 2314 412 CIIRYSQSTOMI
2359 342 2674 399 ARClllEf‘.
2714 336 3246 398 CONSTANTINOP.

3839 335 3940 388 516

678 508 860 527 ..σ-
874 472 3328 519 WW—
3336 471 3512 480 ———-——-——
3533 467 3932 477 -———.—...__..__.

1558 568 2050 656 HOMILIA
2106 557 2966 646 ENCOMIASTICA

679 771 739 812 IN
785 767 836 811 Β.
883 764 1136 810 ΡΔἸἮΕΜ
1181 754 1469 802 NOSTRUM
1515 749 1867 795 MELETIUM,
1915 741 2461 789 ARCHIEPISCOPUM
2507 736 2738 779 MAGNIE
2771 734 3154 787 ANTIOCHIJ‘T,
3202 735 3282 776 ET
3325 735 3406 775 DE
3441 733 3670 776 STUDIO
3725 733 3944 775 εοκωι

1915 845 2021 898 QUI
2065 840 2520 886 CONVEXERANT
2562 821 2672 899 to).

750 1137 798 1189 l.
845 1133 1065 1186 Sacrum
1115 1126 1255 1179 hunc
1295 1135 1505 1193 gregem
1537 1115 1705 1169 oculis
1747 1113 1978 1180 tmdiqne
2022 1110 2250 1163 circum-

677 1228 902 1296 spiciens
921 1266 938 1290 ,
983 1233 1036 1277 et
1075 1220 1374 1274 universam
1403 1203 1666 1266 civitatem
1694 1206 1877 1260 videns
1907 1204 1992 1260 hic
2023 1216 2250 1272 praesen-

679 1293 783 1369 tem
807 1356 824 1380 ,
871 1313 1050 1368 nescio
1079 1323 1236 1379 quem
1275 1305 1419 1374 prius
1461 1302 1671 1354 beatum
1714 1293 2088 1364 pronuntiem,
2130 1304 2252 1344 san-

678 1420 891 1462 ι-ιιιιιιιιθ
917 1403 1199 1462 :‘lleletium,
1226 1394 1363 1466 quod
1393 1392 1473 1446 vel
1495 1399 1612 1460 post
1637 1395 1860 1441 mortem
1885 1392 2030 1437 tanto
2052 1381 2252 1434 honore

683 1499 902 1559 fruatur,
934 1509 998 1547 an
1026 1499 1251 1544 vestram
1269 1485 1562 1545 caritatem,
1582 1478 1723 1548 quod
1751 1485 1946 1530 tantam
1969 1475 2021 1528 in
2046 1480 2253 1526 vestros

680 1597 920 1662 pastores
963 1578 1380 1636 benevolentiam
1411 1573 1568 1629 etiam
1597 1579 1716 1640 post
1754 1569 2030 1622 decessum
2070 1573 2250 1618 osten-

679 1657 839 1736 datis.
891 1675 1082 1731 Beatus
1109 1671 1252 1726 enim
1290 1667 1416 1729 ille,
1460 1663 1599 1734 quod
1642 1668 1842 1714 tantum
1891 1657 1968 1710 sui
2019 1667 2252 1707 amorem

679 1775 828 1827 vobis
853 1771 1097 1825 omnibus
1126 1759 1667 1835 potu‘et'itrelinquere
1695 1769 1708 1804 :
1740 1749 1878 1803 beati
1905 1761 1999 1800 vos
2018 1759 2251 1815 quoque,

683 1863 822 1935 quod
849 1906 863 1928 ,
904 1876 1023 1915 cuin
1052 1856 1285 1912 caritatis
1324 1849 1619 1919 depositum
1648 1838 1957 1909 acceperitis
1977 1878 1992 1901 ,
2037 1850 2154 1889 eam
2181 1832 2251 1898 ei,

680 1955 770 2024 qui
800 1950 1038 2019 deposuit
1065 1989 1078 2011 ,
1123 1947 1379 2012 integram
1425 1939 1526 1992 huc
1556 1948 1722 2002 usque
1751 1938 2004 1999 perpetuo
2034 1939 2253 1980 conser-

681 2017 943 2098 vaveritis.
975 2039 1197 2106 Quintus
1223 2033 1362 2087 enim
1397 2042 1568 2083 annus
1593 2025 1701 2093 jam
1735 2017 1987 2091 praeteriit
2011 2057 2026 2080 ,
2063 2030 2127 2068 ex
2150 2026 2255 2081 quo

682 2136 770 2187 ille
815 2131 1055 2200 migravit
1091 2126 1154 2178 ad
1197 2123 1375 2178 Jesum
1401 2160 1415 2183 ,
1447 2131 1603 2187 quem
1630 2109 1964 2166 desiderabat
1993 2147 2006 2168 ,
2037 2119 2099 2158 ac
2130 2118 2251 2171 per-

682 2225 805 2279 inde
829 2195 958 2276 ac'si
990 2216 1100 2272 heri
1136 2223 1189 2267 et
1217 2212 1408 2266 nudius
1439 2207 1625 2261 tertius
1654 2217 1773 2257 eum
1803 2195 2100 2258 vidissetis,
2149 2201 2254 2244 tam

682 2313 898 2369 ferventi
927 2322 1107 2364 amore
1150 2305 1213 2358 ad
1259 2316 1380 2356 eum
1410 2298 1567 2351 hodie
1595 2290 1913 2369 accessistis.
1970 2287 2256 2351 PrOpterea

685 2410 867 2460 beatus
907 2400 996 2454 ille
1038 2405 1120 2450 est
1161 2393 1298 2463 quod
1333 2389 1463 2443 tales
1503 2360 1744 2455 genuerit
1787 2379 1963 2433 filios:
1999 2372 2133 2427 beati
2164 2385 2257 2422 vos

686 2509 910 2565 quoque,
940 2487 1077 2556 quod
1111 2485 1257 2537 vobis
1278 2477 1523 2547 obtigerit
1545 2484 1600 2528 ut
1626 2474 1789 2526 talem
1806 2477 2006 2538 patrem
2036 2463 2258 2516 habere-

685 2556 768 2640 tis.
804 2556 1020 2653 Egregia
1050 2584 1132 2632 est
1157 2572 1304 2627 radix
1335 2578 1390 2624 et
1416 2561 1756 2622 admirabilis,
1787 2558 1878 2611 sed
1903 2556 2102 2608 fruetus
2127 2566 2257 2619 quo-

683 2695 784 2748 que
816 2643 918 2730 non
943 2643 1084 2726 ⁷ειιιιι
1123 2664 1322 2734 indigni
1364 2661 1464 2715 hac
1491 2657 1686 2712 radice.
1738 2649 1946 2705 Etenim
1987 2643 2258 2714 quomodo

684 2739 834 2825 radix
863 2765 1117 2836 quaepiam
1153 2751 1476 2812 admirabilis
1501 2789 1513 2813 ,
1545 2762 1661 2817 quae
1693 2745 1817 2797 latet
1847 2743 1898 2794 in
1934 2739 2052 2791 sinu
2078 2748 2254 2794 terrm,

684 2863 794 2930 ipsa
834 2824 1043 2926 qt'tide'm
1074 2865 1178 2904 non
1204 2851 1450 2915 apparet,
1491 2854 1584 2908 per
1611 2835 1811 2890 fructus
1855 2839 2029 2884 autem
2053 2824 2257 2880 virtutis

683 2920 793 3009 sine
819 2920 983 3004 robur
1007 2941 1270 2998 ostendit:
1299 2939 1368 2991 ita
1399 2935 1559 2989 etiam
1590 2931 1778 2984 beatus
1805 2923 2046 2978 Meletius
2078 2921 2128 2972 in
2163 2920 2261 2971 hac

684 3060 841 3116 capsa
886 3040 1127 3096 conditus
1152 3077 1166 3098 ,
1214 3036 1325 3100 ipse
1363 3025 1573 3096 quidem
1622 3035 1728 3075 non
1765 3015 2000 3071 cernitur
2035 3026 2064 3063 a
2111 3008 2262 3062 nobis

685 3104 852 3189 oculis
878 3129 1114 3197 corporis
1139 3142 1154 3188 ;
1202 3137 1293 3190 per
1323 3133 1416 3170 vos
1437 3131 1562 3167 vero
1589 3155 1602 3176 ,
1633 3109 1722 3178 qui
1753 3108 1882 3160 estis
1907 3104 2124 3160 fructus,
2153 3113 2262 3150 sua:

686 3225 868 3296 gratia:
896 3223 912 3253 ¹
945 3187 1084 3272 vires
1111 3211 1360 3268 ostendit.
1419 3206 1565 3260 Licet
1610 3214 1705 3252 nos
1744 3197 2022 3257 sileamus,
2069 3187 2264 3242 sufficit

827 3313 992 3368 festus
1014 3350 1028 3373 ,
1075 3316 1129 3360 et
1166 3304 1337 3358 fervor
1378 3294 1541 3351 vestri
1568 3288 1724 3345 studii
1751 3328 1765 3351 ,
1812 3284 1877 3338 ad
1912 3282 2036 3335 tuba
2071 3277 2264 3332 clarius

689 3400 1119 3479 proclamandum
1168 3390 1335 3449 Sancti
1377 3384 1569 3441 liieletii
1601 3382 1652 3434 in
1691 3394 1784 3430 vos
1812 3377 2263 3479 amoremutam:

690 3456 846 3568 fluam
889 3495 942 3548 in
973 3489 1127 3543 filios.
1182 3484 1270 3538 Sic
1296 3479 1438 3534 enim
1464 3483 1668 3528 vestras
1694 3476 1899 3521 mentes
1927 3458 2169 3514 accendit
2195 3456 2262 3511 ad

691 3551 773 3644 sui
804 3595 1036 3639 amorem
1059 3619 1072 3641 ,
1103 3586 1158 3630 ut
1184 3572 1267 3628 vel
1295 3570 1359 3624 ad
1387 3566 1556 3622 solum
1589 3575 1779 3616 nomen
1818 3551 2149 3610 incalescatis
2170 3588 2185 3612 ,
2213 3554 2268 3601 et

692 3673 994 3736 exeitemini
1020 3669 1086 3723 ad
1109 3669 1271 3738 ipsam
1300 3656 1722 3729 appellationem.

768 3765 954 3821 Melctii
981 3731 1159 3815 "einen
1196 3755 1314 3823 ﬁliis
1343 3751 1446 3804 suis
1488 3746 1674 3798 dabant
1722 3735 2044 3798 Antiocheni;
2081 3731 2269 3800 ipsius-

697 3875 792 3932 que
810 3855 1074 3924 imaginem
1099 3847 1276 3915 ubique
1301 3838 1585 3912 pingebant.
1607 3831 1992 3932 —-“l’r0ptere‘a
2017 3837 2115 3897 ego
2141 3836 2271 3889 quu-

698 3915 802 4021 qne
829 3915 967 4000 unde
1008 3956 1112 3994 non
1157 3947 1385 3993 temere,
1431 3928 1524 3982 sed
1563 3922 1736 3978 studio
1776 3927 1831 3972 et
1873 3915 2049 3971 dedita
2088 3925 2269 3980 opera,

705 4014 895 4095 nomen
928 4032 1055 4090 illttd
1083 4032 1134 4085 in
1164 4028 1296 4082 meis
1321 4021 1533 4077 assidue
1560 4014 1738 4070 verbis
1763 4019 2020 4070 annecto,
2068 4014 2121 4058 et
2147 4017 2271 4071 per-

703 4223 900 4291 garitas
925 4186 1114 4269 deinde
1160 4209 1399 4262 inserens
1418 4244 1432 4266 ,
1462 4208 1790 4279 gemmarum
1820 4186 2110 4257 frequentia
2141 4198 2274 4252 prte-

707 4277 899 4368 clarius
935 4307 1096 4362 efﬁcit
1139 4300 1424 4354 diadema:
1457 4293 1526 4344 ita
1570 4301 1671 4355 ego
1713 4277 1922 4352 quoque
1965 4279 2119 4330 beato
2165 4277 2281 4341 ejus

709 4402 867 4472 capiti
893 4409 1141 4453 coronam
1187 4399 1374 4443 texens
1400 4378 1758 4436 eneomiorum
1785 4413 1799 4436 ,
1844 4370 2002 4424 veluti
2032 4365 2282 4433 margari-

713 4453 884 4548 tarum
914 4481 1254 4557 quarumdam
1285 4471 1632 4543 frequentiam
1657 4507 1671 4530 ,
1700 4477 1841 4530 δτι-ρο
1871 4459 2145 4526 repetitam
2170 4453 2284 4518 eius

713 4547 1119 4652 appellationem
1160 4565 1382 4623 orationi
1413 4573 1621 4620 attexo,
1671 4568 1890 4624 sperans
1937 4550 2085 4610 fore,
2128 4547 2285 4597 utsic

715 4637 831 4732 eain
875 4666 1240 4740 jucundiorem
1283 4656 1500 4712 reddam
1528 4660 1581 4705 et
1627 4644 2052 4716 splendidiorem.
2105 4637 2288 4692 Solent

716 4769 856 4822 enim
875 4728 1124 4815 'amantes
1144 4767 1347 4810 eorum,
1377 4761 1508 4813 quos
1527 4749 1722 4800 amant,
1745 4737 1829 4791 vel
1853 4734 1989 4788 nuda
2009 4728 2288 4798 complecti

722 4950 871 5004 vobis
901 4957 1107 5010 quoque
1148 4938 1198 4990 in
1229 4934 1330 4987 hoc
1358 4931 1510 4983 beato
1534 4939 1628 4977 usu
1661 4920 1821 4975 venit.
1857 4917 1984 4970 Nam
2023 4927 2142 4966 cum
2171 4923 2292 4964 cum

723 5059 750 5094 a
782 5034 1037 5109 primipin
1062 5032 1113 5083 in
1137 5029 1402 5082 civitatem
1426 5021 1718 5088 ingressum
1745 5005 2107 5077 escepissctis,
2133 5015 2294 5056 unus-

725 5097 948 5198 quisque
992 5123 1153 5174 filium
1206 5130 1356 5169 suum
1404 5111 1517 5178 ejus
1563 5105 1777 5160 nomine
1824 5097 2152 5168 appellabat,
2208 5107 2299 5158 per

727 5188 1131 5291 appellationem
1151 5206 1457 5263 existimans
1472 5195 1829 5264 unusquisque
1850 5190 1903 5242 in
1920 5188 2133 5242 domum
2151 5198 2298 5236 suam

727 5274 970 5366 sanetum
1024 5299 1397 5356 introducere,
1453 5287 1733 5354 missisque
1791 5278 2061 5349 patribus,
2111 5274 2221 5326 avis
2251 5282 2303 5325 et

703 5361 939 5470 proavis
963 5404 1155 5447 matres
1185 5386 1320 5441 beati
1345 5379 1535 5435 Meletii
1558 5390 1748 5429 nomen
1775 5361 2306 5437 imponebantliheris

734 5454 864 5561 Eoos
891 5491 1222 5555 pepererant.
1260 5473 1509 5528 Naturam
1536 5467 1676 5519 enim
1709 5461 1948 5515 vincebat
1974 5471 2122 5510 amor
2152 5454 2307 5526 pieta-

800 5603 816 5633 ¹
855 5595 1174 5662 Aliusoodex,
1196 5578 1776 5662 τξζιιιεὲεηετιιιιεπρςιιιξςῷζ

801 5623 815 5633 ι
855 5623 981 5648 Αιιω
1004 5623 1174 5650 uuuca,
1199 5623 1399 5664 lefﬂvuug
1428 5623 1469 5647 Ii.
1484 5623 1595 5652 ..ς-υ.
1613 5623 1714 5628 νη---
1731 5623 1737 5625 ἡ
1767 5639 1776 5648 υ

800 5662 874 5774 St?
909 5669 956 5709 in
979 5660 1101 5737 banc
1115 5653 1358 5725 honttltatn
1371 5645 1658 5697 contulimus
1671 5639 1867 5688 Codices
1880 5641 1993 5695 Reg.
2017 5627 2153 5685 19.59,
2167 5623 2307 5682 20W,

739 5724 800 5774 25
866 5763 879 5774 .
905 5731 953 5771 et
976 5720 1179 5768 ωιιιετι.
1204 5713 1313 5762 ῦιο.

905 5731 953 5771 et
976 5720 1179 5768 t‘olbert.
1204 5713 1313 5762 070.

2223 966 2615 1020 δῶρα-

2364 1109 2428 1161 tis
2453 1149 2467 1171 ,
2495 1115 2547 1162 et
2575 1107 2826 1174 deinceps
2853 1104 2941 1175 qui
2974 1104 3344 1169 nascebantur,
3379 1119 3484 1158 non
3519 1103 3746 1158 naturali
3768 1104 3944 1160 solum

2359 1200 2762 1260 benevolentia,
2807 1198 2900 1251 sed
2931 1197 3091 1252 etiam
3131 1196 3321 1252 affectu
3350 1211 3471 1265 erga
3513 1196 3654 1250 illam
3702 1198 3944 1266 appella-

2359 1291 2592 1354 tionem,
2626 1298 2778 1344 erant
2805 1289 2912 1344 cari
2960 1289 3285 1358 parentibus.
3341 1288 3518 1358 Ipsum
3559 1288 3701 1341 enim
3747 1303 3945 1340 nomen

2359 1392 2412 1436 et
2436 1393 2804 1437 ornamentum
2827 1379 3176 1450 cognationis,
3211 1389 3264 1433 et
3290 1379 3482 1432 aedium
3513 1379 3764 1440 tutelam,
3795 1389 3850 1434 et
3872 1383 3942 1431 ita

2360 1475 2560 1530 vocatis
2587 1475 2810 1528 salutem
2834 1476 3097 1528 etamoris
3121 1473 3367 1526 solatium
3395 1488 3514 1527 esse
3540 1473 3940 1533 existimabant,

2359 1579 2411 1622 et
2437 1567 2654 1638 perinde
2678 1581 2741 1621 ac
2769 1566 2812 1620 si
2839 1566 3082 1635 quidam,
3123 1564 3369 1620 sedentes
3414 1566 3464 1618 in
3507 1565 3779 1628 tenebris,
3819 1581 3943 1618 cum

2361 1676 2461 1714 una
2512 1660 2711 1727 lampas
2758 1669 3040 1726 conspecta
3095 1657 3289 1722 fuerit,
3343 1658 3538 1710 nmltas
3585 1657 3944 1711 accendentes

2361 1755 2602 1807 lucernas
2628 1792 2644 1814 ,
2698 1752 3059 1820 unusquisque
3105 1751 3260 1803 infert
3304 1751 3353 1802 in
3403 1749 3618 1802 domum
3647 1764 3796 1802 snam
3824 1766 3836 1800 :
3869 1750 3940 1801 ita

2361 1847 2518 1900 etiam
2544 1858 2664 1897 cum
2692 1844 2779 1897 illa
2819 1842 3102 1911 appellatio
3140 1850 3406 1910 tamquam
3452 1841 3628 1893 lumen
3669 1839 3940 1893 incidisset

2362 1937 2411 1990 in
2459 1935 2724 1988 civitatem
2751 1974 2766 1998 ,
2811 1934 3031 2001 quilibet
3081 1933 3134 1985 in
3176 1932 3391 1985 donnnn
3432 1946 3580 1984 suam
3623 1932 3758 1986 beati
3802 1931 3934 1984 illiut.

2362 2042 2553 2081 nomen
2586 2025 2910 2086 introduxit,
2941 2024 3102 2078 veluti
3125 2023 3408 2092 quemdam
3439 2022 3745 2076 thesaurum
3773 2021 3938 2075 bono-

2361 2131 2476 2171 rum
2506 2114 2962 2168 innumerabilium
2987 2113 3230 2180 perillins
3249 2111 3476 2166 efferens
3496 2111 3900 2180 appellationem
3917 2155 3932 2176 ,

2361 2215 2577 2274 eratque
2605 2218 2734 2258 vere
2764 2202 2884 2257 illud
2915 2217 3117 2271 magna:
3140 2202 3348 2268 pietatis
3372 2201 3631 2254 doctrina.
3659 2199 3787 2252 Nam
3816 2215 3939 2252 cum

2359 2296 2572 2350 assidue
2617 2304 2935 2362 cogerentur
2975 2291 3280 2346 meminisse
3322 2293 3462 2346 illius
3489 2290 3860 2359 appellationis
3886 2301 3941 2342 et

2360 2395 2602 2440 sanctum
2642 2386 2811 2438 virum
2847 2384 3025 2437 animo
3054 2383 3372 2452 complecti,
3424 2381 3689 2435 habebant
3715 2381 3818 2434 hoc
3847 2395 3942 2433 no-

2361 2492 2481 2530 men
2511 2486 2775 2544 tamquam
2806 2489 2949 2528 arn.a
2978 2475 3217 2544 quaedam
3238 2515 3256 2540 ,
3282 2474 3474 2543 quibus
3496 2471 3772 2542 fugabatur
3789 2487 3941 2540 quae-

2361 2569 2442 2622 vis
2483 2584 2510 2621 a
2558 2569 2761 2621 ratione
2815 2567 2986 2620 aliena
3043 2567 3251 2619 affectio
3299 2576 3354 2620 et
3401 2566 3687 2635 cogitatio,
3738 2563 3942 2632 fuitque

2365 2661 2414 2714 id
2445 2660 2576 2712 adeo
2605 2657 2881 2725 frequens,
2933 2668 2988 2711 ut
3018 2658 3211 2726 ubique
3239 2658 3289 2709 in
3332 2657 3484 2709 biviis
3508 2697 3522 2716 .
3573 2657 3623 2709 in
3667 2655 3781 2708 foro
3805 2694 3820 2716 ,
3883 2656 3936 2708 in

2363 2749 2504 2818 agris
2534 2758 2589 2802 et
2619 2751 2667 2800 in
2704 2749 2800 2802 viis
2831 2743 2941 2801 hoc
2972 2763 3164 2800 nomen
3215 2747 3444 2816 undique
3493 2747 3938 2800 circumsonaret.

2362 2842 2477 2895 Non
2527 2855 2648 2910 erga
2693 2854 2885 2893 nomen
2934 2847 3108 2893 autem
3145 2839 3315 2892 solum
3360 2839 3494 2891 adeo
3539 2837 3710 2892 affecti
3757 2838 3943 2900 eratis,

2364 2932 2455 2986 sed
2499 2945 2621 2999 erga
2674 2931 2838 3000 ipsam
2889 2929 3047 2982 etiam
3108 2929 3330 2998 figuram
3367 2929 3623 2996 corporis.
3668 2927 3947 2995 Quomodo

2365 3024 2505 3077 enim
2535 3024 2731 3076 fecistis
2759 3021 2811 3074 in
2844 3021 3163 3081 nominibus,
3193 3021 3293 3074 hoc
3318 3022 3476 3072 etiam
3507 3019 3704 3073 fecistis
3729 3021 3781 3072 in
3805 3019 3948 3073 illius

2368 3115 2595 3182 imagine
2619 3131 2632 3166 :
2662 3114 2858 3168 ctenim
2887 3112 2937 3165 in
2980 3112 3112 3180 palis
3135 3110 3472 3174 annulorum,
3501 3120 3553 3162 et
3582 3110 3635 3162 in
3659 3109 3864 3178 sigillis,
3891 3120 3944 3164 et

2370 3205 2420 3256 in
2468 3203 2674 3272 phialis,
2718 3213 2771 3255 (ιι
2812 3204 2861 3255 in
2912 3203 3262 3256 thalamorum
3314 3201 3622 3268 parietibus,
3672 3209 3726 3253 et
3752 3199 3950 3268 ubique

2368 3310 2571 3349 sacram
2616 3295 2758 3347 illam
2807 3293 2955 3346 multi
2985 3299 3364 3360 expresserunt
3405 3290 3708 3358 imaginem,
3757 3299 3947 3342 utnon

2370 3389 2538 3442 solum
2584 3388 2828 3440 audirent
2872 3393 3107 3437 sanctam
3159 3383 3300 3436 illam
3346 3381 3794 3448 appellationem.
3852 3380 3947 3434 sed

2370 3482 2527 3535 etiam
2573 3479 2766 3546 ubique
2816 3476 3052 3529 viderent
3095 3477 3313 3542 figuram
3352 3473 3611 3541 corporis,
3640 3470 3831 3540 ctejus
3857 3485 3949 3524 ex-

2370 3573 2472 3626 silii
2501 3572 2760 3638 duplicem
2791 3570 3207 3623 consolationem
3237 3565 3557 3633 acciperent.

2446 3663 2677 3715 Meletius
2720 3662 2773 3712 in
2819 3659 3049 3712 milium
3076 3656 3345 3727 pulsus.—
3366 3654 3575 3709 Etenim
3602 3653 3835 3722 primum
3867 3653 3952 3706 in—

2373 3768 2608 3823 gressus,
2638 3750 2814 3803 statim
2843 3748 3095 3817 expulsus
3121 3755 3202 3800 est
3228 3761 3259 3800 e
3287 3744 3521 3807 civitate,
3554 3743 3782 3796 inimicis
3806 3742 3955 3796 veri—

2377 3846 2498 3899 tatis
2525 3858 2645 3897 enm
2673 3840 3079 3909 expellentibns.
3108 3838 3247 3891 Deus
3269 3850 3394 3890 vero
3415 3836 3465 3888 id
3486 3834 3769 3897 concessit,
3798 3833 3956 3887 simul

2377 3946 2431 3991 et
2490 3935 2629 3989 illius
2675 3934 2921 3986 virtutem
2979 3939 3034 3984 et
3075 3939 3306 3982 vestram
3355 3925 3717 3980 fortitudinem
3769 3922 3961 3976 volens

2377 4026 2679 4081 ostendere.
2710 4023 2843 4077 Cum
2867 4022 3008 4076 enim
3035 4019 3324 4088 ingressus,
3348 4017 3483 4071 sicut
3509 4014 3680 4068 Moses
3711 4013 3764 4067 in
3793 4011 3964 4084 Egy-

2381 4127 2526 4186 ptum
2576 4116 2851 4170 liberasset
2889 4113 3156 4167 civitatem
3197 4111 3265 4164 ab
3306 4122 3488 4162 errore
3512 4105 3754 4170 hmresis,
3786 4107 3965 4174 putri-

2382 4213 2583 4277 busque
2614 4206 2867 4261 membris
2886 4214 2942 4259 et
2961 4199 3434 4257 immedicabilibus
3459 4217 3487 4254 a
3518 4201 3722 4270 reliquo
3735 4213 3970 4266 corpore

2385 4303 2685 4371 amputatis,
2739 4302 2995 4368 integram
3042 4296 3360 4350 restituisset
3387 4295 3665 4349 sanitatem
3713 4293 3970 4347 Ecclesia:

2389 4391 2729 4451 multitudini,
2758 4389 2952 4442 inimici
2984 4386 3222 4441 veritatis
3261 4401 3365 4440 non
3403 4383 3632 4438 ferentes
3671 4383 3970 4437 correctio-

2390 4499 2532 4548 nem,
2593 4481 2854 4536 concitato
2904 4480 3264 4547 lmperatore,
3317 4474 3643 4544 expulerunt
3692 4488 3813 4526 eum
3871 4472 3977 4526 hac

2390 4575 2619 4634 civitate,
2670 4579 3041 4638 exspectantes
3081 4567 3214 4629 fore,
3261 4573 3321 4619 ut
3363 4565 3462 4618 hac
3504 4564 3708 4618 ratione
3745 4561 3979 4616 veritate

2393 4674 2572 4720 essent
2591 4663 2912 4729 superiores,
2944 4669 2998 4714 et
3023 4673 3137 4712 eam
3165 4671 3342 4711 rerum
3372 4654 3796 4709 emendationem
3822 4667 3982 4706 ever.

2397 4765 2590 4812 terent.
2636 4753 2826 4807 Evenit
2865 4760 3042 4805 autem
3070 4758 3255 4802 contra
3285 4760 3444 4815 quam
3471 4742 3882 4812 exspectabant;
3916 4757 3985 4797 ac

2397 4863 2516 4901 eum
2562 4846 2791 4900 studium
2836 4852 3090 4905 vestrum,
3124 4850 3232 4893 tum
3270 4838 3386 4907 ejus
3412 4835 3463 4888 in
3490 4833 3732 4889 docendo
3757 4833 3984 4886 scientia

2401 4941 2568 5008 magis
2612 4935 2846 4992 effulsit:
2880 4934 3019 4988 illius
3061 4929 3296 5002 quidem,
3331 4927 3472 4996 quod
3511 4926 3724 4995 triginta
3766 4923 3986 4985 diebus,

2403 5048 2501 5087 nec
2544 5032 2607 5084 iis
2649 5027 2860 5094 quidem
2888 5025 3126 5094 integris,
3172 5031 3375 5076 tantum
3402 5032 3497 5071 vos
3523 5014 3692 5084 potuit
3721 5015 3774 5067 in
3804 5013 3992 5067 studin

2407 5125 2527 5178 fidei
2565 5123 2806 5183 fundare,
2858 5128 2914 5171 ut
2961 5127 3141 5185 postea
3173 5113 3498 5170 irruentibus
3521 5107 3796 5180 spiritibus
3823 5106 3994 5162 innu-

2409 5214 2746 5269 merabilibus
2795 5208 3086 5263 illahefaeta
3133 5216 3186 5261 et
3228 5207 3541 5260 inconcussa
3594 5201 3849 5255 manserit
3900 5200 3996 5252 illa

2409 5304 2646 5360 doctrina
2682 5321 2696 5356 :
2747 5300 2923 5353 fervor
2968 5308 3142 5351 autem
3189 5307 3365 5351 vester
3409 5309 3468 5347 se
3511 5303 3691 5360 aperte
3734 5292 3996 5353 ostendit.

2410 5397 2550 5467 quod
2579 5395 2812 5462 triginta.
2840 5399 2893 5443 et
2919 5404 3016 5443 nec
3043 5389 3106 5440 iis
3135 5387 3346 5456 quidem
3376 5383 3617 5452 integris,
3640 5380 3825 5446 diebus
3851 5381 3999 5446 jacta

2415 5491 2480 5542 ah
2519 5488 2611 5541 illo
2642 5484 2841 5539 semina
2876 5493 2980 5534 tam
3027 5487 3274 5533 accurate
3319 5474 3646 5544 suscepistis,
3681 5481 3737 5523 ut
3761 5471 3826 5522 ad
3851 5485 3988 5538 pro-

2417 5579 2632 5632 fnndtnn
2677 5573 2869 5628 mentis
2911 5569 3116 5623 radices
3145 5562 3567 5626 transmiseritis,
3611 5570 3663 5613 et
3691 5560 3820 5613 nulli
3845 5558 4001 5613 (lein-

2417 5688 2544 5742 ccps
2571 5670 2724 5724 illat:e
2753 5669 2818 5721 de
2846 5676 3038 5718 caetero
3065 5659 3328 5714 cesseritis
3361 5651 3655 5709 tentatieni.
