4220 6316
316 390 421 446 Si?

380 503 437 557 0.
480 493 716 555 [elatius
740 496 861 550 urbe
885 492 1057 565 pulsus
1094 490 1214 561 tegit
1240 496 1393 557 caput
1407 484 1657 557 prmidis,
1689 499 1752 537 ne
1772 484 1904 550 lapi-

312 592 462 670 dibus
484 590 746 645 obruatur.
766 584 1040 654 -0pcrte
1066 581 1296 651 pretium
1323 584 1405 633 est
1431 586 1605 630 autem
1635 588 1739 627 non
1772 570 1900 624 illud

228 692 231 693 '
313 663 743 750 praetermittere,
783 673 921 746 quod
971 670 1162 726 accidit
1206 670 1259 723 iu
1308 669 1424 737 ejus
1472 663 1898 735 persequutioue.

310 772 446 826 Nam
490 771 615 825 cum
655 780 855 837 praeses
895 763 1123 818 civitatis
1170 772 1329 813 curru
1374 766 1556 811 vectus
1598 754 1769 809 exiret
1808 766 1903 821 per

312 859 550 916 medium
576 855 771 920 forum,
804 853 1025 909 sedente
1052 851 1117 905 ad
1146 850 1286 904 latus
1320 858 1508 903 sancto
1536 845 1672 909 viro,
1702 843 1902 913 lapides

314 951 441 1002 :tive
467 938 767 1001 crebriores
786 944 1018 1013 undique
1048 942 1098 994 in
1127 949 1284 1007 caput
1304 935 1545 1005 praesidis
1572 933 1896 995 ferebantur,

311 1036 529 1093 cititate
570 1038 711 1090 illam
758 1049 862 1089 non
900 1032 1105 1087 ferente
1142 1029 1558 1099 separatim-em,
1600 1025 1693 1079 sed
1729 1024 1901 1093 potius

312 1129 419 1181 vita
469 1126 718 1197 prtesenti
764 1124 961 1195 privari
1003 1121 1235 1185 volente,
1262 1134 1420 1189 quam
1450 1116 1631 1170 videre
1661 1124 1903 1169 sanctum

314 1217 466 1271 illum
501 1217 673 1269 avelli.
698 1215 831 1281 Quid
853 1224 981 1283 ergo
1005 1220 1129 1266 tunc
1152 1210 1274 1265 fecit
1303 1210 1391 1263 ille
1417 1202 1640 1263 beatus?
1670 1206 1799 1259 Cum
1826 1206 1903 1257 vi-

311 1307 485 1361 disset
529 1309 703 1375 jactus
746 1304 1001 1373 lapidum,
1042 1301 1337 1370 complexis
1371 1300 1482 1355 suis
1508 1298 1744 1352 vestibus
1770 1310 1900 1349 con-

314 1398 446 1452 texit
469 1407 628 1466 caput
659 1395 934 1465 praesidis:
968 1393 1125 1448 simul
1172 1401 1226 1446 et
1268 1392 1511 1445 inimicos
1555 1390 1755 1459 pudore
1784 1387 1899 1441 afﬂ-

312 1490 467 1543 cieus
508 1488 579 1541 ob
616 1487 874 1555 insignem
920 1483 1403 1544 mansuetudinem,
1450 1489 1503 1536 et
1545 1491 1670 1535 suos
1704 1480 1902 1534 docens

313 1580 626 1648 discipulos,
646 1585 895 1647 quantam
924 1574 1209 1629 ostendere
1230 1582 1473 1641 oporteat
1504 1571 1807 1640 patientiam
1848 1570 1903 1621 iu

316 1685 435 1734 eos,
473 1671 563 1737 qui
612 1669 799 1737 injuria
842 1667 1110 1728 afllciunt;
1157 1672 1211 1719 et
1247 1663 1390 1733 quod
1418 1678 1524 1717 non
1568 1663 1737 1717 solum
1769 1661 1898 1714 nihil

314 1770 560 1829 oporteat
598 1759 677 1813 eis
723 1757 844 1811 mali
873 1758 1071 1821 facere,
1098 1755 1190 1809 sed
1220 1754 1425 1809 etiamsi
1452 1754 1520 1807 ab
1545 1752 1661 1806 aliis
1696 1752 1773 1805 eis
1800 1752 1899 1804 im-

320 1852 521 1905 mineat
545 1850 855 1919 periculum,
891 1849 937 1900 id
966 1861 1178 1916 quoque
1202 1847 1347 1899 omni
1369 1845 1543 1899 studio
1573 1844 1898 1913 propulsare.

316 1942 447 2007 Quis
476 1950 603 1994 tunc
628 1954 732 1992 non
781 1939 876 1991 fuit
922 1936 1335 2006 obstupefactus,
1362 1935 1549 1988 videns
1569 1944 1625 1988 et
1656 1936 1898 1986 insanum

317 2046 558 2085 amorem
598 2031 843 2092 civitatis,
882 2038 936 2082 et
981 2039 1247 2082 summam
1291 2025 1676 2095 philosophiam
1714 2025 1901 2078 lenita-

320 2132 538 2189 temque
579 2128 632 2174 et
678 2118 1136 2172 mansuetudinem
1162 2118 1433 2172 doetoris‘!
1461 2126 1613 2171 erant
1641 2118 1780 2169 enim
1808 2118 1901 2169 ad-

319 2212 580 2266 mirabilia
610 2227 695 2276 ea,
722 2226 839 2277 qua:
864 2220 983 2265 tunc
998 2210 1334 2264 acciderunt.
1362 2209 1551 2262 Pastor
1569 2208 1897 2277 abigcbatur,

316 2310 371 2354 et
396 2316 530 2354 oves
554 2315 659 2353 non
686 2300 1146 2370 dispergebantur;
1170 2299 1490 2368 gubernator
1516 2297 1897 2367 expellebantur,

317 2400 371 2446 et
412 2389 613 2458 scapha
658 2404 762 2443 non
804 2389 1173 2457 mergebatur;
1222 2389 1456 2457 agricola
1500 2386 1794 2456 rogabatur,
1847 2397 1902 2440 et

326 2463 588 2548 viti§plus
624 2476 823 2533 fructus
851 2478 1075 2531 ferebat.
1109 2478 1371 2545 Quoniam
1398 2478 1538 2531 enim
1570 2479 1779 2531 vinculo
1808 2493 1900 2530 ca-

316 2572 491 2625 ritatis
528 2572 693 2625 eratis
737 2572 875 2623 inter
901 2585 996 2624 vos
1042 2571 1267 2623 invicem
1293 2569 1548 2638 colligati,
1604 2582 1708 2621 non
1740 2568 1901 2621 illata

320 2662 657 2723 tentationes,
691 2674 795 2712 non
834 2659 1195 2728 impendentia
1234 2658 1488 2727 pericula,
1516 2673 1622 2712 non
1655 2658 1752 2712 via:
1780 2658 1902 2729 lon-

317 2754 521 2819 gitudo,
555 2767 660 2805 non
706 2750 1028 2804 diuturnitas
1075 2752 1351 2819 temporis,
1399 2764 1571 2819 neque
1611 2748 1900 2819 quidquam

318 2844 458 2898 aliud
488 2858 586 2897 vos
630 2842 800 2911 potuit
839 2842 1194 2912 disjungereu
1241 2842 1379 2895 beati
1423 2842 1655 2913 pastoris
1702 2841 1901 2896 Meletii

316 2933 720 2994 consuetudine,
746 2933 839 2987 scd
866 2934 1235 3001 expellchatur
1262 2933 1496 3002 quidem,
1531 2942 1587 2987 ut
1611 2940 1756 2988 esset
1778 2947 1903 3002 pro-

316 3026 399 3078 cul
428 3041 457 3079 a
513 3024 632 3079 ﬁliis
666 3040 683 3079 :
734 3027 1057 3078 contrarium
1106 3034 1281 3079 autem
1325 3024 1535 3079 accidit.
1563 3024 1726 3094 Magis
1754 3024 1898 3080 enim

317 3115 465 3169 vobis
504 3114 963 3183 constringebatur
1012 3115 1236 3169 vinculis
1283 3115 1540 3179 caritatis,
1584 3124 1639 3168 et
1682 3122 1899 3183 accepta

314 3218 496 3257 secum
541 3206 784 3258 universa
824 3206 1035 3259 civitate
1078 3207 1129 3258 in
1162 3206 1465 3258 Armeniam
1498 3204 1767 3273 profectus
1790 3214 1893 3259 est.

315 3295 381 3347 Et
404 3302 520 3348 erat
555 3294 769 3363 quidem
812 3310 1006 3364 corpus
1036 3296 1265 3363 positum
1294 3297 1344 3349 in
1376 3297 1563 3364 patria,
1596 3312 1747 3350 mens
1770 3311 1898 3350 vero

314 3394 367 3438 et
394 3384 664 3453 cogitatio,
715 3385 877 3438 veluti
925 3400 955 3437 a
1005 3386 1319 3454 quibusdam
1370 3386 1577 3454 pennis,
1632 3386 1683 3438 in
1731 3386 1895 3439 altum

314 3474 450 3527 elata
490 3488 520 3526 a
566 3474 733 3541 gratia
773 3473 1029 3542 Spiritus,
1050 3483 1104 3529 et
1125 3474 1261 3542 apud
1292 3489 1388 3543 vos
1413 3484 1673 3545 perpetuo
1697 3475 1898 3547 degens

316 3564 622 3617 universum
674 3564 815 3618 hunc
840 3566 1089 3632 populum
1137 3566 1545 3621 circumferebat
1584 3566 1637 3619 in
1670 3566 1892 3621 visceri-

314 3650 430 3705 bus.
474 3652 625 3720 Quod
674 3653 843 3721 ipsum
889 3670 1099 3723 quoque
1142 3656 1289 3709 vobis
1332 3671 1428 3709 usu
1473 3655 1734 3709 veniebat.
1761 3656 1891 3710 Nam

311 3757 431 3795 cum
464 3742 549 3796 hic
587 3745 868 3809 sederatis,
919 3756 972 3799 et
1002 3746 1132 3801 urbe
1159 3748 1749 3811 circumscriberemiui,
1781 3748 1891 3817 spi—

312 3832 415 3885 ritu
438 3832 674 3887 caritatis
701 3835 752 3887 in
784 3820 1088 3889 Armeniam
1110 3835 1345 3905 quotidie
1374 3837 1667 3906 evolantes,
1693 3848 1747 3894 et
1770 3855 1893 3895 sau-

310 3931 453 3976 ctum
476 3924 679 3977 vultum
706 3925 993 3988 intuentes.
1021 3938 1075 3980 et
1099 3926 1538 3999 iucundissimam
1576 3931 1892 4001 beatamque

310 4025 498 4066 vocem
520 4013 817 4079 audientes,
847 4015 923 4070 sic
952 4018 1381 4073 revertebamiui.
1407 4019 1476 4073 Et
1504 4032 1721 4090 propter
1754 4024 1891 4078 hanc

309 4116 524 4156 causam
554 4106 817 4159 concessit
846 4105 984 4160 Deus
1009 4122 1130 4161 eum
1155 4109 1333 4162 statim
1366 4111 1559 4178 expelli
1598 4126 1628 4165 c
1652 4113 1886 4182 civitate,

310 4208 457 4261 quo,
505 4193 641 4248 sicut
685 4195 825 4263 dixi,
869 4198 1172 4254 ostenderet
1212 4199 1350 4255 Deus
1380 4212 1609 4257 vestram
1638 4204 1755 4259 fidei
1794 4207 1887 4260 lir-

309 4285 547 4340 mitatem
579 4284 805 4343 inimicis
828 4329 842 4354 ,
881 4290 971 4359 qui
998 4304 1091 4345 vos
1133 4301 1187 4346 et
1219 4292 1359 4346 illius
1382 4293 1435 4348 in
1461 4294 1708 4351 docendo
1749 4301 1890 4368 peri-

310 4375 433 4430 tiam
460 4382 855 4449 oppugnabant.

378 4465 570 4522 Haterii
589 4471 780 4524 reditus
815 4472 877 4526 ab
907 4472 1101 4528 exsilio.
1121 4504 1193 4516 —
1209 4475 1337 4530 lllud
1364 4486 1540 4531 autem
1565 4477 1687 4533 hinc
1712 4482 1884 4549 palam

307 4564 409 4610 est.
440 4556 570 4611 Nam
599 4571 719 4628 post
748 4563 970 4631 primam
1002 4580 1247 4619 reversus
1271 4570 1753 4637 persequutionem,
1778 4586 1881 4625 non

308 4646 516 4715 triginta
533 4649 704 4703 solum
726 4651 856 4715 dies,
882 4654 976 4707 sed
997 4656 1155 4708 etiam
1186 4671 1416 4722 menses,
1438 4669 1489 4712 et
1505 4675 1700 4713 annum
1719 4676 1880 4714 unum

303 4744 358 4790 et
386 4735 516 4791 duos
545 4749 599 4792 et
645 4741 825 4809 plures
868 4743 955 4797 hic
997 4753 1078 4797 est
1120 4746 1538 4801 versatus.Cum
1568 4750 1708 4803 enim
1754 4752 1883 4806 satis

304 4841 550 4895 magnum
596 4830 876 4887 dedissetis
906 4844 1273 4904 argumentum
1298 4847 1492 4893 vestra:
1538 4841 1678 4895 circa
1723 4842 1879 4897 Iidem

304 4916 570 4970 ﬁrmitatis
590 4959 605 4983 ,
636 4919 781 4974 dedit
812 4922 963 4977 vobis
994 4933 1306 4991 potestatem
1326 4926 1562 4997 jucunde
1599 4941 1653 4985 et
1692 4948 1880 4988 secure

301 5003 508 5059 fruendi
542 5017 709 5076 patre.
740 5011 866 5064 Erat
898 5013 1038 5065 enim
1076 5016 1309 5069 maxima
1334 5018 1604 5087 voluptas,
1634 5022 1724 5077 illo
1753 5039 1879 5076 sau-

299 5103 386 5147 cto
409 5094 513 5149 frui
539 5099 703 5153 vultu.
736 5100 852 5155 Non
894 5103 1039 5157 enim
1069 5106 1238 5158 solum
1278 5108 1477 5163 docens
1504 5110 1586 5163 vel
1623 5111 1875 5181 loquens,

299 5185 391 5237 sed
412 5187 571 5241 etiam
593 5191 636 5242 si
678 5202 878 5246 tantum
910 5194 1180 5249 videretur
1203 5239 1217 5260 ,
1247 5199 1375 5253 satis
1396 5210 1513 5255 erat
1537 5201 1602 5254 ad
1632 5202 1875 5257 introdu-

296 5274 519 5330 ceudam
565 5292 776 5335 omnem
821 5284 1033 5339 virtutis
1078 5284 1373 5343 doctrinam
1428 5291 1479 5344 in
1528 5263 1742 5358 eorum,
1787 5296 1875 5364 qui

298 5364 583 5432 videbant,
608 5370 859 5427 animam.
902 5376 1127 5443 Quando
1152 5380 1292 5433 enim
1320 5380 1385 5435 ad
1413 5397 1508 5438 vos
1549 5386 1792 5440 veniebat
1820 5396 1875 5442 et

298 5455 542 5513 universa
578 5461 763 5517 civitas
792 5466 840 5519 ei
888 5466 1098 5523 obviam
1128 5482 1497 5540 processerat,
1543 5474 1630 5528 alii
1657 5476 1870 5543 quidem

295 5562 458 5621 prope
477 5552 828 5623 accedebant,
869 5566 922 5612 et
961 5560 1123 5629 pedes
1156 5561 1544 5630 prchensabant
1566 5607 1580 5631 ,
1612 5576 1666 5621 ct
1687 5583 1873 5623 manus

293 5642 699 5709 osculabantur,
729 5657 783 5701 et
805 5663 988 5704 vocem
1025 5652 1338 5719 audiebant;
1370 5656 1457 5709 alii
1487 5666 1664 5712 autem
1690 5658 1872 5728 prohi-

291 5731 395 5788 biti
430 5734 790 5805 multitudine,
846 5740 1014 5810 ipsum
1058 5746 1242 5813 procul
1286 5746 1561 5814 videntes,
1599 5757 1865 5821 tamquam

1446 371 1533 427 DE
1567 370 1627 425 S.
1669 364 1971 425 MELETIO
2010 365 2462 423 ANTIOCHENO.

3481 357 3601 415 518.

2005 483 2091 549 qui
2134 479 2483 535 sufﬁcientem
2535 478 2959 535 benedictionem
2982 493 3048 533 ex
3089 486 3305 547 aspectu
3347 464 3586 547 accepis-

2004 582 2152 635 seut,
2186 581 2240 627 et
2265 586 2369 625 non
2393 570 2567 625 minus
2592 569 2928 631 habuissent.
2951 585 3107 640 quam
3138 570 3225 638 qui
3267 582 3431 639 prope
3456 570 3585 623 fuis-

2004 672 2125 715 sent
2141 704 2153 725 ,
2176 663 2411 721 contenti
2439 660 2760 717 recédebant
2784 679 2797 715 :
2821 670 2873 715 et
2894 658 3035 729 quod
3058 659 3217 715 [lebat
3234 661 3285 714 it.
3310 661 3587 730 apostolis,

2009 752 2109 806 hoc
2136 753 2186 806 in
2209 768 2274 808 eo
2288 767 2499 823 quoque
2518 752 2875 819 contingebat.
2898 752 3046 806 Sicut
3067 752 3209 807 enim
3226 753 3283 805 in
3309 754 3588 821 apostolis,

2006 845 2092 912 qui
2128 844 2373 915 progredi
2407 852 2463 899 et
2501 844 2717 914 propius
2759 844 3015 899 accedi-re
3047 854 3150 898 non
3196 852 3477 913 poterant,
3506 844 3595 900 vel

2006 950 2124 989 cum
2154 936 2343 991 umbra.
2369 951 2553 990 eorum
2576 935 2955 991 extenderetur
2993 945 3048 989 et
3098 944 3337 1003 tangeret
3382 950 3477 989 eos
3502 936 3590 1003 qui

2005 1027 2190 1095 procul
2219 1037 2401 1093 erant,
2444 1027 2686 1081 eamdem
2724 1025 3066 1080 attrahebant
3107 1026 3357 1094 gratiam,
3400 1036 3453 1079 et
3475 1026 3590 1078 sani

2005 1118 2250 1171 similiter
2300 1118 2619 1171 recedebant
2645 1117 2794 1187 (Act.
2824 1115 2879 1172 5.
2910 1117 3009 1185 15)
3037 1134 3050 1171 :
3077 1116 3145 1170 itu
3175 1130 3317 1169 nunc
3342 1130 3553 1185 quoque
3576 1158 3591 1179 ,

2006 1210 2093 1278 qui
2140 1224 2243 1263 non
2275 1210 2521 1278 poterant
2563 1209 2820 1263 accedere
2839 1249 2863 1274 ,ν
2882 1217 3151 1277 tamquam
3177 1210 3405 1277 aliquam
3438 1210 3592 1278 spiri-

2006 1296 2221 1353 tualem'
2246 1299 2466 1368 gloriam
2489 1315 2517 1352 s
2565 1308 2750 1354 sancto
2780 1298 2881 1352 illo
2916 1300 3089 1367 capite
3132 1299 3380 1354 emissam
3402 1340 3415 1364 ,
3444 1308 3496 1353 et
3526 1297 3599 1352 ad

2006 1404 2127 1454 eos,
2161 1390 2248 1459 qui
2272 1390 2579 1458 longissime
2598 1390 2820 1443 aberant
2838 1432 2852 1455 ,
2877 1389 3255 1458 pervadentem
3276 1391 3589 1452 sentientes,

2006 1480 2164 1533 etiam
2194 1478 2262 1531 ab
2287 1494 2351 1531 eo
2371 1521 2384 1541 ,
2416 1479 2559 1532 omni
2587 1479 2956 1534 benedictione
2984 1494 3050 1534 ex
3097 1479 3213 1532 solo
3239 1486 3455 1548 aspectu
3502 1495 3593 1533 re-

2005 1568 2132 1636 pleti
2153 1609 2169 1634 ,
2208 1582 2394 1622 omnes
2421 1568 2787 1623 discedebant.
2807 1577 2817 1586 '

2075 1660 2128 1715 3.
2168 1661 2300 1714 Cum
2331 1671 2508 1714 autem
2537 1660 2710 1713 visum
2755 1668 2899 1715 esset
2924 1660 3195 1714 communi
3244 1659 3353 1714 Deo
3381 1658 3594 1713 univcr-

2004 1766 2184 1805 sornm
2212 1767 2335 1833 cum
2362 1766 2557 1806 vocare
2583 1767 2649 1805 ex
2670 1751 2775 1805 vita
2807 1750 3056 1819 praesenti
3080 1760 3133 1805 et
3162 1750 3217 1805 in
3244 1750 3469 1805 chorum
3500 1764 3590 1802 an-

2005 1844 2245 1913 gelorum
2296 1842 2520 1909 referre,
2548 1858 2617 1897 ne
2647 1841 2750 1897 hoc
2774 1842 2988 1911 quidem
3018 1840 3209 1894 factum
3236 1850 3321 1895 est
3351 1849 3553 1895 temere
3575 1878 3595 1903 .

2005 1937 2098 1991 sed
2142 1938 2315 2005 ipsum
2349 1936 2566 2006 quidem
2603 1945 2798 1989 vocant
2852 1934 3021 1987 litera:
3065 1934 3436 2003 imperatoris,
3466 1946 3590 1985 cum

2008 2030 2144 2084 Deus
2176 2030 2431 2084 movisset
2456 2029 2858 2097 Imperatorem.
2896 2026 3101 2081 Vocant
3127 2026 3455 2094 veroipsum
3484 2040 3599 2079 non

2006 2122 2055 2173 in
2086 2122 2439 2189 propinquum
2468 2120 2665 2182 locum,
2693 2118 2786 2172 sed
2819 2119 2871 2171 in
2902 2116 3069 2183 ipsam
3098 2115 3379 2170 Thraciam
3408 2132 3422 2168 ι
3456 2123 3515 2169 ut
3542 2124 3596 2167 ct

2004 2210 2227 2276 Gznlutze,
2281 2220 2334 2263 et
2354 2210 2591 2283 Bithyni,
2635 2218 2691 2263 et
2732 2209 2965 2282 Cilices,
3008 2216 3063 2262 et
3108 2206 3489 2283 Cappadoces,
3544 2214 3602 2259 et

2004 2317 2212 2365 omnes,
2246 2302 2338 2371 qui
2381 2279 2623 2355 Thraciae
2673 2279 2875 2354 vicinas
2919 2298 3165 2369 regiones
3192 2279 3463 2360 habitant,
3493 2312 3593 2351 no-

2004 2401 2113 2447 stra
2146 2393 2283 2446 bona
2324 2399 2711 2461 cognoscerent
2740 2406 2754 2444 :
2785 2400 2843 2445 ut
2870 2392 2959 2460 qui
3007 2398 3161 2444 erant
3205 2389 3399 2459 ubique
3430 2401 3597 2445 terra.-

2008 2499 2124 2537 rum
2150 2484 2406 2553 episc0pi,
2438 2492 2707 2553 tamquam
2751 2482 2804 2537 in
2831 2483 3178 2551 archetypum
3208 2480 3481 2550 exemplar
3500 2522 3515 2544 ,
3543 2481 3603 2533 in

2006 2570 2150 2628 illius
2182 2575 2517 2629 sanctitatem
2548 2576 2833 2637 intuentes,
2854 2582 2908 2627 et
2927 2581 3169 2641 apertum
3198 2572 3503 2641 exemplum
3528 2572 3626 2627 ab'

2004 2681 2070 2721 eo
2090 2666 2434 2734 accipientes,
2453 2667 2535 2719 sui
2553 2666 2605 2719 in
2631 2665 2732 2720 hoc
2747 2680 2965 2719 munere
2984 2662 3145 2719 ofﬁcii
3170 2665 3522 2719 certissimam
3543 2676 3597 2720 et

2006 2755 2356 2809 clarissimam
2384 2755 2644 2809 haberent
2685 2753 3405 2823 regulam,quemadmodum
3431 2770 3624 2824 θρονο-

2005 2853 2113 2900 teat
2140 2845 2512 2900 administrare
2543 2846 2607 2901 'et
2646 2860 2833 2915 regere
2874 2844 3162 2899 Ecclesias.
3203 2846 3335 2899 Nam
3382 2854 3599 2915 propter

2006 2936 2151 2989 urbis
2198 2936 2634 3003 magnitudinem,
2663 2944 2719 2989 et
2761 2934 2903 3004 quod
2944 2935 3053 2989 illic
3106 2936 3365 2991 resideret
3419 2936 3596 3004 lmpc-

2006 3036 2171 3090 rator,
2215 3025 2365 3078 multi
2418 3040 2483 3079 ex
2530 3026 2710 3079 multis
2752 3025 2885 3079 locis
2932 3026 3078 3080 orbis
3128 3035 3285 3080 terra:
3317 3026 3440 3081 illuc
3472 3038 3597 3082 tunc

2004 3114 2345 3169 conﬂuebant
2389 3134 2403 3169 :
2448 3116 2682 3185 episcopi
2746 3128 2923 3169 autem
3004 3115 3397 3183 Ecclesiarum,
3453 3120 3641 3187 quod.

2007 3208 2257 3263 Ecclesia:
2310 3223 2341 3260 a
2393 3208 2554 3277 longo
2588 3207 2729 3261 bello
2778 3216 2834 3262 et
2901 3218 3217 3278 tempestate
3272 3210 3597 3279 respirantes

2005 3297 2318 3367 principium
2348 3297 2493 3365 pacis
2522 3306 2576 3350 et
2614 3297 3003 3366 tranquillitatis
3034 3300 3339 3366 acciperent
3364 3340 3381 3366 ,
3427 3300 3595 3355 literis

2006 3388 2347 3456 Imperatoris
2379 3402 2566 3443 onmes
2616 3388 2743 3442 illnc
2790 3389 3135 3443 vocabantur.
3172 3390 3321 3445 Tunc
3349 3406 3477 3461 ergo
3509 3392 3593 3447 hic

2002 3496 2211 3548 quoque
2275 3488 2492 3533 sanctus
2553 3479 2680 3533 illuc
2720 3479 2945 3533 accedit.
3000 3479 3077 3534 Ac
3119 3481 3259 3535 sicut
3312 3482 3362 3535 in
3426 3482 3593 3536 tribus

2006 3571 2181 3639 pueris
2210 3569 2421 3637 accidit,
2451 3568 2663 3638 quando
2688 3580 2839 3624 erant
2868 3571 3133 3638 prmconio
3174 3571 3515 3627 renuntiandi
3538 3583 3593 3628 et

2001 3660 2289 3715 Coronandi
2313 3702 2327 3726 ,
2357 3661 2617 3715 exstincta
2657 3662 2704 3712 vi
2744 3660 2908 3730 ignis,
2941 3658 3079 3714 fastu
3123 3663 3331 3732 tyranni
3376 3665 3590 3717 concul-

2000 3759 2155 3817 cato,
2185 3736 2458 3805 confutato
2484 3753 2627 3805 omni
2657 3765 2855 3821 genere
2893 3752 3205 3821 impietatis,
3241 3770 3307 3809 ex
3343 3757 3589 3811 universo

1999 3842 2131 3896 orbe
2158 3852 2314 3896 teme
2340 3851 2493 3897 erant
2519 3844 2597 3896 eis
2621 3843 2924 3912 congregati
2948 3853 3280 3913 spectatores
3309 3865 3323 3901 :
3353 3862 3474 3902 nam
3497 3851 3586 3919 qui

1999 3935 2195 4004 ubique
2222 3944 2481 3989 terrarum
2513 3944 2667 3989 erant
2705 3944 2933 4004 satrapae
2957 3977 2971 4001 ,
3017 3937 3284 4005 principes
3326 3949 3381 3993 et
3414 3950 3590 4010 topar-

1996 4027 2133 4091 cbm,
2166 4037 2385 4097 propter
2404 4028 2563 4082 aliam
2590 4042 2806 4083 causam
2835 4029 3030 4095 vocati,
3068 4030 3185 4085 illos
3210 4042 3587 4101 spectaverunt

1994 4118 2282 4183 athletas;,
2301 4119 2462 4172 etiam
2516 4126 2643 4173 tunc
2688 4119 2917 4188 accidit,
2949 4107 3006 4174 ut
3058 4122 3369 4191 praaclarum
3431 4126 3585 4183 lieret

1993 4210 2149 4273 beato
2178 4209 2388 4266 Mcletio
2420 4210 2684 4265 theatrum
2704 4252 2720 4277 ,
2745 4226 2866 4267 cum
2913 4222 3131 4284 propter
3157 4215 3312 4269 aliam
3359 4232 3579 4274 causam

1993 4303 2163 4357 vocati
2194 4303 2428 4372 episcopi
2451 4304 2595 4374 ',qui
2618 4304 2812 4375 ubique
2841 4315 3105 4360 terrarum
3136 4307 3580 4367 administrabant

1993 4394 2256 4450 Ecclesias
2278 4403 2696 4461 ,accesserunt,
2727 4406 2782 4451 et
2811 4405 3054 4451 sanctum
3092 4399 3238 4452 illum
3284 4410 3409 4455 sunt
3445 4417 3578 4458 cou-

1992 4488 2252 4557 templati.
2285 4488 2569 4559 Postquam
2614 4500 2792 4543 autent
2820 4504 2940 4544 cum
2975 4490 3374 4558 adspexissent,
3406 4505 3459 4548 ct
3487 4512 3581 4551 ac-

1990 4592 2175 4634 curate
2228 4580 2343 4648 ejus
2380 4579 2691 4634 didicissent
2739 4580 3024 4648 pietatem,
3058 4582 3371 4648 sapicntiam
3418 4596 3579 4656 atque

1990 4673 2160 4727 zelum
2195 4672 2355 4738 ﬁdei,
2390 4682 2444 4725 ut
2470 4674 2558 4741 qui
2593 4672 2877 4741 perfectam
2908 4681 2962 4727 et
2992 4672 3287 4728 absolutam
3321 4676 3372 4730 in
3400 4692 3458 4732 se
3485 4678 3580 4733 ha-

1988 4764 2137 4818 beret
2161 4778 2373 4817 omnem
2402 4763 2647 4817 virtutem
2668 4805 2682 4827 ,
2713 4779 2831 4833 qua:
2869 4763 3023 4818 decet
3052 4766 3381 4821 sacerdotem
3402 4809 3417 4833 ,
3453 4778 3577 4826 tunc

1987 4872 2107 4911 eum
2144 4856 2207 4909 ad
2241 4872 2299 4911 se
2326 4857 2534 4910 vocavit
2563 4857 2721 4909 Deus.

2058 4947 2164 5002 Cur
2190 4956 2331 5002 extra
2352 4949 2568 5018 patriam
2599 4948 2809 5000 moritur
2833 4946 3087 5002 Heluius.
3115 4978 3188 4990 —-
3222 4949 3348 5005 Ideo
3389 4964 3571 5009 autem

1987 5042 2065 5095 sic
2093 5039 2307 5105 accidit,
2336 5051 2392 5094 ut
2415 5040 2583 5095 levius
2607 5038 2771 5095 ferret
2808 5050 2987 5093 nostra
3021 5041 3228 5095 civitas.
3251 5041 3382 5097 Nam
3410 5045 3455 5100 si
3486 5044 3574 5102 hic

1982 5132 2253 5187 emisisset
2280 5132 2509 5185 animam
2531 5174 2545 5197 ,
2590 5129 2823 5184 futurum
2854 5142 2968 5185 erat
2998 5132 3333 5190 intolerabiie
3362 5139 3573 5205 pondus

1985 5222 2323 5277 calamitatis.
2371 5221 2503 5289 Quis
2549 5220 2690 5275 enim
2738 5222 3082 5275 sustinuisset
3126 5222 3309 5279 videre
3355 5226 3568 5283 beatum

1984 5313 2132 5368 illum
2185 5323 2484 5367 extremum
2525 5313 2856 5366 emittentem
2912 5312 3198 5381 spiritum?
3241 5316 3360 5383 quis
3409 5320 3573 5373 susti-

1984 5406 2186 5460 nuisset
2223 5404 2403 5459 videre
2452 5404 2537 5459 illa
2564 5404 2845 5470 supercilia
2885 5405 3161 5458 oculorum
3192 5405 3449 5475 deprimi,
3475 5425 3567 5463 os-

1983 5512 2085 5568 que
2122 5495 2328 5562 claudi,
2361 5504 2414 5551 et
2451 5495 2695 5549 mandata
2745 5494 2904 5549 cdere
2950 5494 3421 5569 novissima?quis
3466 5499 3569 5556 hoc

2047 5633 2061 5663 ¹
2100 5638 2149 5687 tu
2172 5630 2277 5679 haec
2298 5628 2446 5679 verba
2470 5627 2737 5697 huiusmodi
2756 5634 2865 5697 pota
2886 5625 3066 5697 legitur
3090 5628 3139 5675 in
3172 5628 3363 5678 duobus
3384 5628 3568 5681 codici-

1982 5698 2087 5752 bus,
2115 5686 2229 5760 Qum
2244 5700 2403 5760 autem
2425 5699 2494 5760 est
2516 5679 2614 5740 ἆιὲα
2637 5679 2783 5760 εμιιδᾶ
2801 5689 2825 5738 2'
2842 5679 3024 5739 sciti'cet
3047 5697 3237 5760 centum
3257 5698 3302 5742 et
3329 5679 3566 5755 qtauqua.

1983 5760 2114 5822 ginta
2128 5752 2355 5824 Episcopi
2383 5758 2447 5805 ad
2472 5752 2753 5817 Gregon'um
2778 5758 3108 5802 convenerant.
