4220 6316
609 352 711 409 819

1335 344 1393 402 S.
1431 338 1707 417 JOANNIS
1741 330 2207 395 CHRYSOS’I‘OMI
2246 328 2560 396 ARCHIEP.
2600 328 3131 388 CONSTANTINOP.

3765 325 3875 382 59.0

619 461 919 530 adspiciens
962 473 1070 516 non
1111 457 1398 522 defecisset
1439 451 1804 525 magnitudine
1845 445 2156 505 calamitatis
2175 443 2202 493 2
2304 460 2410 500 non
2436 460 2593 502 secus
2614 459 2678 500 ac
2702 459 2830 524 apes
2848 441 3056 508 favum,
3087 440 3694 510 circumvolatiscorpus
3733 438 3878 495 beati

609 553 689 608 Ne
734 557 838 608 hoc
877 564 1006 624 ergo
1040 550 1342 615 accideret,
1379 544 1607 616 providit
1637 544 1810 629 Deus,
1838 551 1896 594 ut
1933 538 1986 594 in
2023 537 2197 590 aliena

615 647 831 717 regione
863 645 1097 700 animam
1130 640 1431 702 exhalaret,
1472 647 1532 692 ut
1570 645 1838 704 tempore,
1864 629 2003 701 quod
2030 629 2194 682 inter-

612 737 802 805 cessit,
837 737 976 792 hanc
998 736 1279 791 maximam
1308 729 1657 803 prameditati
1684 723 2194 787 calamitatem,cum

608 828 912 884 videremus
965 825 1168 898 ingredi
1217 838 1413 894 corpus
1434 864 1452 889 ,
1504 835 1606 876 nec
1643 819 1821 872 animo
1875 820 2188 868 consterna-

611 931 815 981 remur,
848 930 972 970 cum
1023 929 1176 969 mens
1217 913 1328 982 jam
1371 918 1512 966 esset
1561 905 1723 962 luctui
1777 900 2069 958 assuefacta
2096 915 2111 954 :
2139 906 2196 952 ut

610 1008 769 1062 etiam
798 1004 1036 1074 contigit.
1062 1003 1194 1059 Cum
1228 1002 1370 1057 enim
1420 995 1774 1054 venerandum
1813 991 1941 1047 illud
1987 1001 2184 1057 corpus

612 1097 821 1166 excepit
846 1095 1032 1149 civitas
1052 1098 1071 1158 ',
1101 1093 1233 1147 luxit
1259 1089 1471 1162 quidem
1518 1096 1571 1141 et
1613 1082 1764 1138 valde
1793 1080 2016 1151 ejulavit
2043 1095 2056 1130 :
2088 1076 2182 1133 sed

620 1188 817 1243 luctum
868 1187 974 1242 cito
1027 1184 1315 1256 repressit,
1361 1193 1465 1235 tam
1512 1186 1730 1247 propter
1780 1185 1994 1226 causam
2034 1182 2191 1238 quam

623 1277 876 1341 diximus,
905 1289 1062 1347 quam
1091 1282 1310 1345 propter
1334 1285 1474 1335 eam,
1499 1281 1619 1336 qua:
1642 1272 1726 1320 est
1752 1259 1997 1316 dicenda.

682 1365 821 1422 Laus
846 1365 1085 1421 Flaviani
1122 1361 1362 1436 episcopi.
1391 1387 1465 1401 —
1487 1357 1754 1426 Benigims
1797 1352 1939 1406 enim
1987 1358 2041 1405 et
2083 1349 2194 1403 cle-

615 1475 766 1514 mens
797 1459 960 1526 Deus,
986 1456 1235 1511 misertus
1259 1451 1425 1506 nostri
1452 1448 1674 1510 doloris,
1702 1445 1864 1499 alium
1890 1442 1995 1495 cito
2039 1438 2190 1493 nobis

610 1552 758 1608 dedit
789 1562 1055 1623 pastorem
1074 1591 1089 1614 ,
1123 1549 1214 1619 qui
1239 1547 1463 1600 virtutes
1492 1542 1630 1597 illius
1660 1544 1904 1592 accurate
1941 1531 2180 1588 referret.

608 1643 710 1710 Qui
736 1657 856 1698 etim
886 1640 1069 1696 sedem
1093 1637 1440 1699 ascendisset,
1476 1631 1662 1688 humili
1703 1637 1759 1683 et
1800 1624 2005 1695 lugubri
2038 1631 2187 1676 veste

609 1751 708 1790 nos
735 1735 916 1790 statim
939 1733 1124 1799 exuit,
1151 1741 1204 1786 et
1233 1729 1471 1784 dolorem
1505 1721 1792 1784 exstinxit,
1821 1714 1960 1770 beati
2012 1720 2189 1766 autem

608 1827 821 1883 Meletii'
837 1827 1004 1902 magis
1033 1823 1342 1879 memoriam
1390 1815 1682 1872 renovavit.
1708 1810 1778 1866 Et
1801 1807 1956 1863 dolor
1980 1803 2190 1902 quidem

609 1894 976 1981 flaccescebat,
1011 1928 1163 1968 amor
1191 1927 1319 1966 vero
1371 1905 1758 1965 accendebatur
1800 1894 2187 1960 vehementius,

605 2017 665 2064 et
693 2007 913 2063 omnino
939 2005 1143 2060 sublata
1184 2002 1282 2057 fuit
1332 1997 1493 2053 animi
1542 1990 1839 2063 egritudo:
1870 1997 2190 2057 quamquam

610 2099 668 2154 in
690 2097 981 2153 amissione
999 2110 1208 2156 eorum,
1230 2092 1319 2163 qui
1345 2086 1606 2145 carissimi
1634 2092 1780 2147 sunt,
1810 2094 1915 2133 non
1944 2077 2017 2130 ita
2052 2073 2192 2128 solet

611 2188 990 2246 evenirezsed
1046 2185 1260 2258 quando
1308 2183 1426 2254 quis
1469 2179 1637 2235 tilium
1689 2171 2056 2231 carissimum,
2107 2164 2189 2218 vel

612 2280 775 2337 etiam
800 2279 1170 2335 honorabilem
1219 2272 1466 2332 maritum
1512 2267 1749 2325 amiserit
1786 2262 1995 2325 mulier,
2023 2258 2195 2313 donec

608 2371 729 2443 ejus
778 2372 1072 2428 ferventem
1119 2373 1402 2435 conservat
1445 2359 1779 2422 memoriam,
1826 2349 2194 2409 vehementior

611 2437 792 2517 luctus
842 2462 1078 2515 animum
1135 2465 1399 2526 occupat;
1452 2449 1667 2522 quando
1716 2458 1846 2500 vero
1901 2437 2193 2495 succedens

611 2563 821 2620 tempus
849 2550 1045 2606 luctum
1071 2545 1358 2608 sedaverit,
1385 2542 1543 2598 simul
1591 2552 1712 2594 cum
1722 2529 2075 2588 uehementia
2098 2527 2196 2582 do-

614 2644 744 2698 loris
770 2645 1032 2700 exstincta
1058 2653 1141 2697 est
1167 2640 1327 2695 etiam
1346 2678 1362 2701 ,
1393 2652 1510 2706 qua:
1534 2632 1764 2701 vigebat,
1793 2624 2047 2680 memoria
2081 2639 2094 2675 :
2137 2621 2191 2674 in

611 2731 714 2790 hoc
738 2743 917 2790 autem
962 2734 1119 2788 bean
1136 2733 1254 2786 viro
1277 2728 1603 2785 contrarium
1628 2718 1855 2776 accidit:
1877 2729 1999 2770 nam
2029 2711 2192 2766 animi

611 2826 828 2901 quidem
850 2825 1107 2896 agritudo
1133 2823 1301 2893 ejecta
1331 2820 1550 2875 omnino
1597 2813 1712 2877 fuit,
1743 2805 2042 2901 recerdatio
2064 2817 2194 2857 vero

616 2893 727 2970 non
748 2893 919 2969 simul
934 2913 1066 2968 abiit
1097 2926 1227 2966 cum
1251 2909 1435 2964 dolore
1452 2947 1468 2972 ,
1497 2902 1589 2960 sed
1615 2908 1769 2957 aucta
1789 2907 1872 2952 est
1906 2893 2192 2947 vehemens

614 3007 737 3062 this.
765 3005 952 3062 Testes
972 3013 1150 3059 autem
1179 3002 1310 3058 estis
1334 3015 1452 3066 vos,
1469 2997 1557 3066 qui
1579 3003 1700 3065 post
1723 2999 1925 3046 tantum
1954 2994 2184 3053 tempus.

2303 535 2498 591 Heleni
2524 553 2540 591 :
2566 549 2727 592 causa
2755 548 2883 590 vero
2903 542 3036 598 erat,
3060 547 3167 588 non
3193 546 3223 586 a
3254 540 3443 588 natura
3468 540 3618 586 ortus
3640 530 3693 584 in
3724 529 3876 584 illum

2301 642 2472 694 amor,
2523 627 2618 682 sed
2657 627 2786 681 recti
2827 624 3010 694 judicii
3054 623 3406 678 ratiocinatio.
3454 621 3580 677 Ideo
3625 635 3733 676 non
3779 619 3878 675 fuit

2300 730 2473 774 morte
2494 719 2755 774 exstincta
2784 716 2955 771 sancti
2981 715 3176 771 Meletii
3203 714 3480 781 memoria,
3503 723 3743 783 tempore
3768 727 3878 766 non

2299 810 2592 874 emarcuit;
2621 807 2714 861 sed
2737 816 2961 876 augetur
2979 818 3033 861 et
3057 805 3227 875 majus
3249 805 3442 874 accipit
3461 806 3871 868 incrementum,

2299 915 2404 955 non
2429 901 2480 953 in
2508 899 2572 953 iis
2596 899 2790 960 solum,
2818 898 2908 967 qui
2937 897 3218 962 viderunt,
3246 896 3340 952 sed
3384 896 3543 952 etiam
3575 896 3627 951 in
3651 897 3716 951 iis
3739 936 3754 959 ,
3783 896 3876 964 qui

2297 1007 2404 1045 non
2433 989 2696 1045 viderunt.
2729 988 2825 1044 Est
2848 991 2990 1054 enim
3021 989 3124 1046 hoc
3139 1003 3349 1058 quoque
3376 988 3708 1054 admirabile,
3733 988 3876 1058 quod

2296 1083 2386 1153 qui
2418 1081 2632 1136 fuerunt
2660 1082 2798 1136 illius
2841 1081 2964 1136 vita:
3009 1088 3252 1150 tempore
3289 1079 3551 1150 iuniores,
3582 1079 3618 1133 ii
3649 1087 3875 1149 quoque

2296 1172 2661 1228 accenduntur
2683 1172 2751 1227 ad
2795 1171 2936 1226 idem
2967 1171 3311 1227 desiderium.
3340 1173 3515 1238 Atque
3538 1183 3634 1224 vos
3656 1169 3875 1240 quidem

2298 1278 2458 1319 senes
2500 1265 2553 1318 in
2601 1265 2702 1319 hoc
2729 1263 2995 1333 superatis
3018 1276 3134 1328 eos,
3162 1262 3252 1331 qui
3280 1275 3386 1315 non
3422 1260 3702 1325 viderunt,
3732 1256 3877 1327 quod

2297 1369 2419 1410 cum
2446 1369 2513 1409 eo
2554 1354 2750 1409 versati
2781 1355 2911 1409 estis
2931 1394 2948 1420 ,
2989 1361 3045 1408 et
3068 1351 3296 1407 fructum
3324 1349 3638 1420 percepistis
3677 1357 3878 1404 sancta.

2297 1446 2413 1516 ejus
2436 1444 2868 1510 consuetudinis;
2894 1444 2984 1514 qui
3032 1452 3209 1497 autem
3249 1456 3356 1496 non
3397 1440 3679 1506 viderunt,
3711 1440 3765 1494 in
3810 1455 3877 1495 eo

2296 1554 2393 1593 vos
2419 1547 2693 1608 superant,
2723 1536 2865 1607 quod
2892 1551 3012 1591 cum
3055 1535 3226 1588 virum
3266 1542 3378 1587 non
3409 1531 3783 1602 adspexeriut,
3816 1530 3869 1585 in

2296 1631 2468 1700 ipsum
2490 1644 2594 1684 non
2625 1628 2800 1684 minus
2824 1627 3150 1682 desiderium
3183 1624 3498 1680 ostendant.

2366 1722 2665 1777 Intercessio
2693 1721 3018 1776 Sanctorum.
3041 1746 3115 1759 -
3130 1716 3354 1772 Oremus
3381 1716 3558 1786 itaque
3581 1728 3769 1770 omnes
3799 1713 3878 1770 si-

2294 1817 2532 1872 multam
2558 1814 2893 1883 magistratus
2911 1825 3070 1880 quam
3093 1807 3301 1878 privati,
3325 1818 3429 1860 tam
3452 1805 3700 1860 mulieres
3718 1821 3879 1874 quam

2294 1907 2412 1972 viri,
2443 1916 2550 1961 tam
2577 1919 2734 1959 senes
2755 1917 2914 1972 quam
2934 1902 3160 1971 juvenes
3181 1938 3197 1964 ,
3221 1907 3328 1952 tam
3354 1897 3493 1950 servi
3521 1911 3677 1966 quam
3704 1895 3880 1958 liberi,

2295 2001 2507 2055 beatum
2535 1996 2708 2066 ipsum
2735 1993 2998 2049 Meletium
3026 1990 3215 2044 harum
3245 2002 3467 2059 precum
3505 1987 3707 2042 socium
3742 1985 3883 2040 acci-

2303 2092 2528 2161 pientes.
2558 2088 2654 2141 Est
2691 2087 2832 2140 enim
2860 2083 2909 2138 ei
2939 2095 3081 2136 nunc
3120 2080 3289 2148 Inajor
3318 2078 3508 2133 ﬁducia
3533 2117 3548 2142 ,
3573 2086 3629 2132 et
3652 2091 3802 2130 amor
3831 2076 3884 2129 iu

2299 2195 2396 2235 nos
2427 2178 2737 2241 ferventior,
2763 2182 2824 2229 ut
2848 2173 2962 2227 haec
2980 2170 3135 2225 nobis
3161 2178 3417 2240 augeatur
3441 2168 3636 2222 caritas
3658 2207 3674 2233 ,
3704 2174 3758 2220 et
3785 2180 3885 2220 nos

2297 2285 2487 2328 omnes
2539 2269 2593 2325 id
2651 2279 3039 2336 consequamur
3069 2302 3086 2328 ,
3145 2270 3204 2317 ut
3252 2260 3521 2331 quomodo
3574 2257 3660 2314 hic
3718 2271 3887 2327 prope

2297 2378 2474 2419 arcam
2524 2363 2679 2416 istam
2721 2357 2994 2413 adstamus
3032 2353 3108 2427 (a)
3135 2393 3152 2419 ,
3195 2353 3264 2406 ita
3310 2351 3417 2406 illic
3471 2363 3680 2419 Quoque
3722 2361 3886 2417 prope

2298 2454 2512 2509 beatum
2540 2459 2596 2506 et
2622 2458 2877 2503 aeternum
2908 2444 3024 2514 ejus
3063 2441 3455 2497 tabernaculum
3486 2452 3638 2500 esse,
3667 2444 3722 2491 et
3747 2436 3884 2490 bona

2299 2555 2495 2600 aeterna
2523 2541 2676 2597 nobis
2715 2537 2945 2607 reposita
2973 2533 3223 2603 consequi
3255 2532 3517 2600 possimus
3543 2544 3558 2582 :
3587 2541 3706 2598 quae
3731 2525 3888 2581 detur

2297 2636 2450 2691 nobis
2477 2632 2723 2692 omnibus
2762 2628 3002 2684 obtinere
3025 2665 3040 2690 ,
3072 2625 3241 2694 gratia
3278 2633 3334 2677 et
3356 2620 3636 2676 clementia
3677 2612 3887 2670 Domini

2297 2726 2464 2782 nostri
2489 2725 2614 2780 Jesu
2638 2720 2842 2778 Christi
2865 2735 2881 2783 ;
2909 2733 3005 2788 per
3027 2731 3185 2786 quem
3211 2724 3265 2768 et
3307 2713 3518 2781 quicum
3547 2709 3689 2764 Patri
3717 2708 3884 2778 gloria

2297 2827 2354 2876 et
2383 2817 2678 2890 imperium,
2702 2812 2856 2867 simul
2876 2825 2999 2866 cum
3025 2816 3211 2862 sancto
3230 2804 3456 2875 Spiritu,
3481 2803 3535 2857 in
3561 2800 3755 2857 mula
3782 2815 3883 2854 sae-

2305 2912 2567 2966 culorum.
2598 2907 2788 2960 Amen.

2359 3002 2433 3063 (a)
2464 2995 2711 3060 cepaliam
2730 2992 3052 3055 Reliqnlarum
3083 2981 3210 3051 ejus"
3221 2984 3467 3047 intelligit.

2069 3326 2424 3390 MONITUM

707 3473 858 3529 llam
890 3471 1210 3528 concionem
1238 3465 1477 3521 habitam
1506 3476 1628 3518 esse
1661 3457 1889 3528 septima
1919 3454 2008 3509 die
2030 3421 2279 3507 Januarii
2312 3446 2442 3502 anni
2469 3442 2573 3499 587
2602 3439 2924 3511 Epiphania:
2950 3436 3150 3490 festum
3177 3435 3527 3501 insequente,
3557 3440 3668 3498 quo
3695 3421 3875 3479 homi-

634 3589 769 3646 lialu
799 3587 874 3643 De
900 3584 1171 3658 baptismo
1211 3577 1415 3636 Christi
1461 3573 1731 3638 recitavit,
1777 3572 1955 3638 ipsum
1990 3564 2274 3622 concionis
2305 3562 2472 3631 hujus
2522 3558 2740 3613 initium
2796 3559 2981 3622 aperte
3012 3549 3356 3604 demonstrat
3388 3562 3401 3598 :
3444 3541 3597 3608 Quod
3635 3541 3879 3593 hesterno

637 3708 721 3763 die
743 3697 1191 3773 pertimescebant,
1231 3691 1430 3764 inquit,
1453 3688 1639 3751 evenit,
1665 3695 1716 3740 et
1761 3685 1830 3738 ad
1867 3681 2108 3752 effectum
2131 3677 2247 3747 jam
2294 3683 2606 3757 perductum
2637 3677 2751 3730 est;
2803 3680 2984 3734 nempe
3013 3662 3101 3717 ubi
3151 3661 3342 3731 festum
3393 3654 3671 3727 prcleriil,
3720 3653 3883 3707 simul

637 3823 801 3876 etiam
834 3815 1125 3870 multitudo
1151 3827 1186 3865 α
1216 3807 1366 3861 nobis
1391 3803 1664 3866 abscessit,
1697 3799 1967 3867 minorque
1986 3793 2138 3849 nobis
2173 3803 2336 3846 caelus
2366 3796 2444 3843 est
2473 3786 2666 3855 factus.
2700 3782 2824 3838 Hazc
2853 3794 3018 3850 porro
3051 3775 3245 3834 confer
3273 3787 3396 3829 cum
3443 3769 3598 3825 initio
3644 3767 3887 3823 homan

643 3936 789 3989 illius
810 3930 890 3984 De
907 3928 1177 3998 baptismo
1201 3919 1429 3982 Christi,
1457 3917 1548 3972 ubi
1578 3915 1660 3970 sic
1689 3912 1901 3968 orditur
1925 3909 2385 3981 Chrysostomus:
2421 3904 2614 3957 Omnes
2642 3916 2729 3953 vos
2749 3899 2804 3951 in
2826 3898 3017 3952 (milia
3041 3895 3215 3958 hodie,
3263 3908 3356 3962 ego
3388 3906 3508 3942 vero
3553 3886 3610 3938 in
3660 3899 3880 3940 meros-0

644 4065 761 4109 sum
786 4046 949 4105 solus.
978 4042 1121 4097 Nam
1158 4055 1276 4093 cum
1305 4039 1360 4091 in
1389 4036 1488 4090 hoc
1523 4031 1800 4103 rpirituale
1849 4029 2064 4098 pelagus
2089 4025 2265 4079 oculos
2295 4038 2433 4076 meos
2468 4007 2806 4084 convertofet
2836 4019 3119 4070 immensas
3147 4009 3398 4065 Ecclesia:
3419 4007 3634 4061 divitias
3665 4004 3894 4074 comple-

647 4179 781 4233 ctor,
808 4180 870 4218 ac
893 4157 1078 4214 deinde
1108 4150 1367 4221 perpendo
1407 4136 1550 4221 fore,
1566 4154 1622 4198 ut
1646 4158 1766 4196 cum
1793 4141 2022 4212 primum
2076 4135 2381 4191 solemnitas
2415 4132 2520 4186 ista
2551 4128 2883 4200 praeterierit,
2924 4125 3212 4179 multitudo
3245 4138 3428 4176 rursus
3458 4123 3564 4175 ista
3590 4120 3801 4211 ‘resilt'al
3831 4136 3894 4173 ae

650 4280 904 4344 discedat,
943 4276 1150 4331 crucior
1176 4282 1221 4327 et
1250 4269 1415 4324 animi
1455 4265 1636 4319 dolore
1691 4277 1859 4332 angor
1888 4276 1907 4316 :
1944 4259 2082 4329 quod
2109 4273 2228 4311 cum
2258 4266 2366 4308 tam
2395 4252 2586 4307 multos
2611 4250 2802 4304 liberos
2832 4247 3087 4317 pepererit
3114 4243 3376 4307 Ecclesia,
3403 4258 3506 4296 non
3556 4240 3667 4297 illis
3711 4238 3896 4293 itidem

655 4405 711 4457 in
731 4396 952 4468 singulis
972 4391 1232 4452 collectis,
1267 4385 1356 4440 sed
1392 4387 1447 4438 in
1484 4384 1618 4454 festo
1655 4375 1984 4433 solummodo
2014 4375 2121 4444 frui
2147 4373 2334 4443 possit.
2379 4369 2517 4424 Hinc
2565 4369 2684 4421 luce
2718 4365 2920 4419 clarius
2939 4359 3358 4418 commonstrari
3397 4357 3631 4422 videtur,
3666 4356 3806 4408 hanc
3832 4353 3900 4407 de

659 4513 717 4568 S.
758 4466 995 4567 Luciano
1023 4502 1316 4576 panegyrin
1353 4496 1609 4554 habuisse
1640 4494 2094 4563 Chrysostomum
2129 4487 2410 4557 postridie,
2474 4497 2637 4554 quam
2670 4481 2736 4551 de
2775 4472 3286 4550 baptismoCbristi
3319 4472 3376 4525 in
3431 4466 3731 4539 Epiphania
3761 4480 3898 4520 con-

1777 5133 1843 5178 nt
1884 5131 1936 5175 s.
1972 5125 2325 5174 vannum:
2368 5115 2690 5165 wcuuuu
2721 5093 2838 5177 (a).

734 5347 791 5408 ι,
826 5349 892 5404 In
929 5341 1215 5412 mdium
1253 5333 1585 5409 quorumdam
1615 5326 1864 5382 invehitur
1885 5339 1907 5388 ;
1931 5324 2123 5394 [iussam
2151 5326 2238 5376 de-
2341 5329 2582 5375 monstrat
2622 5318 2911 5372 diuitiarum
2955 5324 3208 5369 naturam.
3263 5343 3310 5356 -
3333 5313 3484 5382 Quod
3529 5313 3783 5368 hesterno
3828 5313 3918 5368 die

723 5462 797 5525 (a)
828 5460 1003 5511 Coum
1024 5467 1133 5525 qm
1152 5419 1759 5525 odim-$323951.“
1773 5433 2036 5507 coibat-un.
2058 5433 2238 5525 {'17an
2339 5441 2462 5525 qua:
2474 5428 2665 5525 insuit:
2686 5425 2849 5476 Morel.
2874 5432 2952 5475 est
2974 5431 3104 5496 Tom.
3132 5425 3180 5481 t.
3205 5435 3314 5486 pag.
3335 5423 3447 5494 sui.
3471 5423 3696 5525 sequitur
3718 5414 3919 5471 "milia

1556 5515 1646 5525 .-.η
1713 5513 1741 5525 ,ι
1784 5502 2207 5525 ιι...ι.α...ηρ...εοι
2377 5503 2404 5525 ρ
2465 5502 2536 5525 ηιιι
2575 5502 2604 5525 ιι
2639 5523 2681 5525 ..
2723 5495 2775 5525 οι
2818 5494 2984 5525 austra
3023 5494 3228 5525 Armnm.
3266 5495 3377 5525 mlas.
3415 5499 3461 5525 In
3492 5491 3520 5525 F
3555 5491 3610 5525 ιι.
3644 5482 3809 5525 uota].
3843 5486 3914 5525 est

665 5482 1759 5601 [‘ximféggomﬁggggmm'ag
1781 5482 2020 5561 alia;
2037 5482 2238 5551 auriga;
2341 5482 2406 5542 de
2435 5488 2606 5555 Spiritu
2637 5494 2686 5539 s.
2723 5495 2775 5538 et
2818 5494 2985 5539 contra
3023 5482 3233 5545 Arianos',
3266 5482 3377 5548 quae
3415 5485 3461 5534 in
3492 5482 3610 5534 edit.
3644 5482 3809 5536 notet.
3843 5486 3914 5534 est
