4220 6300
1430 334 1495 390 IN
1533 333 1587 389 S.
1635 327 1984 388 LUCIANUM
2022 326 2433 385 MARTYREM.
3473 321 3582 379 522

1980 445 2234 508 verserls,
2264 454 2480 512 prorsus
2504 439 2664 496 etiam
2695 453 2757 495 ea
2786 453 2904 510 quae
2924 436 3057 494 foris
3100 437 3410 493 contraxisti
3439 439 3581 493 inala

1982 529 2223 601 depones
2254 533 2377 587 :sin
2424 541 2601 585 autem
2650 529 2861 585 resilias
2900 527 3215 600 fugiasque,
3265 529 3355 584 illa
3380 530 3541 585 etiam
3562 567 3581 591 .

1983 639 2101 691 quae
2116 637 2388 678 sacrarum
2410 638 2512 693 ope
2537 622 2930 694 Scriptum-um
2952 620 3091 676 bona
3114 620 3210 675 tibi
3238 622 3583 690 comparasti,

1988 729 2204 783 prorsus
2231 717 2444 769 amittes
2463 754 2477 776 ,
2520 723 2730 782 tumque
2778 725 2908 780 epes
2932 711 3129 767 sensim
3157 726 3189 765 a
3215 710 3454 779 profanis
3483 709 3587 764 illis

1985 807 2326 861 consessibus
2361 816 2417 860 et
2442 803 2723 874 colloquiis
2761 802 3139 872 subripientur.
3172 803 3346 871 Atque
3374 810 3432 855 ut
3471 799 3587 853 haec

276 351 374 409 5'“

275 457 746 537 pertimescebam,
773 453 952 513 evenit
977 461 1033 509 et
1054 450 1120 516 ad
1146 449 1392 505 eil‘eetum
1414 447 1524 517 jam
1553 444 1867 517 perductum

274 534 393 618 est;
426 568 623 622 nempe
650 549 741 605 ubi
771 547 965 603 festum
993 542 1284 617 praeteriit,
1315 539 1475 595 simul
1507 540 1667 594 etiam
1694 534 1875 589 multi-

274 643 405 701 tudo
427 644 586 699 nobis
603 639 885 704 abscessit,
907 638 1185 704 minorque
1208 632 1361 686 nobis
1381 640 1552 685 coetus
1576 637 1655 683 est
1682 624 1874 680 factus.

275 735 391 790 Hoc
414 732 663 802 equidem
692 742 911 799 prorsus
934 734 1247 781 eventurum
1274 721 1505 776 sciebam
1524 759 1537 781 .
1570 732 1674 772 non
1702 725 1876 770 tamen

274 824 480 879 idcirco
506 822 684 877 destiti
711 835 741 872 a
766 816 1134 875 cohortatione
1161 830 1176 866 :
1209 815 1334 867 licet
1358 811 1499 866 enim
1530 808 1667 862 haud
1693 818 1880 860 omnes

270 910 487 969 morem
518 910 819 983 gesserint,
858 908 947 978 qui
981 902 1231 960 hesteru’a
1262 903 1379 955 luce
1406 900 1724 960 audierunt,
1773 911 1879 949 non

268 1013 457 1060 tamen
500 1016 689 1056 omnes
714 999 872 1053 etiam
905 1012 1011 1050 non
1046 995 1481 1062 obtemperarunt
1513 1007 1526 1043 :
1555 1002 1725 1055 neque
1752 1000 1882 1040 vero

270 1108 467 1164 parum
496 1091 636 1161 apud
662 1105 759 1144 nos
781 1088 845 1143 ad
870 1085 1290 1142 consolationem
1310 1080 1411 1137 hoc
1433 1081 1603 1144 valet;
1626 1077 1885 1148 quamob-

270 1199 389 1239 rem
412 1198 591 1252 neque
619 1180 876 1235 hodierno
894 1178 982 1233 die
1007 1177 1076 1231 ah
1105 1176 1204 1230 hac
1224 1172 1585 1228 admonitione
1605 1169 1881 1225 desistam:

271 1288 401 1328 nam
429 1273 475 1327 si
497 1272 674 1326 minus
698 1285 764 1325 ex
792 1267 966 1333 nobis,
993 1281 1059 1320 ex
1081 1265 1230 1319 vobis
1255 1263 1469 1332 quidem
1498 1267 1644 1315 certe
1671 1259 1888 1312 audient

271 1380 400 1435 quae
442 1363 715 1419 dicuntur.
757 1360 887 1427 Quis
926 1358 1067 1413 enim
1096 1366 1297 1410 tantam
1324 1354 1551 1409 illorum
1586 1350 1885 1406 socordiam

274 1457 497 1512 silentio
528 1455 666 1508 ferre
692 1452 858 1511 possit
886 1492 901 1516 ,
923 1458 1016 1504 aut
1033 1448 1189 1503 venia
1214 1447 1334 1503 illos
1367 1457 1421 1501 et
1446 1444 1787 1500 excusatione
1816 1441 1890 1495 di-

270 1562 412 1617 gnos
460 1546 662 1603 ducere
692 1585 708 1609 ,
756 1542 846 1612 qui
888 1556 1010 1597 cum
1059 1549 1206 1595 tanto
1256 1550 1496 1607 tempore
1544 1545 1767 1589 matrem
1806 1531 1889 1586 vi-

271 1641 513 1704 dissent,
540 1648 593 1692 et
619 1637 908 1699 bonorum,
937 1648 1059 1704 quae
1089 1633 1141 1686 in
1168 1646 1229 1685 ea
1259 1639 1423 1694 sunt,
1450 1625 1740 1697 participes
1768 1617 1895 1677 iacti
1926 1618 1931 1622 ’

272 1739 505 1792 essent,
565 1735 945 1789 recesserunt,
986 1738 1159 1791 neque
1204 1734 1390 1774 rursus
1434 1716 1635 1805 reverti
1693 1714 1893 1782 dignati

272 1828 422 1885 sunt,
450 1832 553 1873 nec
571 1818 875 1875 columbam
896 1815 1006 1869 Noe
1026 1811 1189 1885 (Gen.
1211 1810 1266 1881 8)
1294 1850 1307 1874 ,
1330 1807 1423 1862 sed
1444 1803 1663 1861 corvum
1704 1803 1891 1857 imitati

274 1922 446 1985 sunt;
468 1910 635 1983 idque
661 1911 789 1965 dum
816 1916 979 1963 aestus
1018 1904 1193 1958 adhuc
1235 1910 1289 1956 et
1337 1906 1622 1968 tempestas
1658 1896 1743 1950 illa
1776 1910 1898 1964 per-

282 2015 531 2070 severat,
578 2002 900 2074 graviorque
939 1997 1173 2068 quotidie
1215 1992 1447 2063 procella
1487 1989 1782 2053 excitatur,
1833 2002 1897 2039 ac

284 2097 559 2167 preposita
588 2095 639 2147 in
681 2092 858 2147 medio
885 2105 1007 2143 area
1034 2089 1132 2142 ista
1174 2092 1356 2140 sancta
1397 2089 1617 2137 cunctos
1650 2080 1893 2141 advocat,

281 2187 347 2240 ad
381 2201 445 2241 se
469 2183 692 2254 pellicit.
721 2190 776 2237 et
804 2180 1025 2234 multam
1053 2175 1254 2245 prtebet
1278 2172 1344 2227 ad
1374 2186 1431 2226 se
1474 2167 1898 2237 confugientibus

281 2257 656 2332 securitatem?
671 2271 789 2327 Non
809 2270 950 2324 enim
984 2280 1242 2332 aquarum
1266 2278 1439 2332 neque
1479 2259 1734 2314 ﬂuctuum
1760 2258 1897 2311 irru-

283 2370 535 2438 ptiones,
564 2364 658 2419 sed
703 2361 982 2417 continuas
1002 2356 1447 2411 alienissimarum
1475 2368 1507 2406 a
1536 2351 1746 2406 ratione
1774 2365 1898 2417 per-

284 2458 648 2512 turbationum
688 2452 981 2507 seditiones
1007 2454 1257 2512 coercet,
1289 2444 1539 2498 invidiam
1569 2442 1705 2495 tollit
1730 2449 1783 2494 et
1807 2456 1898 2493 ar-

285 2551 587 2621 rogantiam
632 2545 900 2599 reiracnat.
926 2541 1056 2596 Nam
1083 2552 1254 2625 neque
1278 2536 1428 2590 dives
1454 2534 1732 2602 despicere
1760 2546 1893 2600 pau-

286 2656 471 2711 perem
504 2637 701 2708 poterit
720 2677 737 2702 ,
767 2648 888 2689 cum
917 2647 982 2686 ex
1002 2622 1294 2697 Scripturis
1318 2626 1532 2688 audiet,
1569 2622 1749 2679 Omnis
1778 2636 1897 2674 caro

286 2710 481 2801 frenum
506 2770 523 2795 ,
550 2738 597 2781 et
624 2726 787 2781 omnis
813 2723 979 2795 gloria
1006 2719 1224 2774 hominis
1267 2717 1415 2787 quasi
1439 2717 1537 2786 ﬂos
1566 2715 1687 2784 [teni
1739 2710 1892 2785 (Isai.

285 2822 379 2878 40.
426 2822 504 2891 6)
549 2832 771 2887 :neque
814 2829 1013 2886 pauper
1052 2814 1276 2865 alterum
1324 2808 1671 2861 ditescentem
1714 2803 1902 2857 videns

288 2911 490 2966 invidia
519 2910 792 2979 capietur,
824 2921 943 2959 cum
974 2912 1030 2959 et
1054 2905 1169 2971 ipse
1193 2900 1371 2954 audiet
1396 2898 1621 2951 alterum
1655 2895 1898 2961 Prophe-

290 3012 400 3057 tam
436 3000 740 3062 dicentem,
773 2994 859 3049 Ne
897 2993 1124 3048 timueris
1173 3007 1290 3044 cum
1338 2989 1473 3041 dives
1523 2988 1690 3055 factus
1743 2984 1897 3055 fuerit

289 3096 442 3145 hoino
466 3132 481 3156 ,
522 3099 571 3144 et
596 3106 710 3143 cum
749 3086 1084 3154 multiplicata
1129 3082 1281 3151 fuerit
1327 3081 1493 3148 gloria
1530 3081 1711 3131 domus
1764 3077 1898 3145 ejus.

301 3182 561 3248 Quoniam
582 3197 696 3234 cum
719 3179 963 3233 interierit
988 3193 1089 3229 non
1113 3182 1275 3229 sumet
1296 3175 1497 3233 omnia;
1516 3186 1676 3241 neque
1696 3170 1903 3222 descen-

288 3276 376 3329 det
403 3290 519 3326 cum
554 3288 613 3327 eo
642 3271 809 3341 gloria
828 3270 939 3340 ejus
963 3269 981 3337 (
1001 3265 1147 3320 Psal.
1177 3264 1380 3318 48.17.
1410 3263 1477 3317 18
1500 3261 1543 3333 ).
1581 3261 1726 3315 Talis
1754 3275 1901 3313 nam-

288 3381 401 3436 que
426 3373 511 3419 est
538 3379 698 3433 opum
730 3364 948 3424 istarum
973 3368 1158 3412 natura
1184 3375 1196 3409 :
1221 3372 1326 3410 non
1357 3346 1749 3409 transferuntur
1774 3368 1895 3407 cum

289 3456 561 3519 dominis;
591 3468 696 3506 non
740 3466 861 3504 cum
897 3448 1296 3518 possessoribus
1339 3446 1757 3513 transmigrauit;
1790 3459 1897 3496 non

291 3549 348 3603 in
377 3545 637 3616 judicium
679 3543 882 3598 vocatis
912 3541 1020 3596 illic
1048 3555 1111 3594 ac
1142 3553 1330 3608 pmnas
1360 3537 1630 3592 luentibus
1675 3536 1902 3604 patroci-

292 3650 491 3693 nantur
513 3679 528 3702 ,
563 3635 658 3690 sed
688 3649 783 3705 per
830 3641 1057 3687 mortem
1091 3631 1302 3701 penitus
1336 3618 1735 3699 prmeiduutur;
1789 3628 1897 3679 imo

294 3729 494 3783 multos
536 3725 693 3780 etiam
719 3733 843 3777 ante
882 3730 1109 3774 mortem
1153 3720 1507 3773 deseruerunt
1538 3734 1551 3769 :
1587 3716 1780 3770 inﬁdus
1821 3725 1901 3769 est

297 3834 448 3883 usus,
482 3818 686 3871 {metus
710 3814 972 3869 instabilis
993 3855 1009 3879 ,
1043 3812 1338 3882 periculosa
1367 3810 1655 3879 possessio.
1689 3813 1760 3864 At
1789 3826 1892 3864 ttOn

295 3909 567 3981 ejusmodi
595 3916 720 3963 sunt
746 3906 955 3960 virtutis
994 3915 1047 3959 et
1073 3905 1425 3974 eleemOsyna:
1455 3902 1593 3956 bona
1617 3942 1633 3967 ,
1660 3917 1843 3956 verum
1872 3917 1901 3954 a

298 4000 628 4071 prmiatione
650 4006 794 4051 tutus
813 4003 898 4050 est
915 3995 1001 4048 hic
1025 3995 1325 4049 thesaurus.
1350 3991 1501 4048 Unde
1524 3992 1628 4044 hoc
1654 3990 1903 4045 constat?

294 4092 402 4160 Qui
431 4091 501 4145 de
524 4090 725 4144 divitiis
752 4088 866 4141 istis
905 4074 1337 4155 philosophando'
1366 4083 1519 4148 dixit,
1546 4081 1667 4136 Non
1694 4083 1902 4136 descen-

297 4184 384 4234 det
411 4196 527 4234 cum
547 4194 605 4232 eo
625 4177 788 4248 gloria
823 4177 931 4244 ejus
962 4184 1073 4244 post
1097 4191 1213 4228 eum
1236 4214 1251 4234 ,
1274 4173 1358 4227 hic
1381 4183 1436 4228 et
1455 4172 1522 4227 de
1550 4172 1905 4243 cleemosynae

299 4271 604 4335 thesauris,
630 4271 721 4339 qui
753 4276 1064 4338 permanent
1100 4282 1313 4336 semper
1348 4282 1446 4321 nec
1484 4282 1715 4335 unquam
1753 4281 1904 4321 com-

300 4362 567 4431 pilantur,
600 4374 700 4414 nos
726 4359 986 4423 erudivit,
1012 4374 1132 4412 cum
1161 4358 1229 4412 ita
1252 4358 1383 4412 dixit
1407 4374 1422 4410 :
1454 4356 1705 4427 Dispersit
1725 4396 1741 4422 ,
1768 4358 1904 4411 dedit

299 4450 629 4522 pauperibus,
638 4450 842 4521 justitia
858 4450 966 4519 ejus
982 4457 1145 4501 manet
1166 4448 1219 4501 in
1234 4448 1475 4502 arculum
1489 4446 1661 4517 (Psal.
1681 4448 1740 4501 11
1756 4449 1803 4501 l.
1818 4448 1900 4519 9).

298 4541 441 4610 Quid
462 4540 567 4595 hoc
586 4539 881 4595 mirabilius
900 4554 1019 4592 esse
1046 4538 1210 4607 possit
1236 4537 1261 4591 Ἰ
1283 4537 1413 4603 Qua:
1432 4538 1755 4607 colliguntur
1781 4553 1902 4606 per-

297 4639 469 4694 eunt,
501 4640 556 4684 et
583 4637 802 4683 manent
825 4644 943 4699 quae
967 4628 1382 4695 disperguntur,
1413 4641 1476 4679 ac
1520 4628 1711 4679 merito
1735 4640 1864 4679 sane
1889 4642 1903 4680 :

299 4736 426 4777 nam
448 4721 549 4775 ista
571 4720 784 4790 quidem
807 4719 1032 4787 suscipit
1054 4717 1229 4780 Deus;
1257 4728 1513 4772 caeterum
1535 4731 1600 4769 ex
1630 4716 1721 4770 Dei
1748 4732 1905 4769 manu

302 4828 498 4885 rapere
536 4825 696 4867 nemo
720 4820 894 4880 potest
924 4828 936 4863 :
967 4797 1053 4863 illa
1079 4823 1209 4865 vero
1246 4809 1298 4862 iu
1328 4807 1601 4862 hominum
1644 4808 1907 4862 thesauris

302 4912 654 4973 reponuntur,
677 4901 762 4955 uhi
785 4901 966 4954 multis
988 4900 1192 4953 insidiis
1206 4909 1329 4953 sunt
1350 4898 1600 4961 obnoxia,
1624 4898 1713 4953 ubi
1736 4900 1906 4953 multa

304 4994 503 5053 invidia
530 5005 586 5049 et
614 4994 772 5047 livor.
802 4992 919 5047 Noli
951 5008 1078 5062 ergo
1099 5034 1115 5057 ,
1162 4991 1509 5046 dilectissime
1528 5030 1542 5053 ,
1597 4992 1699 5044 loci
1749 4991 1907 5057 hujus

305 5086 786 5155 l'rcqnentatlonem
806 5094 1150 5139 contemnere
1174 5100 1187 5134 :
1212 5082 1325 5136 sive
1339 5082 1480 5136 enim
1505 5095 1705 5136 maeror
1720 5082 1910 5149 aliquis

304 5177 576 5247 negotium
600 5174 846 5241 facessat,
867 5173 955 5228 hic
974 5174 1240 5239 relegatur
1265 5189 1280 5228 :
1306 5172 1420 5225 sive
1439 5186 1581 5224 cura:
1602 5172 1906 5229 saeculares.

304 5266 587 5336 auiugiunt
619 5282 631 5319 :
662 5265 780 5319 sive
805 5264 993 5317 alienae
1028 5278 1055 5314 a
1088 5262 1294 5316 ratione
1329 5261 1757 5331 perturbationes
1778 5302 1791 5319 ,
1827 5276 1911 5314 se-

305 5357 505 5412 dantur
533 5371 549 5409 :
578 5369 610 5408 a
638 5354 756 5408 foro
791 5365 965 5408 autem
1010 5366 1063 5407 et
1090 5352 1314 5407 theatris
1342 5366 1405 5406 ac
1430 5350 1639 5405 caeteris
1678 5350 1912 5417 profanis

306 5448 693 5511 conventibus,
722 5446 905 5501 multis
931 5444 1276 5500 accumulatis
1312 5443 1455 5497 curis
1486 5458 1548 5496 ac
1592 5442 1913 5496 mmroribns

307 5543 610 5611 animaeque
646 5538 885 5605 morbis,
917 5538 1135 5593 domum
1181 5537 1436 5590 redimus.
1482 5533 1536 5589 Si
1584 5534 1669 5589 hic
1700 5535 1912 5589 assidue

309 5640 439 5682 Tom.
463 5632 512 5692 6,
537 5644 649 5695 pag.
672 5628 787 5686 9.06.
805 5635 855 5679 et
879 5637 1048 5741 mm
1060 5628 1167 5676 lucc
1189 5639 1238 5675 tn
1261 5633 1304 5674 s.
1321 5625 1595 5694 Lueiauum,
1623 5625 1716 5674 hoc
1748 5623 1909 5683 titulo,

309 5694 534 5741 limitem
564 5690 800 5741 postridie
835 5689 856 5741 i
981 5688 992 5700 '
1104 5700 1232 5738 rum.
1284 5686 1453 5737 Habita
1487 5686 1576 5741 fuit
1611 5685 1661 5736 in
1695 5693 1909 5736 sanctum

704 5685 800 5742 idie
835 5685 1232 5741 ilhmrinatorum.
1284 5686 1453 5737 Habita
1487 5686 1576 5749 fuit
1611 5685 1661 5736 in
1695 5693 1909 5736 sanctum

1991 913 2122 977 vera
2151 913 2273 953 esse
2312 897 2547 951 noscatis
2567 934 2588 963 ,
2618 911 2740 949 cum
2783 895 2905 949 hinc
2941 894 3295 949 discesseritis
3317 933 3331 956 ,
3364 908 3457 948 eos
3496 894 3586 959 qui

1990 988 2149 1043 hodie
2177 988 2460 1043 abiueruut
2488 987 2667 1042 videre
2696 986 2905 1041 studete
2926 1026 2942 1051 ,
2993 995 3105 1040 tum
3146 996 3403 1053 quantum
3450 985 3589 1039 inter

1988 1091 2219 1135 vestram
2248 1080 2410 1134 animi
2444 1078 2877 1148 tranquillitatem
2915 1087 2971 1133 et
3011 1078 3221 1132 illorum
3264 1078 3587 1133 anxietatem

1993 1171 2225 1236 intersit,
2252 1170 2707 1225 animadvertetis.
2737 1168 2855 1224 Non
2886 1171 2958 1224 ita
2981 1169 3201 1238 pulchra
3222 1178 3305 1225 est
3328 1153 3390 1224 ac
3416 1184 3589 1224 venu-

1992 1271 2073 1315 sta
2099 1276 2297 1330 sponsa
2324 1261 2377 1315 in
2406 1261 2647 1315 thalamo
2673 1260 2869 1316 sedens
2892 1301 2907 1327 ,
2934 1276 2997 1317 ac
3024 1262 3282 1318 mirabilis
3304 1272 3387 1317 est
3412 1263 3591 1317 anima

1992 1352 2334 1423 gloriosaque
2354 1393 2370 1418 ,
2404 1352 2529 1406 dum
2573 1354 2627 1406 in
2657 1352 2883 1407 ecclesia
2912 1353 3207 1422 spiritualia
3236 1355 3447 1424 spirans
3487 1337 3590 1409 un-

1994 1453 2187 1513 guenta
2228 1454 2520 1513 comparet.
2552 1444 2653 1511 Qui
2682 1446 2824 1499 enim
2872 1445 2975 1501 huc
3016 1462 3136 1501 cum
3168 1447 3270 1501 tide
3309 1463 3372 1502 ac
3412 1448 3593 1503 studio

1997 1535 2220 1590 ventilat
2244 1577 2257 1600 ,
2303 1536 2595 1590 innumeris
2632 1537 2895 1593 thesauris
2934 1539 3132 1593 ditatus
3175 1540 3455 1594 abscedit:
3489 1542 3590 1595 etsi

1999 1634 2200 1679 tantum
2226 1640 2288 1679 os
2317 1628 2607 1694 aperuerit,
2640 1628 2786 1681 omni
2808 1628 3031 1684 odorum
3053 1632 3312 1685 suavitate
3337 1633 3594 1686 continuo

1997 1729 2060 1767 ac
2098 1716 2460 1783 spiritualibus
2490 1718 2680 1785 Opibus
2706 1719 2997 1787 complebit
3022 1720 3163 1785 illos,
3193 1722 3282 1791 qui
3304 1737 3596 1792 congressu

1998 1806 2115 1875 ejus
2144 1807 2423 1871 fruuntur;
2472 1808 2573 1861 etsi
2612 1818 2877 1863 sexcenta:
2908 1809 3202 1878 ingruerint
3226 1812 3591 1879 calamitates,

2000 1914 2189 1953 omnes
2215 1914 2370 1969 (equo
2395 1900 2575 1953 animo
2602 1899 2735 1954 feret
2761 1918 2773 1953 :
2809 1911 2992 1970 utpote
3016 1903 3105 1971 qui
3135 1919 3166 1957 e
3191 1903 3483 1973 Seripturis
3509 1906 3591 1960 di—

2000 1992 2137 2045 vinis
2169 1992 2434 2059 patientite
2471 1992 2927 2063 philosophiaeque
2966 1995 3316 2049 sufﬁcientem
3353 1999 3597 2052 occasio-

2004 2098 2124 2137 nem
2156 2083 2280 2137 hinc
2311 2084 2595 2154 acceperit.
2624 2084 2690 2137 Et
2713 2084 2852 2139 sicut
2882 2086 2925 2139 is
2949 2127 2963 2151 ,
2989 2086 3075 2154 qui
3110 2098 3362 2156 perpetuo
3384 2090 3437 2142 in
3466 2105 3601 2159 rupe

2002 2174 2265 2235 consistit,
2290 2174 2481 2229 ﬂuctus
2499 2175 2723 2243 despicit
2748 2177 2764 2207 ¹
2793 2192 2807 2228 :
2840 2176 2917 2231 sic
2943 2185 2995 2231 et
3024 2178 3067 2231 is
3086 2220 3099 2241 ,
3130 2180 3217 2247 qui
3246 2180 3456 2236 assidue
3484 2182 3600 2238 col-

2005 2267 2137 2321 lecta
2160 2265 2469 2334 perfruitur,
2499 2283 2563 2321 ac
2592 2267 2789 2322 divinis
2805 2270 3144 2325 sermonibus
3165 2272 3435 2343 irrigatur,
3466 2284 3603 2330 tam-

2004 2372 2162 2425 quam
2191 2358 2243 2409 in
2275 2372 2405 2425 rupe
2433 2358 2486 2411 in
2521 2370 2670 2413 reeto
2696 2376 2873 2414 rerum
2905 2360 3107 2430 judicio
3134 2377 3194 2417 se
3223 2363 3396 2432 ipsum
3431 2367 3603 2421 collo-

2003 2448 2180 2513 cavit,
2212 2447 2371 2501 nullis
2416 2450 2576 2504 rebus
2620 2448 2869 2503 humanis
2896 2451 3185 2519 capietur:
3214 2460 3273 2506 ut
3315 2454 3406 2522 qui
3437 2456 3604 2512 multo

2004 2538 2164 2592 altius
2190 2554 2250 2594 se
2277 2542 2613 2606 provexerit,
2659 2556 2817 2609 quam
2861 2556 2968 2610 quo
3000 2551 3219 2609 possent
3266 2546 3603 2613 negotiorum

2006 2628 2340 2683 swcularium
2373 2630 2707 2685 incursiones
2735 2632 3059 2700 pertingere.
3087 2632 3269 2702 Neque
3302 2643 3439 2689 ‘vero
3485 2644 3607 2690 tan-

2010 2731 2119 2775 tum
2166 2739 2231 2776 ex
2279 2723 2665 2788 admonitione,
2706 2724 2801 2779 sed
2837 2725 2996 2779 etiam
3025 2742 3089 2780 ex
3120 2728 3385 2795 precibus,
3418 2744 3482 2784 ex
3517 2744 3608 2797 pa.

2009 2823 2158 2868 terna
2188 2814 2579 2880 benedictione,
2610 2830 2675 2869 ex
2692 2818 2963 2870 communi
2989 2827 3253 2872 conventu
3278 2817 3608 2890 fratrumque

2006 2908 2248 2971 caritate,
2279 2916 2439 2977 atque
2466 2907 2586 2960 aliis
2609 2909 2878 2973 sexcentis
2905 2923 2971 2962 ex
2999 2908 3159 2963 rebus
3186 2909 3350 2963 multa
3382 2911 3609 2966 utilitate

2008 3007 2167 3067 atque
2208 2998 2371 3051 animi
2421 2998 2778 3054 oblectatione
2819 3010 3068 3069 percepta
3109 3001 3248 3055 solet
3290 3001 3606 3069 discedere,

2010 3100 2171 3158 atque
2214 3089 2495 3143 innumera
2522 3090 2661 3144 bona
2710 3091 2929 3144 domum
2980 3102 3276 3160 reportare.
3331 3094 3610 3164 Perpende

2009 3182 2189 3251 itaque
2216 3181 2374 3236 hodie
2398 3192 2593 3251 quanta
2620 3198 2714 3237 vos
2740 3183 3111 3239 benedictione
3141 3186 3442 3241 cumulandi
3470 3189 3603 3256 sitis,

2009 3286 2209 3343 quanto
2240 3272 2315 3326 illi
2355 3274 2552 3327 damno
2579 3272 2889 3327 mulctaudi.
2934 3274 3065 3328 Nam
3096 3291 3189 3328 vos
3215 3277 3429 3345 quidem
3464 3293 3609 3331 mar-

2012 3377 2184 3438 tyrum
2230 3364 2477 3419 mercede
2503 3373 2749 3433 percepta
2778 3364 3064 3420 discedetis
3095 3383 3107 3418 :
3137 3366 3211 3420 illi
3243 3382 3369 3421 vero
3393 3376 3612 3436 praeter-

2009 3474 2169 3528 quam
2199 3448 2339 3527 quod
2362 3458 2510 3511 lucro
2539 3458 2639 3511 isto
2661 3458 3028 3526 privahuntnr,
3052 3458 3158 3511 alio
3183 3474 3394 3528 quoque
3414 3459 3612 3513 damno

2008 3552 2308 3605 afficientur
2334 3592 2349 3617 ,
2381 3550 2520 3617 quod
2560 3565 2624 3605 ex
2656 3549 2894 3603 futilibus
2928 3546 3377 3617 occupationibus
3416 3549 3611 3605 multas

2009 3643 2427 3699 sollicitudinum
2495 3640 2681 3695 sordes
2750 3639 3085 3694 contraheut.
3150 3639 3611 3705 Quemadmodum

2008 3733 2150 3787 enim
2175 3734 2218 3785 is
2245 3732 2344 3797 Qui
2364 3731 2539 3800 recipit
2561 3732 2856 3800 prophetam
2880 3730 2934 3781 in
2954 3730 3157 3782 nomine
3177 3730 3457 3799 prophetae,
3481 3746 3613 3783 men-

2007 3827 2177 3879 cedem
2209 3824 2464 3895 propheta:
2500 3823 2750 3893 accipiet;
2794 3831 2840 3875 et
2883 3822 2969 3889 qui
2986 3822 3186 3890 justum
3215 3823 3391 3892 recipit
3436 3824 3489 3875 in
3520 3840 3614 3876 no-

2008 3920 2145 3972 mine
2160 3919 2292 3988 justi
2311 3958 2328 3985 ,
2358 3916 2634 3969 mercedem
2667 3916 2800 3986 justi
2838 3914 3050 3983 accipiet
3079 3913 3098 3983 (
3120 3912 3309 3967 Matth.
3340 3915 3427 3969 10.
3456 3914 3517 3969 41
3548 3915 3568 3985 )
3593 3932 3609 3970 :

2008 4002 2087 4064 sic
2116 4020 2169 4063 et
2196 4010 2239 4063 is
2269 4009 2359 4079 qui
2404 4018 2692 4079 martyrem
2736 4006 2925 4073 recipit
2955 4008 3007 4059 in
3052 4006 3268 4060 nomine
3312 4007 3563 4077 martyris
3591 4049 3608 4069 ,

2008 4099 2312 4155 mercedem
2332 4098 2578 4168 martyris
2606 4094 2849 4164 accipiet.
2869 4094 3005 4149 Tum
3028 4109 3154 4148 vero
3183 4095 3304 4164 quis
3319 4106 3611 4166 martyrem

2009 4193 2237 4263 recipit,
2273 4206 2395 4246 cum
2423 4191 2489 4245 ad
2520 4190 2636 4259 ejus
2664 4188 2976 4243 memoriam
3003 4188 3255 4241 convenit
3274 4200 3441 4253 ,‘cum
3487 4187 3606 4255 ejus

2007 4286 2359 4342 certaminum
2390 4280 2709 4337 narrationis
2745 4282 2802 4334 iit
2842 4280 3128 4350 particeps,
3164 4294 3285 4333 cum
3319 4277 3457 4333 facta
3495 4279 3610 4335 col-

2004 4383 2337 4441 laudancum
2356 4378 2577 4431 virtutes
2604 4376 2862 4435 imitatur,
2880 4388 3001 4428 cum
3033 4373 3175 4439 apud
3202 4382 3430 4427 eteteros
3464 4388 3609 4443 prce-

2006 4471 2152 4528 clara
2173 4470 2313 4525 illius
2331 4468 2563 4522 facinora
2583 4465 2850 4535 praedicat.
2877 4464 3002 4518 ﬂare
3020 4472 3310 4533 martyrum
3332 4463 3610 4532 hospitalia

2009 4570 2135 4615 sunt
2163 4563 2301 4613 dona
2326 4575 2342 4623 ;
2371 4559 2448 4612 sic
2473 4558 2604 4610 istos
2625 4562 2841 4609 sanctos
2856 4553 2976 4624 quis
2997 4553 3240 4623 suscipit,
3263 4552 3407 4608 sicut
3436 4561 3492 4609 et
3509 4568 3608 4609 vos

2010 4654 2189 4723 utique
2206 4649 2467 4705 hodierno
2494 4646 2579 4702 die
2609 4644 2829 4701 fecistis.

2079 4748 2133 4801 2.
2168 4743 2473 4815 Martyrium
2498 4751 2570 4795 est
2600 4739 2909 4809 Baptismus.
2939 4767 3013 4779 —
3040 4738 3165 4792 lleri
3210 4738 3387 4807 itaque
3419 4738 3621 4791 Domi-'

2012 4855 2113 4895 nus
2153 4837 2366 4909 quidem
2412 4844 2596 4890 noster
2640 4848 2775 4902 aqua
2821 4831 3118 4899 baptizatus
3159 4838 3242 4885 est
3282 4830 3395 4900 (α),
3448 4829 3606 4884 hodie

2016 4945 2145 4986 vero
2188 4944 2374 4985 servus
2416 4924 2675 4994 sanguine
2702 4923 2999 4992 baptizatur
3033 4938 3046 4973 :
3078 4920 3334 4975 hesterno
3376 4920 3464 4974 die
3493 4922 3609 4974 calli

2014 5031 2182 5093 porta:
2233 5028 2359 5075 sunt
2409 5025 2682 5080 reseratae,
2739 5014 2899 5067 hodie
2944 5012 3231 5065 inferorum
3278 5022 3446 5079 porta:
3491 5021 3611 5063 sunt

2014 5114 2360 5171 conculcatze.
2393 5109 2577 5179 Neque
2607 5106 2920 5170 miremini,
2952 5102 3094 5173 quod
3123 5104 3443 5172 baptismum
3475 5118 3612 5157 mar-

2017 5207 2211 5279 tyrium
2245 5202 2593 5271 nuncuparim
2626 5216 2639 5252 :
2672 5213 2795 5252 nam
2824 5207 2881 5252 et
2910 5196 2996 5250 hic
3022 5195 3255 5266 Spiritus
3281 5211 3402 5248 cum
3448 5196 3615 5247 multa

2013 5301 2227 5357 advolat
2251 5299 2513 5359 ubertate,
2536 5309 2599 5349 ac
2628 5301 2968 5363 peccatorum
2997 5288 3221 5343 abolitio
3249 5297 3304 5341 et
3330 5288 3525 5341 aninne
3557 5287 3615 5339 tit

2017 5392 2260 5463 purgatio
2286 5389 2529 5459 qumdam
2560 5385 2818 5440 mirabilis
2844 5399 2907 5437 ac
2937 5381 3196 5451 stupenda
3227 5397 3241 5435 :
3270 5390 3325 5435 et
3353 5378 3613 5450 quemad-

2017 5486 2233 5539 modum
2268 5482 2323 5543 ii,
2356 5481 2445 5549 qui
2476 5478 2839 5547 baptizantur,
2868 5475 3053 5543 aquis,
3086 5474 3156 5528 ita
3183 5472 3271 5543 qui
3300 5471 3613 5540 martyrium

2081 5620 2097 5652 ι
2131 5615 2271 5666 savtl.
2298 5616 2349 5677 in
2366 5626 2543 5677 marg.,
2568 5610 2651 5675 qui
2673 5610 2725 5661 in
2746 5608 2875 5661 mari
2895 5615 2941 5661 et
2962 5606 3014 5659 in
3039 5619 3159 5670 rupe
3184 5618 3351 5658 secure
3374 5605 3604 5666 causis-tit,

2016 5680 2189 5746 ﬂuetus
2212 5675 2433 5746 despicit.

2084 5744 2156 5805 (α)
2189 5734 2556 5809 Epiphaniorum
2578 5734 2760 5787 festum
2781 5742 3038 5784 memorat.
