4220 6316
640 354 746 414 523

644 471 936 540 patiuntur,
984 464 1198 536 proprio
1230 466 1486 534 sanguine
1511 452 1838 521 abluuntur;
1869 454 2007 522 quod
2039 452 2220 522 utique

619 571 700 616 ,ει
726 562 778 614 iu
809 561 912 614 isto
942 558 1138 613 evenit.
1163 555 1366 611 'Verum
1409 564 1704 620 antequam
1731 552 1798 604 de
1833 548 2010 612 caede,
2040 560 2219 614 Opera:

644 652 871 721 pretium
914 658 997 704 est
1025 658 1085 704 ut
1128 649 1195 703 de
1235 646 1428 702 diaboli
1474 644 1702 698 versutia
1732 642 1890 697 verba
1941 639 2215 694 faciamus.

645 744 776 799 Nam
797 758 918 798 cum
944 757 1101 798 omne
1137 738 1511 807 suppliciorum
1547 751 1609 790 ac
1652 746 1924 803 poenarum
1962 743 2129 800 genus
2152 727 2221 782 ab

645 849 710 888 eo
737 834 971 888 derisum
998 831 1464 890 animadverteret,
1492 842 1554 880 ac
1580 840 1638 879 se
1664 837 1832 891 neque
1861 835 2083 874 accensa
2116 820 2221 873 for-

646 940 797 987 nace,
831 940 1001 993 neque
1031 919 1280 974 barathro
1304 919 1526 980 effosso,
1559 929 1726 984 neque
1753 925 1864 968 rota
1892 920 2094 982 parata,
2121 925 2221 964 ne-

645 1032 750 1086 que
777 1031 895 1069 cum
928 1015 977 1066 iu
1009 1011 1290 1081 equuleum
1318 1010 1631 1071 sustulisset,
1665 1019 1836 1074 neque
1861 1018 1982 1057 cum
2013 1002 2066 1055 in
2087 1016 2223 1070 prae-

646 1108 823 1174 cipitia
855 1103 1185 1174 projecisset,
1214 1115 1385 1168 neque
1407 1114 1524 1152 cum
1545 1095 1789 1150 dentibus
1819 1093 2048 1147 ferarum
2078 1091 2220 1158 obje-

646 1199 842 1261 cisset,
869 1195 1035 1249 sancti
1069 1192 1457 1263 phil050phiam
1486 1201 1738 1257 superare
1776 1186 2011 1255 potuisse
2040 1202 2052 1237 :
2081 1182 2222 1237 aliud

645 1289 889 1344 acerbius
925 1301 1092 1355 genus
1129 1283 1476 1353 excogitavit,
1512 1293 1859 1350 quterensque
1887 1277 2220 1341 circumibat,

644 1389 704 1432 ut
727 1378 1038 1447 supplicium
1071 1376 1330 1428 inveniret
1349 1412 1362 1433 .
1391 1370 1530 1440 quod
1557 1370 1711 1425 simul
1737 1379 1792 1422 et
1819 1367 2219 1421 acerbissimum

642 1479 788 1523 esset
837 1478 890 1522 et
943 1465 1325 1536 longissimum.
1375 1463 1634 1529 Quoniam
1689 1461 1830 1516 enim
1877 1475 1955 1514 ea:
2008 1459 2221 1527 quidem

647 1575 853 1630 pinum,
882 1574 1000 1627 quae
1039 1565 1161 1609 sunt
1208 1554 1586 1617 intolerabiles,
1633 1551 1734 1605 hoc
1762 1550 1989 1605 aﬂ'erunt
2013 1591 2027 1614 ,
2073 1557 2130 1602 ut
2160 1548 2224 1602 iis

642 1650 907 1720 ocyssime
932 1647 1248 1711 liberemur;
1277 1659 1395 1714 qua:
1414 1658 1542 1697 vero
1569 1643 1833 1718 longiores
1859 1650 2000 1702 sunt,
2027 1639 2224 1708 aliquid

643 1738 960 1792 subtrahunt
1003 1737 1070 1791 de
1099 1737 1284 1791 dolore
1313 1752 1326 1788 :
1357 1735 1592 1804 reperire
1635 1747 1844 1802 paruam
1890 1731 2126 1796 studuit,
2170 1731 2222 1783 in

644 1846 747 1902 qua
790 1842 1071 1899 utrumque
1101 1829 1256 1882 simul
1288 1837 1463 1891 esset,
1505 1835 1557 1880 et
1586 1823 1902 1879 diuturnitas
1939 1832 1992 1876 et
2031 1822 2224 1875 intole-

645 1923 825 1975 rabilis
880 1921 1078 1976 doloris
1134 1932 1419 1982 excessus,
1467 1927 1522 1970 ut
1575 1931 1694 1969 cum
1736 1915 2065 1969 vehementia
2113 1923 2222 1966 tum

640 2011 965 2066 diuturnitas
1003 2010 1258 2081 temporis
1293 2009 1527 2062 animum
1570 2007 1686 2075 ejus
1728 2014 2057 2060 constantem
2089 2004 2224 2072 deji-

639 2114 808 2159 ceret.

717 2194 879 2248 Fame
924 2202 1180 2259 torquetur
1226 2191 1524 2252 Lucitmus,‘
1573 2189 1856 2258 idolothyta
1900 2186 2110 2254 respuit.
2154 2214 2225 2224 —

643 2287 781 2353 Quid
808 2301 935 2356 ergo
963 2283 1128 2340 facit?
1153 2283 1300 2339 Fami
1336 2291 1579 2336 sanctum
1621 2281 1760 2334 hunc
1789 2279 2026 2348 exponit.
2073 2280 2142 2330 At
2169 2285 2222 2330 tu

646 2396 767 2435 cum
815 2379 883 2432 de
928 2378 1065 2432 fame
1108 2377 1280 2442 audis,
1319 2391 1385 2429 ne
1413 2375 1551 2445 quod
1595 2375 1790 2428 dietmu
1823 2381 1905 2426 est
1941 2372 2226 2425 oscitanter

644 2479 932 2541 prtctereas
965 2487 979 2522 :
1011 2476 1092 2522 est
1117 2468 1260 2521 enim
1302 2466 1389 2520 illa
1422 2480 1567 2518 mors
1594 2465 1834 2519 omnium
1861 2463 2222 2524 acerbissima,

643 2561 786 2632 quod
816 2561 888 2614 illi
908 2602 923 2626 ,
955 2559 1041 2631 qui
1081 2568 1206 2613 sunt
1231 2557 1467 2628 experti,
1501 2566 1762 2610 testantur
1793 2573 1806 2608 :
1835 2555 1972 2608 absit
1999 2554 2140 2608 enim
2168 2562 2227 2607 ut

645 2657 698 2711 id
731 2670 826 2708 nos
853 2654 1190 2722 experiamur
1218 2670 1232 2705 :
1262 2660 1407 2710 recte
1437 2663 1664 2718 namque
1704 2659 1888 2700 sumus
1927 2646 2097 2700 edocti
2123 2685 2138 2709 ,
2169 2654 2226 2698 ut

645 2764 880 2810 oremus,
910 2761 978 2800 ne
1007 2746 1057 2799 in
1090 2743 1430 2798 tentationem
1459 2742 1715 2795 intremus
1743 2739 1953 2811 (Matth.
1980 2739 2069 2793 26.
2098 2739 2158 2792 M
2181 2740 2222 2806 ).

649 2839 860 2894 Etenim
904 2849 1170 2905 tamquam
1202 2833 1492 2888 visceribus
1537 2832 1678 2886 intus
1730 2830 1964 2884 insidens
1990 2827 2224 2883 carnifex

645 2930 904 2999 quiSpiam
950 2927 1127 2980 omnia
1159 2924 1395 2979 membra
1422 2921 1677 2984 dilaniat,
1709 2921 1896 2990 quovis
1926 2921 2047 2990 igne
2090 2918 2227 2973 fera-

646 3038 750 3092 que
775 3022 968 3074 smvius
993 3032 1186 3085 corpus
1211 3016 1354 3069 omni
1382 3030 1446 3069 ex
1478 3023 1624 3083 parte
1651 3011 1887 3067 corrodit
1909 3053 1924 3076 ,
1964 3026 2026 3064 ac
2052 3011 2225 3064 conti-

647 3129 810 3168 nuum
863 3121 918 3165 et
967 3107 1386 3178 inexplicabilem
1437 3105 1674 3159 dolorem
1725 3105 1904 3157 inurit.
1954 3103 2128 3172 Atque
2172 3109 2230 3154 ut

647 3215 844 3276 quanta
884 3217 974 3257 res
1001 3202 1070 3256 sit
1117 3201 1282 3254 fames
1322 3198 1603 3266 intelligas,
1635 3197 1792 3249 etiam
1835 3195 2034 3249 liberos
2062 3210 2230 3262 sarpe-

653 3309 877 3350 numero
915 3295 1238 3347 devorarnnt
1275 3297 1476 3344 matres
1497 3329 1510 3351 ,
1551 3302 1669 3341 cum
1701 3286 1850 3340 istius
1880 3285 2002 3338 mali
2030 3285 2228 3339 violen-

649 3390 774 3443 tiam
799 3386 940 3440 ferre
961 3399 1064 3437 non
1082 3388 1319 3453 possent.
1342 3379 1404 3433 Et
1425 3379 1559 3432 hanc
1574 3377 1854 3445 deplorans
1875 3375 2226 3428 calamitatem

653 3478 907 3548 propheta
960 3474 1206 3538 dicebat,
1259 3470 1445 3525 Manus
1509 3470 1775 3522 mulierum
1830 3467 2229 3520 misericordium

651 3576 890 3623 conserunt
918 3565 1048 3633 ﬁlios
1076 3578 1192 3616 suos
1218 3560 1237 3631 (
1259 3559 1443 3613 Tltren.
1472 3559 1524 3612 4.
1555 3557 1621 3612 10
1640 3558 1678 3626 ).
1725 3557 1870 3623 Quos
1913 3564 2230 3627 pepererant

651 3657 1026 3720 eomedebant,
1055 3663 1108 3707 et
1133 3661 1376 3706 natorum
1407 3648 1684 3704 infantium
1714 3659 1918 3712 venter,
1948 3647 2035 3717 qui
2067 3663 2228 3716 pepe-

652 3758 830 3811 rerat.
880 3745 1182 3815 sepulcrum
1251 3740 1614 3805 efficiebatur,
1661 3746 1716 3792 et
1768 3745 2008 3792 naturam
2065 3737 2230 3791 fames

653 3840 961 3909 superavit;
992 3837 1100 3890 imo
1128 3847 1255 3886 vero
1300 3847 1405 3884 non
1452 3828 1880 3885 naturannmodo
1901 3869 1915 3893 ,
1946 3828 2039 3882 sed
2070 3828 2228 3881 etiam

653 3934 979 3987 voluntatem
1010 3945 1024 3981 :
1056 3936 1110 3979 at
1156 3923 1312 3992 hujus
1354 3921 1520 3975 sancti
1568 3919 1974 3988 generositatem
2014 3918 2230 3972 minime

657 4021 941 4091 superavit.
971 4018 1100 4085 Quis
1126 4029 1254 4084 ergo
1273 4053 1288 4078 ,
1329 4026 1448 4066 cum
1482 4010 1594 4063 haec
1621 4008 1876 4073 audierit,
1908 4024 2011 4061 non
2043 4010 2229 4062 obstu-

657 4115 886 4187 pescat?
933 4109 1170 4164 Tametsi
1216 4105 1341 4173 quid
1393 4102 1656 4171 potentius
1703 4110 1785 4154 est
1828 4101 2063 4154 natura?
2107 4102 2231 4170 quid

657 4215 840 4259 eontra
885 4200 1155 4254 voluntate
1202 4192 1546 4248 mutabilius?
1590 4190 1784 4244 Verum
1831 4199 1888 4243 ut
1935 4191 2062 4245 nihil
2113 4205 2233 4246 esse

661 4296 752 4349 Dei
798 4294 986 4345 timore
1027 4286 1252 4343 validius
1296 4285 1454 4348 scias,
1501 4281 1864 4336 vehementius
1891 4282 2085 4351 aliquid
2115 4298 2234 4337 esse

660 4396 845 4442 natura
871 4382 1196 4436 voluntatem
1225 4374 1505 4444 apparuit,
1540 4387 1708 4440 caque
1737 4381 1934 4426 matres
1964 4373 2120 4438 vicit,
2171 4388 2234 4429 ac

660 4485 841 4546 partus
871 4470 1109 4527 oblivisci
1135 4467 1309 4534 coegit
1337 4482 1352 4518 :
1385 4465 1525 4518 hunc
1554 4478 1679 4517 vero
1707 4473 1946 4517 sanctum
1977 4466 2231 4532 supplau-

659 4579 773 4620 tare
798 4578 901 4617 non
931 4559 1118 4630 potuit,
1141 4570 1316 4625 neque
1341 4553 1725 4623 philosophiam
1747 4554 2062 4622 supplicium
2087 4555 2228 4620 vicit,

657 4669 830 4724 neque
860 4649 1218 4706 fortitudinem
1249 4657 1404 4714 pmna
1433 4643 1699 4712 superavit
1731 4661 1744 4696 :
1775 4644 1867 4697 sed
1900 4644 2086 4712 quovis
2109 4643 2234 4697 ada-

660 4758 838 4801 mante
869 4745 1068 4798 ﬁrmior
1100 4739 1479 4811 permanebat,
1511 4750 1673 4805 seque
1703 4736 1837 4789 bona
1869 4752 1961 4805 spe
1997 4737 2232 4790 oblecta-

656 4841 792 4901 bat;
835 4836 1108 4890 materiam
1153 4845 1381 4899 agonum
1435 4843 1494 4881 se
1540 4837 1750 4880 nactum
1794 4827 2148 4895 gloriabatur,
2181 4838 2233 4881 et

652 4949 713 4986 cx
754 4927 1098 4984 certaminum
1130 4924 1303 4976 oblata
1349 4921 1626 4974 occasione
1666 4919 2067 4981 consolabatur,
2099 4935 2235 4987 prm-

653 5022 843 5077 scrtim
889 5015 1123 5086 quotidie
1165 5013 1384 5068 Paulum
1416 5011 1677 5064 dicentem
1705 5009 1925 5065 audiens
1954 5026 1966 5060 :
2000 5009 2065 5060 lu
2103 5013 2234 5078 fatue

649 5123 698 5166 et
730 5112 833 5178 siti,
855 5113 907 5162 in
929 5108 1117 5178 frigore
1139 5115 1186 5159 et
1207 5104 1433 5156 nuditate
1453 5101 1529 5169 (Ξ.
1550 5100 1666 5156 Cor.
1688 5102 1772 5155 ll.
1790 5099 1882 5168 27)
1909 5117 1921 5151 :
1951 5111 2002 5153 et
2029 5115 2229 5162 rursus,

656 5200 830 5271 Usque
854 5199 907 5252 in
936 5201 1066 5251 hanc
1098 5196 1275 5249 horam
1305 5202 1350 5245 et
1377 5192 1621 5244 esurimus
1640 5180 1671 5255 ,’
1698 5199 1744 5243 et
1780 5189 1975 5245 sitimus
1995 5231 2009 5255 ,
2043 5201 2088 5242 et
2114 5191 2236 5243 nudi

658 5309 831 5346 sumus
855 5330 870 5353 ,
910 5298 955 5343 et
998 5286 1222 5356 colaphis
1252 5283 1494 5337 caedimur
1517 5282 1541 5350 (
1555 5282 1602 5334 i.
1628 5280 1741 5334 Cor.
1772 5284 1821 5333 4.
1857 5283 1910 5334 ll
1937 5281 1973 5350 ).
2008 5280 2238 5334 Noverat

661 5384 883 5452 quippe,
924 5387 1140 5432 noverat
1177 5376 1341 5444 probe
1378 5373 1504 5427 illud
1527 5414 1541 5438 ,
1576 5371 1694 5425 Non
1731 5372 1784 5424 in
1823 5374 1929 5425 solo
1957 5389 2086 5441 pane
2112 5373 2236 5426 vivet

661 5477 844 5539 Italico,
885 5470 972 5524 sed
1014 5470 1067 5521 in
1112 5467 1248 5519 omni
1288 5464 1433 5519 verbo
1464 5464 1602 5530 quod
1649 5465 1868 5531 procedit
1913 5465 1975 5516 de
2013 5480 2098 5516 ore
2144 5463 2237 5518 Dei

657 5562 877 5618 (Matth.
906 5563 957 5615 ι.
983 5561 1057 5630 4).
1091 5559 1160 5614 Ut
1185 5566 1358 5612 autem
1396 5557 1538 5610 ilhun
1570 5554 1840 5621 improbus
1870 5555 2075 5609 daemon
2105 5556 2238 5610 vidit

659 5664 810 5710 tanta
835 5654 909 5708 rei
942 5652 1253 5707 necessitate
1282 5663 1384 5701 non
1412 5646 1599 5714 frangi,
1622 5645 1916 5714 graviorem
1945 5647 2235 5701 cruciatum

659 5743 891 5804 reddidit
923 5761 933 5797 :
964 5742 1161 5799 ctenim
1205 5741 1428 5810 sumptis
1459 5737 1795 5808 idolothytis,
1829 5737 2008 5806 eisque
2051 5753 2232 5793 mensa

1326 350 1383 405 S.
1425 340 1711 406 JOANNIS
1745 341 2232 404 CHRYSOSTOMI
2280 340 2599 398 ARCHIEP.
2641 338 3187 396 CONSTANTINCP.

3798 331 3898 389 523

2332 449 2523 503 referta
2545 490 2560 515 ,
2589 456 2711 504 ante
2734 457 3078 517 conspectum
3109 463 3228 517 ejus
3253 445 3504 502 collocari
3533 462 3650 503 eam
3680 448 3907 514 curavit,

2330 550 2384 592 ut
2417 538 2642 594 facultas
2674 537 2850 592 utendi
2879 538 3042 591 animi
3071 538 3234 591 robur
3258 537 3586 606 infringeret.
3619 535 3738 592 Non
3764 538 3909 592 enim

2330 629 2464 683 adeo
2491 612 2687 683 irreiiri
2715 628 2950 683 solemus
2977 642 3099 682 cum
3129 641 3218 682 res
3247 643 3326 682 exe
3345 668 3359 692 ,
3394 627 3586 697 quibus
3623 626 3906 692 aliieimur,

2330 737 2436 775 non
2473 728 2766 790 apparent,
2799 735 2862 774 ac
2885 734 3006 773 cum
3036 720 3206 774 oculis
3243 719 3627 782 obversantur;
3671 717 3911 789 quando-

2329 811 2541 880 quidem
2565 821 2621 864 et
2645 811 2922 865 mulierum
2948 809 3289 879 cupiditatem
3317 810 3520 865 facilius
3544 808 3663 879 quis
3687 823 3907 877 supera-

2331 904 2497 966 verit,
2526 903 2651 956 dum
2681 902 2957 957 mulierem
3003 901 3288 956 formosam
3333 916 3438 954 non
3469 899 3649 964 videt,
3680 913 3839 968 quam
3865 898 3912 952 si

2328 1008 2472 1063 Stl'pe
2500 994 2680 1048 oculos
2722 993 2772 1047 in
2801 1009 2917 1047 eam
2962 992 3222 1047 intendat.
3253 991 3626 1064 Verumtamen
3652 989 3752 1044 has
3777 1005 3909 1054 quo-

2328 1098 2431 1152 que
2457 1083 2676 1138 insidias
2716 1085 2890 1152 jusms
2915 1083 3042 1136 vicit
3068 1123 3082 1147 ,
3126 1081 3374 1150 quodque
3403 1080 3764 1134 fortitudinem
3795 1080 3913 1148 ejus

2328 1174 2571 1229 diabolus
2618 1174 2964 1228 iufracturum
3013 1165 3267 1244 putabat,
3316 1172 3419 1227 hoc
3458 1186 3579 1227 eum
3633 1171 3801 1239 magis
3844 1169 3913 1224 ad

2329 1265 2620 1318 certamina
2651 1265 3018 1319 corroboravit
3045 1273 3099 1317 et
3141 1265 3389 1317 instruxit
3428 1279 3576 1316 :non
3615 1265 3755 1317 enim
3797 1271 3915 1315 tan-

2331 1363 2440 1408 tum
2482 1354 2610 1408 nihil
2642 1355 2710 1408 ab
2754 1354 3167 1426 idolothytorum
3198 1363 3414 1422 aspectu
3462 1353 3784 1415 izedebatur,
3817 1352 3914 1408 sed

2330 1461 2391 1499 ea
2421 1433 2586 1514 magis
2624 1445 2823 1498 idcirco
2852 1444 3236 1499 adversabatur
3277 1455 3330 1504 et
3370 1443 3575 1498 oderat.
3625 1443 3688 1498 Et
3721 1458 3913 1513 quem-

2330 1536 2617 1590 admodum
2639 1551 2760 1604 erga
2790 1536 3030 1590 inimicos
3051 1535 3330 1600 afficimur,
3353 1550 3486 1605 quos
3506 1536 3628 1605 quia
3649 1535 3911 1602 videmus,

2333 1635 2479 1679 tanto
2522 1641 2616 1680 eos
2661 1626 2785 1679 odio
2830 1626 3018 1695 majori
3066 1627 3437 1695 prosequimur
3462 1636 3516 1680 et
3553 1640 3911 1680 aversamur:

2331 1719 2406 1772 sic
2436 1727 2491 1772 et
2517 1719 2606 1772 ille
2634 1726 2759 1796 tunc
2783 1733 2905 1788 erga
2949 1720 3212 1787 impuram
3243 1718 3385 1772 illam
3418 1719 3684 1771 victimam
3717 1717 3918 1773 afficie-

2332 1813 2523 1873 batur;
2571 1825 2637 1864 eo
2687 1811 2854 1878 magis
2897 1810 3262 1864 detestabatur
3306 1825 3368 1864 ac
3407 1795 3729 1880 refugiebat,
3771 1810 3915 1879 quod

2331 1900 2579 1964 videbat,
2631 1908 2684 1952 et
2734 1899 3096 1968 appositorum
3150 1900 3389 1953 ciborum
3447 1908 3692 1969 aspectus
3741 1885 3915 1968 majus

2331 1991 2508 2044 odium
2539 1991 2588 2043 in
2632 2005 2698 2045 eo
2727 2001 2886 2059 atque
2926 1991 3314 2044 aversationem
3347 1992 3606 2045 excitabat
3641 1991 3916 2062 :dumqne

2331 2084 2474 2136 intus
2499 2098 2687 2152 magna
2720 2083 2868 2136 illum
2901 2097 3031 2136 voce
3055 2082 3363 2136 sollicitaret
3389 2081 3576 2148 fames,
3599 2093 3653 2136 et
3672 2085 3914 2152 apposita

2331 2174 2609 2243 degustare
2643 2174 2885 2243 juberet,
2919 2184 3030 2228 tum
3060 2175 3150 2228 Dei
3193 2175 3351 2227 timor
3378 2174 3497 2242 ejus
3527 2190 3713 2227 manus
3737 2176 3914 2244 rcpri-

2332 2265 2530 2330 mebat,
2559 2275 2614 2320 et
2641 2276 2698 2320 ut
2728 2267 2893 2335 ipsius
2924 2276 3127 2320 natura:
3150 2266 3581 2331 oblivisceretur,
3610 2266 3911 2333 efficiebat;

2330 2355 2562 2426 dumque
2601 2357 2856 2425 pollutam
2887 2366 2942 2411 et
2981 2358 3358 2412 exsecrandum
3392 2373 3629 2412 mensam
3677 2359 3914 2414 intuere-

2332 2457 2416 2500 tur
2435 2489 2449 2514 ,
2479 2449 2697 2503 alterius
2726 2464 2923 2502 mensa:
2954 2449 3243 2503 tremenda:
3271 2465 3334 2502 ac
3362 2450 3562 2520 Spiritu
3592 2450 3811 2519 repleta:
3836 2450 3914 2521 (a)

2331 2539 2749 2608 recordabatur‘,
2802 2541 3042 2611 adeoque
3089 2540 3554 2604 inflammabatur,
3608 2552 3664 2594 ut
3711 2542 3915 2611 qurevis

2331 2633 2595 2686 sustinere
2619 2647 2680 2686 ac
2702 2631 2808 2700 pati
2836 2639 3095 2686 statueret
3124 2633 3316 2701 potius,
3341 2647 3500 2702 quam
3532 2632 3767 2701 impuros
3793 2632 3914 2685 illos

2331 2723 2479 2777 cibos
2503 2722 2806 2792 degustare.
2843 2721 3241 2776 Recordabatur
3266 2731 3320 2776 et
3353 2722 3494 2776 illius
3525 2722 3679 2776 trium
3721 2737 3915 2791 puero-

2331 2829 2448 2868 rum
2479 2829 2676 2867 mensa?
2703 2811 2865 2884 (Dan.
2893 2813 2944 2866 l.
2969 2812 3068 2882 8),
3099 2813 3188 2881 qui
3219 2813 3443 2880 juvenes
3471 2813 3632 2882 capti,
3663 2813 3917 2881 omnique

2330 2905 2626 2974 patrocinio
2646 2905 2908 2968 destituti,
2932 2904 2987 2957 in
3014 2913 3152 2958 terra
3179 2905 3347 2958 aliena
3368 2918 3433 2958 ac
3453 2905 3676 2959 barbara
3696 2905 3916 2974 regione

2331 3005 2532 3049 tantam
2572 2995 2959 3064 philosophiam
2991 2994 3373 3059 ostenderunt,
3406 3003 3460 3048 ut
3486 2995 3550 3047 ad
3583 2995 3723 3049 hunc
3748 3009 3917 3063 usque

2332 3088 2476 3142 diem
2506 3089 2739 3157 ipsorum
2768 3087 3022 3141 fortitudo
3049 3087 3374 3142 celebretur.
3404 3088 3480 3140 Ac
3504 3087 3672 3142 Judaei
3699 3087 3915 3158 quidem

2333 3179 2458 3233 dum
2490 3195 2640 3233 suam
2663 3179 2822 3233 etiam
2848 3181 3122 3248 regionem
3147 3180 3467 3246 obtinerent,
3495 3181 3639 3249 impii
3668 3182 3720 3235 in
3749 3180 3915 3236 Deum

2332 3270 2580 3335 fuerunt,
2608 3279 2661 3323 et
2689 3272 2813 3323 dum
2847 3270 2897 3324 iu
2930 3270 3129 3338 templo
3157 3279 3502 3325 versarentur
3521 3312 3537 3337 ,
3571 3272 3706 3326 idola
3736 3273 3918 3326 colae-

2333 3369 2456 3415 runt
2485 3377 2498 3411 :
2526 3368 2581 3412 at
2609 3359 2681 3413 illi
2708 3359 2930 3429 juvenes
2971 3360 3020 3414 in
3050 3360 3376 3415 barbaricam
3411 3373 3605 3416 terram
3651 3363 3916 3429 translati,

2336 3451 2421 3504 ubi
2451 3451 2587 3504 idola
2630 3451 2910 3520 omnisque
2953 3452 3235 3519 impietatis
3261 3453 3571 3507 occasiones
3608 3466 3795 3518 erant,
3825 3469 3920 3524 pa-

2337 3551 2516 3595 ternos
2560 3542 2697 3608 ritus
2736 3550 2995 3611 perpetuo
3035 3543 3386 3596 retinuerunt.
3432 3542 3484 3596 Si
3528 3559 3657 3612 ergo
3698 3535 3956 3613 captivi,"

2334 3632 2505 3695 servi,
2534 3647 2596 3685 ac
2629 3632 2861 3700 juvenes
2883 3642 3006 3686 ante
3037 3633 3206 3700 legem
3235 3634 3418 3703 gratia:
3450 3643 3649 3687 tantam
3679 3636 3920 3702 philoso-

2335 3723 2512 3791 phiam
2539 3739 2649 3793 pra:
2675 3739 2733 3777 se
2762 3723 3012 3788 tulerunt,
3044 3725 3244 3793 inquit,
3275 3741 3373 3792 qua
3406 3724 3617 3778 tandem
3646 3741 3744 3779 nos
3765 3727 3919 3781 venia

2335 3814 2480 3882 digni
2511 3814 2746 3879 erimus,
2797 3814 2842 3867 si
2874 3829 2940 3868 ne
2985 3813 3052 3867 ad
3096 3815 3337 3868 eamdem
3382 3816 3595 3885 quidem
3641 3826 3798 3885 atque
3844 3816 3921 3872 illi

2338 3905 2585 3958 virtutem
2617 3905 2900 3972 pervenire
2928 3905 3240 3960 valeamus?

2408 3997 2460 4051 5.
2515 3997 2640 4051 Haec
2681 3997 2857 4065 itaque
2903 4012 3082 4050 secum
3127 4009 3378 4067 reputans
3419 3999 3613 4054 diaboli
3661 4000 3918 4054 malitiam

2339 4087 2607 4150 irridebat,
2638 4087 2981 4142 calliditatem
3014 4091 3418 4155 contemnebat;
3439 4078 3624 4160 neque
3656 4091 3726 4145 ad
3762 4092 3919 4162 quid-

2337 4195 2494 4249 quam
2523 4195 2740 4244 eorum,
2783 4195 2901 4250 qua:
2946 4191 3223 4243 cerneret,
3267 4180 3592 4236 flectebatur.
3631 4183 3918 4253 Postquam

2338 4280 2513 4322 autem
2542 4284 2599 4324 se
2627 4269 2754 4322 nihil
2789 4269 3046 4338 proﬁCere
3074 4271 3365 4324 sceleratus
3395 4273 3482 4324 ille
3508 4271 3664 4337 vidit,
3713 4274 3777 4326 ad
3821 4275 3909 4327 tri-

2342 4358 2501 4414 bunal
2529 4373 2651 4413 eum
2680 4375 2864 4414 rursus
2891 4359 3136 4424 deducit,
3167 4371 3220 4414 et
3249 4363 3526 4415 tormentis
3554 4351 3919 4419 admotis-fre-

2339 4460 2564 4518 quenter
2611 4451 2972 4519 interrogabat
3013 4469 3027 4504 :
3062 4453 3150 4506 ille
3199 4469 3328 4507 vero
3378 4454 3442 4506 ad
3494 4470 3921 4526 unamquamque

2340 4542 2808 4612 interrogationem
2872 4555 3072 4597 tantum
3145 4545 3537 4614 reSpoudebat,
3590 4547 3921 4604 Christianus

2340 4648 2491 4700 sum,
2541 4624 2850 4689 ac'dicente
2895 4645 3116 4699 tortore,
3157 4637 3393 4704 Quanam
3437 4653 3503 4692 ex
3549 4640 3716 4708 patria
3770 4653 3922 4695 ortus

2339 4726 2434 4779 es?
2479 4725 2812 4781 Christianus
2862 4744 3014 4793 sum,
3063 4731 3172 4793 ait;
3202 4729 3370 4796 Quam
3415 4742 3582 4786 artem
3614 4732 3922 4803 proﬁteris?

2340 4816 2674 4871 Christianus
2717 4833 2870 4883 sum;
2901 4821 3104 4886 Quibus
3145 4823 3453 4889 parentibus
3495 4833 3650 4878 natus
3691 4824 3792 4879 es?
3835 4824 3936 4878 ille.

2341 4921 2467 4959 vero
2491 4906 2557 4960 ad
2586 4909 2760 4960 omnia
2790 4909 3016 4972 dicebat,
3043 4908 3373 4964 Christianus
3402 4925 3518 4964 sum
3549 4930 3561 4964 :
3596 4913 3695 4966 hoc
3719 4929 3825 4965 uno
3861 4927 3922 4967 ac

2342 4997 2567 5064 simplici
2598 4998 2760 5051 verbo
2790 4998 2988 5052 diaboli
3020 5009 3180 5067 caput
3209 5003 3541 5068 percutiens,
3566 5013 3618 5056 et
3645 5003 3717 5055 illi
3745 5006 3924 5058 conti-

2349 5102 2450 5139 uua
2480 5086 2684 5154 sibique
2704 5088 3040 5141 succedentia
3068 5090 3283 5143 vulnera
3314 5091 3922 5162 inﬂigeus.Quamquam

2343 5177 2432 5231 ille
2477 5179 2689 5247 quidem
2739 5181 2975 5234 externis
3021 5181 3253 5236 imbutus
3297 5182 3468 5236 fuerat
3509 5183 3822 5252 disciplinis,
3872 5197 3925 5241 at

2351 5269 2511 5338 probe
2554 5282 2774 5325 noverat
2825 5272 2876 5324 iu
2922 5273 3179 5339 ejusmodi
3226 5277 3606 5331 certaminibus
3652 5293 3758 5332 non
3806 5264 3927 5335 esse

2352 5375 2483 5429 opus
2510 5362 2829 5430 eloquentia,
2856 5362 2949 5415 sed
2981 5362 3110 5430 fide;
3150 5381 3253 5419 non
3282 5365 3490 5420 dicendi
3525 5367 3767 5422 facultate
3788 5409 3802 5432 ,
3833 5372 3927 5423 scd

2345 5454 2516 5507 anima
2542 5455 2632 5508 Dei
2661 5470 2843 5509 amore
2873 5471 3145 5511 succensa.
3177 5458 3369 5513 Unum.
3401 5460 3587 5529 inquit,
3619 5461 3838 5515 verbum
3863 5465 3927 5517 ad

2344 5559 2557 5598 omnem
2585 5545 2778 5600 diaboli
2810 5557 3032 5601 turmam
3063 5550 3114 5602 in
3157 5549 3331 5619 fugam
3363 5551 3666 5605 vertendam
3710 5553 3928 5608 suliicit.

2348 5638 2424 5692 Ac
2452 5638 2662 5692 videtur
2686 5640 2898 5709 quidem
2931 5643 3015 5706 iis,
3046 5644 3136 5711 qui
3170 5660 3280 5698 rem
3310 5656 3556 5700 accurate
3585 5659 3692 5700 non
3719 5647 3921 5701 exami-

2412 5750 2485 5811 (α)
2518 5759 2706 5801 Sacrum
2726 5752 3029 5816 intelligebat
3051 5755 3220 5806 uitare.
