  <div class='ocr_page' id='page_1' title='image "/cluster/home/n/w/nwhite01/storage/ocr_20150623/50/pst.000005712496/122.png"; bbox 0 0 4220 6300; ppageno 0'>
   <div class='ocr_carea' id='block_1_1' title="bbox 217 349 311 406">
    <p class='ocr_par' dir='ltr' id='par_1_1' title="bbox 217 349 311 406">
     <span class='ocr_line' id='line_1_1' title="bbox 217 349 311 406; baseline 0 0"><span class='ocrx_word' id='word_1_1' title='bbox 217 349 311 406; x_wconf 69' lang='lat'><strong>5‘15</strong></span> 
     </span>
    </p>
   </div>
   <div class='ocr_carea' id='block_1_2' title="bbox 219 454 1808 525">
    <p class='ocr_par' dir='ltr' id='par_1_2' title="bbox 219 454 1808 525">
     <span class='ocr_line' id='line_1_2' title="bbox 219 454 1808 525; baseline -0.005 -9"><span class='ocrx_word' id='word_1_2' title='bbox 219 473 362 525; x_wconf 83' lang='lat' dir='ltr'><strong>nant,</strong></span> <span class='ocrx_word' id='word_1_3' title='bbox 391 462 568 516; x_wconf 88' lang='lat' dir='ltr'><strong>minus</strong></span> <span class='ocrx_word' id='word_1_4' title='bbox 591 473 921 516; x_wconf 77' lang='lat' dir='ltr'><strong>conveniens</strong></span> <span class='ocrx_word' id='word_1_5' title='bbox 949 473 1067 513; x_wconf 86' lang='lat' dir='ltr'><strong>esse</strong></span> <span class='ocrx_word' id='word_1_6' title='bbox 1099 455 1410 525; x_wconf 79' lang='lat' dir='ltr'><strong>responsio;</strong></span> <span class='ocrx_word' id='word_1_7' title='bbox 1457 455 1551 508; x_wconf 88' lang='lat' dir='ltr'><strong>sed</strong></span> <span class='ocrx_word' id='word_1_8' title='bbox 1593 454 1636 507; x_wconf 83' lang='lat' dir='ltr'><strong>si</strong></span> <span class='ocrx_word' id='word_1_9' title='bbox 1687 455 1808 522; x_wconf 83' lang='lat' dir='ltr'><strong>quis</strong></span> 
     </span>
    </p>
   </div>
   <div class='ocr_carea' id='block_1_3' title="bbox 214 545 1808 615">
    <p class='ocr_par' dir='ltr' id='par_1_3' title="bbox 214 545 1808 615">
     <span class='ocr_line' id='line_1_3' title="bbox 214 545 1808 615; baseline -0.008 -7"><span class='ocrx_word' id='word_1_10' title='bbox 214 555 467 610; x_wconf 85' lang='lat' dir='ltr'><strong>attentius</strong></span> <span class='ocrx_word' id='word_1_11' title='bbox 492 569 612 607; x_wconf 88' lang='lat' dir='ltr'><strong>eam</strong></span> <span class='ocrx_word' id='word_1_12' title='bbox 641 552 966 615; x_wconf 89' lang='lat' dir='ltr'><strong>consideret,</strong></span> <span class='ocrx_word' id='word_1_13' title='bbox 995 565 1061 603; x_wconf 80' lang='lat' dir='ltr'><strong>ex</strong></span> <span class='ocrx_word' id='word_1_14' title='bbox 1101 547 1200 601; x_wconf 83' lang='lat' dir='ltr'><strong>hac</strong></span> <span class='ocrx_word' id='word_1_15' title='bbox 1240 560 1452 615; x_wconf 90' lang='lat' dir='ltr'><strong>quoque</strong></span> <span class='ocrx_word' id='word_1_16' title='bbox 1490 545 1808 614; x_wconf 75' lang='lat' dir='ltr'><strong>sapientiam</strong></span> 
     </span>
    </p>
   </div>
   <div class='ocr_carea' id='block_1_4' title="bbox 213 634 1806 716">
    <p class='ocr_par' dir='ltr' id='par_1_4' title="bbox 213 634 1806 716">
     <span class='ocr_line' id='line_1_4' title="bbox 213 634 1806 716; baseline -0.008 -17"><span class='ocrx_word' id='word_1_17' title='bbox 213 644 468 716; x_wconf 75' lang='lat' dir='ltr'><strong>martyris</strong></span> <span class='ocrx_word' id='word_1_18' title='bbox 494 641 910 697; x_wconf 84' lang='lat' dir='ltr'><strong>animadvertet.</strong></span> <span class='ocrx_word' id='word_1_19' title='bbox 939 638 1042 707; x_wconf 86' lang='lat' dir='ltr'><strong>Qui</strong></span> <span class='ocrx_word' id='word_1_20' title='bbox 1069 638 1211 692; x_wconf 86' lang='lat' dir='ltr'><strong>enim</strong></span> <span class='ocrx_word' id='word_1_21' title='bbox 1234 678 1248 700; x_wconf 92' lang='lat'><strong>,</strong></span> <span class='ocrx_word' id='word_1_22' title='bbox 1277 634 1611 689; x_wconf 77' lang='lat' dir='ltr'><strong>Christianus</strong></span> <span class='ocrx_word' id='word_1_23' title='bbox 1649 650 1765 688; x_wconf 90' lang='lat' dir='ltr'><strong>sum</strong></span> <span class='ocrx_word' id='word_1_24' title='bbox 1790 673 1806 699; x_wconf 93' lang='lat'><strong>,</strong></span> 
     </span>
    </p>
   </div>
   <div class='ocr_carea' id='block_1_5' title="bbox 208 723 1812 802">
    <p class='ocr_par' dir='ltr' id='par_1_5' title="bbox 208 723 1812 802">
     <span class='ocr_line' id='line_1_5' title="bbox 208 723 1812 802; baseline -0.009 -12"><span class='ocrx_word' id='word_1_25' title='bbox 208 736 380 800; x_wconf 77' lang='lat' dir='ltr'><strong>dixit,</strong></span> <span class='ocrx_word' id='word_1_26' title='bbox 408 743 462 788; x_wconf 92' lang='lat' dir='ltr'><strong>et</strong></span> <span class='ocrx_word' id='word_1_27' title='bbox 493 734 716 802; x_wconf 88' lang='lat' dir='ltr'><strong>patriam</strong></span> <span class='ocrx_word' id='word_1_28' title='bbox 765 741 819 786; x_wconf 90' lang='lat' dir='ltr'><strong>et</strong></span> <span class='ocrx_word' id='word_1_29' title='bbox 861 745 1027 800; x_wconf 86' lang='lat' dir='ltr'><strong>genus</strong></span> <span class='ocrx_word' id='word_1_30' title='bbox 1067 738 1124 784; x_wconf 87' lang='lat' dir='ltr'><strong>et</strong></span> <span class='ocrx_word' id='word_1_31' title='bbox 1163 727 1293 783; x_wconf 89' lang='lat' dir='ltr'><strong>artis</strong></span> <span class='ocrx_word' id='word_1_32' title='bbox 1330 723 1714 795; x_wconf 83' lang='lat' dir='ltr'><strong>professionem</strong></span> <span class='ocrx_word' id='word_1_33' title='bbox 1756 732 1812 777; x_wconf 88' lang='lat' dir='ltr'><strong>et</strong></span> 
     </span>
    </p>
   </div>
   <div class='ocr_carea' id='block_1_6' title="bbox 208 816 1806 889">
    <p class='ocr_par' dir='ltr' id='par_1_6' title="bbox 208 816 1806 889">
     <span class='ocr_line' id='line_1_6' title="bbox 208 816 1806 889; baseline -0.005 -13"><span class='ocrx_word' id='word_1_34' title='bbox 208 823 391 878; x_wconf 80' lang='lat' dir='ltr'><strong>omnia</strong></span> <span class='ocrx_word' id='word_1_35' title='bbox 438 823 750 879; x_wconf 79' lang='lat' dir='ltr'><strong>declaravit.</strong></span> <span class='ocrx_word' id='word_1_36' title='bbox 797 823 914 889; x_wconf 83' lang='lat' dir='ltr'><strong>Quo</strong></span> <span class='ocrx_word' id='word_1_37' title='bbox 955 819 1169 874; x_wconf 86' lang='lat' dir='ltr'><strong>tandem</strong></span> <span class='ocrx_word' id='word_1_38' title='bbox 1219 817 1408 887; x_wconf 83' lang='lat' dir='ltr'><strong>pacto?</strong></span> <span class='ocrx_word' id='word_1_39' title='bbox 1454 816 1567 886; x_wconf 79' lang='lat' dir='ltr'><strong>Ego</strong></span> <span class='ocrx_word' id='word_1_40' title='bbox 1611 816 1806 870; x_wconf 86' lang='lat' dir='ltr'><strong>dicam.</strong></span> 
     </span>
    </p>
   </div>
   <div class='ocr_carea' id='block_1_7' title="bbox 205 906 1808 974">
    <p class='ocr_par' dir='ltr' id='par_1_7' title="bbox 205 906 1808 974">
     <span class='ocr_line' id='line_1_7' title="bbox 205 906 1808 974; baseline -0.007 -4"><span class='ocrx_word' id='word_1_41' title='bbox 205 914 551 969; x_wconf 76' lang='lat' dir='ltr'><strong>Christianus</strong></span> <span class='ocrx_word' id='word_1_42' title='bbox 577 913 762 968; x_wconf 81' lang='lat' dir='ltr'><strong>urbem</strong></span> <span class='ocrx_word' id='word_1_43' title='bbox 793 913 844 966; x_wconf 89' lang='lat' dir='ltr'><strong>in</strong></span> <span class='ocrx_word' id='word_1_44' title='bbox 880 921 1022 966; x_wconf 85' lang='lat' dir='ltr'><strong>terra</strong></span> <span class='ocrx_word' id='word_1_45' title='bbox 1054 923 1162 964; x_wconf 92' lang='lat' dir='ltr'><strong>non</strong></span> <span class='ocrx_word' id='word_1_46' title='bbox 1195 908 1376 974; x_wconf 83' lang='lat' dir='ltr'><strong>habet,</strong></span> <span class='ocrx_word' id='word_1_47' title='bbox 1399 908 1492 961; x_wconf 88' lang='lat' dir='ltr'><strong>sed</strong></span> <span class='ocrx_word' id='word_1_48' title='bbox 1513 906 1808 961; x_wconf 80' lang='lat' dir='ltr'><strong>Jerusalem</strong></span> 
     </span>
    </p>
   </div>
   <div class='ocr_carea' id='block_1_8' title="bbox 203 996 1814 1075">
    <p class='ocr_par' dir='ltr' id='par_1_8' title="bbox 203 996 1814 1075">
     <span class='ocr_line' id='line_1_8' title="bbox 203 996 1814 1075; baseline -0.007 -14"><span class='ocrx_word' id='word_1_49' title='bbox 203 1022 324 1075; x_wconf 71' lang='lat' dir='ltr'><strong>qute</strong></span> <span class='ocrx_word' id='word_1_50' title='bbox 348 1021 567 1060; x_wconf 85' lang='lat' dir='ltr'><strong>sursum</strong></span> <span class='ocrx_word' id='word_1_51' title='bbox 597 1015 698 1060; x_wconf 85' lang='lat' dir='ltr'><strong>est.</strong></span> <span class='ocrx_word' id='word_1_52' title='bbox 727 1002 834 1058; x_wconf 84' lang='lat' dir='ltr'><strong>Illa</strong></span> <span class='ocrx_word' id='word_1_53' title='bbox 861 1004 1020 1066; x_wconf 83' lang='lat' dir='ltr'><strong>enim,</strong></span> <span class='ocrx_word' id='word_1_54' title='bbox 1052 1002 1241 1071; x_wconf 83' lang='lat' dir='ltr'><strong>inquit,</strong></span> <span class='ocrx_word' id='word_1_55' title='bbox 1264 1013 1600 1071; x_wconf 71' lang='lat' dir='ltr'><strong>quat&#39;sursum</strong></span> <span class='ocrx_word' id='word_1_56' title='bbox 1621 1009 1692 1052; x_wconf 80' lang='lat' dir='ltr'><strong>est</strong></span> <span class='ocrx_word' id='word_1_57' title='bbox 1718 996 1814 1050; x_wconf 79' lang='lat' dir='ltr'><strong>Je-</strong></span> 
     </span>
    </p>
   </div>
   <div class='ocr_carea' id='block_1_9' title="bbox 203 1085 1805 1161">
    <p class='ocr_par' dir='ltr' id='par_1_9' title="bbox 203 1085 1805 1161">
     <span class='ocr_line' id='line_1_9' title="bbox 203 1085 1805 1161; baseline -0.004 -15"><span class='ocrx_word' id='word_1_58' title='bbox 203 1097 452 1161; x_wconf 74' lang='lat' dir='ltr'><strong>rusalem,</strong></span> <span class='ocrx_word' id='word_1_59' title='bbox 489 1093 644 1147; x_wconf 70' lang='lat' dir='ltr'><strong>libera</strong></span> <span class='ocrx_word' id='word_1_60' title='bbox 670 1103 744 1147; x_wconf 75' lang='lat' dir='ltr'><strong>est</strong></span> <span class='ocrx_word' id='word_1_61' title='bbox 773 1107 792 1146; x_wconf 90' lang='lat'><strong><em>:</em></strong></span> <span class='ocrx_word' id='word_1_62' title='bbox 816 1107 928 1160; x_wconf 69' lang='lat' dir='ltr'><strong>qua</strong></span> <span class='ocrx_word' id='word_1_63' title='bbox 955 1101 1026 1145; x_wconf 81' lang='lat' dir='ltr'><strong>est</strong></span> <span class='ocrx_word' id='word_1_64' title='bbox 1054 1100 1214 1144; x_wconf 83' lang='lat' dir='ltr'><strong>mater</strong></span> <span class='ocrx_word' id='word_1_65' title='bbox 1242 1100 1417 1157; x_wconf 71' lang='lat' dir='ltr'><strong>nostra</strong></span> <span class='ocrx_word' id='word_1_66' title='bbox 1443 1085 1586 1156; x_wconf 80' lang='lat' dir='ltr'><strong>(Gal.</strong></span> <span class='ocrx_word' id='word_1_67' title='bbox 1607 1088 1662 1142; x_wconf 65' lang='grc' dir='ltr'><strong>Δ.</strong></span> <span class='ocrx_word' id='word_1_68' title='bbox 1685 1087 1805 1155; x_wconf 77' lang='lat'><strong>26).</strong></span> 
     </span>
    </p>
   </div>
   <div class='ocr_carea' id='block_1_10' title="bbox 205 1177 1810 1248">
    <p class='ocr_par' dir='ltr' id='par_1_10' title="bbox 205 1177 1810 1248">
     <span class='ocr_line' id='line_1_10' title="bbox 205 1177 1810 1248; baseline -0.003 -12"><span class='ocrx_word' id='word_1_69' title='bbox 205 1181 524 1238; x_wconf 85' lang='lat' dir='ltr'><strong>Christiano</strong></span> <span class='ocrx_word' id='word_1_70' title='bbox 552 1191 764 1238; x_wconf 87' lang='lat' dir='ltr'><strong>terrena</strong></span> <span class='ocrx_word' id='word_1_71' title='bbox 795 1182 936 1237; x_wconf 90' lang='lat' dir='ltr'><strong>nulla</strong></span> <span class='ocrx_word' id='word_1_72' title='bbox 971 1189 1054 1236; x_wconf 89' lang='lat' dir='ltr'><strong>est</strong></span> <span class='ocrx_word' id='word_1_73' title='bbox 1099 1181 1232 1235; x_wconf 87' lang='lat' dir='ltr'><strong>artis</strong></span> <span class='ocrx_word' id='word_1_74' title='bbox 1270 1178 1563 1248; x_wconf 79' lang='lat' dir='ltr'><strong>professio,</strong></span> <span class='ocrx_word' id='word_1_75' title='bbox 1604 1178 1698 1232; x_wconf 86' lang='lat' dir='ltr'><strong>sed</strong></span> <span class='ocrx_word' id='word_1_76' title='bbox 1741 1177 1810 1231; x_wconf 87' lang='lat' dir='ltr'><strong>ad</strong></span> 
     </span>
    </p>
   </div>
   <div class='ocr_carea' id='block_1_11' title="bbox 185 1268 1808 1344">
    <p class='ocr_par' dir='ltr' id='par_1_11' title="bbox 185 1268 1808 1344">
     <span class='ocr_line' id='line_1_11' title="bbox 185 1268 1808 1344; baseline -0.006 -16"><span class='ocrx_word' id='word_1_77' title='bbox 185 1289 499 1344; x_wconf 75' lang='lat' dir='ltr'><strong>.sttpematlt</strong></span> <span class='ocrx_word' id='word_1_78' title='bbox 529 1272 992 1328; x_wconf 84' lang='lat' dir='ltr'><strong>conversationem</strong></span> <span class='ocrx_word' id='word_1_79' title='bbox 1020 1273 1143 1325; x_wconf 81' lang='lat' dir='ltr'><strong>vitae</strong></span> <span class='ocrx_word' id='word_1_80' title='bbox 1172 1271 1420 1339; x_wconf 86' lang='lat' dir='ltr'><strong>pertinet.</strong></span> <span class='ocrx_word' id='word_1_81' title='bbox 1442 1268 1632 1322; x_wconf 71' lang='lat' dir='ltr'><strong>Nostra</strong></span> <span class='ocrx_word' id='word_1_82' title='bbox 1655 1269 1808 1334; x_wconf 80' lang='lat' dir='ltr'><strong>enim,</strong></span> 
     </span>
    </p>
   </div>
   <div class='ocr_carea' id='block_1_12' title="bbox 201 1359 1811 1434">
    <p class='ocr_par' dir='ltr' id='par_1_12' title="bbox 201 1359 1811 1434">
     <span class='ocr_line' id='line_1_12' title="bbox 201 1359 1811 1434; baseline -0.002 -16"><span class='ocrx_word' id='word_1_83' title='bbox 201 1365 397 1433; x_wconf 84' lang='lat' dir='ltr'><strong>inquit,</strong></span> <span class='ocrx_word' id='word_1_84' title='bbox 419 1367 728 1419; x_wconf 72' lang='lat' dir='ltr'><strong>conversatio</strong></span> <span class='ocrx_word' id='word_1_85' title='bbox 749 1365 802 1416; x_wconf 76' lang='lat' dir='ltr'><strong>in</strong></span> <span class='ocrx_word' id='word_1_86' title='bbox 826 1364 964 1431; x_wconf 68' lang='lat' dir='ltr'><strong>cali:</strong></span> <span class='ocrx_word' id='word_1_87' title='bbox 978 1374 1051 1416; x_wconf 85' lang='lat' dir='ltr'><strong>est</strong></span> <span class='ocrx_word' id='word_1_88' title='bbox 1071 1359 1327 1434; x_wconf 80' lang='lat' dir='ltr'><strong>(Philipp.</strong></span> <span class='ocrx_word' id='word_1_89' title='bbox 1345 1362 1399 1416; x_wconf 77' lang='grc'><strong>5.</strong></span> <span class='ocrx_word' id='word_1_90' title='bbox 1416 1361 1530 1432; x_wconf 69' lang='lat'><strong>20).</strong></span> <span class='ocrx_word' id='word_1_91' title='bbox 1552 1361 1811 1416; x_wconf 79' lang='lat' dir='ltr'><strong>Christia-</strong></span> 
     </span>
    </p>
   </div>
   <div class='ocr_carea' id='block_1_13' title="bbox 201 1451 1809 1526">
    <p class='ocr_par' dir='ltr' id='par_1_13' title="bbox 201 1451 1809 1526">
     <span class='ocr_line' id='line_1_13' title="bbox 201 1451 1809 1526; baseline -0.002 -17"><span class='ocrx_word' id='word_1_92' title='bbox 201 1471 304 1510; x_wconf 87' lang='lat' dir='ltr'><strong>nus</strong></span> <span class='ocrx_word' id='word_1_93' title='bbox 343 1465 610 1526; x_wconf 87' lang='lat' dir='ltr'><strong>cognatos</strong></span> <span class='ocrx_word' id='word_1_94' title='bbox 641 1455 800 1511; x_wconf 84' lang='lat' dir='ltr'><strong>habet</strong></span> <span class='ocrx_word' id='word_1_95' title='bbox 836 1462 1053 1508; x_wconf 78' lang='lat' dir='ltr'><strong>sanctos</strong></span> <span class='ocrx_word' id='word_1_96' title='bbox 1091 1468 1278 1507; x_wconf 89' lang='lat' dir='ltr'><strong>omnes</strong></span> <span class='ocrx_word' id='word_1_97' title='bbox 1307 1467 1369 1506; x_wconf 88' lang='lat' dir='ltr'><strong>ac</strong></span> <span class='ocrx_word' id='word_1_98' title='bbox 1395 1452 1537 1506; x_wconf 83' lang='lat' dir='ltr'><strong>cives</strong></span> <span class='ocrx_word' id='word_1_99' title='bbox 1571 1471 1582 1505; x_wconf 95' lang='lat'><strong>:</strong></span> <span class='ocrx_word' id='word_1_100' title='bbox 1617 1451 1809 1506; x_wconf 76' lang='lat' dir='ltr'><strong>Sumus</strong></span> 
     </span>
    </p>
   </div>
   <div class='ocr_carea' id='block_1_14' title="bbox 199 1541 1804 1615">
    <p class='ocr_par' dir='ltr' id='par_1_14' title="bbox 199 1541 1804 1615">
     <span class='ocr_line' id='line_1_14' title="bbox 199 1541 1804 1615; baseline -0.002 -15"><span class='ocrx_word' id='word_1_101' title='bbox 199 1547 360 1608; x_wconf 74' lang='lat' dir='ltr'><strong>enim,</strong></span> <span class='ocrx_word' id='word_1_102' title='bbox 393 1546 585 1615; x_wconf 84' lang='lat' dir='ltr'><strong>inquit,</strong></span> <span class='ocrx_word' id='word_1_103' title='bbox 608 1547 737 1600; x_wconf 77' lang='lat' dir='ltr'><strong>cives</strong></span> <span class='ocrx_word' id='word_1_104' title='bbox 756 1557 1069 1611; x_wconf 78' lang='lat' dir='ltr'><strong>sanctorum,</strong></span> <span class='ocrx_word' id='word_1_105' title='bbox 1102 1553 1148 1598; x_wconf 79' lang='lat' dir='ltr'><strong>et</strong></span> <span class='ocrx_word' id='word_1_106' title='bbox 1175 1543 1434 1597; x_wconf 74' lang='lat' dir='ltr'><strong>domestici</strong></span> <span class='ocrx_word' id='word_1_107' title='bbox 1469 1542 1565 1597; x_wconf 79' lang='lat' dir='ltr'><strong>Dei</strong></span> <span class='ocrx_word' id='word_1_108' title='bbox 1590 1541 1804 1615; x_wconf 76' lang='lat' dir='ltr'><strong>(Ephes.</strong></span> 
     </span>
    </p>
   </div>
   <div class='ocr_carea' id='block_1_15' title="bbox 198 1630 1805 1708">
    <p class='ocr_par' dir='ltr' id='par_1_15' title="bbox 198 1630 1805 1708">
     <span class='ocr_line' id='line_1_15' title="bbox 198 1630 1805 1708; baseline 0 -18"><span class='ocrx_word' id='word_1_109' title='bbox 198 1637 254 1690; x_wconf 77' lang='grc'><strong>2.</strong></span> <span class='ocrx_word' id='word_1_110' title='bbox 288 1637 384 1708; x_wconf 78' lang='lat' dir='ltr'><strong>l9)</strong></span> <span class='ocrx_word' id='word_1_111' title='bbox 419 1655 433 1691; x_wconf 90' lang='lat'><strong>:</strong></span> <span class='ocrx_word' id='word_1_112' title='bbox 464 1630 642 1707; x_wconf 80' lang='lat' dir='ltr'><strong>itaque</strong></span> <span class='ocrx_word' id='word_1_113' title='bbox 665 1652 776 1692; x_wconf 90' lang='lat' dir='ltr'><strong>uno</strong></span> <span class='ocrx_word' id='word_1_114' title='bbox 802 1638 966 1692; x_wconf 84' lang='lat' dir='ltr'><strong>verbo</strong></span> <span class='ocrx_word' id='word_1_115' title='bbox 993 1647 1049 1691; x_wconf 87' lang='lat' dir='ltr'><strong>et</strong></span> <span class='ocrx_word' id='word_1_116' title='bbox 1073 1639 1192 1706; x_wconf 86' lang='lat' dir='ltr'><strong>quis</strong></span> <span class='ocrx_word' id='word_1_117' title='bbox 1214 1645 1376 1700; x_wconf 88' lang='lat' dir='ltr'><strong>esset,</strong></span> <span class='ocrx_word' id='word_1_118' title='bbox 1405 1644 1460 1690; x_wconf 89' lang='lat' dir='ltr'><strong>et</strong></span> <span class='ocrx_word' id='word_1_119' title='bbox 1486 1635 1645 1698; x_wconf 86' lang='lat' dir='ltr'><strong>unde.</strong></span> <span class='ocrx_word' id='word_1_120' title='bbox 1665 1644 1720 1690; x_wconf 91' lang='lat' dir='ltr'><strong>et</strong></span> <span class='ocrx_word' id='word_1_121' title='bbox 1739 1651 1805 1690; x_wconf 81' lang='lat' dir='ltr'><strong>cx</strong></span> 
     </span>
    </p>
   </div>
   <div class='ocr_carea' id='block_1_16' title="bbox 201 1726 1806 1798">
    <p class='ocr_par' dir='ltr' id='par_1_16' title="bbox 201 1726 1806 1798">
     <span class='ocr_line' id='line_1_16' title="bbox 201 1726 1806 1798; baseline 0.002 -20"><span class='ocrx_word' id='word_1_122' title='bbox 201 1728 405 1797; x_wconf 83' lang='lat' dir='ltr'><strong>quibus</strong></span> <span class='ocrx_word' id='word_1_123' title='bbox 425 1769 441 1790; x_wconf 83' lang='lat'><strong>,</strong></span> <span class='ocrx_word' id='word_1_124' title='bbox 468 1737 524 1782; x_wconf 88' lang='lat' dir='ltr'><strong>et</strong></span> <span class='ocrx_word' id='word_1_125' title='bbox 549 1728 673 1797; x_wconf 89' lang='lat' dir='ltr'><strong>quid</strong></span> <span class='ocrx_word' id='word_1_126' title='bbox 703 1742 860 1798; x_wconf 83' lang='lat' dir='ltr'><strong>agere</strong></span> <span class='ocrx_word' id='word_1_127' title='bbox 887 1727 1121 1792; x_wconf 88' lang='lat' dir='ltr'><strong>soleret,</strong></span> <span class='ocrx_word' id='word_1_128' title='bbox 1149 1726 1486 1781; x_wconf 73' lang='lat' dir='ltr'><strong>exactissime</strong></span> <span class='ocrx_word' id='word_1_129' title='bbox 1514 1726 1722 1786; x_wconf 89' lang='lat' dir='ltr'><strong>docuit.</strong></span> <span class='ocrx_word' id='word_1_130' title='bbox 1751 1735 1806 1782; x_wconf 85' lang='lat' dir='ltr'><strong>et</strong></span> 
     </span>
    </p>
   </div>
   <div class='ocr_carea' id='block_1_17' title="bbox 200 1818 1803 1888">
    <p class='ocr_par' dir='ltr' id='par_1_17' title="bbox 200 1818 1803 1888">
     <span class='ocr_line' id='line_1_17' title="bbox 200 1818 1803 1888; baseline 0 -16"><span class='ocrx_word' id='word_1_131' title='bbox 200 1821 366 1873; x_wconf 83' lang='lat' dir='ltr'><strong>vitam</strong></span> <span class='ocrx_word' id='word_1_132' title='bbox 397 1835 522 1875; x_wconf 88' lang='lat' dir='ltr'><strong>cum</strong></span> <span class='ocrx_word' id='word_1_133' title='bbox 554 1819 655 1874; x_wconf 86' lang='lat' dir='ltr'><strong>hac</strong></span> <span class='ocrx_word' id='word_1_134' title='bbox 678 1834 810 1874; x_wconf 86' lang='lat' dir='ltr'><strong>voce</strong></span> <span class='ocrx_word' id='word_1_135' title='bbox 841 1818 1047 1883; x_wconf 83' lang='lat' dir='ltr'><strong>finivit,</strong></span> <span class='ocrx_word' id='word_1_136' title='bbox 1083 1819 1316 1888; x_wconf 84' lang='lat' dir='ltr'><strong>abiitque</strong></span> <span class='ocrx_word' id='word_1_137' title='bbox 1338 1819 1540 1872; x_wconf 88' lang='lat' dir='ltr'><strong>salvum</strong></span> <span class='ocrx_word' id='word_1_138' title='bbox 1565 1818 1803 1872; x_wconf 79' lang='lat' dir='ltr'><strong>referens</strong></span> 
     </span>
    </p>
   </div>
   <div class='ocr_carea' id='block_1_18' title="bbox 195 1911 1799 1984">
    <p class='ocr_par' dir='ltr' id='par_1_18' title="bbox 195 1911 1799 1984">
     <span class='ocr_line' id='line_1_18' title="bbox 195 1911 1799 1984; baseline -0.003 -16"><span class='ocrx_word' id='word_1_139' title='bbox 195 1914 425 1968; x_wconf 82' lang='lat' dir='ltr'><strong>Christo</strong></span> <span class='ocrx_word' id='word_1_140' title='bbox 453 1913 778 1984; x_wconf 86' lang='lat' dir='ltr'><strong>depositum,</strong></span> <span class='ocrx_word' id='word_1_141' title='bbox 803 1927 864 1966; x_wconf 87' lang='lat' dir='ltr'><strong>ac</strong></span> <span class='ocrx_word' id='word_1_142' title='bbox 891 1912 1117 1982; x_wconf 88' lang='lat' dir='ltr'><strong>posteris</strong></span> <span class='ocrx_word' id='word_1_143' title='bbox 1137 1926 1204 1968; x_wconf 80' lang='lat' dir='ltr'><strong>ex</strong></span> <span class='ocrx_word' id='word_1_144' title='bbox 1233 1911 1318 1976; x_wconf 90' lang='lat' dir='ltr'><strong>iis,</strong></span> <span class='ocrx_word' id='word_1_145' title='bbox 1343 1927 1463 1980; x_wconf 72' lang='lat' dir='ltr'><strong>qua:</strong></span> <span class='ocrx_word' id='word_1_146' title='bbox 1488 1925 1675 1979; x_wconf 83' lang='lat' dir='ltr'><strong>passus</strong></span> <span class='ocrx_word' id='word_1_147' title='bbox 1696 1919 1799 1977; x_wconf 84' lang='lat' dir='ltr'><strong>est,</strong></span> 
     </span>
    </p>
   </div>
   <div class='ocr_carea' id='block_1_19' title="bbox 195 2000 1801 2072">
    <p class='ocr_par' dir='ltr' id='par_1_19' title="bbox 195 2000 1801 2072">
     <span class='ocr_line' id='line_1_19' title="bbox 195 2000 1801 2072; baseline -0.001 -16"><span class='ocrx_word' id='word_1_148' title='bbox 195 2003 632 2058; x_wconf 85' lang='lat' dir='ltr'><strong>cohortationem</strong></span> <span class='ocrx_word' id='word_1_149' title='bbox 659 2001 895 2072; x_wconf 84' lang='lat' dir='ltr'><strong>reliquit,</strong></span> <span class='ocrx_word' id='word_1_150' title='bbox 920 2010 976 2056; x_wconf 89' lang='lat' dir='ltr'><strong>ut</strong></span> <span class='ocrx_word' id='word_1_151' title='bbox 992 2001 1261 2064; x_wconf 83' lang='lat' dir='ltr'><strong>insistant,</strong></span> <span class='ocrx_word' id='word_1_152' title='bbox 1287 2000 1523 2070; x_wconf 80' lang='lat' dir='ltr'><strong>nihilque</strong></span> <span class='ocrx_word' id='word_1_153' title='bbox 1544 2001 1644 2055; x_wconf 89' lang='lat' dir='ltr'><strong>nisi</strong></span> <span class='ocrx_word' id='word_1_154' title='bbox 1669 2016 1801 2070; x_wconf 86' lang='lat' dir='ltr'><strong>pec-</strong></span> 
     </span>
    </p>
   </div>
   <div class='ocr_carea' id='block_1_20' title="bbox 195 2091 1462 2162">
    <p class='ocr_par' dir='ltr' id='par_1_20' title="bbox 195 2091 1462 2162">
     <span class='ocr_line' id='line_1_20' title="bbox 195 2091 1462 2162; baseline -0.002 -16"><span class='ocrx_word' id='word_1_155' title='bbox 195 2103 380 2146; x_wconf 88' lang='lat' dir='ltr'><strong>catum</strong></span> <span class='ocrx_word' id='word_1_156' title='bbox 405 2103 461 2146; x_wconf 88' lang='lat' dir='ltr'><strong>et</strong></span> <span class='ocrx_word' id='word_1_157' title='bbox 489 2093 824 2162; x_wconf 87' lang='lat' dir='ltr'><strong>negationem</strong></span> <span class='ocrx_word' id='word_1_158' title='bbox 855 2102 1058 2146; x_wconf 90' lang='lat' dir='ltr'><strong>tantum</strong></span> <span class='ocrx_word' id='word_1_159' title='bbox 1087 2091 1462 2146; x_wconf 87' lang='lat' dir='ltr'><strong>reformident.</strong></span> 
     </span>
    </p>
   </div>
   <div class='ocr_carea' id='block_1_21' title="bbox 267 2180 1794 2251">
    <p class='ocr_par' dir='ltr' id='par_1_21' title="bbox 267 2180 1794 2251">
     <span class='ocr_line' id='line_1_21' title="bbox 267 2180 1794 2251; baseline -0.001 -14"><span class='ocrx_word' id='word_1_160' title='bbox 267 2182 498 2237; x_wconf 70' lang='lat' dir='ltr'><strong>Horati:</strong></span> <span class='ocrx_word' id='word_1_161' title='bbox 541 2181 1076 2250; x_wconf 52' lang='lat' dir='ltr'><strong>quartana—Hac</strong></span> <span class='ocrx_word' id='word_1_162' title='bbox 1116 2183 1291 2251; x_wconf 89' lang='lat' dir='ltr'><strong>itaque</strong></span> <span class='ocrx_word' id='word_1_163' title='bbox 1331 2197 1430 2237; x_wconf 89' lang='lat' dir='ltr'><strong>nos</strong></span> <span class='ocrx_word' id='word_1_164' title='bbox 1471 2180 1631 2236; x_wconf 88' lang='lat' dir='ltr'><strong>etiam</strong></span> <span class='ocrx_word' id='word_1_165' title='bbox 1673 2197 1794 2236; x_wconf 91' lang='lat' dir='ltr'><strong>cum</strong></span> 
     </span>
    </p>
   </div>
   <div class='ocr_carea' id='block_1_22' title="bbox 196 2271 1804 2342">
    <p class='ocr_par' dir='ltr' id='par_1_22' title="bbox 196 2271 1804 2342">
     <span class='ocr_line' id='line_1_22' title="bbox 196 2271 1804 2342; baseline -0.001 -16"><span class='ocrx_word' id='word_1_166' title='bbox 196 2272 711 2341; x_wconf 49' lang='lat' dir='ltr'><strong>noverimus,,pacis</strong></span> <span class='ocrx_word' id='word_1_167' title='bbox 741 2281 982 2342; x_wconf 90' lang='lat' dir='ltr'><strong>tempore</strong></span> <span class='ocrx_word' id='word_1_168' title='bbox 1010 2271 1217 2327; x_wconf 87' lang='lat' dir='ltr'><strong>bellicis</strong></span> <span class='ocrx_word' id='word_1_169' title='bbox 1247 2273 1298 2325; x_wconf 91' lang='lat' dir='ltr'><strong>in</strong></span> <span class='ocrx_word' id='word_1_170' title='bbox 1338 2272 1497 2327; x_wconf 85' lang='lat' dir='ltr'><strong>rebus</strong></span> <span class='ocrx_word' id='word_1_171' title='bbox 1523 2288 1619 2326; x_wconf 88' lang='lat' dir='ltr'><strong>nos</strong></span> <span class='ocrx_word' id='word_1_172' title='bbox 1643 2287 1804 2327; x_wconf 60' lang='grc' dir='ltr'><strong>εχει-η</strong></span> 
     </span>
    </p>
   </div>
   <div class='ocr_carea' id='block_1_23' title="bbox 193 2362 1796 2432">
    <p class='ocr_par' dir='ltr' id='par_1_23' title="bbox 193 2362 1796 2432">
     <span class='ocr_line' id='line_1_23' title="bbox 193 2362 1796 2432; baseline 0 -14"><span class='ocrx_word' id='word_1_173' title='bbox 193 2378 450 2428; x_wconf 68' lang='lat' dir='ltr'><strong>minus,</strong></span> <span class='ocrx_word' id='word_1_174' title='bbox 483 2373 541 2418; x_wconf 90' lang='lat' dir='ltr'><strong>ut</strong></span> <span class='ocrx_word' id='word_1_175' title='bbox 574 2378 698 2418; x_wconf 88' lang='lat' dir='ltr'><strong>cum</strong></span> <span class='ocrx_word' id='word_1_176' title='bbox 730 2363 854 2418; x_wconf 87' lang='lat' dir='ltr'><strong>belli</strong></span> <span class='ocrx_word' id='word_1_177' title='bbox 883 2372 1090 2432; x_wconf 88' lang='lat' dir='ltr'><strong>tempus</strong></span> <span class='ocrx_word' id='word_1_178' title='bbox 1114 2362 1422 2428; x_wconf 79' lang='lat' dir='ltr'><strong>advenerit,</strong></span> <span class='ocrx_word' id='word_1_179' title='bbox 1456 2363 1660 2417; x_wconf 83' lang='lat' dir='ltr'><strong>illu5tre</strong></span> <span class='ocrx_word' id='word_1_180' title='bbox 1698 2377 1796 2418; x_wconf 90' lang='lat' dir='ltr'><strong>nos</strong></span> 
     </span>
    </p>
   </div>
   <div class='ocr_carea' id='block_1_24' title="bbox 194 2453 1790 2524">
    <p class='ocr_par' dir='ltr' id='par_1_24' title="bbox 194 2453 1790 2524">
     <span class='ocr_line' id='line_1_24' title="bbox 194 2453 1790 2524; baseline 0.001 -18"><span class='ocrx_word' id='word_1_181' title='bbox 194 2468 408 2523; x_wconf 86' lang='lat' dir='ltr'><strong>quoque</strong></span> <span class='ocrx_word' id='word_1_182' title='bbox 437 2462 701 2524; x_wconf 60' lang='lat' dir='ltr'><strong>trapetum</strong></span> <span class='ocrx_word' id='word_1_183' title='bbox 730 2454 1016 2524; x_wconf 74' lang='lat' dir='ltr'><strong>erigamus.</strong></span> <span class='ocrx_word' id='word_1_184' title='bbox 1044 2453 1261 2509; x_wconf 84' lang='lat' dir='ltr'><strong>Famem</strong></span> <span class='ocrx_word' id='word_1_185' title='bbox 1305 2455 1625 2524; x_wconf 87' lang='lat' dir='ltr'><strong>contempsit</strong></span> <span class='ocrx_word' id='word_1_186' title='bbox 1665 2454 1790 2510; x_wconf 75' lang='lat' dir='ltr'><strong>ille&#39;:</strong></span> 
     </span>
    </p>
   </div>
   <div class='ocr_carea' id='block_1_25' title="bbox 193 2545 1792 2618">
    <p class='ocr_par' dir='ltr' id='par_1_25' title="bbox 193 2545 1792 2618">
     <span class='ocr_line' id='line_1_25' title="bbox 193 2545 1792 2618; baseline 0 -17"><span class='ocrx_word' id='word_1_187' title='bbox 193 2545 413 2602; x_wconf 73' lang='lat' dir='ltr'><strong>delicias</strong></span> <span class='ocrx_word' id='word_1_188' title='bbox 451 2555 510 2603; x_wconf 83' lang='lat' dir='ltr'><strong>et</strong></span> <span class='ocrx_word' id='word_1_189' title='bbox 546 2563 648 2603; x_wconf 88' lang='lat' dir='ltr'><strong>nos</strong></span> <span class='ocrx_word' id='word_1_190' title='bbox 679 2559 1102 2615; x_wconf 87' lang='lat' dir='ltr'><strong>contemnamus,</strong></span> <span class='ocrx_word' id='word_1_191' title='bbox 1133 2562 1196 2603; x_wconf 87' lang='lat' dir='ltr'><strong>ac</strong></span> <span class='ocrx_word' id='word_1_192' title='bbox 1233 2549 1431 2604; x_wconf 82' lang='lat' dir='ltr'><strong>ventris</strong></span> <span class='ocrx_word' id='word_1_193' title='bbox 1458 2547 1792 2618; x_wconf 86' lang='lat' dir='ltr'><strong>tyrannidem</strong></span> 
     </span>
    </p>
   </div>
   <div class='ocr_carea' id='block_1_26' title="bbox 1388 338 2370 406">
    <p class='ocr_par' dir='ltr' id='par_1_26' title="bbox 1388 338 2370 406">
     <span class='ocr_line' id='line_1_26' title="bbox 1388 338 2370 406; baseline -0.007 0"><span class='ocrx_word' id='word_1_194' title='bbox 1388 350 1454 406; x_wconf 83' lang='lat' dir='ltr'><strong>IN</strong></span> <span class='ocrx_word' id='word_1_195' title='bbox 1484 350 1538 405; x_wconf 88' lang='lat' dir='ltr'><strong>S.</strong></span> <span class='ocrx_word' id='word_1_196' title='bbox 1576 346 1929 404; x_wconf 74' lang='lat' dir='ltr'><strong>LUClANUM</strong></span> <span class='ocrx_word' id='word_1_197' title='bbox 1961 338 2370 402; x_wconf 62' lang='lat' dir='ltr'><strong>MARTYREM.</strong></span> 
     </span>
    </p>
   </div>
   <div class='ocr_carea' id='block_1_27' title="bbox 3414 331 3517 385">
    <p class='ocr_par' dir='ltr' id='par_1_27' title="bbox 3414 331 3517 385">
     <span class='ocr_line' id='line_1_27' title="bbox 3414 331 3517 385; baseline 0 -1"><span class='ocrx_word' id='word_1_198' title='bbox 3414 331 3517 385; x_wconf 69' lang='lat'><strong>516</strong></span> 
     </span>
    </p>
   </div>
   <div class='ocr_carea' id='block_1_28' title="bbox 1915 447 3511 522">
    <p class='ocr_par' dir='ltr' id='par_1_28' title="bbox 1915 447 3511 522">
     <span class='ocr_line' id='line_1_28' title="bbox 1915 447 3511 522; baseline -0.007 -14"><span class='ocrx_word' id='word_1_199' title='bbox 1915 464 2239 520; x_wconf 89' lang='lat' dir='ltr'><strong>cvertamus,</strong></span> <span class='ocrx_word' id='word_1_200' title='bbox 2272 463 2329 507; x_wconf 92' lang='lat' dir='ltr'><strong>ut</strong></span> <span class='ocrx_word' id='word_1_201' title='bbox 2350 468 2392 506; x_wconf 71' lang='lat' dir='ltr'><strong>sn</strong></span> <span class='ocrx_word' id='word_1_202' title='bbox 2423 461 2632 522; x_wconf 86' lang='lat' dir='ltr'><strong>tempus</strong></span> <span class='ocrx_word' id='word_1_203' title='bbox 2653 451 2921 517; x_wconf 83' lang='lat' dir='ltr'><strong>adveniat,</strong></span> <span class='ocrx_word' id='word_1_204' title='bbox 2953 450 3094 521; x_wconf 85' lang='lat' dir='ltr'><strong>quod</strong></span> <span class='ocrx_word' id='word_1_205' title='bbox 3119 459 3326 520; x_wconf 82' lang='lat' dir='ltr'><strong>tantam</strong></span> <span class='ocrx_word' id='word_1_206' title='bbox 3362 447 3511 499; x_wconf 75' lang='lat' dir='ltr'><strong>forti-</strong></span> 
     </span>
    </p>
   </div>
   <div class='ocr_carea' id='block_1_29' title="bbox 1916 539 3518 614">
    <p class='ocr_par' dir='ltr' id='par_1_29' title="bbox 1916 539 3518 614">
     <span class='ocr_line' id='line_1_29' title="bbox 1916 539 3518 614; baseline -0.002 -16"><span class='ocrx_word' id='word_1_207' title='bbox 1916 545 2155 601; x_wconf 88' lang='lat' dir='ltr'><strong>tudinem</strong></span> <span class='ocrx_word' id='word_1_208' title='bbox 2183 561 2214 599; x_wconf 89' lang='lat' dir='ltr'><strong>a</strong></span> <span class='ocrx_word' id='word_1_209' title='bbox 2242 544 2394 599; x_wconf 90' lang='lat' dir='ltr'><strong>nobis</strong></span> <span class='ocrx_word' id='word_1_210' title='bbox 2439 553 2716 614; x_wconf 85' lang='lat' dir='ltr'><strong>reposcat,</strong></span> <span class='ocrx_word' id='word_1_211' title='bbox 2750 545 2800 597; x_wconf 91' lang='lat' dir='ltr'><strong>in</strong></span> <span class='ocrx_word' id='word_1_212' title='bbox 2838 542 3138 597; x_wconf 89' lang='lat' dir='ltr'><strong>minoribus</strong></span> <span class='ocrx_word' id='word_1_213' title='bbox 3165 554 3323 596; x_wconf 83' lang='lat' dir='ltr'><strong>antea</strong></span> <span class='ocrx_word' id='word_1_214' title='bbox 3355 539 3518 594; x_wconf 75' lang='lat' dir='ltr'><strong>rebus</strong></span> 
     </span>
    </p>
   </div>
   <div class='ocr_carea' id='block_1_30' title="bbox 1915 628 3514 708">
    <p class='ocr_par' dir='ltr' id='par_1_30' title="bbox 1915 628 3514 708">
     <span class='ocr_line' id='line_1_30' title="bbox 1915 628 3514 708; baseline -0.004 -20"><span class='ocrx_word' id='word_1_215' title='bbox 1915 636 2224 703; x_wconf 84' lang='lat' dir='ltr'><strong>exercitati,</strong></span> <span class='ocrx_word' id='word_1_216' title='bbox 2254 636 2496 706; x_wconf 59' lang='lat' dir='ltr'><strong>praeclari</strong></span> <span class='ocrx_word' id='word_1_217' title='bbox 2531 635 2585 688; x_wconf 92' lang='lat' dir='ltr'><strong>in</strong></span> <span class='ocrx_word' id='word_1_218' title='bbox 2616 642 2914 708; x_wconf 87' lang='lat' dir='ltr'><strong>scammate</strong></span> <span class='ocrx_word' id='word_1_219' title='bbox 2947 648 3372 703; x_wconf 89' lang='lat' dir='ltr'><strong>compareamus.</strong></span> <span class='ocrx_word' id='word_1_220' title='bbox 3404 628 3514 684; x_wconf 85' lang='lat' dir='ltr'><strong>Co-</strong></span> 
     </span>
    </p>
   </div>
   <div class='ocr_carea' id='block_1_31' title="bbox 1915 724 3510 796">
    <p class='ocr_par' dir='ltr' id='par_1_31' title="bbox 1915 724 3510 796">
     <span class='ocr_line' id='line_1_31' title="bbox 1915 724 3510 796; baseline 0 -15"><span class='ocrx_word' id='word_1_221' title='bbox 1915 743 2030 781; x_wconf 87' lang='lat' dir='ltr'><strong>ram</strong></span> <span class='ocrx_word' id='word_1_222' title='bbox 2070 727 2398 796; x_wconf 90' lang='lat' dir='ltr'><strong>principibus</strong></span> <span class='ocrx_word' id='word_1_223' title='bbox 2442 726 2534 779; x_wconf 88' lang='lat' dir='ltr'><strong>ille</strong></span> <span class='ocrx_word' id='word_1_224' title='bbox 2569 741 2634 780; x_wconf 90' lang='lat' dir='ltr'><strong>ac</strong></span> <span class='ocrx_word' id='word_1_225' title='bbox 2664 725 2882 794; x_wconf 75' lang='lat' dir='ltr'><strong>regibus</strong></span> <span class='ocrx_word' id='word_1_226' title='bbox 2909 725 3079 779; x_wconf 89' lang='lat' dir='ltr'><strong>libere</strong></span> <span class='ocrx_word' id='word_1_227' title='bbox 3107 724 3355 794; x_wconf 86' lang='lat' dir='ltr'><strong>loquutus</strong></span> <span class='ocrx_word' id='word_1_228' title='bbox 3379 733 3462 779; x_wconf 87' lang='lat' dir='ltr'><strong>est</strong></span> <span class='ocrx_word' id='word_1_229' title='bbox 3492 740 3510 782; x_wconf 85' lang='lat'><strong>:</strong></span> 
     </span>
    </p>
   </div>
   <div class='ocr_carea' id='block_1_32' title="bbox 1915 814 3508 886">
    <p class='ocr_par' dir='ltr' id='par_1_32' title="bbox 1915 814 3508 886">
     <span class='ocr_line' id='line_1_32' title="bbox 1915 814 3508 886; baseline -0.003 -14"><span class='ocrx_word' id='word_1_230' title='bbox 1915 817 2020 873; x_wconf 87' lang='lat' dir='ltr'><strong>hoc</strong></span> <span class='ocrx_word' id='word_1_231' title='bbox 2045 833 2143 872; x_wconf 88' lang='lat' dir='ltr'><strong>nos</strong></span> <span class='ocrx_word' id='word_1_232' title='bbox 2164 818 2418 872; x_wconf 85' lang='lat' dir='ltr'><strong>faciamus</strong></span> <span class='ocrx_word' id='word_1_233' title='bbox 2442 831 2583 871; x_wconf 90' lang='lat' dir='ltr'><strong>nunc</strong></span> <span class='ocrx_word' id='word_1_234' title='bbox 2609 831 2820 886; x_wconf 87' lang='lat' dir='ltr'><strong>quoque</strong></span> <span class='ocrx_word' id='word_1_235' title='bbox 2848 832 2862 868; x_wconf 89' lang='lat'><strong>:</strong></span> <span class='ocrx_word' id='word_1_236' title='bbox 2893 829 2957 869; x_wconf 87' lang='lat' dir='ltr'><strong>ac</strong></span> <span class='ocrx_word' id='word_1_237' title='bbox 2983 815 3027 868; x_wconf 87' lang='lat' dir='ltr'><strong>si</strong></span> <span class='ocrx_word' id='word_1_238' title='bbox 3054 816 3106 869; x_wconf 92' lang='lat' dir='ltr'><strong>in</strong></span> <span class='ocrx_word' id='word_1_239' title='bbox 3129 814 3508 886; x_wconf 87' lang='lat' dir='ltr'><strong>opulentorum</strong></span> 
     </span>
    </p>
   </div>
   <div class='ocr_carea' id='block_1_33' title="bbox 1913 905 3506 977">
    <p class='ocr_par' dir='ltr' id='par_1_33' title="bbox 1913 905 3506 977">
     <span class='ocr_line' id='line_1_33' title="bbox 1913 905 3506 977; baseline -0.003 -14"><span class='ocrx_word' id='word_1_240' title='bbox 1913 917 1969 963; x_wconf 89' lang='lat' dir='ltr'><strong>et</strong></span> <span class='ocrx_word' id='word_1_241' title='bbox 1996 908 2281 963; x_wconf 82' lang='lat' dir='ltr'><strong>illustrium</strong></span> <span class='ocrx_word' id='word_1_242' title='bbox 2321 908 2650 977; x_wconf 85' lang='lat' dir='ltr'><strong>Paganorum</strong></span> <span class='ocrx_word' id='word_1_243' title='bbox 2701 906 3057 963; x_wconf 90' lang='lat' dir='ltr'><strong>conventibus</strong></span> <span class='ocrx_word' id='word_1_244' title='bbox 3096 905 3506 970; x_wconf 84' lang='lat' dir='ltr'><strong>consideamus,</strong></span> 
     </span>
    </p>
   </div>
   <div class='ocr_carea' id='block_1_34' title="bbox 1915 995 3507 1068">
    <p class='ocr_par' dir='ltr' id='par_1_34' title="bbox 1915 995 3507 1068">
     <span class='ocr_line' id='line_1_34' title="bbox 1915 995 3507 1068; baseline -0.001 -18"><span class='ocrx_word' id='word_1_245' title='bbox 1915 997 2073 1052; x_wconf 85' lang='lat' dir='ltr'><strong>fidem</strong></span> <span class='ocrx_word' id='word_1_246' title='bbox 2116 1014 2255 1052; x_wconf 73' lang='lat' dir='ltr'><strong>cum.</strong></span> <span class='ocrx_word' id='word_1_247' title='bbox 2282 997 2474 1052; x_wconf 85' lang='lat' dir='ltr'><strong>fiducia</strong></span> <span class='ocrx_word' id='word_1_248' title='bbox 2518 997 2886 1068; x_wconf 86' lang='lat' dir='ltr'><strong>profiteamur,</strong></span> <span class='ocrx_word' id='word_1_249' title='bbox 2928 995 3248 1051; x_wconf 88' lang='lat' dir='ltr'><strong>irrideamus</strong></span> <span class='ocrx_word' id='word_1_250' title='bbox 3294 997 3507 1052; x_wconf 89' lang='lat' dir='ltr'><strong>illorum</strong></span> 
     </span>
    </p>
   </div>
   <div class='ocr_carea' id='block_1_35' title="bbox 1912 1087 3507 1160">
    <p class='ocr_par' dir='ltr' id='par_1_35' title="bbox 1912 1087 3507 1160">
     <span class='ocr_line' id='line_1_35' title="bbox 1912 1087 3507 1160; baseline -0.002 -16"><span class='ocrx_word' id='word_1_251' title='bbox 1912 1105 2143 1145; x_wconf 89' lang='lat' dir='ltr'><strong>errores.</strong></span> <span class='ocrx_word' id='word_1_252' title='bbox 2171 1091 2322 1158; x_wconf 90' lang='lat' dir='ltr'><strong>Quod</strong></span> <span class='ocrx_word' id='word_1_253' title='bbox 2351 1091 2396 1146; x_wconf 88' lang='lat' dir='ltr'><strong>si</strong></span> <span class='ocrx_word' id='word_1_254' title='bbox 2425 1106 2512 1146; x_wconf 90' lang='lat' dir='ltr'><strong>res</strong></span> <span class='ocrx_word' id='word_1_255' title='bbox 2536 1090 2751 1160; x_wconf 84' lang='lat' dir='ltr'><strong>quidem</strong></span> <span class='ocrx_word' id='word_1_256' title='bbox 2796 1104 2923 1144; x_wconf 87' lang='lat' dir='ltr'><strong>suas</strong></span> <span class='ocrx_word' id='word_1_257' title='bbox 2969 1089 3250 1160; x_wconf 80' lang='lat' dir='ltr'><strong>magnifice</strong></span> <span class='ocrx_word' id='word_1_258' title='bbox 3275 1087 3507 1160; x_wconf 78' lang='lat' dir='ltr'><strong>eﬂ&#39;errc,</strong></span> 
     </span>
    </p>
   </div>
   <div class='ocr_carea' id='block_1_36' title="bbox 1914 1181 3504 1252">
    <p class='ocr_par' dir='ltr' id='par_1_36' title="bbox 1914 1181 3504 1252">
     <span class='ocr_line' id='line_1_36' title="bbox 1914 1181 3504 1252; baseline -0.002 -16"><span class='ocrx_word' id='word_1_259' title='bbox 1914 1193 2124 1236; x_wconf 88' lang='lat' dir='ltr'><strong>nostras</strong></span> <span class='ocrx_word' id='word_1_260' title='bbox 2145 1191 2321 1236; x_wconf 88' lang='lat' dir='ltr'><strong>autem</strong></span> <span class='ocrx_word' id='word_1_261' title='bbox 2354 1181 2656 1252; x_wconf 87' lang='lat' dir='ltr'><strong>deprimere</strong></span> <span class='ocrx_word' id='word_1_262' title='bbox 2685 1181 3080 1251; x_wconf 84' lang='lat' dir='ltr'><strong>aggrediantur,</strong></span> <span class='ocrx_word' id='word_1_263' title='bbox 3112 1196 3181 1236; x_wconf 89' lang='lat' dir='ltr'><strong>ne</strong></span> <span class='ocrx_word' id='word_1_264' title='bbox 3211 1189 3504 1242; x_wconf 85' lang='lat' dir='ltr'><strong>taceamus,</strong></span> 
     </span>
    </p>
   </div>
   <div class='ocr_carea' id='block_1_37' title="bbox 1912 1271 3503 1342">
    <p class='ocr_par' dir='ltr' id='par_1_37' title="bbox 1912 1271 3503 1342">
     <span class='ocr_line' id='line_1_37' title="bbox 1912 1271 3503 1342; baseline 0.001 -16"><span class='ocrx_word' id='word_1_265' title='bbox 1912 1287 2049 1326; x_wconf 83' lang='lat' dir='ltr'><strong>neve</strong></span> <span class='ocrx_word' id='word_1_266' title='bbox 2077 1273 2269 1327; x_wconf 90' lang='lat' dir='ltr'><strong>leniter</strong></span> <span class='ocrx_word' id='word_1_267' title='bbox 2295 1273 2529 1328; x_wconf 87' lang='lat' dir='ltr'><strong>feramus</strong></span> <span class='ocrx_word' id='word_1_268' title='bbox 2557 1289 2571 1325; x_wconf 89' lang='lat'><strong>:</strong></span> <span class='ocrx_word' id='word_1_269' title='bbox 2602 1272 2698 1328; x_wconf 85' lang='lat' dir='ltr'><strong>sed</strong></span> <span class='ocrx_word' id='word_1_270' title='bbox 2727 1273 2961 1342; x_wconf 86' lang='lat' dir='ltr'><strong>ipsorum</strong></span> <span class='ocrx_word' id='word_1_271' title='bbox 2991 1271 3372 1342; x_wconf 90' lang='lat' dir='ltr'><strong>turpitudinem</strong></span> <span class='ocrx_word' id='word_1_272' title='bbox 3402 1271 3503 1327; x_wconf 82' lang='lat' dir='ltr'><strong>dc—</strong></span> 
     </span>
    </p>
   </div>
   <div class='ocr_carea' id='block_1_38' title="bbox 1913 1363 3506 1434">
    <p class='ocr_par' dir='ltr' id='par_1_38' title="bbox 1913 1363 3506 1434">
     <span class='ocr_line' id='line_1_38' title="bbox 1913 1363 3506 1434; baseline -0.001 -17"><span class='ocrx_word' id='word_1_273' title='bbox 1913 1372 2185 1434; x_wconf 88' lang='lat' dir='ltr'><strong>tegentes,</strong></span> <span class='ocrx_word' id='word_1_274' title='bbox 2223 1365 2386 1418; x_wconf 89' lang='lat' dir='ltr'><strong>multa</strong></span> <span class='ocrx_word' id='word_1_275' title='bbox 2429 1379 2551 1419; x_wconf 91' lang='lat' dir='ltr'><strong>cum</strong></span> <span class='ocrx_word' id='word_1_276' title='bbox 2580 1364 2843 1434; x_wconf 81' lang='lat' dir='ltr'><strong>sapientia</strong></span> <span class='ocrx_word' id='word_1_277' title='bbox 2883 1363 3184 1433; x_wconf 77' lang='lat' dir='ltr'><strong>fiduciaque</strong></span> <span class='ocrx_word' id='word_1_278' title='bbox 3205 1378 3293 1418; x_wconf 90' lang='lat' dir='ltr'><strong>res</strong></span> <span class='ocrx_word' id='word_1_279' title='bbox 3316 1378 3506 1418; x_wconf 88' lang='lat' dir='ltr'><strong>omnes</strong></span> 
     </span>
    </p>
   </div>
   <div class='ocr_carea' id='block_1_39' title="bbox 1910 1453 3501 1525">
    <p class='ocr_par' dir='ltr' id='par_1_39' title="bbox 1910 1453 3501 1525">
     <span class='ocr_line' id='line_1_39' title="bbox 1910 1453 3501 1525; baseline -0.002 -16"><span class='ocrx_word' id='word_1_280' title='bbox 1910 1455 2334 1510; x_wconf 83' lang='lat' dir='ltr'><strong>Christianorum</strong></span> <span class='ocrx_word' id='word_1_281' title='bbox 2354 1455 2601 1511; x_wconf 87' lang='lat' dir='ltr'><strong>laudibus</strong></span> <span class='ocrx_word' id='word_1_282' title='bbox 2625 1455 2948 1519; x_wconf 87' lang='lat' dir='ltr'><strong>evebamus;</strong></span> <span class='ocrx_word' id='word_1_283' title='bbox 2972 1464 3026 1509; x_wconf 91' lang='lat' dir='ltr'><strong>et</strong></span> <span class='ocrx_word' id='word_1_284' title='bbox 3051 1453 3501 1525; x_wconf 85' lang='lat' dir='ltr'><strong>quemadmodum</strong></span> 
     </span>
    </p>
   </div>
   <div class='ocr_carea' id='block_1_40' title="bbox 1911 1546 3503 1618">
    <p class='ocr_par' dir='ltr' id='par_1_40' title="bbox 1911 1546 3503 1618">
     <span class='ocr_line' id='line_1_40' title="bbox 1911 1546 3503 1618; baseline -0.001 -17"><span class='ocrx_word' id='word_1_285' title='bbox 1911 1546 2208 1616; x_wconf 87' lang='lat' dir='ltr'><strong>Imperator</strong></span> <span class='ocrx_word' id='word_1_286' title='bbox 2237 1549 2287 1603; x_wconf 92' lang='lat' dir='ltr'><strong>in</strong></span> <span class='ocrx_word' id='word_1_287' title='bbox 2317 1549 2492 1618; x_wconf 85' lang='lat' dir='ltr'><strong>capite</strong></span> <span class='ocrx_word' id='word_1_288' title='bbox 2519 1549 2759 1603; x_wconf 88' lang='lat' dir='ltr'><strong>diadema</strong></span> <span class='ocrx_word' id='word_1_289' title='bbox 2777 1588 2793 1613; x_wconf 95' lang='lat'><strong>,</strong></span> <span class='ocrx_word' id='word_1_290' title='bbox 2834 1549 2911 1602; x_wconf 90' lang='lat' dir='ltr'><strong>sic</strong></span> <span class='ocrx_word' id='word_1_291' title='bbox 2936 1557 2992 1602; x_wconf 88' lang='lat' dir='ltr'><strong>et</strong></span> <span class='ocrx_word' id='word_1_292' title='bbox 3024 1561 3123 1601; x_wconf 92' lang='lat' dir='ltr'><strong>nos</strong></span> <span class='ocrx_word' id='word_1_293' title='bbox 3147 1547 3344 1617; x_wconf 89' lang='lat' dir='ltr'><strong>ubique</strong></span> <span class='ocrx_word' id='word_1_294' title='bbox 3368 1561 3503 1600; x_wconf 84' lang='lat' dir='ltr'><strong>con-</strong></span> 
     </span>
    </p>
   </div>
   <div class='ocr_carea' id='block_1_41' title="bbox 1909 1637 3503 1699">
    <p class='ocr_par' dir='ltr' id='par_1_41' title="bbox 1909 1637 3503 1699">
     <span class='ocr_line' id='line_1_41' title="bbox 1909 1637 3503 1699; baseline -0.001 -6"><span class='ocrx_word' id='word_1_295' title='bbox 1909 1639 2196 1695; x_wconf 84' lang='lat' dir='ltr'><strong>fessionem</strong></span> <span class='ocrx_word' id='word_1_296' title='bbox 2229 1640 2350 1699; x_wconf 83' lang='lat' dir='ltr'><strong>ﬁdei</strong></span> <span class='ocrx_word' id='word_1_297' title='bbox 2380 1641 2836 1696; x_wconf 87' lang='lat' dir='ltr'><strong>circumferamus.</strong></span> <span class='ocrx_word' id='word_1_298' title='bbox 2864 1640 2980 1696; x_wconf 81' lang='lat' dir='ltr'><strong>Non</strong></span> <span class='ocrx_word' id='word_1_299' title='bbox 3018 1640 3162 1693; x_wconf 88' lang='lat' dir='ltr'><strong>enim</strong></span> <span class='ocrx_word' id='word_1_300' title='bbox 3188 1639 3338 1692; x_wconf 90' lang='lat' dir='ltr'><strong>illum</strong></span> <span class='ocrx_word' id='word_1_301' title='bbox 3363 1637 3503 1692; x_wconf 89' lang='lat' dir='ltr'><strong>adeo</strong></span> 
     </span>
    </p>
   </div>
   <div class='ocr_carea' id='block_1_42' title="bbox 1907 1730 3498 1801">
    <p class='ocr_par' dir='ltr' id='par_1_42' title="bbox 1907 1730 3498 1801">
     <span class='ocr_line' id='line_1_42' title="bbox 1907 1730 3498 1801; baseline -0.003 -15"><span class='ocrx_word' id='word_1_302' title='bbox 1907 1747 2130 1798; x_wconf 85' lang='lat' dir='ltr'><strong>corona,</strong></span> <span class='ocrx_word' id='word_1_303' title='bbox 2156 1740 2215 1786; x_wconf 85' lang='lat' dir='ltr'><strong>ut</strong></span> <span class='ocrx_word' id='word_1_304' title='bbox 2239 1747 2336 1788; x_wconf 90' lang='lat' dir='ltr'><strong>nos</strong></span> <span class='ocrx_word' id='word_1_305' title='bbox 2357 1731 2490 1786; x_wconf 83' lang='lat' dir='ltr'><strong>fides</strong></span> <span class='ocrx_word' id='word_1_306' title='bbox 2508 1731 2728 1801; x_wconf 85' lang='lat' dir='ltr'><strong>ejusque</strong></span> <span class='ocrx_word' id='word_1_307' title='bbox 2748 1730 3015 1786; x_wconf 88' lang='lat' dir='ltr'><strong>confessio</strong></span> <span class='ocrx_word' id='word_1_308' title='bbox 3038 1730 3176 1784; x_wconf 90' lang='lat' dir='ltr'><strong>solet</strong></span> <span class='ocrx_word' id='word_1_309' title='bbox 3196 1742 3498 1784; x_wconf 80' lang='lat' dir='ltr'><strong>exornare:</strong></span> 
     </span>
    </p>
   </div>
   <div class='ocr_carea' id='block_1_43' title="bbox 1906 1819 3498 1890">
    <p class='ocr_par' dir='ltr' id='par_1_43' title="bbox 1906 1819 3498 1890">
     <span class='ocr_line' id='line_1_43' title="bbox 1906 1819 3498 1890; baseline -0.004 -12"><span class='ocrx_word' id='word_1_310' title='bbox 1906 1839 2016 1878; x_wconf 89' lang='lat' dir='ltr'><strong>nun</strong></span> <span class='ocrx_word' id='word_1_311' title='bbox 2043 1824 2222 1880; x_wconf 85' lang='lat' dir='ltr'><strong>verbis</strong></span> <span class='ocrx_word' id='word_1_312' title='bbox 2252 1831 2455 1878; x_wconf 82' lang='lat' dir='ltr'><strong>tantum</strong></span> <span class='ocrx_word' id='word_1_313' title='bbox 2476 1864 2492 1890; x_wconf 91' lang='lat'><strong>,</strong></span> <span class='ocrx_word' id='word_1_314' title='bbox 2523 1822 2619 1878; x_wconf 84' lang='lat' dir='ltr'><strong>sed</strong></span> <span class='ocrx_word' id='word_1_315' title='bbox 2649 1823 2810 1878; x_wconf 86' lang='lat' dir='ltr'><strong>etiam</strong></span> <span class='ocrx_word' id='word_1_316' title='bbox 2837 1821 2996 1876; x_wconf 91' lang='lat' dir='ltr'><strong>rebus</strong></span> <span class='ocrx_word' id='word_1_317' title='bbox 3025 1821 3154 1890; x_wconf 88' lang='lat' dir='ltr'><strong>ipsis</strong></span> <span class='ocrx_word' id='word_1_318' title='bbox 3175 1819 3226 1874; x_wconf 89' lang='lat' dir='ltr'><strong>id</strong></span> <span class='ocrx_word' id='word_1_319' title='bbox 3247 1833 3498 1890; x_wconf 83' lang='lat' dir='ltr'><strong>agamus,</strong></span> 
     </span>
    </p>
   </div>
   <div class='ocr_carea' id='block_1_44' title="bbox 1905 1909 3496 1984">
    <p class='ocr_par' dir='ltr' id='par_1_44' title="bbox 1905 1909 3496 1984">
     <span class='ocr_line' id='line_1_44' title="bbox 1905 1909 3496 1984; baseline -0.004 -14"><span class='ocrx_word' id='word_1_320' title='bbox 1905 1925 1960 1970; x_wconf 88' lang='lat' dir='ltr'><strong>et</strong></span> <span class='ocrx_word' id='word_1_321' title='bbox 1979 1915 2142 1971; x_wconf 85' lang='lat' dir='ltr'><strong>vitam</strong></span> <span class='ocrx_word' id='word_1_322' title='bbox 2163 1914 2500 1970; x_wconf 80' lang='lat' dir='ltr'><strong>confessione</strong></span> <span class='ocrx_word' id='word_1_323' title='bbox 2526 1915 2739 1984; x_wconf 81' lang='lat' dir='ltr'><strong>dignam</strong></span> <span class='ocrx_word' id='word_1_324' title='bbox 2761 1915 2815 1966; x_wconf 79' lang='lat' dir='ltr'><strong>in</strong></span> <span class='ocrx_word' id='word_1_325' title='bbox 2842 1912 3090 1967; x_wconf 82' lang='lat' dir='ltr'><strong>omnibus</strong></span> <span class='ocrx_word' id='word_1_326' title='bbox 3111 1909 3496 1966; x_wconf 79' lang='lat' dir='ltr'><strong>exliibeamus:</strong></span> 
     </span>
    </p>
   </div>
   <div class='ocr_carea' id='block_1_45' title="bbox 1903 2001 3495 2075">
    <p class='ocr_par' dir='ltr' id='par_1_45' title="bbox 1903 2001 3495 2075">
     <span class='ocr_line' id='line_1_45' title="bbox 1903 2001 3495 2075; baseline -0.004 -15"><span class='ocrx_word' id='word_1_327' title='bbox 1903 2022 1972 2060; x_wconf 91' lang='lat' dir='ltr'><strong>ne</strong></span> <span class='ocrx_word' id='word_1_328' title='bbox 1999 2006 2245 2075; x_wconf 81' lang='lat' dir='ltr'><strong>dogmata</strong></span> <span class='ocrx_word' id='word_1_329' title='bbox 2273 2020 2492 2074; x_wconf 89' lang='lat' dir='ltr'><strong>operum</strong></span> <span class='ocrx_word' id='word_1_330' title='bbox 2520 2004 2863 2074; x_wconf 84' lang='lat' dir='ltr'><strong>improbitate</strong></span> <span class='ocrx_word' id='word_1_331' title='bbox 2891 2003 3296 2068; x_wconf 87' lang='lat' dir='ltr'><strong>dedecoremus,</strong></span> <span class='ocrx_word' id='word_1_332' title='bbox 3324 2001 3417 2057; x_wconf 86' lang='lat' dir='ltr'><strong>sed</strong></span> <span class='ocrx_word' id='word_1_333' title='bbox 3441 2001 3495 2054; x_wconf 91' lang='lat' dir='ltr'><strong>in</strong></span> 
     </span>
    </p>
   </div>
   <div class='ocr_carea' id='block_1_46' title="bbox 1903 2093 3499 2167">
    <p class='ocr_par' dir='ltr' id='par_1_46' title="bbox 1903 2093 3499 2167">
     <span class='ocr_line' id='line_1_46' title="bbox 1903 2093 3499 2167; baseline -0.003 -16"><span class='ocrx_word' id='word_1_334' title='bbox 1903 2097 2156 2151; x_wconf 90' lang='lat' dir='ltr'><strong>omnibus</strong></span> <span class='ocrx_word' id='word_1_335' title='bbox 2182 2096 2468 2152; x_wconf 89' lang='lat' dir='ltr'><strong>Dominum</strong></span> <span class='ocrx_word' id='word_1_336' title='bbox 2510 2105 2755 2150; x_wconf 88' lang='lat' dir='ltr'><strong>nostrum</strong></span> <span class='ocrx_word' id='word_1_337' title='bbox 2799 2093 3160 2167; x_wconf 82' lang='lat' dir='ltr'><strong>gloriﬁcantes</strong></span> <span class='ocrx_word' id='word_1_338' title='bbox 3189 2107 3310 2148; x_wconf 92' lang='lat' dir='ltr'><strong>cum</strong></span> <span class='ocrx_word' id='word_1_339' title='bbox 3339 2093 3499 2161; x_wconf 83' lang='lat' dir='ltr'><strong>hujus</strong></span> 
     </span>
    </p>
   </div>
   <div class='ocr_carea' id='block_1_47' title="bbox 1901 2187 3497 2257">
    <p class='ocr_par' dir='ltr' id='par_1_47' title="bbox 1901 2187 3497 2257">
     <span class='ocr_line' id='line_1_47' title="bbox 1901 2187 3497 2257; baseline -0.001 -16"><span class='ocrx_word' id='word_1_340' title='bbox 1901 2187 2105 2254; x_wconf 58' lang='lat' dir='ltr'><strong>saculi,</strong></span> <span class='ocrx_word' id='word_1_341' title='bbox 2131 2197 2239 2241; x_wconf 93' lang='lat' dir='ltr'><strong>tum</strong></span> <span class='ocrx_word' id='word_1_342' title='bbox 2256 2187 2412 2242; x_wconf 86' lang='lat' dir='ltr'><strong>.illius</strong></span> <span class='ocrx_word' id='word_1_343' title='bbox 2438 2188 2642 2242; x_wconf 82' lang='lat' dir='ltr'><strong>honore</strong></span> <span class='ocrx_word' id='word_1_344' title='bbox 2665 2187 2931 2256; x_wconf 86' lang='lat' dir='ltr'><strong>potiamur</strong></span> <span class='ocrx_word' id='word_1_345' title='bbox 2960 2203 2973 2237; x_wconf 91' lang='lat'><strong>:</strong></span> <span class='ocrx_word' id='word_1_346' title='bbox 3003 2199 3163 2257; x_wconf 85' lang='lat' dir='ltr'><strong>quem</strong></span> <span class='ocrx_word' id='word_1_347' title='bbox 3185 2199 3284 2239; x_wconf 89' lang='lat' dir='ltr'><strong>nos</strong></span> <span class='ocrx_word' id='word_1_348' title='bbox 3305 2197 3497 2239; x_wconf 82' lang='lat' dir='ltr'><strong>omnes</strong></span> 
     </span>
    </p>
   </div>
   <div class='ocr_carea' id='block_1_48' title="bbox 1901 2275 3496 2348">
    <p class='ocr_par' dir='ltr' id='par_1_48' title="bbox 1901 2275 3496 2348">
     <span class='ocr_line' id='line_1_48' title="bbox 1901 2275 3496 2348; baseline -0.001 -18"><span class='ocrx_word' id='word_1_349' title='bbox 1901 2278 2105 2331; x_wconf 88' lang='lat' dir='ltr'><strong>utinam</strong></span> <span class='ocrx_word' id='word_1_350' title='bbox 2152 2292 2568 2348; x_wconf 80' lang='lat' dir='ltr'><strong>consequamur.</strong></span> <span class='ocrx_word' id='word_1_351' title='bbox 2611 2277 2780 2348; x_wconf 89' lang='lat' dir='ltr'><strong>gratia</strong></span> <span class='ocrx_word' id='word_1_352' title='bbox 2829 2285 2885 2331; x_wconf 88' lang='lat' dir='ltr'><strong>et</strong></span> <span class='ocrx_word' id='word_1_353' title='bbox 2925 2276 3256 2347; x_wconf 88' lang='lat' dir='ltr'><strong>benignitate</strong></span> <span class='ocrx_word' id='word_1_354' title='bbox 3283 2275 3496 2330; x_wconf 88' lang='lat' dir='ltr'><strong>Domini</strong></span> 
     </span>
    </p>
   </div>
   <div class='ocr_carea' id='block_1_49' title="bbox 1903 2364 3495 2439">
    <p class='ocr_par' dir='ltr' id='par_1_49' title="bbox 1903 2364 3495 2439">
     <span class='ocr_line' id='line_1_49' title="bbox 1903 2364 3495 2439; baseline -0.002 -17"><span class='ocrx_word' id='word_1_355' title='bbox 1903 2368 2070 2423; x_wconf 90' lang='lat' dir='ltr'><strong>nostri</strong></span> <span class='ocrx_word' id='word_1_356' title='bbox 2090 2367 2217 2423; x_wconf 81' lang='lat' dir='ltr'><strong>Jesu</strong></span> <span class='ocrx_word' id='word_1_357' title='bbox 2236 2367 2458 2435; x_wconf 89' lang='lat' dir='ltr'><strong>Christi,</strong></span> <span class='ocrx_word' id='word_1_358' title='bbox 2484 2383 2578 2438; x_wconf 91' lang='lat' dir='ltr'><strong>per</strong></span> <span class='ocrx_word' id='word_1_359' title='bbox 2596 2383 2757 2439; x_wconf 86' lang='lat' dir='ltr'><strong>quem</strong></span> <span class='ocrx_word' id='word_1_360' title='bbox 2778 2375 2834 2423; x_wconf 90' lang='lat' dir='ltr'><strong>et</strong></span> <span class='ocrx_word' id='word_1_361' title='bbox 2855 2382 2978 2424; x_wconf 88' lang='lat' dir='ltr'><strong>cum</strong></span> <span class='ocrx_word' id='word_1_362' title='bbox 3004 2381 3112 2438; x_wconf 90' lang='lat' dir='ltr'><strong>quo</strong></span> <span class='ocrx_word' id='word_1_363' title='bbox 3133 2366 3275 2421; x_wconf 86' lang='lat' dir='ltr'><strong>Patri</strong></span> <span class='ocrx_word' id='word_1_364' title='bbox 3300 2364 3495 2436; x_wconf 87' lang='lat' dir='ltr'><strong>gloria,</strong></span> 
     </span>
    </p>
   </div>
   <div class='ocr_carea' id='block_1_50' title="bbox 1902 2454 3492 2528">
    <p class='ocr_par' dir='ltr' id='par_1_50' title="bbox 1902 2454 3492 2528">
     <span class='ocr_line' id='line_1_50' title="bbox 1902 2454 3492 2528; baseline -0.001 -16"><span class='ocrx_word' id='word_1_365' title='bbox 1902 2458 2184 2528; x_wconf 89' lang='lat' dir='ltr'><strong>imperium</strong></span> <span class='ocrx_word' id='word_1_366' title='bbox 2217 2468 2271 2514; x_wconf 92' lang='lat' dir='ltr'><strong>ct</strong></span> <span class='ocrx_word' id='word_1_367' title='bbox 2297 2458 2492 2526; x_wconf 83' lang='lat' dir='ltr'><strong>honor,</strong></span> <span class='ocrx_word' id='word_1_368' title='bbox 2516 2472 2618 2513; x_wconf 90' lang='lat' dir='ltr'><strong>una</strong></span> <span class='ocrx_word' id='word_1_369' title='bbox 2645 2473 2767 2514; x_wconf 89' lang='lat' dir='ltr'><strong>cum</strong></span> <span class='ocrx_word' id='word_1_370' title='bbox 2797 2469 2986 2515; x_wconf 85' lang='lat' dir='ltr'><strong>sancto</strong></span> <span class='ocrx_word' id='word_1_371' title='bbox 3015 2473 3080 2512; x_wconf 89' lang='lat' dir='ltr'><strong>ac</strong></span> <span class='ocrx_word' id='word_1_372' title='bbox 3113 2455 3327 2513; x_wconf 81' lang='lat' dir='ltr'><strong>vivifico</strong></span> <span class='ocrx_word' id='word_1_373' title='bbox 3369 2454 3492 2526; x_wconf 83' lang='lat' dir='ltr'><strong>Spi-</strong></span> 
     </span>
    </p>
   </div>
   <div class='ocr_carea' id='block_1_51' title="bbox 1897 2547 3495 2621">
    <p class='ocr_par' dir='ltr' id='par_1_51' title="bbox 1897 2547 3495 2621">
     <span class='ocr_line' id='line_1_51' title="bbox 1897 2547 3495 2621; baseline -0.003 -17"><span class='ocrx_word' id='word_1_374' title='bbox 1897 2548 2025 2616; x_wconf 91' lang='lat' dir='ltr'><strong>ritu,</strong></span> <span class='ocrx_word' id='word_1_375' title='bbox 2053 2563 2196 2605; x_wconf 89' lang='lat' dir='ltr'><strong>nunc</strong></span> <span class='ocrx_word' id='word_1_376' title='bbox 2227 2559 2282 2607; x_wconf 88' lang='lat' dir='ltr'><strong>et</strong></span> <span class='ocrx_word' id='word_1_377' title='bbox 2306 2564 2540 2621; x_wconf 88' lang='lat' dir='ltr'><strong>semper,</strong></span> <span class='ocrx_word' id='word_1_378' title='bbox 2561 2559 2618 2607; x_wconf 92' lang='lat' dir='ltr'><strong>et</strong></span> <span class='ocrx_word' id='word_1_379' title='bbox 2637 2550 2692 2606; x_wconf 91' lang='lat' dir='ltr'><strong>in</strong></span> <span class='ocrx_word' id='word_1_380' title='bbox 2715 2548 2908 2607; x_wconf 72' lang='lat' dir='ltr'><strong>saecula</strong></span> <span class='ocrx_word' id='word_1_381' title='bbox 2937 2549 3276 2606; x_wconf 69' lang='lat' dir='ltr'><strong>mulorum.</strong></span> <span class='ocrx_word' id='word_1_382' title='bbox 3299 2547 3495 2603; x_wconf 81' lang='lat' dir='ltr'><strong>Amen.</strong></span> 
     </span>
    </p>
   </div>
  </div>
