4220 6300
719 347 820 403 5ξῖ
1246 414 1249 416 _
1413 342 1470 396 S.
1511 338 1795 396 JOANNIS
1833 334 2326 394 CHRYSOSTOMI
2369 333 2692 390 ARCIIIEP.
2733 328 3294 390 CONSTANTINOP.
3883 326 3992 384 5‘28

2553 531 2609 538 κ.
2633 526 3103 536 .‘,_._——_——-———._..——
3127 524 3418 532 .————.—..——
3461 522 3856 532 ——-—-———-—~———-

2528 531 2609 538 ν...-
2633 526 3103 536 ‘._._—__—.———._..—
3127 524 3418 532 .————._..——
3461 522 3954 547 *φῆ-’-³

2528 545 2660 554 -——-—
2676 539 3411 554 --_——_—_——_——-—
3501 538 3858 547 ’.ρ’-.-

2137 529 2544 539 .——————-———.

1061 533 1279 552 --φι
1293 537 1540 552 ...μζ-2..-.-
1558 537 1578 543 -
1593 536 1638 552 __--
1661 535 1870 542 0.-----
1882 534 2136 552 —_——.—:

2021 547 2108 557 ...ι-

2116 544 2516 555 ——-——————

1485 739 1566 802 IN
1602 717 1805 798 Duos
1847 734 2256 796 SERMONES
2293 688 2373 792 [Ν
2417 728 2767 799 SANL‘TUM
2806 728 3163 789 BABYLAM

791 884 1024 942 llomilia
1055 886 1197 941 in'S.
1227 885 1504 956 Babylam,
1541 899 1704 954 quam
1730 882 1961 960 primam
1997 878 2266 942 locamus,
2322 886 2444 947 post
2471 876 2684 930 tertiam
2716 875 2782 928 de
2817 873 3031 928 Lazaro
3065 872 3248 928 habita
3283 883 3368 928 est
3405 885 3419 922 :
3452 885 3575 924 nam
3631 870 3736 924 sub
3763 869 3987 923 initium

717 994 930 1052 quartae
963 998 1184 1038 causam
1211 955 1370 1036 alieth
1393 981 1814 1052 Chrysostomus
1837 955 1947 1030 cur.
1968 974 2321 1028 homiliarum
2355 972 2406 1023 in
2429 970 2699 1024 Lazarum
2730 983 2955 1023 cursum
3004 966 3376 1034 interceperit,
3417 963 3502 1016 bis
3537 962 3718 1017 verbis
3747 979 3761 1015 :
3791 955 3986 1013 Verum

720 1091 822 1128 non
849 1075 1262 1129 existimavimus
1288 1089 1397 1126 esse
1423 1081 1593 1125 tutum
1623 1069 1687 1122 Β.
1713 1066 1934 1136 Babylte
1960 1076 2010 1118 et
2035 1067 2170 1134 bigce
2203 1061 2304 1118 SS.
2335 1060 2664 1132 Martyrum,
2699 1061 2792 1130 qui
2825 1069 2939 1127 post
2968 1058 3124 1111 illum
3152 1063 3518 1117 occurrerunt,
3545 1054 3812 1123 prtrclara
3837 1059 3988 1122 gesta

719 1165 986 1232 prieterire
1016 1182 1035 1219 :
1071 1163 1274 1233 quibus
1312 1169 1574 1216 consonat
1605 1158 1906 1212 Coucionis
1936 1158 1990 1209 in
2037 1155 2098 1209 S.
2130 1154 2387 1224 Babylam
2427 1150 2737 1216 exordium,
2791 1148 3038 1204 Volebam
3072 1147 3311 1217 equidem
3333 1145 3586 1199 hodierno
3633 1145 3720 1197 die
3749 1145 3991 1196 debitum

719 1262 950 1325 reddere,
974 1259 1113 1328 quod
1147 1274 1312 1325 nuper
1330 1257 1490 1317 vobis,
1521 1269 1637 1306 cum
1661 1253 1745 1305 hic
1770 1268 1958 1311 essem,
1992 1248 2233 1318 promisi.
2273 1245 2375 1300 Sed
2401 1246 2527 1314 quid
2555 1245 2751 1314 faciam
2774 1245 2800 1296 .’
2851 1241 2917 1295 Β.
2948 1241 3186 1328 Babglos
3220 1240 3570 1296 interveniens
3607 1240 3881 1305 apparuit,
3936 1245 3989 1289 et

713 1353 786 1407 ad
818 1353 1044 1420 seipsum
1076 1366 1168 1403 nos
1198 1349 1414 1402 vocavit.
1454 1345 1595 1412 Bigze
1624 1353 1804 1401 autem
1847 1343 2177 1396 Sanctorum
2231 1339 2322 1408 qui
2357 1347 2480 1408 post
2509 1337 2567 1391 S.
2600 1336 2859 1406 Babylam
2907 1331 3268 1388 Homiliarum
3325 1331 3379 1385 in
3430 1330 3700 1384 Lazarum
3747 1342 3976 1420 cursum

718 1418 1074 1516 intercepere,
1098 1454 1223 1498 sunt
1246 1441 1346 1496 SS.
1379 1439 1705 1496 Juventinus
1734 1447 1788 1491 et
1818 1436 2146 1490 Maximinus
2196 1432 2484 1503 Martyres,
2512 1445 2748 1501 quorum
2781 1427 3018 1483 llomilia
3044 1427 3125 1482 sic
3166 1426 3356 1495 incipit
3386 1444 3400 1478 :
3435 1423 3620 1493 Nuper
3647 1420 3712 1476 Β.
3745 1418 3981 1493 Bubylas

716 1556 836 1592 cum
867 1539 1032 1592 tribus
1057 1539 1230 1606 pueris
1267 1551 1360 1588 nos
1390 1535 1474 1587 hic
1506 1533 1878 1603 congregabat,
1922 1530 2074 1583 hodie
2107 1545 2207 1598 par
2236 1527 2338 1583 SS.
2394 1526 2634 1580 Militum
2661 1524 2716 1577 in
2755 1525 2870 1577 acie
2899 1523 3191 1576 exercitum
3215 1519 3420 1576 Christi
3462 1520 3758 1572 constituit.
3789 1517 3980 1586 Nuper

717 1630 976 1700 quadriga
1002 1627 1326 1700 Martyrum,
1357 1627 1509 1680 hodie
1536 1627 1676 1696 biga.
1712 1623 1915 1694 Nuper,
1947 1624 2143 1692 inquit,
2187 1621 2400 1692 πρῴην,
2446 1635 2556 1674 non
2591 1627 2797 1680 autem,
2833 1617 2966 1680 heri,
3001 1625 3061 1671 ut
3089 1616 3158 1670 ab
3189 1615 3487 1683 lnterprete
3519 1614 3778 1681 deceptus
3812 1611 3980 1666 Tille-

717 1726 962 1781 montius
990 1725 1194 1794 posuit.
1231 1722 1517 1793 Negotium
1549 1721 1819 1776 facessere
1845 1721 2060 1775 videtur
2091 1719 2162 1784 id,
2189 1716 2336 1786 quod
2365 1717 2418 1769 iu
2477 1728 2756 1784 postremo
2779 1712 3008 1767 exordio
3033 1711 3210 1776 .dicit,
3247 1708 3432 1777 Nuper
3455 1706 3520 1762 Β.
3569 1707 3804 1778 Babglas
3857 1722 3979 1759 cum

720 1818 887 1870 tribus
915 1817 1094 1889 pueris
1126 1833 1218 1868 nos
1244 1815 1328 1870 hic
1351 1811 1721 1882 congregabat.
1753 1813 1810 1866 In
1837 1813 1939 1866 bac
1962 1811 2162 1881 quippe
2184 1807 2418 1862 llomilia
2459 1823 2526 1860 ne
2569 1805 2676 1875 γρῦ
2712 1805 2934 1874 quidem
2963 1803 3031 1858 de
3069 1803 3246 1858 tribus
3272 1804 3457 1872 pueris
3506 1802 3721 1870 legitur.
3756 1797 3984 1861 Verum,

719 1919 780 1960 ut
812 1907 965 1960 initio
999 1907 1234 1959 homilia:
1261 1905 1484 1966 dicitur,
1516 1921 1621 1958 non
1658 1903 2084 1974 Chrysostomus
2110 1903 2284 1964 solus,
2316 1901 2410 1956 sed
2462 1915 2588 1954 cum
2614 1899 2706 1951 alii
2737 1899 3007 1960 seniores,
3042 1907 3157 1950 tum
3216 1895 3521 1966 Episcopus
3546 1894 3663 1963 ipse
3684 1890 3984 1945 Flavianus

716 2000 907 2055 eodem
936 1999 1023 2052 die
1045 1998 1352 2051 concionati
1388 2009 1516 2052 sunt
1545 2013 1559 2049 :
1590 1995 1716 2050 Hac
1749 2005 1798 2050 et
1828 1996 1940 2049 alia
1971 1994 2254 2063 ejusmodi,
2293 1994 2493 2063 inquit,
2539 1991 2833 2044 senioribus
2865 1987 3330 2043 commemoranda
3374 1985 3703 2048 doctoribus,
3732 1995 3783 2037 et
3835 1981 3980 2033 com-

719 2091 868 2144 muni
897 2094 1038 2160 patri
1069 2101 1247 2145 nostra
1274 2092 1623 2160 relinquemus
1655 2106 1674 2144 :
1709 2106 1790 2142 res
1823 2089 1962 2142 enim
1986 2088 2308 2154 antiquiores
2364 2084 2620 2154 praeclare
2647 2083 2790 2135 vobis
2825 2099 2858 2134 a
2911 2080 3120 2134 senibus
3159 2086 3380 2145 possunt
3414 2076 3673 2128 narrari:
3697 2089 3816 2144 qua:
3865 2088 3988 2126 vero

722 2195 825 2234 non
854 2183 928 2233 ita
957 2182 1159 2247 pridem
1187 2197 1248 2234 ac
1269 2192 1452 2234 nostra
1480 2191 1637 2236 (etate
1667 2189 1788 2233 sunt
1812 2190 1979 2248 gesta,
2010 2178 2152 2231 vobis
2187 2177 2399 2246 juvenis
2426 2191 2518 2246 ego
2570 2173 2821 2238 narrabo,
2856 2187 2973 2242 quin
3008 2171 3260 2223 nimirum
3285 2179 3406 2240 post
3435 2169 3662 2227 obitum,
3688 2173 3806 2236 post
3831 2181 3980 2220 exse—

720 2271 874 2340 quias
906 2271 1182 2343 Martyris,
1203 2289 1266 2326 ac
1286 2273 1412 2326 dum
1431 2273 1486 2326 in
1513 2274 1766 2328 suburbio
1794 2279 2109 2335 moraretur,
2137 2269 2465 2322 acciderunt.
2515 2265 2644 2322 Haec
2691 2265 2797 2322 sibi
2831 2266 3138 2319 enarranda
3174 2266 3471 2349 proposuit
3526 2266 3982 2333 Chrysostomus,

724 2374 918 2417 caetera
944 2367 1221 2420 communi
1263 2367 1402 2435 patri
1430 2376 1482 2420 et
1502 2366 1809 2445 senioribus
1833 2365 2315 2420 commemoranda
2363 2364 2604 2434 reliquit.
2643 2360 3063 2429 Verisimileque
3084 2369 3189 2423 εει,
3213 2361 3452 2429 aliquem
3474 2374 3537 2413 ex
3574 2358 3681 2410 illis
3707 2357 3775 2411 de
3799 2355 3979 2410 tribus

723 2459 912 2528 pueris
941 2459 1100 2512 verba
1129 2459 1342 2514 fecisse.
1370 2459 1571 2514 Eodem
1609 2461 1771 2528 igitur
1809 2474 1955 2513 anno
1988 2459 2169 2513 habita
2191 2469 2275 2513 est
2300 2460 2415 2515 haec
2455 2458 2702 2521 llomilia,
2735 2472 2845 2527 quo
2872 2457 3108 2510 llomilia!
3139 2458 3191 2509 in
3231 2457 3523 2516 Lazarum,
3562 2454 3772 2508 scilicet
3796 2467 3988 2505 mense

723 2549 1028 2605 Januario:
1053 2558 1106 2604 et
1127 2552 1343 2620 quidem
1372 2553 1443 2606 ει
1477 2552 1722 2621 ejusdem
1762 2551 1983 2615 mensis,
2024 2559 2083 2604 ut
2115 2550 2347 2614 videtur,
2385 2566 2494 2621 qua
2522 2549 2612 2605 die
2638 2549 3022 2620 Martyrologia
3052 2549 3237 2602 omnia
3273 2547 3472 2603 festum
3501 2546 3560 2601 S.
3594 2546 3813 2616 Babylai
3841 2546 3986 2600 indi-

729 2649 875 2695 cant.
907 2640 1011 2706 Qui
1041 2657 1169 2696 vero
1198 2641 1360 2696 fuerit
1387 2657 1564 2696 annus
1587 2642 1694 2705 ille,
1731 2658 1837 2696 non
1869 2641 1940 2695 ita
1968 2640 2123 2695 facile
2151 2651 2237 2695 est
2275 2640 2702 2712 deprehendere.
2730 2638 3115 2695 'l‘illemontius
3140 2655 3343 2694 annum
3390 2639 3634 2710 assignat
3669 2642 3776 2696 387
3815 2655 3830 2691 :
3867 2640 3990 2710 ejus

729 2732 1001 2789 calculum
1043 2716 1408 2796 excussimus,
1436 2732 1839 2802 levissimisque
1866 2732 2195 2801 conjecturis
2219 2733 2414 2787 fultum
2439 2747 2563 2787 esse
2586 2733 2940 2801 probavimus
2973 2733 3026 2786 in
3055 2730 3265 2785 Monito
3291 2731 3358 2786 ad
3390 2729 3682 2786 Homiliam
3710 2733 3762 2786 in
3787 2732 4003 2789 Kalen-
4031 2761 4038 2763 -

730 2823 854 2885 das.
877 2838 998 2892 qua:
1025 2822 1317 2877 llomiliam
1351 2824 1580 2893 primam
1609 2825 1676 2878 de
1709 2821 1920 2885 Lazaro
1954 2837 2064 2877 uno
2093 2822 2184 2876 die
2217 2822 2516 2892 praecessit.
2546 2822 2627 2877 ibi
2678 2822 2799 2877 vide
2831 2822 2928 2888 sis,
2959 2836 3171 2876 necnon
3198 2822 3253 2876 in
3281 2820 3488 2877 Monito
3521 2823 3590 2876 ad
3622 2821 3894 2880 Homilias
3930 2825 4004 2879 de

730 2914 962 2970 Lazaro.

830 3029 1076 3085 llomilia:
1118 3031 1171 3086 in
1215 3029 1273 3085 S.
1310 3029 1564 3100 Babylam
1597 3027 1983 3101 subiungimus
2034 3028 2230 3082 librum
2266 3028 2417 3082 illum
2448 3030 2745 3098 prolixum,
2801 3031 2889 3086 cui
2924 3030 3134 3095 titulus,
3168 3029 3234 3084 In
3282 3029 3344 3086 S.
3378 3029 3662 3104 Babylam,
3707 3041 3757 3086 et
3807 3043 4000 3088 contra

741 3123 1020 3178 Iulianum
1047 3134 1202 3192 atque
1227 3123 1457 3178 Gentiles
1501 3139 1519 3176 :
1548 3122 1813 3177 Savilium
1869 3130 1924 3176 et
1975 3119 2306 3174 Frontonem
2355 3120 2612 3176 Ducaeum
2645 3123 2838 3182 secuti.
2876 3122 2972 3191 qui
3025 3123 3279 3177 similiter
3315 3123 3460 3178 hunc
3493 3123 3693 3177 librum
3728 3133 3852 3194 post
3885 3123 4007 3180 Ho-

745 3214 950 3267 miliam
992 3214 1326 3268 locaverunt.
1367 3213 1591 3268 Librum
1625 3229 1887 3268 vocamus
1924 3229 1937 3264 :
1975 3228 2153 3282 neque
2199 3213 2345 3268 enim
2375 3214 2759 3268 existimamus
2782 3228 2905 3268 esse
2943 3214 3268 3268 concionem
3323 3216 3376 3267 in
3413 3223 3559 3270 cmtu
3612 3216 3796 3285 populi
3842 3215 4008 3276 habi-

743 3315 889 3370 tam;
927 3320 1050 3358 nam
1081 3313 1241 3360 tanta:
1267 3307 1588 3375 prolixitatis
1621 3307 1818 3360 librum
1851 3309 1977 3376 quis
2006 3323 2115 3361 una
2172 3306 2292 3360 vice
2325 3307 2739 3374 pronuntiatum
2792 3306 3022 3362 credat?
3072 3306 3226 3361 Adde
3265 3322 3372 3361 non
3433 3307 3716 3362 terminari
3757 3309 4010 3364 clausula

739 3398 856 3460 illa,
884 3413 990 3467 qua
1022 3398 1076 3451 in
1111 3398 1336 3466 gloriam
1360 3395 1643 3452 Trinitatis
1672 3400 1965 3454 conciones
1994 3413 2123 3452 suas
2149 3411 2342 3453 omnes
2372 3398 2576 3452 claudit
2595 3397 3048 3468 Cbrysostomus.
3079 3399 3159 3452 Ad
3187 3399 3302 3453 haec
3328 3409 3510 3453 autem
3545 3416 3698 3454 num.
3725 3401 3793 3454 14
3816 3401 3955 3456 dicit
3989 3420 4008 3458 ι

741 3488 871 3544 Ideo
900 3491 1036 3544 enim
1071 3492 1196 3544 vivis
1219 3490 1506 3543 etiamnum
1542 3488 1761 3543 testibus
1789 3490 1900 3544 hcc
1934 3493 2126 3557 scribo,
2155 3507 2278 3561 qua:
2305 3506 2440 3545 sane
2487 3491 2650 3546 verba
2693 3507 2797 3543 non
2857 3491 3110 3545 videntur
3145 3490 3298 3563 [550]
3333 3507 3454 3546 esse
3506 3495 3890 3551 concionantis
3949 3497 4005 3549 iu

741 3594 888 3639 cmtu
921 3583 1128 3652 populi.
1161 3583 1249 3646 At,
1279 3582 1510 3652 inquies,
1550 3598 1658 3638 non
1690 3585 1875 3652 paucis
1903 3586 1955 3639 in
1985 3587 2120 3641 locis
2165 3587 2433 3643 auusdam
2467 3599 2567 3639 ceu
2604 3595 2901 3652 praesentes
2929 3586 3247 3654 alloquitur.
3293 3583 3486 3655 ld.ego
3519 3586 3715 3651 fateor,
3747 3589 3844 3644 sed
3875 3605 4010 3645 ora-

742 3675 886 3729 torio
910 3689 1062 3728 more
1097 3683 1149 3727 et
1185 3675 1539 3728 declamantis
1561 3675 1666 3730 ritu
1690 3691 1789 3731 ceu
1821 3686 2119 3745 praesentes
2156 3679 2424 3748 quosdam
2461 3677 2793 3746 compellat:
2826 3692 2950 3730 nam
2985 3678 3162 3732 oratio
3194 3687 3306 3731 tota
3347 3679 3798 3735 declamationem
3833 3683 4012 3750 tropis

744 3769 1041 3838 dgurisque
1065 3768 1454 3824 redundantem
1482 3770 1661 3837 sapit;
1687 3771 1771 3825 vel
1804 3772 1972 3851 etiam
2009 3772 2156 3827 hunc
2208 3787 2304 3828 seu
2335 3774 2536 3827 librum
2572 3787 2670 3827 seu
2717 3773 3025 3828 orationem
3054 3775 3224 3829 texuit
3250 3773 3444 3829 amicis
3465 3785 3521 3830 et
3551 3775 3606 3829 in
3632 3778 3882 3833 conclavi
3925 3797 4014 3836 re-

741 3862 1044 3917 citandam.

814 3975 1052 4044 Tempus
1082 3994 1189 4044 quo
1224 3979 1339 4033 btee
1369 3978 1589 4046 scripsit
1610 3979 2039 4060 Clirysostomus
2061 3997 2254 4036 eruere
2301 3984 2428 4038 licet
2451 3999 2519 4038 ex
2550 3985 2670 4053 ejus
2694 3986 2874 4039 verbis
2921 4003 3074 4040 num.
3103 3989 3194 4054 21,
3232 3990 3324 4043 ubi
3357 3992 3490 4046 dicit
3532 3992 3645 4062 jam
3680 3994 4011 4064 vigesimum

743 4085 947 4123 almum
974 4071 1083 4140 agi.
1105 4088 1172 4125 ex
1207 4087 1317 4140 quo
1353 4070 1602 4126 Julianus
1630 4073 1892 4141 Apostata
1923 4075 2182 4142 templum
2211 4073 2728 4151 Jerosolymitanum
2779 4079 3087 4135 instaurare
3122 4095 3358 4140 conatus
3391 4093 3477 4140 est
3508 4099 3523 4137 :
3575 4086 3628 4140 id
3663 4100 3793 4141 vero
3830 4094 4014 4142 tenta-

744 4163 823 4215 vit
843 4159 1095 4217 Julianus
1126 4179 1270 4216 anno
1304 4164 1505 4228 Christi
1533 4159 1660 4228 362,
1710 4168 1854 4221 unde
1879 4177 2138 4237 sequatur
2176 4184 2321 4223 anno
2350 4169 2456 4224 582
2513 4156 2658 4226 hunc
2703 4173 2995 4243 scripsisse
3031 4175 3253 4234 librum.
3298 4177 3355 4233 Si
3384 4194 3654 4234 annorum
3709 4195 4009 4236 numerum

744 4263 998 4309 accurate
1024 4255 1267 4309 retulerit
1297 4255 1748 4325 Chrysostomus,
1783 4260 1950 4314 stabit
1990 4261 2252 4315 calculus.
2286 4259 2487 4317 Verum
2519 4264 2661 4319 solet
2684 4264 2773 4319 ille
2797 4280 2906 4320 nou
2937 4276 3092 4323 tanto
3115 4269 3378 4340 scrupulo
3404 4272 3503 4326 has
3525 4287 3640 4326 sua:
3674 4272 3842 4327 etiam
3876 4282 4016 4328 ata-

746 4346 818 4399 tis
844 4355 1001 4400 notas
1031 4361 1302 4415 apponere
1334 4365 1349 4403 :
1385 4350 1583 4402 etenim
1621 4349 1850 4405 llomilia
1878 4352 1948 4406 lll
1979 4353 2046 4408 de
2078 4353 2644 4424 lncomprebensibili,
2677 4374 2838 4427 quam
2889 4370 3135 4416 vertente
3155 4378 3301 4418 anno
3331 4363 3437 4418 386
3461 4365 3768 4422 certissime
3793 4367 4013 4435 habuit,

751 4449 930 4490 annos
961 4438 1087 4492 item
1120 4440 1308 4510 viginti
1344 4454 1596 4499 numerat
1627 4461 1658 4500 a
1706 4455 1948 4516 tempore
1986 4446 2187 4504 Juliani
2247 4451 2555 4521 Apostataa;
2615 4469 2740 4509 cum
2782 4464 2964 4510 autem
3024 4458 3115 4512 ille
3157 4474 3303 4514 anno
3341 4459 3447 4515 365
3501 4474 3674 4515 caesus
3705 4460 3799 4525 sit,
3832 4476 4014 4516 annos

748 4529 942 4581 saltem
981 4530 1168 4599 viginti
1197 4543 1432 4601 quatuor
1461 4536 1643 4592 dicere
1666 4539 1856 4594 debuit
1898 4558 1911 4593 :
1948 4557 2052 4594 non
2093 4543 2238 4596 enim
2275 4559 2305 4597 a
2336 4560 2468 4600 nece
2493 4546 2634 4615 ejus,
2675 4547 2768 4601 sed
2805 4564 2835 4602 a
2868 4557 3069 4603 tentata
3099 4551 3284 4619 templi
3313 4549 3758 4622 Jerosolymitani
3799 4552 4016 4608 instau-

749 4623 980 4684 ratione,
1012 4623 1173 4676 etiam
1199 4625 1292 4688 ibi,
1318 4627 1587 4682 calculum
1615 4629 1814 4686 ducere
1845 4632 2077 4686 videtur.
2114 4631 2249 4689 Vide
2292 4633 2564 4692 Monitum
2601 4638 2656 4693 in
2717 4637 2979 4696 llomilias
3003 4644 3069 4696 de
3100 4641 3672 4713 lncomprehensibili,
3707 4644 3800 4698 ubi
3834 4645 4008 4700 alium

749 4713 879 4767 buic
909 4713 1140 4768 similem
1165 4717 1646 4775 anacbrouismum
1675 4723 2055 4782 observamus.
2081 4728 2270 4799 Itaque
2319 4727 2426 4784 etsi
2478 4729 2623 4784 clare
2667 4730 2936 4787 calculum
2964 4744 3133 4803 ponat
3187 4734 3640 4807 Cbrysostomus,
3673 4751 3778 4792 non
3831 4752 4013 4807 usque

764 5023 1071 5040 Μ

1238 5240 1396 5322 DE
1447 5242 1891 5330 SANCTO
1939 5251 2872 5341 HIEROMARTYRE
2929 5244 3016 5326 (α)
3058 5254 3515 5338 BABYLA.

846 5438 894 5493 l.
915 5437 1163 5494 Volebam
1184 5441 1426 5511 equidem
1447 5441 1704 5500 hodierno
1719 5446 1805 5501 die
1823 5446 2055 5502 debitum
2084 5451 2329 5518 reddere,
2435 5454 2576 5523 quod
2603 5469 2770 5523 nuper
2797 5454 2968 5518 vobis,
3002 5469 3121 5506 cum
3149 5454 3234 5509 hic
3254 5470 3452 5519 essem,
3481 5455 3699 5523 promisi
3728 5472 3740 5507 :
3765 5455 3856 5508 sed
3884 5457 4014 5526 quid

767 5629 779 5638 ι
829 5569 1034 5638 (0)..va
1055 5571 1151 5630 ma.
1175 5571 1537 5638 “ﬁmum”,
1558 5589 1585 5624 a
1607 5581 1781 5629 amcis
1809 5582 1951 5630 medii
1975 5585 2064 5631 Mi
2089 5583 2228 5634 mulo
2245 5584 2332 5634 ω-
2437 5543 2668 5638 faciam?
2694 5545 2885 5598 Beatus
2910 5543 3137 5615 Babylas
3174 5545 3536 5638 interveniens
3560 5546 3908 5638 apparuit._et
3941 5547 4006 5638 1d

755 5632 886 5689 iecta
915 5632 1020 5681 fuit.
1045 5641 1139 5683 son
1159 5643 1233 5683 est
1255 5639 1403 5695 enim,
1426 5632 1479 5690 tit
1500 5639 1695 5700 quidem
1713 5642 1952 5703 existimo,
1981 5647 2118 5705 prisci
2135 5632 2274 5696 usas:
2285 5632 2296 5633 ί
2443 5636 2680 5706 seipsum
2722 5651 2818 5691 nos
2842 5640 3084 5702 vocavit;
3117 5653 3220 5694 non
3265 5637 3406 5709 quod
3450 5651 3631 5691 vocem
3668 5636 3895 5704 miserit,
3918 5635 4012 5690 scd
