4220 6300
313 423 415 480 5-27
1402 390 1507 472 ne
1531 417 1588 472 s.
1634 416 2185 472 nnznonsurvnn
2227 413 2520 468 summ.

3487 419 3518 473 5

3523 419 3556 471 Ξ

3560 417 3593 473 8

1055 626 1424 636 m
1441 625 2071 636 -.._.__.._—o.____..__._..__._..
2082 622 2701 633 .__..___.________—.-.-,._
2711 621 2748 629 ,η

1000 626 1459 649 L"__._-_'—“""‘-_._'
1464 625 3576 648 ΤΨ-Ὗηκ-τππκπππωω-τω
3141 625 3177 629 ’-
3185 625 3218 628 —
3251 625 3257 628 '
3267 625 3272 628 '
3292 625 3586 646 "._._..._-

1729 823 2167 884 ADMONITIO.

302 976 436 1032 adeo
461 984 675 1031 certum
700 985 804 1041 est,
842 992 910 1031 an
941 975 1074 1033 huic
1106 977 1319 1032 calculo
1347 977 1602 1033 standum
1631 978 1722 1033 sit.
1779 978 1833 1032 Id
1861 993 2030 1033 unum
2061 989 2356 1048 possumus
2384 975 2504 1031 sine
2546 975 2788 1045 periculo
2814 974 3016 1039 dicere,
3058 987 3203 1027 anno
3228 971 3447 1026 circiter
3477 968 3585 1025 582

305 1069 451 1122 hunc
477 1067 679 1122 librum
712 1084 742 1122 a
769 1068 1166 1139 Chrysostomo
1199 1069 1464 1137 scriptum
1498 1067 1689 1134 fuisse,
1734 1084 1912 1138 neque
1943 1077 2122 1122 tamen
2150 1081 2456 1136 repugnare
2497 1065 2541 1119 si
2573 1066 2656 1120 vel
2680 1064 2866 1134 paucis
2902 1073 3048 1129 ante,
3091 1062 3176 1116 vel
3231 1060 3422 1130 paucis
3455 1072 3592 1128 post

304 1159 464 1214 annis
488 1159 642 1214 illum
671 1160 923 1215 ediderit.
960 1158 1336 1225 Hermantius,
1361 1159 1457 1230 qui
1483 1169 1637 1230 putat
1667 1161 1815 1214 hunc
1852 1161 2050 1214 librum
2083 1173 2206 1214 esse
2230 1160 2546 1214 concionem
2597 1157 2662 1210 ad
2694 1156 2878 1226 populi
2932 1165 3136 1210 emtum
3167 1153 3434 1218 habitam,
3465 1149 3588 1205 vult

300 1266 420 1305 eam
445 1252 506 1316 in
532 1268 739 1308 annum
769 1253 874 1309 386
904 1270 1028 1309 cum
1056 1253 1365 1309 tardissime
1389 1252 1626 1309 conferri
1665 1271 1678 1305 :
1710 1252 1838 1322 quia
1861 1267 1927 1306 eo
1959 1252 2196 1322 primum
2220 1267 2364 1305 anno
2390 1250 2672 1321 presbyter
2700 1248 2880 1305 factus
2911 1247 3340 1318 Chrysostomus
3364 1245 3593 1302 concio-

299 1343 421 1398 nari
449 1346 618 1413 coepit
644 1361 659 1397 :
691 1360 816 1399 nam
857 1346 977 1414 ipso
1010 1344 1772 1416 testiﬁcanteChrysostomo,
1807 1344 2012 1398 nullam
2058 1353 2203 1409 ante,
2236 1359 2401 1413 quam
2432 1343 2714 1412 presbyter
2737 1350 2902 1406 esset,
2932 1340 3256 1394 concionem
3284 1338 3574 1392 habuerat.

298 1438 528 1505 Verum,
554 1449 615 1494 ut
645 1455 808 1509 supra
830 1440 1167 1505 dicebamus,
1194 1439 1404 1493 nullum
1437 1453 1548 1508 prae
1582 1453 1640 1493 se
1667 1437 1770 1492 fert
1799 1439 2016 1508 signum
2079 1437 2166 1490 hic
2208 1437 2346 1490 liber
2378 1436 2658 1492 concionis
2693 1435 2758 1489 ad
2799 1434 3072 1504 populum
3128 1432 3347 1496 habitae,
3390 1438 3589 1499 estque

299 1539 468 1586 tanta:
504 1531 829 1600 prolixitatis
857 1538 918 1584 ut
945 1546 1053 1586 non
1078 1532 1318 1602 potuerit
1346 1547 1452 1586 una
1480 1532 1657 1586 solum
1717 1531 1833 1585 vice
1867 1530 2107 1584 recitari.
2134 1529 2216 1584 Ad
2250 1531 2365 1584 haec
2391 1543 2522 1583 vero
2557 1531 2681 1597 quis
2711 1527 2899 1582 credat
2930 1541 3055 1581 eum
3087 1524 3466 1594 longissimam
3515 1522 3587 1574 il-

295 1621 406 1678 lam
439 1627 712 1682 monodim
743 1626 957 1693 Libauii
980 1625 1386 1689 refutationem,
1426 1639 1550 1694 quae
1580 1623 1812 1678 mediam
1838 1622 2012 1678 ferme
2054 1612 2264 1692 partem
2293 1620 2416 1675 libri
2450 1628 2705 1690 occupat,
2740 1619 2792 1672 in
2840 1626 2985 1674 ccetu
3013 1615 3202 1688 populi
3234 1614 3529 1685 protulisse
3561 1610 3585 1663 2

293 1712 577 1771 Hactenus
605 1717 671 1772 de
703 1727 967 1788 tempore.

361 1833 769 1904 Argumentum
797 1833 922 1888 libri
947 1841 1027 1888 est
1065 1831 1292 1888 historia
1320 1830 1569 1902 martyrii
1594 1829 1651 1884 S.
1677 1829 1895 1902 Babylze
1928 1829 2187 1900 Episcopi
2215 1829 2566 1896 Antiocheni,
2596 1827 2990 1884 declamatorio
3024 1841 3177 1882 more
3217 1833 3440 1880 narrata
3470 1833 3583 1879 tro-

290 1926 489 1997 pisque
513 1925 863 1994 redundans;
901 1926 955 1980 in
986 1940 1093 1996 qua
1126 1925 1444 1995 plerumque
1473 1925 1756 1980 veritatem
1780 1922 2077 1979 desideres.
2107 1923 2239 1976 Nam
2274 1933 2335 1978 ut
2367 1932 2577 1977 certum
2617 1921 2877 1976 existimo
2905 1919 2963 1975 S.
3001 1918 3265 1989 Babylam
3297 1931 3396 1987 pro
3418 1915 3585 1971 Chri-

290 2035 378 2080 sto
405 2040 611 2081 caesum
644 2040 786 2091 esse,
811 2024 886 2080 ita
921 2037 1092 2095 genus
1117 2032 1172 2078 et
1205 2038 1431 2080 causam
1485 2022 1737 2094 martyrii
1765 2037 1832 2076 ex
1862 2021 2046 2091 pepuli
2099 2035 2323 2075 rumore
2362 2022 2566 2090 potius,
2597 2034 2760 2098 quam
2797 2033 2864 2073 ex
2909 2023 3036 2073 vera
3075 2032 3257 2072 rerum
3301 2024 3585 2086 gestarum

288 2120 524 2175 historia
555 2134 585 2172 a
609 2118 1001 2188 Chrysostomo
1030 2115 1266 2186 proferri
1293 2132 1400 2172 non
1441 2116 1670 2172 dubium
1697 2124 1801 2172 est.
1859 2116 1995 2170 Nam
2025 2115 2172 2184 quis,
2209 2128 2417 2185 quaeso,
2485 2112 2576 2167 ille
2611 2097 2777 2165 fuerit
2829 2110 3206 2164 Romanorum
3272 2108 3580 2178 Imperator

285 2214 664 2278 Christianus,
691 2212 787 2280 qui
825 2212 956 2266 inita
989 2227 1113 2267 cum
1145 2225 1272 2283 rege
1297 2211 1531 2267 barbaro
1558 2225 1714 2282 pace,
1758 2213 1839 2277 {ea
1869 2210 2209 2274 conditione,
2242 2216 2301 2262 ut
2356 2206 2527 2261 filium
2567 2208 2654 2261 ille
2678 2206 2783 2262 sibi
2811 2202 3159 2259 educandum
3188 2202 3448 2265 traderet,
3485 2217 3582 2255 ac-

285 2315 510 2374 ceptum
545 2319 644 2374 pro
673 2305 898 2373 pignore
924 2303 1079 2374 pacis
1102 2304 1274 2358 filium
1300 2303 1589 2360 confestim
1609 2302 1965 2375 jugulaverit,
2007 2317 2184 2373 eaque
2223 2303 2293 2357 de
2324 2317 2490 2357 causa
2520 2318 2548 2356 a
2577 2303 2737 2355 beato
2774 2299 2976 2370 Babyla
3027 2297 3275 2353 ecclesiae
3312 2296 3464 2351 aditu
3495 2296 3582 2350 in-

285 2399 589 2461 terclusus,
629 2396 878 2451 eumdem
914 2394 972 2450 S.
1025 2395 1312 2466 praesulem
1349 2397 1405 2451 in
1449 2411 1728 2452 carcerem
1772 2397 1916 2451 trudi
1960 2404 2015 2450 et
2042 2395 2360 2449 obtruncari
2390 2392 2659 2463 jusserit?
2710 2391 2868 2446 Hunc
2894 2383 3295 2460 Imperatorem
3346 2387 3572 2458 quidam

282 2491 402 2545 sive
431 2491 765 2546 scholiastes
797 2491 912 2546 sive
941 2491 1201 2546 librarius
1224 2490 1357 2545 dicit
1393 2505 1517 2547 esse
1545 2489 1963 2546 Numerianum.
2018 2489 2141 2556 Quo
2173 2490 2305 2559 quid
2341 2488 2623 2558 ineptius?
2658 2486 2796 2541 Nam
2831 2486 2916 2541 vel
2949 2485 3328 2540 Christianum
3385 2484 3571 2539 dicere

282 2581 709 2648 Numerianum.
743 2581 827 2638 vel
857 2581 1264 2638 interfectorem
1299 2582 1587 2653 cujusdam
1633 2583 1776 2653 regis
1807 2582 2166 2638 barbarorum
2200 2581 2298 2636 ﬁlii
2338 2582 2392 2636 in
2436 2581 2590 2651 pacis
2617 2581 2816 2651 pignus
2863 2580 2969 2636 sibi
3002 2579 3209 2644 traditi,
3263 2594 3419 2649 mque
3452 2595 3582 2633 cum

282 2686 416 2728 vera
453 2673 686 2728 historia
717 2685 940 2743 pugnat.
975 2671 1084 2727 Nec
1111 2673 1287 2742 magis
1313 2673 1555 2728 creditur
1577 2673 1729 2730 Actis
1781 2673 2110 2744 quibusdam
2144 2687 2175 2727 a
2204 2671 2472 2729 Bollando
2511 2672 2673 2728 editis
2707 2673 2775 2726 ad
2813 2672 2882 2728 24
2915 2671 3188 2737 Januarii,
3216 2671 3311 2727 ubi
3365 2669 3576 2727 Nume-

281 2763 482 2817 rianus
504 2762 778 2817 idolorum
799 2761 980 2816 cultor
1009 2760 1288 2816 inducitur
1321 2760 1377 2816 S.
1415 2762 1672 2834 Babylam
1702 2771 1917 2818 tentans
1944 2764 2010 2817 ad
2049 2763 2386 2835 impietatem
2441 2778 2599 2821 suam
2632 2763 2867 2830 trahere,
2906 2763 3201 2833 ipsumque
3230 2779 3357 2818 eum
3389 2763 3578 2833 pueris

280 2855 618 2926 quibusdam
643 2837 891 2924 martyrii
922 2853 1096 2924 ‘gloria
1125 2852 1367 2909 alliciens
1396 2868 1410 2905 :
1447 2869 1569 2924 qua:
1601 2863 1751 2910 certe
1781 2870 1891 2910 non
1926 2866 2158 2926 possunt
2187 2856 2256 2911 ad
2313 2856 2576 2927 Babylam
2606 2865 2858 2912 nostrum
2897 2856 3114 2910 referri.
3167 2855 3304 2911 Hinc
3331 2856 3568 2927 quaestio

281 2950 467 3005 oritur
495 2962 565 3001 an
595 2946 779 3017 plures
811 2943 1054 3014 ejusdem
1082 2945 1324 3000 nominis
1362 2945 1490 3002 sint.
1529 2946 1647 3014 Qua
1679 2946 1748 3002 de
1772 2963 1832 3002 re
1877 2947 2004 3003 vide
2030 2947 2359 3002 Bollandum
2391 2947 2445 3002 in
2477 2948 2630 3004 Actis
2661 2946 2762 3004 SS.
2796 2947 3050 3002 Januarii
3094 2949 3187 3003 2|.
3254 2949 3574 3006 Verisimile

279 3041 456 3110 igitur
485 3049 571 3094 est
601 3039 690 3092 hic
718 3037 1106 3108 Imperatorem
1138 3035 1450 3108 Philippum
1485 3038 1799 3102 memorari,
1861 3038 1955 3109 qui
1997 3039 2211 3109 imperii
2238 3039 2532 3094 invadendi
2556 3055 2720 3096 causa
2752 3056 2898 3096 czeso
2954 3042 3234 3099 Gordiano
3293 3045 3577 3115 Augusto,

275 3143 578 3204 postquam
617 3116 728 3186 tam
753 3131 942 3202 iniqua
971 3131 1117 3186 caede
1146 3131 1258 3185 voti
1281 3146 1507 3201 compos
1539 3131 1715 3189 factus
1750 3132 2100 3188 Antiochiam
2125 3143 2374 3199 venerat,
2404 3132 2692 3206 Paschatis
2729 3143 2976 3204 tempore
3010 3138 3077 3190 ad
3117 3137 3410 3193 ecclesiam
3439 3153 3578 3208 pre-

275 3241 410 3282 cum
463 3226 964 3296 mysteriorumque
997 3239 1228 3280 consors
1286 3223 1528 3291 futurus,
1570 3225 1882 3282 accedebat.
1921 3227 2043 3295 Quo
2094 3236 2404 3298 comperto,
2439 3226 2500 3283 S.
2526 3227 2755 3297 Babylas
2784 3228 3137 3284 accedentem
3172 3230 3565 3300 Imperatorem

277 3317 508 3388 repulit,
555 3305 802 3373 ecclesiﬁ:
829 3318 979 3372 aditu
1009 3318 1311 3384 interdixit,
1343 3328 1395 3374 et
1419 3321 1804 3388 paenitendum
1835 3322 1957 3377 loco
1984 3337 2043 3378 se
2074 3323 2270 3379 sistere
2298 3321 2488 3393 jussit,
2546 3321 2722 3377 donec
2753 3323 3074 3393 paenitentia
3103 3324 3293 3380 abluto
3321 3327 3579 3396 expiato-

276 3425 390 3480 que
424 3410 652 3474 scelere,
707 3409 776 3464 ad
805 3409 1250 3464 communionem
1298 3411 1538 3466 fidelium
1568 3422 1756 3482 postea
1807 3415 2160 3484 reciperetur.
2196 3413 2350 3470 Hanc
2385 3431 2417 3470 a
2451 3414 2511 3470 S.
2565 3414 2803 3486 prasule
2839 3416 3117 3484 repulsam
3168 3427 3327 3487 grato
3379 3418 3568 3474 animo

277 3504 644 3575 modesteque
667 3504 858 3560 tulisse
881 3503 1217 3575 Philippum,
1252 3514 1443 3560 narrat
1474 3504 1764 3571 Eusebius,
1802 3506 2043 3576 itemque
2071 3509 2457 3578 paenitentiam
2486 3509 2672 3564 locum
2707 3507 2930 3574 adiisse,
2964 3523 3029 3563 ac
3060 3517 3174 3564 tum
3209 3519 3580 3582 posteaquam

274 3596 493 3652 crimen
521 3596 823 3652 secundum
848 3597 1107 3653 Ecclesiae
1137 3605 1339 3653 statuta
1367 3597 1678 3666 confessus,
1729 3599 2165 3672 exhomologesi,
2203 3610 2264 3656 ut
2294 3603 2585 3670 vocabant,
2611 3603 2777 3668 facta,
2813 3604 3162 3672 deposuerat,
3191 3602 3246 3658 in
3274 3602 3580 3661 Ecclesiam

276 3689 594 3746 admissum
619 3691 810 3747 fuisse.
843 3691 958 3747 Sub
989 3693 1106 3749 haec
1129 3701 1312 3748 autem
1343 3695 1650 3764 imperante
1684 3695 1870 3764 Decio,
1908 3696 2352 3752 Christianorum
2391 3701 2570 3766 hoste,
2599 3699 2660 3755 B.
2688 3698 2925 3771 Babylas
2957 3715 3056 3770 pro
3076 3699 3303 3757 Christo
3330 3704 3576 3758 cervices

275 3782 452 3840 dedit.
488 3783 648 3851 Quod
681 3784 748 3840 de
783 3785 1110 3855 poenitentia
1137 3786 1315 3856 deque
1339 3785 1764 3844 Christianismo
1793 3788 2029 3860 Philippi
2072 3789 2141 3844 ab
2174 3788 2415 3845 Eusebio
2449 3807 2560 3845 non
2586 3791 2743 3861 quasi
2772 3801 3006 3858 certum,
3032 3793 3127 3847 sed
3157 3808 3257 3848 ceu
3293 3811 3322 3848 a
3352 3795 3584 3864 quibus-

275 3875 407 3930 dam
443 3877 688 3931 auditum
716 3889 993 3943 narratur,
1027 3893 1058 3932 a
1088 3879 1276 3934 multis
1304 3889 1531 3934 vocatur
1561 3880 1616 3934 in
1668 3881 1919 3936 dubium.
1951 3881 2230 3936 Adeantur
2264 3883 2320 3949 ii,
2364 3884 2456 3953 qui
2486 3899 2549 3939 ex
2583 3885 2836 3940 instituto
2870 3900 2982 3940 rem
3017 3885 3270 3955 pluribus
3299 3897 3575 3943 tractave-

275 3979 431 4025 runt.
468 3967 778 4025 Verisimile
800 3979 982 4026 autem
1015 3979 1119 4037 est,
1163 3972 1240 4026 uti
1274 3971 1545 4036 dicebam,
1577 3987 1644 4027 ex
1670 3973 1901 4029 historia
1949 3975 2042 4030 illa
2077 3977 2340 4032 Gordiani
2390 3994 2420 4032 a
2446 3977 2696 4048 Philippo
2726 3979 2853 4034 caasi
2887 3994 3145 4036 manasse
3196 3981 3369 4046 illam,
3407 3999 3578 4052 quam

277 4060 537 4130 superius
566 4077 634 4116 ex
666 4061 1064 4132 Cbrysostomo
1093 4063 1420 4131 retulimus;
1449 4065 1543 4121 sed
1577 4065 1650 4121 ita
1678 4066 2022 4137 deturpatam
2046 4068 2521 4141 deformatamque
2553 4071 2609 4125 in
2636 4071 2895 4128 omnibus
2921 4071 3038 4128 suis
3061 4071 3334 4144 partibus,
3372 4083 3434 4128 ut
3467 4074 3577 4128 alia

277 4152 502 4223 penitus
533 4168 654 4210 esse
689 4152 977 4224 videatur.,

350 4275 540 4347 Longe
568 4278 788 4332 saniora
815 4288 943 4331 sunt
973 4293 1094 4347 quae
1127 4278 1193 4333 de
1233 4279 1482 4349 reliquiis
1512 4280 1569 4335 S.
1601 4281 1818 4354 Babylo:
1852 4299 1918 4337 ex
1953 4283 2221 4339 suburbio
2256 4283 2510 4355 Daphnes
2542 4287 2598 4342 in
2631 4288 2822 4355 urbem
2853 4288 3206 4346 Antiochiam
3238 4290 3575 4363 Chrysosto~

277 4387 404 4427 mus
430 4380 698 4434 recenset,
728 4385 938 4425 necnon
968 4371 1036 4426 de
1071 4373 1274 4441 templo
1296 4374 1564 4443 Apollinis
1593 4375 1860 4433 divinitus
1893 4387 2040 4433 tacto
2068 4390 2123 4434 et
2143 4381 2457 4436 combusto.
2487 4381 2697 4437 Horum
2726 4383 2872 4438 enim
2910 4399 3017 4439 non
3054 4386 3172 4454 ipse
3199 4387 3366 4441 modo
3396 4387 3545 4458 Chry
3572 4420 3578 4430 ι

277 4475 560 4522 sostomus
581 4464 732 4537 [551]
757 4466 1008 4521 oculatus
1049 4467 1199 4522 testis
1227 4477 1362 4529 erat,
1394 4469 1486 4522 sed
1515 4471 1678 4524 etiam
1719 4487 1910 4528 omnes
1934 4474 2055 4543 ejus
2090 4476 2392 4544 auditores,
2425 4493 2568 4548 quos
2594 4479 2648 4532 in
2677 4479 2906 4536 homilia
2935 4496 3035 4537 sua
3066 4481 3390 4553 alloquitur.
3425 4485 3576 4542 illius

277 4558 428 4613 enim
461 4557 694 4630 prodigii
720 4571 846 4615 cum
873 4556 929 4612 in
960 4557 1184 4614 homilia
1218 4568 1331 4614 tum
1365 4560 1420 4613 in
1457 4561 1597 4617 libro
1636 4563 1703 4618 de
1731 4562 1933 4635 Bahyla
1965 4567 2300 4622 mentionem
2337 4567 2488 4624 facit.

349 4675 603 4732 Homilize
640 4678 1014 4749 interpretatio
1071 4662 1266 4739 Latina
1295 4694 1378 4739 est
1406 4684 1700 4742 Frontonis
1750 4687 1956 4743 Ducaai.
1988 4689 2136 4744 Libri
2197 4669 2327 4748 vero
2374 4690 2430 4747 in
2463 4692 2727 4764 Babylam
2761 4703 2817 4750 et
2852 4703 3046 4749 contra
3077 4692 3358 4750 Iulianum
3399 4697 3572 4752 inter-

278 4771 640 4840 pretationem
676 4788 870 4828 novam
901 4774 1316 4842 adornavimus,
1349 4780 1477 4850 quia
1506 4779 1762 4836 Germani
1792 4782 1957 4838 Brixii
1999 4785 2112 4851 illa,
2148 4801 2270 4856 quae
2309 4786 2363 4840 in
2394 4785 2551 4857 prius
2589 4787 2756 4844 editis
2785 4800 2924 4856 erat,
2951 4790 3315 4860 paraphrasin
3344 4789 3573 4844 omnino

280 4863 544 4932 sapiebat.

325 5168 3152 5210 ——-————-——-——-—-———————————_____._________________

795 5329 970 5416 ΕΙΣ
1026 5332 1253 5416 TON
1310 5325 1649 5419 ᾹΓΙΟΝ
1703 5333 2468 5430 ΙΕΡΟΜΑΡΤΥΡΑ
2524 5346 3056 5439 ΒΑΒΥΛΑΝ.

353 5619 1413 5727 ᾀτξοδῗῦναιτῖὸ
1432 5630 1590 5727 χρέεἶς
1605 5634 1866 5727 ῗήμεῇνῗ
1977 5637 2028 5727 τι
2061 5637 2250 5727 ﬁdem;
2286 5641 2507 5727 λξεταξὺ
2541 5645 2731 5710 φανεὶς
2764 5649 2791 5700 ὁ
2825 5648 3094 5720 μακάριος
3127 5652 3395 5716 Βαϐύλας,
3427 5655 3564 5727 πρὸς

285 5705 316 5758 ὖ
349 5706 540 5775 πρώην
580 5701 816 5861 trama
861 5706 1152 5862 γεέξμενὲς
1195 5710 1511 5812 ὑπέσχόμην
1544 5701 1698 5788 om
1735 5701 1871 5772 ἀλλὰ
1978 5721 2171 5777 ἑαυτὸν
2218 5701 2368 5793 ἡμᾶς
2415 5701 2791 5795 ὲέςάλὲεεν,ὀύ
2825 5701 3561 5813 ιφωνῦίννήὲιφεῖξίὸῖὶῖίάτεέί

658 5814 888 5860 Ατιιοι..
982 5819 1042 5862 ιι.
1137 5847 1150 5862 .
3215 5818 3249 5878 8
