4220 6316
301 399 415 456 5‘29

297 525 448 597 quod
482 522 748 598 splendidi
790 523 901 578 oris
927 520 1187 592 dignitate
1224 532 1321 574 nos
1348 517 1413 573 ad
1457 532 1517 573 se
1550 515 1897 572 converterit.

297 619 381 674 Ne
400 620 559 691 igitur
586 632 730 688 aegre
751 615 954 676 feratis,
987 613 1031 667 si
1059 611 1285 667 reddere
1311 610 1655 664 differamus:
1685 610 1905 662 omnino

294 714 449 767 enim
486 719 687 783 quanto
714 705 1044 777 protrahitur
1075 716 1286 773 tempus
1310 702 1540 772 longius,
1572 711 1722 757 tanto
1748 700 1903 754 vobis

294 812 359 856 et
386 802 564 859 imitus
591 805 845 870 augetur:
866 811 986 851 nam
1016 796 1293 867 pecuniam
1323 809 1442 848 eum
1460 791 1669 849 fanore
1696 792 1900 863 persol-

297 907 493 947 vetnus
519 888 667 961 (Luc.
700 888 785 945 l9.
809 886 939 958 25);
974 884 1189 956 quando
1215 885 1285 939 ita
1315 884 1571 939 Dominus
1606 883 1787 953 jussit,
1811 882 1899 951 qui

294 995 503 1041 nostra:
534 984 674 1038 illam
701 979 822 1036 ﬁdei
846 979 1139 1035 commisit.
1195 977 1251 1031 In
1293 987 1417 1033 tuto.
1436 990 1565 1047 ergo
1590 991 1702 1031 rem
1727 976 1901 1031 credi-

294 1086 408 1129 tam
442 1074 556 1129 fore
601 1071 935 1128 conﬁdentes
960 1111 975 1135 ,
1014 1076 1199 1139 utpote
1227 1081 1348 1122 cum
1394 1082 1512 1121 sors
1541 1065 1692 1131 vobis
1716 1074 1770 1120 et
1813 1065 1896 1119 iu-

287 1182 452 1223 crum
473 1166 693 1221 immota
720 1173 775 1219 et
801 1173 949 1219 certa
974 1168 1269 1228 maneant,
1295 1160 1714 1231 interrepentem
1737 1158 1897 1214 hodie

286 1269 567 1330 qumstum
592 1275 658 1313 ne
685 1256 1179 1327 praetermittamus,
1211 1252 1305 1309 sed
1334 1253 1608 1324 praeclaris
1636 1254 1775 1309 beati
1796 1253 1896 1307 Ba-

288 1352 437 1423 bylm
465 1350 796 1406 facinoribus
826 1348 1178 1402 oblectemur.

363 1442 592 1514 Babylas
628 1440 953 1495 Antiocheam
985 1437 1210 1494 ecclesia:
1237 1434 1545 1509 Episcopus.
1574 1465 1649 1477 -—
1707 1435 1890 1491 Enim-

283 1547 423 1587 vero
450 1548 556 1603 quo
587 1540 737 1600 pacto
760 1527 1046 1601 praefectus
1088 1527 1210 1582 huic
1254 1526 1512 1583 Ecclesia:
1554 1538 1750 1581 nostra:
1780 1527 1890 1581 fue-

281 1622 383 1690 rit,
414 1632 471 1678 et
496 1624 549 1677 in
574 1622 762 1678 mediis
788 1620 1057 1690 procellis,
1085 1617 1511 1689 tempestatibus,
1536 1616 1890 1689 ﬂuctibinque

283 1726 498 1768 sacram
528 1712 665 1767 hanc
707 1711 883 1766 navim
914 1710 1147 1766 servarit
1168 1749 1184 1776 ,
1226 1717 1585 1779 quantamque
1613 1708 1884 1773 iiduciam,

280 1816 413 1858 cum
441 1803 820 1873 imperatorem
850 1802 1235 1872 alloqueretur,
1259 1815 1369 1871 pne
1388 1814 1447 1855 se
1475 1801 1675 1867 tulerit,
1701 1810 1755 1855 et
1778 1816 1886 1871 quo

279 1903 447 1963 pacto
476 1908 575 1963 pro
604 1893 791 1949 ovibus
817 1892 1049 1948 animam
1075 1907 1226 1947 suam
1256 1892 1529 1963 posuerit,
1580 1907 1645 1947 ac
1673 1892 1882 1948 beatam

279 1985 431 2039 illam
458 1984 659 2041 easdem
684 1983 929 2052 subierit,
960 1983 1073 2038 hmo
1091 1993 1146 2039 et
1173 1982 1274 2037 alia
1296 1981 1558 2053 ejusmodi
1577 1982 1881 2038 senioribus

276 2074 755 2131 commemoranda
796 2073 1107 2129 doctoribus
1136 2083 1192 2127 et
1225 2074 1495 2128 communi
1529 2073 1664 2144 patri
1694 2082 1881 2129 nostro

274 2168 692 2234 relinquemus:
733 2181 821 2222 res
858 2165 1001 2221 enim
1051 2166 1383 2236 antiquiores
1429 2166 1685 2235 praeclare
1730 2164 1880 2220 vobis

272 2272 309 2311 a
370 2257 586 2313 senibus
628 2264 851 2327 possunt
898 2255 1143 2321 narrari;
1186 2272 1305 2327 qua:
1345 2270 1473 2311 vero
1509 2271 1618 2311 non
1659 2255 1730 2311 ita
1765 2256 1877 2326 pri-

273 2349 399 2404 dem
427 2364 490 2405 ac
524 2360 706 2405 nostra
735 2358 892 2405 aetate
940 2359 1065 2405 sunt
1108 2358 1278 2420 gesta,
1322 2348 1476 2405 vobis
1516 2348 1731 2419 juvenis
1774 2364 1875 2419 ego

272 2441 507 2495 narrabo
528 2480 545 2507 ,
574 2457 693 2511 qua:
723 2439 974 2495 nimirum
1011 2451 1131 2511 post
1156 2440 1359 2496 obitum
1385 2482 1401 2505 ,
1445 2448 1566 2509 post
1592 2441 1873 2510 exsequias

271 2533 543 2602 martyris,
570 2547 633 2587 ac
656 2531 781 2586 dum
812 2531 863 2585 in
895 2530 1155 2586 suburbio
1182 2540 1499 2595 moraretur,
1534 2531 1866 2586 acciderunt.

268 2623 353 2675 Ac
374 2623 486 2677 seio
514 2618 925 2693 equidemjore,
956 2631 1011 2675 ut
1039 2622 1361 2691 promissum
1383 2632 1623 2676 nostrum
1645 2621 1869 2692 gentiles

267 2712 548 2775 irrideant,
580 2713 721 2783 quod
746 2721 866 2782 post
885 2713 1088 2767 obitum
1117 2723 1172 2768 et
1192 2712 1476 2782 exsequias
1502 2713 1639 2782 ejus,
1666 2713 1754 2781 qui
1779 2726 1866 2767 se-

266 2805 453 2872 pultus
494 2805 563 2860 sit
604 2814 661 2861 et
702 2807 754 2859 in
796 2806 1032 2860 cinerem
1075 2804 1410 2873 dissolutus,
1457 2819 1557 2861 nos
1608 2805 1863 2875 praeclara

264 2894 502 2950 facinora
543 2905 1058 2952 commemoraturos
1088 2898 1462 2966 promittanws
1495 2914 1509 2953 :
1537 2910 1642 2952 non
1686 2907 1861 2951 tamen

262 2984 468 3042 idcirco
515 2988 847 3052 tacebimns,
899 2987 993 3043 sed
1042 2987 1113 3041 ob
1156 2993 1256 3042 hoc
1299 2988 1471 3057 ipsum
1524 2989 1860 3057 potissimum

258 3079 427 3133 verba
452 3078 747 3146 faciemus,
786 3089 842 3134 ut
866 3095 987 3135 cum
1021 3095 1133 3134 rem
1169 3079 1325 3133 istam
1352 3079 1653 3134 mirabilem
1674 3088 1857 3135 osten-

256 3169 499 3225 derimus
519 3214 534 3236 ,
576 3172 743 3226 risum
770 3181 822 3227 et
854 3186 1048 3225 sannas
1071 3171 1122 3224 in
1156 3172 1367 3227 illorum
1394 3179 1554 3241 caput
1574 3181 1855 3227 converts-

256 3279 402 3319 mus.
446 3264 576 3320 Nam
613 3267 841 3321 hominis
881 3267 1097 3337 quidem
1137 3267 1370 3337 cujusvis
1398 3276 1545 3323 recte
1570 3266 1708 3323 facta
1738 3276 1857 3337 post

256 3366 487 3411 mortem
534 3372 653 3413 esse
693 3366 1002 3429 nequeunt,
1046 3360 1295 3431 martyris
1338 3374 1469 3415 vero
1511 3368 1565 3415 et
1596 3360 1760 3415 multa
1801 3369 1857 3414 et

255 3465 448 3519 magna
476 3464 594 3505 esse
626 3462 848 3521 possunt
874 3469 886 3504 :
919 3466 1022 3506 non
1054 3461 1111 3506 ut
1137 3452 1225 3507 ille
1248 3451 1340 3507 ﬁat
1370 3452 1652 3517 illustrior;
1680 3467 1854 3522 neque

254 3543 402 3596 enim
451 3541 540 3597 ille
583 3543 1051 3599 commendatione
1094 3544 1293 3614 indiget
1336 3544 1478 3614 vulgi
1511 3562 1523 3597 :
1555 3544 1649 3599 sed
1699 3552 1755 3598 ut
1797 3555 1850 3599 tu

254 3633 454 3697 discas,
484 3632 732 3700 inﬁdelis,
758 3643 984 3689 mortem
1010 3644 1301 3707 martyrum
1327 3651 1434 3691 non
1457 3651 1577 3690 esse
1598 3646 1846 3700 mortem,

253 3723 352 3779 sed
380 3723 586 3778 initium
616 3724 737 3781 vita:
763 3726 1022 3794 melioris,
1074 3728 1345 3797 magisque
1385 3728 1675 3795 spiritualis
1715 3743 1847 3782 con-

253 3814 575 3869 versationis
618 3815 934 3883 prmludium
959 3861 972 3882 ,
1014 3826 1176 3887 atque
1201 3832 1229 3871 a
1257 3817 1610 3873 deterioribus
1639 3818 1703 3872 ad
1738 3835 1852 3874 me-

253 3908 387 3961 liora
411 3908 952 3979 transmigrationem.
980 3908 1098 3964 Noli
1131 3911 1273 3965 enim
1306 3910 1408 3965 hoc
1448 3919 1711 3980 spectare,
1742 3927 1843 3965 nu-

251 3998 383 4055 dum
428 4003 676 4073 martyris
712 4016 907 4074 corpus
953 4004 1146 4060 anima:
1188 4007 1501 4075 operatione
1530 4006 1843 4062 destitutum

249 4104 374 4145 esse
400 4093 764 4162 propositum;
810 4095 905 4150 sed
937 4096 1065 4151 illud
1100 4098 1401 4163 considera,
1445 4100 1702 4169 majorem
1732 4102 1843 4171 ipsa

250 4183 428 4236 anima
454 4182 704 4239 virtutem
728 4185 802 4240 illi
824 4187 1111 4255 quamdam
1134 4189 1391 4255 assidere,
1418 4190 1645 4259 Spiritus
1673 4195 1843 4249 sancti

250 4273 501 4329 virtutem
528 4316 543 4343 ,
588 4292 706 4345 qua:
753 4278 912 4333 editis
950 4294 978 4332 a
1006 4296 1065 4335 se
1092 4282 1368 4337 miraculis
1399 4284 1646 4339 omnibus
1692 4300 1842 4355 Spem

250 4375 453 4419 certam
484 4369 890 4424 resurrectionis
912 4370 1027 4441 ejus
1051 4370 1193 4428 facit.
1224 4372 1278 4427 Si
1305 4374 1447 4428 enim
1474 4379 1699 4431 mortuis
1723 4393 1842 4433 cor-

249 4458 469 4527 poribus
493 4468 545 4513 et
572 4460 622 4512 in
652 4461 919 4530 pulverem
948 4463 1195 4518 resolutis
1218 4466 1495 4535 majorem,
1519 4483 1677 4538 quam
1709 4470 1843 4526 vivis

248 4547 538 4614 omnibus,
582 4550 834 4605 virtutem
874 4551 1015 4608 Deus
1059 4553 1281 4623 largitus
1303 4565 1424 4622 est,
1475 4559 1643 4613 multo
1674 4561 1841 4630 magis

248 4640 412 4693 vitam
445 4639 549 4694 illis
572 4641 745 4710 priore
764 4644 1024 4712 potiorem
1048 4659 1112 4699 ac
1132 4644 1444 4715 feliciorem,
1473 4666 1577 4720 quo
1600 4659 1841 4721 tempore

246 4744 475 4785 coronas
505 4731 741 4800 dividet,
792 4733 1065 4805 largietur.
1118 4738 1248 4806 Quae
1291 4740 1502 4795 tandem
1535 4742 1696 4813 igitur
1726 4743 1841 4813 ejus

245 4831 373 4876 sunt
396 4833 544 4878 recte
568 4824 741 4879 facta?
775 4826 1150 4883 Verumtamen
1174 4832 1339 4887 nolite
1361 4835 1584 4900 turbari,
1618 4837 1662 4889 si
1682 4838 1842 4906 paulo

246 4915 411 4970 altius
452 4929 755 4973 sermonem
794 4906 1145 4977 duxerimus:
1176 4938 1296 4979 nam
1328 4935 1383 4981 et
1425 4928 1513 4998 qui
1558 4940 1703 4985 recte
1742 4947 1840 4986 vo-

247 5006 365 5062 lunt
401 5007 661 5079 imagines
685 5014 1002 5080 spectandas
1024 5032 1341 5086 proponere,
1367 5034 1487 5076 cum
1511 5031 1840 5091 spectatores

248 5099 521 5167 paululum
550 5115 577 5154 a
609 5102 784 5157 tabula
838 5106 1094 5162 secedere
1133 5108 1431 5177 jusserint,
1479 5112 1599 5167 illas
1643 5116 1839 5172 deinde

249 5197 537 5260 retegunt,
579 5200 645 5246 ut
665 5192 834 5264 ipsius
857 5194 1123 5256 distantia:
1150 5200 1411 5259 beneficio
1449 5204 1646 5260 clarius
1672 5208 1740 5262 ab
1762 5210 1839 5265 eis

249 5283 459 5351 possint
495 5282 664 5340 videri
699 5303 714 5340 :
744 5288 983 5356 patimini
1008 5304 1138 5371 ergo
1164 5307 1258 5347 vos
1282 5310 1495 5365 quoque
1542 5308 1835 5356 retrorsum

246 5373 547 5429 orationem
574 5390 672 5430 nos
700 5378 997 5435 retrahere.
1045 5374 1049 5378 ’

318 5464 519 5519 Juliant'
557 5465 813 5537 Apostata:
856 5471 908 5525 in
939 5470 1251 5531 Christianos
1291 5491 1535 5546 conatus;
1561 5482 1841 5542 Christiani

247 5554 310 5609 ab
340 5557 450 5627 ipso
471 5555 676 5650 (δᾳιὲιωὶ
710 5563 1055 5633 appellantur.
1091 5599 1162 5609 —
1192 5570 1478 5642 Postquam
1508 5577 1650 5631 enim
1678 5581 1722 5634 is
1746 5581 1835 5650 qui

250 5656 469 5703 cunctos
517 5648 787 5722 impietate
826 5657 1111 5726 superavit,
1155 5659 1207 5715 in
1253 5660 1652 5733 imperatorium
1685 5648 1831 5725 thro-

249 5754 374 5793 num
402 5741 644 5798 ascendit
664 5742 927 5815 Julianus,
958 5760 1013 5805 et
1062 5762 1331 5823 sceptrum
1380 5762 1603 5830 accepit,
1655 5765 1835 5821 confe-

249 5830 371 5886 stim
398 5831 450 5887 in
477 5848 623 5905 eum,
654 5851 684 5893 a
713 5851 819 5910 quo
845 5850 1053 5901 creatus
1081 5842 1274 5917 fuerat,
1307 5848 1472 5907 Deum
1502 5869 1688 5912 manus
1717 5872 1834 5919 sus-

1450 400 1539 457 DE
1577 400 1633 457 S.
1676 396 2223 455 lllEROMARTYRE
2263 396 2555 453 ΒΑΒΥΙΛ.

3514 398 3617 453 57.0

2021 514 2157 579 tulit,
2188 514 2323 569 bene
2353 514 2596 568 meritum
2624 513 2692 567 de
2720 525 2779 568 se
2807 510 3085 584 ignoravit,
3114 524 3178 567 ac
3200 510 3268 566 de
3297 519 3435 566 terra
3470 511 3608 566 infe-

2011 604 2121 660 rius
2151 605 2203 659 in
2253 596 2440 659 caelum
2497 601 2812 673 respiciens,
2860 601 3171 657 rabidorum
3222 617 3373 657 more
3421 614 3614 655 citium

2009 694 2308 759 allatrabat,
2333 695 2420 765 qui
2456 694 2508 749 in
2536 694 2778 749 homines
2798 707 2830 748 a
2858 694 3048 762 quibus
3077 709 3182 747 non
3210 693 3447 759 aluntur,
3476 702 3530 746 et
3562 694 3612 745 in

2006 799 2103 840 eos
2136 787 2335 855 pariter
2360 800 2389 839 a
2420 785 2615 856 quibus
2642 786 2879 851 aluntur,
2911 785 3203 841 clamorem
3229 785 3421 842 tollunt
3455 803 3467 839 :
3505 787 3615 839 imo

2005 893 2135 933 vero
2160 879 2370 933 saeviori
2399 893 2556 949 quam
2590 879 2662 934 illi
2693 878 2872 934 furore
2898 878 3130 948 percitus
3179 887 3313 934 erat.
3359 878 3491 933 Nam
3539 879 3613 933 illi

2004 972 2217 1040 quidem
2268 979 2320 1025 et
2363 971 2686 1027 domesticos
2724 981 2780 1026 et
2803 972 3007 1027 alienos
3052 974 3252 1044 pariter
3296 982 3613 1028 aversantur

2002 1074 2058 1122 et
2084 1064 2314 1120 oderunt
2345 1082 2357 1116 :
2389 1065 2476 1120 h‘le
2520 1080 2646 1121 vero
2672 1066 3005 1120 dmmonibus
3033 1066 3099 1120 ab
3128 1066 3243 1136 ejus
3271 1066 3444 1122 salute
3479 1056 3611 1121 alie.

2003 1158 2086 1209 nis
2113 1154 2501 1223 blandiebatur,
2532 1168 2693 1228 atque
2717 1157 2862 1212 outni
2891 1172 2984 1212 eos
3014 1157 3187 1212 cultus
3211 1172 3412 1227 genere
3455 1158 3605 1213 cole-

2001 1246 2090 1301 bat
2122 1263 2135 1299 :
2171 1246 2306 1301 bene
2353 1254 2532 1301 autem
2589 1246 2657 1303 de
2714 1264 2773 1303 se
2827 1250 3115 1313 meritum,
3160 1264 3226 1305 ac
3269 1258 3601 1305 servatorem

1999 1351 2174 1405 suum,
2206 1340 2402 1409 quique
2454 1354 2522 1394 ne
2551 1339 2689 1394 Filio
2737 1341 2954 1409 quidem
2996 1357 3095 1396 suo
3124 1342 3401 1412 unigenito
3437 1341 3605 1411 ipsius

1996 1444 2155 1485 causa
2182 1431 2439 1500 pepercit,
2466 1432 2888 1487 aversabatur’et
2912 1432 3115 1497 oderat,
3148 1448 3470 1502 crueemque
3504 1432 3602 1488 de-

2000 1521 2229 1586 ridebat,
2256 1537 2370 1577 rem
2398 1537 2519 1591 qua:
2550 1531 2815 1578 terrarum
2846 1523 3030 1578 orbem
3063 1538 3288 1594 pronum
3319 1524 3369 1578 iu
3405 1523 3595 1579 faciem

1996 1612 2332 1683 provolutum
2384 1613 2577 1680 erexit,
2624 1630 2745 1685 quae
2806 1614 3055 1670 tenebras
3093 1615 3445 1684 undeqnaque
3484 1615 3600 1669 dis-

1992 1706 2178 1769 cussit,
2218 1715 2272 1760 et
2315 1706 2579 1761 solaribus
2601 1706 2764 1762 radiis
2792 1706 3210 1775 splendidiorem
3242 1706 3416 1761 lucem
3445 1706 3596 1761 inve-

1988 1798 2086 1853 xit.
2118 1798 2300 1869 Neque
2329 1814 2456 1853 vero
2481 1798 2587 1854 huc
2615 1814 2783 1870 usque
2810 1808 3015 1854 tantum
3038 1814 3352 1870 progressus
3374 1809 3455 1854 est
3476 1798 3596 1868 ejus

1989 1889 2157 1954 furor,
2180 1891 2275 1947 sed
2303 1907 2371 1947 ex
2412 1892 2544 1947 orbe
2589 1900 2849 1947 terrarum
2888 1893 3366 1948 exterminaturum
3407 1908 3466 1947 se
3491 1893 3597 1947 Ga-

1988 1982 2247 2037 lilaeorum
2286 1983 2555 2039 nationem
2582 1983 2930 2052 pollicebatur
2953 2001 2967 2037 :
2990 1984 3069 2039 sic
3090 1985 3233 2039 enim
3262 1999 3361 2038 nos
3397 1984 3586 2054 appel-

1987 2073 2098 2130 lare
2122 2074 2309 2129 solitus
2332 2081 2450 2129 erat
2476 2092 2490 2131 :
2521 2090 2843 2146 quamquam
2868 2077 2914 2130 si
2935 2075 3361 2131 Christianorum
3390 2086 3588 2132 nomen

1983 2166 2399 2223 abominandum
2442 2182 2564 2224 esse
2586 2168 2966 2233 arbitrabatur,
3000 2184 3112 2224 rem
3152 2171 3337 2224 multa:
3376 2170 3587 2240 plenam

1963 2258 2309 2329 ignominiaa,
2341 2273 2445 2329 qua
2468 2259 2536 2315 de
2559 2274 2718 2315 causa
2745 2274 2851 2314 non
2880 2259 3002 2315 inde
3031 2275 3149 2326 nos,
3191 2261 3282 2314 sed
3317 2262 3586 2332 peregrini

1980 2352 2212 2407 nominis
2257 2352 2402 2407 illius
2447 2353 2735 2423 ignominia
2766 2362 2953 2409 notare
2995 2354 3285 2425 cupiebat?
3333 2360 3401 2410 At
3439 2358 3583 2411 enim

1980 2444 2147 2515 probe
2168 2453 2391 2500 noverat
2415 2459 2611 2501 nomen
2657 2446 2785 2501 illud
2816 2447 2955 2516 quod
2984 2446 3435 2504 necessitudinem
3485 2448 3586 2503 ali-

1976 2551 2136 2605 quam
2160 2551 2281 2590 eum
2302 2532 2520 2592 Christo
2563 2536 2830 2607 designat,
2865 2552 2971 2593 non
3000 2536 3311 2594 hominibus
3351 2548 3579 2601 tantum.

1974 2626 2068 2682 sed
2095 2635 2148 2681 et
2167 2628 2393 2698 angelis,
2421 2637 2478 2685 et
2502 2630 2869 2699 superioribus
2899 2630 3181 2686 virtutibus
3224 2647 3418 2703 magno
3457 2648 3578 2688 esse

1972 2728 2337 2774 ornamento:
2370 2719 2492 2776 ideo
2540 2720 2743 2775 nullum
2774 2737 2877 2775 non
2916 2720 3144 2792 lapidem
3193 2724 3458 2787 movebat,
3522 2734 3579 2778 ut

1971 2807 2074 2863 hoc
2116 2824 2213 2864 nos
2256 2819 2575 2866 ornamento
2603 2812 2856 2880 spoliaret
2899 2827 2961 2867 ac
2997 2814 3428 2881 pradit-ationem
3467 2816 3576 2871 dis-

1970 2903 2226 2958 solveret.
2265 2902 2650 2960 Veru'mtamen
2682 2905 2793 2961 fieri
2825 2921 2930 2961 non
2984 2918 3192 2977 poterat
3238 2908 3386 2974 illud,
3418 2925 3451 2962 ο
3477 2911 3577 2964 ηιξ-

1967 3007 2055 3047 ser
2080 3004 2134 3048 et
2166 2994 2509 3059 infortunate,
2559 3005 2613 3049 ut
2655 3012 2829 3068 neque
2874 2997 2989 3052 fieri
3030 3007 3256 3067 poterat,
3283 3008 3340 3053 ut
3380 3000 3569 3053 caelum

1965 3084 2290 3147 destrueres.
2310 3086 2476 3141 solem
2491 3088 2880 3158 exstingueres,
2906 3098 3062 3143 terra:
3080 3087 3422 3144 fundamenta
3442 3107 3572 3145 con-
3668 3103 3674 3107 '

1964 3189 2173 3231 cuteres
2202 3185 2359 3247 atque
2378 3189 2667 3243 evertercs,
2701 3180 2860 3251 idque
2889 3182 3135 3250 prredixit
3168 3184 3295 3237 olim
3321 3184 3569 3240 Christus

1962 3282 2083 3323 cum
2114 3269 2182 3322 ita
2206 3269 2340 3323 dixit
2375 3287 2387 3323 :
2415 3267 2607 3324 σωιωη
2632 3280 2680 3325 et
2706 3281 2838 3325 terra
2865 3274 3146 3327 transibunt
3169 3291 3188 3339 ,'
3210 3275 3358 3331 verba
3395 3288 3563 3331 autem

1926 3428 1933 3433 Α
1962 3378 2074 3414 mea
2100 3378 2200 3415 non
2216 3362 2495 3416 transibunt
2521 3363 2540 3435 (
2564 3361 2862 3429 Μαιιιιδιι.
2893 3366 2961 3420 55
2977 3365 3021 3437 ).
3044 3365 3149 3421 Sed
3175 3366 3377 3423 Christi
3400 3369 3565 3424 verba

1962 3456 2099 3512 ferre
2148 3473 2252 3511 non
2307 3466 2480 3528 potes,
2513 3474 2699 3513 vocem
2728 3458 2885 3529 igitur
2912 3458 3171 3514 factorum
3207 3461 3444 3530 ipsorum
3470 3462 3564 3515 ad-

1960 3550 2132 3604 mitte.
2162 3549 2293 3604 Nam
2322 3565 2420 3619 ego
2464 3550 2706 3619 quidem,
2735 3551 2820 3605 cui
2864 3551 3006 3606 scire
3034 3553 3297 3623 contingit
3327 3554 3451 3623 quid
3494 3554 3565 3608 sit

1957 3642 2287 3696 denuntiatio
2310 3642 2512 3707 divina,
2539 3657 2698 3711 quam
2724 3652 2914 3713 potens
2950 3651 3005 3697 et
3027 3643 3222 3698 invicta
3244 3659 3330 3698 res
3359 3644 3445 3699 illa
3469 3644 3557 3704 sit.

1958 3734 2075 3803 ipso
2096 3746 2299 3787 natura:
2325 3733 2511 3789 ordine
2549 3734 2915 3804 factorumque
2948 3734 3189 3789 omnium
3225 3734 3555 3804 experientia

1954 3829 2236 3883 certiorem
2290 3842 2353 3883 ac
2381 3828 2482 3881 [ide
2534 3828 2834 3899 digniorem
2890 3828 3036 3883 illam
3075 3843 3197 3883 esse
3244 3828 3446 3883 credo:
3500 3839 3554 3883 tu

1954 3935 2081 3974 vero
2108 3920 2196 3989 qui
2225 3921 2367 3973 lnnni
2393 3904 2565 3989 serpis
2592 3921 2784 3985 adhuc,
2813 3929 2867 3975 et
2895 3919 3245 3975 humanarum
3277 3920 3558 3990 cogitatio-

1953 4028 2079 4067 num
2118 4012 2579 4084 disquisitionibus
2606 4027 2665 4067 es
2693 4012 2958 4079 addictus,
2990 4012 3354 4067 testimonium
3379 4010 3551 4067 facto-

1952 4120 2069 4160 rum
2095 4104 2318 4161 admitte
2350 4122 2363 4158 :
2397 4104 2529 4160 nihil
2558 4104 2889 4173 contradico,
2916 4121 3025 4161 non
3046 4103 3335 4161 contendo.

2021 4197 2077 4251 2.
2107 4196 2245 4265 Quid
2266 4213 2395 4269 ergo
2422 4213 2510 4254 res
2538 4206 2702 4269 gesta:
2734 4198 2994 4253 narrant?
3022 4197 3165 4252 Dixit
3197 4196 3445 4252 Christus
3475 4198 3550 4251 fa-

1951 4290 2107 4345 cilius
2147 4304 2289 4358 esse,
2320 4300 2375 4345 ut
2420 4289 2609 4344 cadum
2637 4299 2693 4344 et
2740 4298 2879 4344 terra
2932 4288 3259 4359 dispercant,
3302 4302 3460 4358 quam
3493 4299 3550 4343 ut

1951 4396 2113 4435 unum
2140 4380 2353 4451 aliquod
2381 4380 2664 4436 verborum
2681 4381 2797 4450 ejus
2818 4380 3100 4436 intercidat
3125 4379 3273 4451 (Luc.
3302 4380 3387 4434 16.
3414 4380 3505 4450 i7)
3530 4395 3545 4431 :

1948 4474 2268 4529 contradixit
2309 4475 2390 4529 bis
2422 4474 2737 4544 imperator,
2769 4481 2825 4529 et
2861 4474 3167 4529 Christiana
3206 4488 3265 4527 se
3295 4472 3545 4543 dogmata

1948 4569 2425 4624 exterminaturum
2478 4569 2835 4623 comminatus
2883 4554 2985 4623 est.
3048 4566 3149 4623 Ubi
3190 4580 3330 4621 nunc
3387 4566 3546 4636 igitur

1947 4673 2029 4717 est
2059 4661 2145 4716 ille
2176 4664 2262 4732 qui
2306 4663 2428 4717 talia
2473 4662 2831 4717 connninatus
2853 4662 2980 4717 est?
3009 4661 3174 4716 Periit
3212 4670 3264 4715 et
3294 4676 3324 4715 e
3364 4660 3545 4715 medio

1947 4754 2189 4810 sublatus
2232 4764 2334 4822 est,
2362 4754 2579 4825 jamque
2606 4755 2744 4826 apud
2778 4754 2977 4810 inferos
3006 4754 3293 4809 inevitabili
3336 4752 3545 4822 suppli-

1888 4904 1893 4905 ,
1947 4847 2033 4900 cio
2054 4854 2349 4917 torquetur.
2384 4847 2485 4903 Ubi
2514 4864 2641 4903 vero
2665 4848 2913 4903 Christus
2942 4842 3046 4914 est,
3074 4862 3103 4901 a
3141 4862 3249 4917 quo
3294 4847 3379 4901 illa
3417 4854 3546 4901 sunt

1947 4941 2289 4995 denuntiata?
2320 4941 2374 4997 lu
2420 4942 2588 5009 caelis,
2623 4943 2675 4997 in
2725 4943 2950 4997 dextera
3002 4942 3175 4997 Patris
3221 4940 3540 4995 altissimum

1946 5032 2129 5103 gloria?
2164 5033 2411 5088 thronum
2458 5034 2725 5089 obtinens.
2749 5034 2845 5089 Ubi
2872 5034 3031 5089 verba
3063 5033 3405 5104 Imperatoris
3436 5032 3543 5087 bla-

1946 5125 2189 5195 Spliema,
2218 5138 2270 5181 et
2302 5126 2540 5182 insolens
2564 5127 2649 5181 illa
2707 5126 2927 5198 lingua?
2974 5126 3121 5183 Cinis
3165 5138 3218 5182 et
3265 5126 3458 5197 pulvis,
3489 5136 3544 5181 et

1947 5217 2204 5272 vermium
2241 5218 2392 5273 cibus
2426 5219 2613 5274 evasit.
2646 5219 2745 5275 Ubi
2782 5219 2992 5274 Christi
3040 5210 3415 5289 denuntiatio?
3460 5220 3543 5273 Ab

1947 5308 2057 5376 ipsa
2090 5310 2310 5363 veritate
2332 5325 2510 5365 rerum
2540 5322 2807 5381 gestarum
2836 5313 3028 5379 elucet,
3053 5328 3117 5367 ac
3155 5322 3422 5383 tamquam
3472 5313 3561 5373 ab.

1945 5414 2102 5455 aurea
2133 5402 2380 5459 Columna
2406 5406 2630 5474 quadam
2658 5408 2725 5459 ab
2750 5418 2943 5462 eventu
2976 5406 3233 5462 factorum
3268 5415 3532 5461 coruscat.

1945 5491 2179 5547 Tametsi
2211 5493 2339 5548 nihil
2370 5495 2437 5549 ab
2464 5496 2787 5566 imperatore
2819 5507 2926 5552 tum
2972 5500 3392 5571 praetermissum
3433 5506 3535 5561 est,

1944 5600 2050 5655 quo
2080 5600 2139 5641 se
2160 5586 2224 5640 ad
2257 5586 2453 5642 bellum
2487 5591 2641 5645 nobis
2663 5588 2998 5645 inferendum
3028 5601 3363 5664 compararet
3402 5608 3414 5644 :
3443 5588 3538 5645 sed

1943 5686 1999 5732 et
2018 5680 2506 5749 vatesaecerscbat,
2526 5691 2577 5738 et
2602 5685 3018 5754 prmstigialorcs
3044 5685 3395 5751 convocabat,
3420 5700 3540 5742 Olli-

1943 5771 2135 5842 niaque
2152 5772 2485 5830 daemonibus
2510 5785 2561 5831 et
2581 5779 2827 5848 malignis
2844 5778 3117 5849 Spiritibus
3137 5779 3529 5835 redundabant.

2018 5861 2203 5923 Fames
2227 5864 2437 5925 Iuliano
2477 5872 2755 5943 imperante
2779 5875 3107 5946 gravissima;
3136 5873 3389 5947 Apollinis
3414 5890 3542 5944 quc-
