4220 6300
712 390 812 449 531

711 505 818 560 rrla
844 505 907 558 de
955 503 1196 574 Reliquit}
1242 504 1303 558 S.
1346 503 1568 574 Babylc.
1600 505 1819 572 —Qu.'e
1866 505 2077 559 tandem
2127 505 2283 573 igitur

710 595 880 650 cultus
917 594 1068 648 istius
1096 594 1243 649 fuere
1289 595 1542 663 prmmia?
1567 594 1846 649 Civitatum
1885 596 2209 662 eversiones,
2231 606 2285 650 ct

709 686 877 740 fames
899 687 1086 756 quovis
1110 702 1304 756 genere
1337 687 1492 741 famis
1530 687 1791 742 acerbior.
1823 687 1982 741 Scitis
2007 689 2149 742 enim
2179 689 2281 742 uti-

707 789 813 843 que
848 790 910 829 ac
939 776 1308 841 recordamini,
1358 790 1465 846 quo
1513 786 1671 846 pacto
1699 777 1974 832 venalibus
2009 777 2166 832 rebus
2189 777 2265 833 de

708 866 949 919 stitutum
972 865 1129 920 fuerit
1170 865 1365 932 forum,
1395 881 1458 921 ac
1483 867 1656 936 plena}
1687 869 2005 922 tumultuum
2032 869 2281 936 oﬂicinm,

704 971 826 1010 cum
849 957 1204 1028 unusquisque
1222 958 1361 1027 quod
1395 959 1619 1028 primum
1641 961 1976 1024 occurrisset,
1999 962 2284 1029 praeripere

704 1045 1052 1101 contenderet
1077 1063 1141 1102 ac
1173 1048 1472 1104 discedere.
1511 1050 1616 1107 Sed
1639 1050 1763 1120 quid
1798 1064 1899 1118 ego
1923 1049 2117 1106 famem
2138 1052 2280 1118 dico,

692 1139 823 1190 tum
851 1137 931 1190 vel
959 1137 1057 1207 ipsi
1086 1139 1236 1208 aquis
1267 1140 1503 1195 destituti
1541 1141 1714 1196 fontes
1741 1151 1942 1208 essent,
1975 1144 2147 1199 fontes
2191 1144 2281 1213 qui

703 1227 853 1295 copia
885 1229 1204 1284 ﬂuentorum
1255 1230 1468 1286 flumina
1519 1233 1629 1301 ipsa
1674 1232 2031 1300 superabant?
2059 1233 2282 1300 Quando

702 1326 877 1372 autem
912 1319 966 1374 in
1022 1319 1246 1376 fontium
1291 1323 1612 1377 mentionem
1670 1323 1974 1391 incidimus,
2008 1340 2105 1396 age
2130 1325 2281 1380 dein-

700 1422 828 1478 ceps
871 1409 937 1463 ad
976 1410 1222 1481 Daphnes
1247 1413 1554 1468 suburbium
1578 1414 1947 1480 ascendamus,
1979 1424 2036 1472 et
2087 1418 2282 1471 oratio-

700 1514 820 1553 nem
841 1500 909 1554 ad
933 1502 1178 1573 martyris
1201 1503 1454 1572 praeclara
1475 1503 1703 1558 facinora
1723 1506 2082 1563 traducamus.
2100 1508 2280 1563 Enim-

702 1605 830 1646 vero
868 1594 1068 1661 probra
1096 1602 1152 1650 et
1179 1594 1442 1651 dedecora
1487 1598 1762 1667 gentilium
1793 1599 2065 1670 divulgare
2093 1616 2280 1671 percu-

697 1683 840 1750 pitis,
869 1692 1098 1740 attamen
1145 1686 1247 1742 hoc
1277 1697 1430 1758 pacto
1447 1691 1606 1744 etiam
1650 1690 1740 1745 illa
1772 1691 1824 1745 in
1850 1692 2080 1747 medium
2107 1693 2277 1748 addu-

692 1785 878 1828 cemus
911 1791 924 1829 :
965 1776 1228 1847 siquidem
1257 1780 1345 1834 ubi
1390 1790 1683 1851 martyrum
1723 1781 1783 1835 tit
1830 1784 2050 1846 mentio,
2078 1783 2183 1838 illic
2225 1794 2278 1840 et

693 1866 966 1932 gentilium
1012 1867 1242 1924 dedecus
1281 1870 1583 1926 innotescit.
1621 1872 1718 1927 llic
1775 1872 1934 1942 igitur
1986 1875 2278 1946 Imperator

695 1969 816 2009 cum
863 1957 1119 2028 Daphnen
1170 1963 1513 2029 ascendisset,
1566 1964 1676 2019 illic
1705 1965 2002 2035 Apollinem
2035 1970 2278 2039 precibus

695 2043 987 2116 fatigabat,
1027 2050 1376 2120 sollicitabat,
1414 2055 1762 2124 supplicabat,
1790 2066 1850 2113 ut
1876 2058 1978 2114 sibi
2024 2059 2092 2116 de
2116 2061 2278 2118 rebus

694 2137 885 2194 futuris
930 2142 1201 2213 quidpiam
1240 2147 1640 2202 vaticinaretur.
1680 2149 1821 2217 Quid
1874 2151 2033 2221 igitur
2053 2169 2276 2224 magnus

693 2230 782 2285 ille
811 2235 1083 2302 gentilium
1114 2245 1264 2294 vates
1291 2238 1464 2294 deus?
1511 2241 1698 2297 Μοηυί
1734 2258 1820 2299 me
1851 2243 2166 2315 impediunt,
2193 2248 2274 2302 in-

693 2325 846 2393 quit,
875 2341 943 2383 ne
967 2327 1182 2399 loquar;
1217 2339 1272 2386 at
1300 2339 1356 2385 tu
1381 2335 1627 2403 capsulas
1665 2334 1886 2407 effringe
1903 2378 1922 2406 ,
1949 2352 2069 2394 ossa
2091 2339 2270 2405 etl‘odi,

694 2425 936 2470 mortuos
977 2417 1224 2475 transfer.
1261 2420 1399 2486 Quid
1443 2424 1722 2480 scelestius
1753 2426 1835 2480 his
1862 2429 2126 2484 mandatis
2154 2430 2272 2486 lieri

695 2507 896 2574 possit?
927 2508 1169 2565 lnsolitas
1196 2511 1403 2568 daemon
1450 2515 1814 2585 sepulcrorum
1843 2521 2170 2589 spoliationis
2192 2521 2270 2577 le-

689 2612 782 2669 ges
812 2600 1034 2669 invehit,
1064 2611 1119 2658 et
1141 2618 1309 2659 novos
1336 2605 1582 2676 abigendi
1622 2608 1857 2678 hOSpiles
1887 2611 2073 2666 modos
2114 2628 2274 2667 exco-

691 2692 844 2763 gitat.
900 2693 1029 2762 Quis
1081 2712 1331 2767 umquam
1381 2709 1620 2755 mortuos
1660 2701 1858 2771 ejectos
1897 2702 2272 2774 audivit?quis

689 2785 863 2839 anima
907 2786 1158 2843 destituta
1204 2804 1425 2860 corpora
1472 2792 1685 2847 sedibus
1731 2793 1858 2864 pelli
1915 2797 2064 2864 jussa
2117 2797 2268 2863 vidit,

688 2877 1134 2946 quemadmodum
1163 2881 1248 2936 hic
1295 2883 1598 2953 imperavit,
1639 2892 2019 2942 etcommunes
2068 2896 2270 2945 natura:

688 2969 830 3037 leges
859 2968 1093 3026 funditus
1118 2972 1346 3026 evertit?
1373 2975 1508 3029 Sunt
1529 2975 1670 3029 enim
1717 2977 1853 3046 apud
1882 2979 2132 3035 mortales
2153 2994 2272 3035 om-

689 3074 784 3114 nes
814 3060 894 3115 lite
915 3061 1058 3132 leges
1084 3077 1415 3126 communes.
1444 3077 1499 3120 ut
1526 3067 1614 3136 qui
1635 3067 1741 3122 vita
1760 3067 1970 3125 functus
1994 3080 2097 3140 est,
2129 3087 2267 3129 terra

687 3149 965 3214 condatur,
1014 3153 1298 3222 sepulturze
1343 3155 1599 3221 tradatur,
1647 3171 1712 3212 ac
1761 3160 1880 3213 sinu
1929 3176 2132 3231 magna:
2155 3178 2270 3218 om-

687 3241 833 3294 nium
857 3243 1041 3297 matris
1069 3243 1402 3301 obvolvatur.
1433 3249 1606 3316 Atque
1633 3248 1730 3304 has
1754 3265 1859 3305 non
1887 3251 2127 3321 Gra'cus,
2160 3269 2265 3310 non

689 3329 966 3399 barbarus,
993 3349 1096 3387 non
1124 3333 1318 3406 Scytha
1342 3377 1358 3403 ,
1391 3338 1556 3401 nasi
1595 3341 1714 3408 quis
1739 3340 1842 3395 illis
1866 3343 2150 3399 immanior
2176 3362 2265 3401 re-

687 3423 941 3490 periatur,
968 3440 1216 3495 umquam
1246 3427 1388 3499 leges
1413 3429 1696 3498 convulsit,
1725 3432 1820 3488 sed
1866 3446 2186 3492 reverentur
2213 3448 2268 3493 et

685 3511 970 3568 observant
997 3529 1204 3583 omnes,
1231 3517 1469 3590 adeoque
1515 3535 1679 3577 sacrae
1703 3533 1758 3579 et
1795 3524 1934 3594 apud
1957 3541 2146 3583 omnes
2171 3545 2267 3585 ve-

685 3604 962 3660 neratione
1011 3616 1133 3662 sunt
1179 3609 1379 3679 dignze;
1419 3611 1627 3668 daemon
1657 3623 1835 3671 autem
1883 3618 2088 3674 sublata
2120 3620 2262 3676 larva

683 3695 984 3750 communia
1007 3706 1212 3754 naturae
1239 3700 1484 3768 dogmata
1515 3703 1687 3772 palam
1730 3713 1996 3778 oppugnat
2025 3725 2040 3764 :
2081 3710 2251 3779 piacuv

683 3786 793 3840 ium
822 3788 986 3854 enim,
1016 3788 1206 3857 inquit,
1247 3787 1371 3846 sunt
1391 3795 1603 3849 mortui.
1632 3795 1745 3851 Non
1773 3800 1968 3855 mortui
2006 3811 2129 3855 sunt
2153 3801 2231 3871 pit

683 3877 883 3942 culum,
915 3880 1292 3936 Scelestissime
1319 3882 1550 3950 daamon,
1583 3887 1676 3941 sed
1699 3888 1944 3945 voluntas
1971 3906 2133 3961 prava
2174 3908 2264 3949 res

683 3970 1036 4025 abominanda
1067 3982 1167 4028 est.
1199 3974 1353 4040 Quod
1403 3976 1448 4031 si
1491 3977 1773 4034 dicendum
1815 3982 1885 4036 sit
1909 3983 2261 4041 admiratione

672 4061 898 4130 .dignutn
926 4064 1140 4135 aliquid,
1164 4067 1401 4122 vivorum
1421 4071 1597 4138 potius
1617 4073 1868 4142 nequitize
1893 4074 2071 4144 plena,
2099 4093 2258 4146 quam

684 4163 1011 4208 mortuorum
1052 4157 1360 4213 detestanda
1397 4169 1521 4214 sunt
1554 4175 1776 4230 corpora
1805 4179 1823 4216 :
1849 4179 1969 4218 nam
2019 4167 2108 4222 illa
2139 4171 2259 4239 qui-

682 4243 806 4297 dem
855 4245 1047 4300 animm
1094 4246 1418 4304 famulantur
1461 4251 1730 4319 imperiis;
1766 4252 1880 4309 hanc
1908 4270 2036 4310 vero
2066 4258 2260 4314 immo-

682 4333 802 4388 bilia
825 4334 1039 4404 jaccnt:
1069 4337 1208 4406 quod
1239 4349 1415 4393 autem
1443 4341 1711 4397 immobile
1731 4353 1812 4397 est
1838 4345 2087 4415 omnique
2102 4363 2260 4404 sensu

680 4425 1012 4494 destitutum,
1043 4429 1109 4483 ab
1135 4429 1280 4484 omni
1307 4431 1676 4488 criminatione
1699 4435 1924 4490 liberum
1952 4453 2072 4493 esse
2099 4440 2255 4495 solet.

681 4517 1006 4587 Quamquam
1036 4520 1232 4589 alioqui
1259 4536 1326 4576 ne
1355 4523 1593 4578 vivorum
1609 4526 1822 4594 quidem
1850 4542 2073 4598 corpora
2105 4531 2258 4586 dixe-

681 4607 783 4662 rim
814 4623 913 4679 ego
939 4620 1125 4664 natura
1154 4627 1274 4666 esse
1291 4614 1664 4683 abominanda,
1697 4617 1790 4672 sed
1821 4617 2014 4688 ubique
2039 4635 2258 4690 pravam

679 4707 734 4752 et
781 4712 1084 4767 perversam
1139 4702 1464 4759 voluntatem
1512 4708 1749 4762 omnium
1799 4709 2257 4769 criminationibus

677 4804 796 4845 esse
823 4791 1128 4846 obnoxiam.

754 4881 997 4952 Daphnes
1024 4894 1269 4940 tentatum
1291 4889 1355 4942 ab
1379 4889 1614 4960 Apolline
1628 4902 1854 4963 stuprum
1881 4898 2168 4966 exprobrat.
2184 4930 2257 4941 —

677 4965 793 5020 Non
835 4981 1031 5037 corpus
1080 4981 1346 5027 mortuum
1389 4984 1471 5030 est
1497 4976 1794 5046 piaculum,
1839 4996 1872 5033 ο
1913 4965 2126 5052 Apollo,
2159 4985 2254 5040 sed

677 5059 908 5127 puellam
951 5071 1097 5117 caste
1142 5065 1326 5123 vivere
1365 5067 1630 5123 volentem
1684 5074 1963 5144 persequi,
2009 5075 2254 5146 virginis-

674 5165 777 5218 que
799 5152 1064 5220 pudicitizn
1083 5163 1322 5226 stuprum
1344 5159 1555 5228 offerre,
1581 5170 1633 5216 et
1653 5163 1718 5218 ab
1736 5165 2026 5234 impudenti
2045 5169 2253 5226 actione

677 5239 954 5309 depulsum
1005 5245 1203 5313 lugere.
1241 5245 1344 5303 hoc
1381 5251 1714 5307 accusatione
1742 5254 1956 5325 dignum
1987 5266 2043 5312 et
2071 5273 2247 5328 poena.

674 5332 754 5386 Ac
784 5335 934 5388 multi
959 5337 1170 5405 quidem
1192 5339 1330 5408 apud
1366 5355 1464 5394 nos
1493 5343 1760 5405 mirabiles
1799 5348 2080 5418 magnique
2124 5365 2249 5420 pro-

675 5423 847 5492 pheta:
867 5428 1202 5495 erstiterunt,
1220 5431 1310 5501 qui
1331 5431 1398 5486 de
1419 5433 1577 5487 rebus
1612 5434 1796 5493 futuris
1810 5439 2077 5496 vaticinati
2100 5454 2246 5513 sunt,

671 5527 771 5567 nec
799 5515 1004 5584 uspiam
1033 5519 1096 5572 iis
1119 5534 1148 5572 a
1185 5521 1375 5591 quibus
1401 5522 1861 5595 interrogabantur
1891 5529 2244 5602 imperabant,

671 5614 729 5659 nt
781 5605 1151 5667 defunctorum
1205 5628 1324 5669 ossa
1381 5616 1686 5673 refodcrcnt
1717 5638 1730 5672 :
1765 5622 1890 5691 quin
1933 5625 2049 5693 ipse
2085 5628 2246 5682 etiam

670 5696 936 5765 Ezechiel,
975 5717 1140 5772 prope
1188 5705 1298 5777 ipsa
1339 5719 1486 5764 stans
1531 5725 1651 5766 ossa
1704 5711 1914 5784 (Ezech.
1949 5717 2053 5788 57)
2078 5760 2093 5784 ,
2137 5734 2245 5776 non

666 5789 829 5846 modo
850 5793 977 5850 nihil
1005 5795 1072 5852 ab
1093 5797 1194 5854 illis
1214 5800 1622 5874 impediebatur,
1653 5805 1744 5862 scd
1773 5815 1826 5862 ct
1864 5822 2078 5865 carncm
2112 5812 2236 5879 illis,

1577 389 1630 444 S.
1675 391 1909 446 JOANN.
1948 390 2414 448 CllRYSOSTOMl
2445 389 3296 447 ARCIIIEP.CONSTANTINOP.

3889 392 3994 446 552

2401 519 2615 567 nervos,
2669 505 2940 573 pollesque
2984 503 3349 568 circumdedit,
3379 516 3440 556 ac
3489 516 3672 556 rursus
3718 501 3786 556 ad
3826 503 3991 556 vitam

2395 597 2481 649 illa
2504 599 2787 650 revocavit.
2811 598 3026 666 Magnus
3047 608 3224 651 autem
3251 596 3458 666 Moyses
3479 609 3581 648 non
3600 594 3748 663 juxta
3781 605 3992 647 mortua

2392 690 2538 743 stetit
2582 705 2722 750 ossa,
2753 689 2844 742 sed
2891 691 3060 758 ipsum
3108 691 3368 758 integrum
3398 695 3662 742 mortuum
3706 685 3992 755 proferens

2391 778 2587 849 Josepb
2635 779 2828 848 (Exod.
2878 779 2963 832 l5.
3019 779 3158 848 l9),
3215 780 3284 831 ita
3329 777 3498 832 futura
3531 776 3894 846 praedicebat:
3929 791 3993 830 ac

2392 870 2582 924 merito
2605 885 2753 924 sane.
2777 869 2909 922 Nam
2937 869 3145 922 illorum
3171 869 3388 938 quidem
3433 868 3595 922 verba
3625 867 3858 936 Spiritus
3887 867 3995 918 do-_

2391 975 2514 1013 num
2541 967 2732 1023 erant;
2760 959 2950 1013 horum
2976 969 3153 1014 autem
3180 958 3340 1012 verba
3377 957 3519 1012 fraus
3548 966 3602 1012 et
3621 956 3986 1021 mendacium,

2388 1049 2528 1117 quod
2551 1049 2693 1103 nulla
2723 1057 2895 1118 potest
2924 1050 3130 1104 ratione
3158 1048 3338 1103 celari.
3367 1047 3508 1102 Nihil
3535 1047 3676 1101 enim
3698 1046 3841 1100 aliud
3871 1046 3990 1099 hate

2390 1139 2550 1194 fuisse
2576 1154 2731 1208 quam
2758 1139 3030 1193 obtentum
3059 1148 3113 1193 et
3158 1146 3495 1208 przetextum,
3541 1152 3605 1190 ac
3640 1136 3856 1190 beatum
3887 1137 3990 1190 Ba-

2387 1229 2563 1300 bylam
2595 1243 2717 1284 eum
2758 1228 3152 1294 reformidasse,
3185 1229 3316 1283 satis
3346 1228 3513 1298 liquet
3557 1242 3623 1282 ex
3651 1228 3735 1292 iis,
3765 1242 3888 1296 qua:
3917 1227 3987 1280 ab

2389 1320 2714 1391 lntperatore
2763 1330 2888 1376 sunt
2935 1333 3049 1376 acta
3101 1340 3114 1376 :
3159 1322 3418 1391 siquidem
3463 1320 3681 1391 reliquis
3731 1321 3986 1374 omnibus

2386 1412 2597 1466 omissis
2623 1413 2846 1467 mortuis
2865 1413 3036 1467 solum
3068 1413 3211 1467 illum
3235 1423 3525 1482 martyrem
3552 1412 3670 1466 loco
3711 1412 3980 1466 movebat.

2385 1501 2712 1573 Quamquam
2737 1504 2778 1558 si
2801 1503 2942 1573 quod
2971 1503 3114 1557 illum
3139 1503 3557 1567 abominaretur,
3586 1517 3648 1556 ac
3675 1519 3778 1557 non
3802 1506 3984 1572 potius

2386 1592 2616 1659 timeret,
2643 1594 2756 1648 hare
2779 1597 2846 1649 ab
2877 1594 2966 1649 illo
2989 1595 3328 1664 gerebantur,
3351 1593 3612 1665 confringi
3641 1595 3902 1660 loculum,
3928 1597 3980 1649 in

2383 1697 2530 1739 mare
2555 1684 2810 1756 demergi,
2843 1685 2892 1739 in
2917 1686 3255 1740 solitudinem
3287 1687 3582 1750 amandari,
3608 1687 3692 1741 vel
3720 1688 3824 1740 alio
3843 1703 3982 1756 quo-

2383 1774 2522 1840 piam
2571 1775 2881 1842 perditionis
2926 1791 3120 1845 genere
3167 1776 3331 1831 deleri
3371 1776 3665 1844 jubendum
3716 1776 3842 1841 fuit;
3877 1777 3980 1832 hoc

2382 1864 2524 1918 enim
2549 1865 2902 1920 abominantis
2932 1866 3136 1922 fuisset.
3165 1867 3239 1921 Ita
3272 1867 3396 1922 fecit
3422 1868 3563 1922 Deus
3590 1884 3710 1922 cum
3741 1869 3810 1923 de
3836 1885 3976 1938 gen-

2383 1954 2512 2008 tium
2553 1955 3038 2011 abominationibus
3067 1957 3321 2012 Hebraeos
3363 1958 3670 2027 alloquutus
3712 1969 3814 2023 est,
3843 1975 3977 2013 cou—

2382 2043 2537 2115 fringi
2559 2056 2759 2102 statuas
2787 2049 3019 2117 ipsarum
3043 2047 3238 2119 jussit,
3268 2064 3375 2102 non
3411 2048 3480 2103 ab
3508 2049 3779 2104 suburbiis
3804 2051 3855 2104 in
3885 2065 3977 2104 ur-

2380 2136 2475 2191 bes
2505 2138 2709 2207 piacula
2733 2140 3028 2194 transferri.

2450 2227 2503 2282 5.
2534 2227 2784 2296 Apollinis
2805 2229 3048 2300 Daphnes
3075 2231 3316 2302 templum
3335 2232 3551 2302 fulmine
3569 2241 3781 2286 tactum.
3805 2263 3877 2272 —
3898 2236 3977 2289 Ac

2379 2317 2690 2373 movebatur
2737 2321 2951 2390 quidem
3005 2323 3124 2376 loco
3150 2333 3386 2392 martyr;
3417 2322 3627 2378 daemon
3681 2333 3862 2378 autem
3908 2341 3977 2380 no

2379 2409 2457 2463 sic
2481 2409 2691 2478 quidem
2717 2413 3000 2466 securitate
3027 2411 3300 2468 fruebatur
3325 2453 3342 2479 ,
3375 2413 3470 2469 sed
3497 2413 3777 2468 confestim
3827 2416 3973 2470 didi-

2376 2499 2451 2553 cit
2472 2514 2591 2554 ossa
2617 2500 2830 2569 quidem
2853 2502 3099 2572 martyris
3117 2503 3233 2557 loco
3255 2504 3452 2558 moveri
3472 2518 3648 2573 posse,
3675 2520 3863 2559 manus
3875 2520 3974 2559 au-

2378 2600 2484 2646 tetn
2523 2595 2771 2665 martyris
2813 2596 2997 2649 evitari
3040 2610 3144 2650 non
3183 2609 3361 2664 posse.
3405 2594 3537 2649 Nam
3587 2597 3748 2651 simul
3788 2612 3854 2653 ac
3897 2599 3975 2653 lo-

2376 2682 2528 2737 culus
2577 2684 2646 2737 ad
2697 2684 2881 2739 urbem
2946 2695 3243 2755 protractus
3295 2695 3416 2753 est,
3463 2686 3531 2742 de
3581 2688 3720 2743 coelo
3770 2686 3973 2744 fulmen

2377 2779 2429 2831 in
2465 2787 2652 2834 statuas
2695 2792 2853 2849 caput
2882 2783 3176 2837 immissum
3207 2793 3398 2838 cuncta
3437 2785 3750 2858 combussit.
3784 2785 3974 2839 Enim-

2378 2884 2510 2924 vero
2543 2872 2587 2924 si
2632 2871 2807 2926 mintts
2851 2881 3026 2936 antea,
3076 2884 3187 2928 tum
3239 2877 3423 2930 saltem
3463 2876 3682 2944 impium
3733 2875 3974 2945 Impera--

2377 2969 2544 3016 torem
2589 2963 2742 3018 irasci
2779 2979 2873 3032 par
2907 2964 3023 3028 fuit,
3066 2980 3120 3020 et
3160 2967 3210 3020 in
3255 2968 3565 3035 martyrium
3604 2968 3854 3037 martyris
3893 2966 3972 3038 (a)

2377 3055 2508 3108 iram
2551 3053 2864 3122 elluudcre,
2914 3055 3007 3111 sed
3061 3072 3130 3111 ne
3185 3065 3294 3110 tum
3353 3057 3567 3128 quidem
3619 3072 3781 3113 ausus
3825 3058 3970 3114 fuit:

2377 3155 2554 3200 tantus
2583 3146 2728 3201 illum
2754 3149 2910 3202 timor
2935 3157 3303 3217 occupaverat,
3354 3151 3479 3220 quin
3511 3151 3688 3219 potius
3717 3151 3841 3206 licet
3882 3153 3970 3206 in-

2375 3236 2620 3290 cendium
2662 3237 2867 3293 videret
2913 3239 3273 3307 intolerabile,
3322 3255 3648 3311 causamque
3700 3243 3864 3312 probe
3908 3243 3973 3297 il-

2373 3323 2476 3380 lius
2505 3334 2704 3393 nosset,
2737 3328 2948 3397 quietus
2990 3328 3106 3383 fuit.
3127 3328 3311 3399 Neque
3338 3345 3465 3385 vero
3509 3339 3712 3385 tantum
3747 3332 3848 3387 hoc
3862 3334 3972 3387 mi-

2373 3430 2491 3471 tum
2533 3426 2617 3473 est
2639 3419 2782 3489 quod
2807 3422 3117 3491 martyrium
3143 3437 3250 3476 non
3294 3422 3574 3489 subvertit,
3607 3423 3700 3479 sed
3727 3423 3871 3494 quod
3902 3440 3973 3481 ne

2376 3513 2571 3560 tectum
2601 3508 2816 3578 quidem
2867 3510 3070 3579 templo
3118 3527 3305 3566 rursus
3351 3513 3626 3582 imponere
3659 3529 3824 3570 ausus
3860 3527 3968 3571 est.

2371 3595 2602 3652 Noverat
2628 3599 2846 3669 quippe,
2872 3610 3093 3657 noverat
3118 3602 3408 3659 immissam
3435 3619 3559 3660 esse
3583 3606 3788 3661 cladem
3815 3623 3846 3661 a
3877 3625 3972 3662 nu-

2372 3689 2515 3745 mine
2532 3731 2548 3757 ,
2573 3705 2636 3746 ac
2657 3695 3085 3762 pertimescebat,
3112 3711 3180 3750 ne
3201 3697 3246 3752 si
3274 3697 3399 3767 quid
3423 3698 3644 3755 ulterius
3661 3703 3967 3771 excogitas-

2371 3778 2474 3847 set,
2503 3782 2679 3852 ignem
2709 3783 2858 3840 illum
2882 3786 2937 3841 in
2957 3802 3110 3842 suum
3130 3797 3289 3858 caput
3316 3801 3637 3847 accerseret.
3674 3791 3967 3862 Propterea

2368 3890 2590 3931 cernere
2638 3879 2894 3948 templum
2925 3880 3188 3950 Apollinis
3229 3883 3299 3937 ita
3325 3883 3622 3940 desolatum
3667 3887 3964 3944 suSIinuit:

2370 3983 2543 4038 neque
2570 3968 2673 4023 ulla
2705 3969 2806 4024 fuit
2838 3970 2941 4024 alia
2967 3965 3150 4037 causa,
3183 3974 3252 4028 ob
3279 3989 3436 4044 quam
3468 3976 3521 4030 id
3546 3977 3686 4047 quod
3707 3990 3967 4036 evenerat

2367 4059 2586 4114 minime
2612 4063 2910 4130 reparavit,
2944 4063 3044 4117 nisi
3073 4065 3220 4119 solus
3245 4067 3435 4134 timor,
3459 4070 3548 4138 qui
3590 4085 3712 4125 eum
3736 4071 3962 4128 invitum

2365 4151 2768 4221 quietemagere
2791 4155 2996 4223 coegit:
3016 4153 3172 4224 idque
3195 4170 3316 4210 cum
3343 4157 3506 4213 sciret
3527 4170 3777 4229 quantam
3804 4161 3962 4232 igno-

2370 4241 2588 4295 miniam
2611 4243 2841 4299 daemoni
2867 4246 3210 4317 relinqueret,
3233 4258 3486 4318 quantum
3505 4253 3743 4321 martyrii
3769 4253 3958 4310 decus.

2364 4330 2519 4386 Stant
2548 4334 2691 4388 enim
2716 4334 2826 4403 jam
2858 4351 2955 4406 pro
2981 4337 3196 4408 tropaeis
3226 4341 3455 4408 parietes
3479 4380 3494 4402 .
3525 4353 3582 4395 et
3607 4341 3730 4396 tuba
3758 4343 3961 4399 clarioo

2365 4437 2478 4477 rem
2497 4439 2680 4480 vocem
2709 4426 2955 4494 mittunt;
2977 4443 3040 4483 ac
3066 4429 3313 4499 Daphnes
3337 4431 3546 4498 incolis,
3570 4433 3712 4487 urbis
3741 4434 3958 4502 incolis,

2365 4513 2448 4570 bis
2477 4516 2566 4586 qui
2589 4534 2619 4572 e
2640 4517 2940 4590 longinquis
2969 4521 3277 4591 regionibus
3308 4524 3433 4580 illuc
3469 4527 3765 4593 ventitant,
3799 4529 3962 4601 hujus

2364 4607 2536 4663 aetatis
2561 4623 2624 4664 ac
2649 4617 2948 4681 temporum
2977 4611 3276 4669 futurorum
3321 4616 3627 4680 hominibus
3654 4620 3772 4688 ipso
3799 4637 3963 4693 aspe-

2362 4709 2452 4754 ctu
2479 4711 2670 4757 cuncta
2697 4712 2950 4770 narrant,
2993 4705 3188 4760 luctam
3209 4748 3225 4774 ,
3257 4722 3603 4779 congressum
3622 4753 3638 4778 ,
3671 4712 3959 4771 victoriam

2363 4794 2629 4864 martyris.
2653 4793 2784 4849 Nam
2809 4797 2898 4865 qui
2930 4797 3087 4868 longe
3113 4799 3332 4854 dissitus
3351 4810 3434 4856 est
3460 4817 3491 4856 a
3512 4803 3765 4860 suburbio
3785 4846 3801 4870 ,
3828 4821 3958 4864 cum

2361 4884 2679 4955 martyrium
2701 4885 2914 4954 quidem
2941 4888 3115 4944 loculo
3137 4889 3470 4958 destitutum,
3487 4893 3740 4962 templum
3769 4907 3979 4954 autem.

2361 4975 2620 5044 Apollinis
2635 4986 2775 5033 tecto
2796 4979 3056 5048 privatum
3079 4982 3297 5037 intuitus
3322 4981 3496 5052 fuerit,
3517 4983 3726 5039 thorum
3749 4989 3958 5044 utrius-

2361 5079 2467 5134 que
2492 5080 2707 5122 cattsam
2745 5069 3032 5125 verisimile
3065 5078 3145 5125 est
3181 5072 3562 5141 quaesiturum;
3592 5091 3821 5146 cumque
3850 5078 3956 5134 de-

2356 5156 2480 5212 inde
2501 5167 2663 5213 totam
2695 5159 2971 5216 historiam
2998 5162 3263 5230 didicerit,
3293 5165 3372 5220 sic
3401 5165 3524 5221 inde
3550 5166 3944 5225 discessurum.

2357 5248 2632 5318 Ejusmodi
2651 5260 2777 5306 sunt
2797 5254 3052 5322 praeclara
3075 5257 3324 5327 martyris
3353 5267 3472 5326 post
3498 5257 3700 5312 obitum
3721 5260 3842 5330 ejus
3873 5263 3955 5316 fa-

2355 5340 2557 5396 cinora.
2587 5342 2942 5410 Quamobrem
2970 5357 3200 5399 vestram
3222 5362 3432 5418 quoque
3451 5347 3611 5402 laudo
3635 5351 3908 5406 civitatem
3933 5395 3948 5418 ,

2355 5432 2492 5502 quod
2520 5435 2741 5488 multum
2762 5449 2885 5502 erga
2912 5445 3152 5490 sanctum
3187 5437 3343 5490 istum
3371 5438 3602 5492 studium
3629 5440 3950 5498 exhibueri-

2355 5525 2442 5580 tis.
2471 5523 2601 5578 Nam
2629 5540 2736 5595 quo
2762 5535 3001 5594 tempore
3031 5525 3250 5596 Daphne
3275 5527 3670 5593 revertebatur,
3702 5539 3813 5585 tata
3843 5549 3947 5587 uo.

2353 5614 2436 5670 bis
2465 5615 2649 5672 civitas
2667 5617 2717 5670 in
2739 5617 2878 5671 viam
2905 5616 3070 5671 efl‘ttsa
3095 5627 3198 5683 est;
3221 5633 3381 5674 vacua
3406 5617 3622 5674 fuerunt
3649 5623 3775 5680 viris
3801 5623 3944 5694 fora,

2353 5723 2532 5762 vacua:
2557 5709 2766 5764 feminis
2789 5709 2961 5775 mdes,
2989 5709 3184 5765 deserti
3212 5726 3242 5766 a
3272 5711 3564 5782 virginibus
3586 5714 3800 5768 thalami
3823 5734 3837 5772 :
3863 5719 3944 5777 sic

2417 5822 2490 5883 (a)
2524 5825 2790 5886 Martyrium
2811 5827 3031 5890 martyris
3054 5834 3131 5878 est
3155 5827 3361 5881 coelcsia
3383 5830 3622 5893 martyris.
