4220 6300
245 347 339 404 551
1295 348 1378 402 DE
1411 351 1468 404 S.
1510 346 2064 403 HIEROMARTYRE
2103 348 2390 404 BABYLA.

238 459 377 514 λέων
406 457 734 528 ἀνατροπαὶ,
770 457 862 511 καί
886 455 1036 526 λιμὸς
1074 453 1329 508 ἀπάντων
1362 456 1538 525 λιμῶν
1567 460 1595 510 6
1629 458 1821 529 πικρός

237 574 423 619 τατος.
456 556 597 607 Ἴστε
620 555 728 626 γὰρ
757 555 927 624 δήπου
959 553 1053 605 καὶ
1085 551 1389 622 μέμνησθε,
1422 552 1539 614 πῶς
1569 553 1700 622 κενὴ
1725 553 1823 622 μὲν

236 649 304 724 ῆν
324 653 504 706 ὠνίων
531 656 565 724 ἡ
591 651 787 722 ἀγορά,
812 649 984 720 μεστά
1003 649 1060 704 δὲ
1084 647 1332 720 θορύϐων
1360 648 1428 701 τὰ
1461 649 1820 719 ἐργαστήρια,

237 751 474 804 ἐκάστου
520 745 952 817 φιλονεικοῦντος
983 745 1046 797 τὸ
1089 745 1258 814 φανὲν
1304 745 1678 815 προαρπάσαι,
1729 743 1822 795 καὶ

236 845 520 899 ἀπελθεῖν.
557 843 667 896 Καὶ
696 842 748 895 τί
772 840 915 909 λέγω
938 840 1118 911 λιμὸν,
1154 840 1288 892 ὅπου
1322 855 1388 906 γε
1411 839 1504 892 καὶ
1532 838 1692 890 αὑταὶ
1714 837 1822 888 τῶν

235 941 451 994 ὑδάτων
493 938 910 1008 ἐπιλειπόμεναι
931 939 985 990 αί
1017 935 1214 1005 πηγαὶ,
1241 934 1417 1005 πηγαὶ
1446 933 1726 1003 ποταμοὺς
1753 933 1824 1001 τῇ

233 1036 492 1106 δαψιλείᾳ
518 1035 612 1088 τοῦ
643 1035 916 1106 ῥεύματος
940 1031 1430 1103 ἀποκρύπτουσαι;
1470 1028 1613 1081 Ἀλλ’
1634 1026 1822 1096 ἐπειδὴ

234 1132 432 1202 πηγῶν
454 1131 754 1203 ἐμνήσθην,
786 1129 947 1200 δεῦρο
976 1128 1162 1180 λοιπὸν
1194 1127 1286 1181 ἐπὶ
1311 1126 1410 1197 τὴν
1432 1124 1650 1193 Δάφνην
1671 1120 1824 1176 ἀνέλ-

234 1221 443 1291 θωμεν,
482 1219 576 1273 καὶ
608 1219 700 1272 τὸν
725 1219 882 1286 λόγον
921 1215 1057 1287 πρὸς
1089 1215 1159 1268 τὰ
1194 1214 1288 1268 τοῦ
1322 1214 1599 1286 μάρτυρος
1627 1225 1824 1278 κατορ-

233 1307 471 1376 θώματα
533 1305 934 1375 συνελάσωμεν.
995 1302 1188 1355 Καίτοι
1241 1317 1306 1368 γε
1358 1299 1676 1369 ἐπιθυμεῖτε
1723 1296 1823 1360 τὰς

243 1392 572 1462 Ἑλληνικάς
587 1389 958 1461 ἐκπομπεύειν
983 1388 1122 1458 ἀσχη
1132 1386 1368 1457 μοσύνας
1382 1385 1492 1439 ἐτι·
1512 1384 1627 1439 ἀλλ’
1649 1385 1821 1454 ὅμως,

233 1482 327 1532 καὶ
355 1480 533 1543 οὕτως
560 1478 720 1541 αὐτὸς
749 1478 846 1541 ὢν,
877 1476 1184 1545 ἀπάγωμεν
1208 1486 1233 1515 ι
1253 1491 1268 1506 ·
1293 1473 1512 1536 πάντως
1527 1471 1657 1542 γάρ,
1688 1472 1824 1524 ὅπου

235 1567 538 1638 μαρτύρων
573 1568 787 1636 μνήμη,
825 1567 943 1617 ἐκεῖ
970 1565 1065 1617 καὶ
1110 1561 1380 1632 Ἑλλήνων
1419 1559 1674 1629 αἰσχύνη.
1721 1552 1824 1612 Οὖ-

232 1672 324 1717 τος
353 1655 538 1707 τοίνυν
569 1655 597 1705 6
626 1651 881 1722 βασιλεὺς
904 1648 1070 1704 ἀνιὼν
1101 1651 1183 1711 είς
1203 1647 1304 1718 τὴν
1334 1646 1574 1715 Δάφνην,
1614 1643 1824 1714 συχνῶς

232 1745 474 1814 ήνὼχλει
502 1741 594 1795 τὸν
641 1739 951 1795 Ἀπόλλωνα
980 1737 1256 1808 δεόμενος,
1277 1733 1568 1797 ἱκετεύων,
1605 1734 1823 1787 ἀντιϐο-

232 1832 366 1894 λῶν,
419 1830 564 1882 ῶστε
616 1825 1022 1898 μαντεύσασθαί
1070 1842 1121 1877 τι
1167 1821 1297 1894 περὶ
1353 1821 1464 1873 τῶν
1522 1816 1823 1890 μελλόντων

230 1918 409 1988 αὐτῷ.
443 1917 509 1970 Τί
540 1913 633 1970 οῦν
660 1917 688 1968 ὁ
721 1916 932 1986 μάντις,
967 1916 995 1966 ὁ
1030 1913 1204 1984 μέγας
1230 1911 1341 1964 τῶν
1378 1910 1648 1980 Ἑλλήνων
1671 1908 1821 1972 ⁸)εὸςῖ

233 2004 440 2076 Νεκροί
482 2021 548 2074 με
581 2002 850 2056 κωλύουσι
876 1999 1233 2070 φθέγγεσθαι,
1269 1997 1468 2068 φησίν·
1503 1996 1638 2049 ἀλλά
1659 1996 1825 2066 ἀνάρ·

233 2091 402 2161 ρηξον
430 2091 532 2153 τὰς
551 2090 746 2161 Θήκας,
771 2087 1027 2158 ἀνόρυξον
1049 2085 1116 2138 τὰ
1146 2085 1300 2148 ὀστᾶ,
1332 2083 1674 2154 μετάστησον
1698 2083 1824 2145 τοὺς

230 2178 492 2249 νεκρούς.
524 2176 590 2229 Τί
627 2177 833 2228 τούτων
864 2172 1221 2242 ἀνοσιώτερον
1252 2171 1449 2240 γένοιτ’
1480 2169 1546 2224 ἂν
1574 2169 1683 2222 τῶν
1706 2171 1827 2222 ἐπι-

232 2265 577 2334 ταγμάτων;
617 2259 814 2342 Ξένους
849 2261 876 2312 6
914 2258 1126 2329 δαίμων
1177 2257 1570 2328 τυμϐωρυχίας
1615 2257 1824 2324 εἰσάγει

233 2353 460 2421 νόμους,
526 2349 622 2403 καὶ⁵
663 2347 886 2409 καινοὺς
938 2344 1261 2415 ξενηλασίας
1320 2345 1527 2398 ἐπινοεῖ
1568 2344 1822 2416 τρόπους.

232 2420 332 2501 Τίς
363 2438 569 2507 ἤκουσε
596 2424 828 2505 νεκροὺς
851 2420 1240 2502 ἐλαυνομένους
1267 2429 1437 2496 ποτέ;
1464 2429 1549 2492 τίς
1581 2426 1687 2482 εῐδε
1719 2427 1829 2482 σώ-

235 2543 388 2595 ματα
438 2524 626 2593 ἀψυχα
685 2521 1018 2590 κελευόμενα
1081 2518 1523 2591 μετανίστασθαι,
1576 2517 1828 2588 καθάπερ

233 2609 391 2674 οὗτος
425 2612 714 2673 ἐπέταττε,
746 2608 875 2671 τοὺς
897 2607 1111 2669 κοινοὺς
1149 2605 1250 2675 τῆς
1281 2606 1496 2676 φύσεως
1520 2607 1584 2657 ἐκ
1612 2604 1828 2676 βάθρων

234 2700 565 2769 ἀνατρέπων
599 2697 832 2765 νόμους;
875 2693 1063 2747 Κοινοὶ
1084 2693 1195 2763 γάρ
1231 2694 1337 2745 εἰσι
1365 2693 1465 2762 τῆς
1504 2691 1722 2761 φύσεως
1749 2692 1840 2745 νζ·

239 2803 331 2856 μοι
379 2784 536 2854 παρά
587 2785 755 2836 πᾶσιν
793 2780 1128 2851 ἀνθρώποις,
1177 2777 1265 2832 τὸν
1311 2779 1618 2832 ἀπελθόντα
1645 2781 1710 2848 τῇ
1758 2783 1828 2850 γῇ

237 2871 611 2942 κρύπτεσθαι,
635 2869 731 2923 καὶ
757 2871 904 2938 ταφῇ
924 2859 1334 2938 παραδῶοσθαι,
1361 2867 1587 2929 καὶτοῖς
1607 2866 1830 2929 κόλποις

236 2961 340 3030 τῆς
372 2959 597 3012 πάντων
622 2958 832 3031 μητρὸς
851 2954 1304 3027 περιστέλλεσθαι
1333 2955 1457 3024 γῆς.
1484 2953 1830 3016 Καὶτούτους

235 3049 335 3117 οὐχ
395 3046 623 3115 Ἕλλην,
670 3046 731 3097 οὑ
781 3044 1079 3115 βάρϐαρος,
1128 3043 1190 3095 οὺ
1240 3041 1476 3112 Σκύθης,
1517 3042 1617 3094 οὐκ
1660 3042 1714 3094 εί
1744 3059 1832 3104 τις

236 3135 471 3188 ἐκείνων
499 3132 837 3202 ἀγριώτερος
879 3131 1100 3199 ἐκίνησε
1129 3129 1258 3192 τοῦς
1290 3129 1495 3198 νόμους
1533 3128 1688 3192 ποτὲ,
1717 3127 1830 3180 ἀλλ’

235 3220 543 3284 αἰδοῦνται,
576 3219 669 3272 καὶ
697 3219 1064 3287 φυλάττουσιν
1090 3217 1351 3278 ἀπαντες,
1375 3214 1470 3268 καὶ
1492 3214 1666 3277 οὕτως
1691 3215 1830 3268 είσὶν

238 3309 400 3380 ἱεροὶ,
447 3308 544 3359 καὶ
579 3307 746 3359 πᾶσιν
785 3305 1081 3374 αίδὲσιμοι.
1123 3302 1264 3356 Ἀλλ’
1300 3304 1328 3354 6
1373 3301 1584 3372 δαίμων
1616 3301 1832 3373 ἐπάρας

235 3394 294 3446 τὸ
322 3394 694 3462 προσωπεῖον,
721 3393 905 3462 γυμνῇ
935 3393 1004 3462 τῇ
1037 3389 1246 3460 κεφαλῇ
1279 3388 1415 3456 πρὸς
1444 3389 1512 3442 τά
1545 3389 1702 3442 γοινά
1732 3389 1833 3458 τῆς

236 3479 462 3548 φύσεως
492 3479 710 3531 ἵσταται
737 3477 1007 3547 δόγματαο
1038 3476 1268 3547 Μίασμα
1297 3474 1430 3545 γὰρ,
1459 3477 1651 3546 φησιν,
1693 3477 1831 3530 εἰσὶν

235 3569 283 3620 οί
315 3565 531 3637 νεκροί.
563 3567 676 3634 Οὐχ
705 3565 756 3617 οί
784 3565 972 3636 νεκροὶ
1017 3564 1254 3634 μίασμα,
1304 3565 1646 3635 πονηρότατε
1675 3562 1832 3637 [554]

237 3655 457 3724 δαῖμον,
491 3652 631 3705 ἀλλά
659 3651 983 3723 προαίρεσις
1031 3651 1245 3720 πονηρά
1280 3648 1450 3720 μύσος
1479 3651 1649 3704 ἐστίν.
1684 3649 1747 3702 El
1776 3651 1834 3704 δέ

238 3744 343 3813 χρή
369 3758 427 3793 τι
460 3740 559 3794 καὶ
586 3739 903 3808 θαυμαστὸν
925 3739 1120 3803 εἰπεῖν,
1147 3738 1216 3791 τά
1244 3738 1352 3791 τῶν
1378 3738 1599 3802 ζώντων
1634 3739 1834 3809 μᾶλλον

242 3829 418 3899 μεστά
438 3827 660 3889 κακίας,
682 3825 716 3895 ἢ
735 3825 806 3878 τά
825 3826 934 3878 τῶν
954 3824 1442 3896 τετελευτηκότων,
1466 3826 1576 3878 είσὶ
1602 3825 1835 3896 σώματα

243 3916 457 3988 μιαρά·
492 3915 563 3967 τὰ
595 3915 693 3984 μὲν
719 3914 830 3985 γάρ
859 3913 1188 3967 διακονεῖται
1212 3915 1326 3976 τοῖς
1360 3914 1462 3984 τῆς
1486 3913 1668 3984 ψυχῆς
1714 3917 1834 3969 ἐπι-

240 4005 491 4073 τάγμασι
510 4019 522 4030 ·
558 4005 628 4054 τὰ
652 4001 708 4054 δέ
737 4003 947 4054 κεῖνται
983 4001 1217 4072 ἀκίνητα
1238 4017 1250 4029 ·
1288 4001 1351 4054 τὺ
1375 4002 1433 4054 δέ
1460 4002 1718 4071 ἀκίνητον
1741 4003 1835 4056 καὶ

243 4084 427 4160 πάσης
451 4088 764 4159 αἰσθήσεως
792 4087 1021 4157 ἔρημον,
1039 4087 1135 4140 καὶ
1161 4087 1497 4158 κατηγορίας
1528 4087 1595 4142 ἂν
1618 4090 1702 4159 εῐη
1726 4089 1832 4142 πάο

244 4195 344 4246 σης
365 4176 679 4247 ἐλεύθερον.
701 4175 848 4246 Πλὴν
870 4175 986 4229 ἀλλ’
1010 4175 1130 4228 ούδέ
1151 4174 1220 4228 τά
1245 4174 1356 4227 τῶν
1382 4174 1600 4238 ζώντων
1621 4175 1833 4246 εῐποιμι

242 4264 307 4317 ἀν
344 4265 525 4332 ἔγωγε
567 4261 797 4332 σώματα
821 4258 960 4314 εἶναι
990 4264 1058 4332 τῇ
1099 4262 1262 4330 φύσει
1298 4261 1493 4333 μιαρά,
1535 4261 1671 4315 ἀλλά
1699 4279 1835 4315 παν-

243 4350 408 4419 ταχοῦ
451 4350 554 4420 τὴν
593 4348 838 4420 πονηράν
873 4349 968 4403 καὶ
1014 4349 1455 4419 διεστραμμένην
1510 4349 1835 4420 προαίρεσιν

242 4442 363 4500 ταῖς
389 4438 543 4507 παρά
570 4439 788 4491 πάντων
809 4436 1169 4507 κατηγορίαις
1192 4432 1330 4488 εἶναι
1357 4435 1680 4490 ὑπεύθυνον.

314 4528 432 4581 Οὺκ
457 4526 576 4579 ἐστι
601 4525 763 4596 σῶμα
787 4523 982 4595 νεκρὸν
1024 4523 1265 4593 μίασμα,
1299 4521 1587 4586 Ἀπολλον,
1613 4521 1750 4576 ἀλλά
1773 4523 1834 4576 τὸ

243 4616 415 4684 κόρην
433 4611 663 4665 διώκειν
688 4612 988 4681 σωφρονεῖν
1017 4609 1369 4680 βουλομένην,
1403 4611 1498 4662 καὶ
1532 4611 1835 4681 σεμνότητα

241 4699 547 4770 διορύττειν
579 4697 874 4768 παρθένου,
924 4697 1022 4750 καὶ
1059 4698 1160 4768 τῆς
1184 4696 1542 4767 ἀναισχύντου
1580 4698 1834 4768 πράξεως

243 4787 593 4855 ἀπστυχόντα
619 4785 858 4854 θρηνεῖν,
887 4784 1045 4836 τοῦτο
1069 4786 1164 4838 καὶ⁸
1187 4785 1526 4855 κατηγορίας
1555 4787 1649 4838 καὶ
1676 4785 1835 4839 κολά-

247 4887 388 4933 σεως
408 4870 580 4934 ἀξιον.
608 4869 802 4922 Πολλοὶ
823 4869 954 4937 γοῦν
977 4869 1104 4940 παρ’
1129 4872 1263 4940 ἡμῖν
1284 4871 1533 4938 ἐγένοντο
1559 4872 1834 4942 προφῆται

245 4957 562 5026 θαυμαστοὶ
591 4958 686 5009 καὶ
711 4957 956 5026 μεγάλοι,
986 4959 1082 5010 καὶ
1113 4957 1284 5010 πολλά
1313 4959 1441 5028 περὶ
1469 4960 1580 5012 τῶν
1607 4959 1834 5029 μελλόν-

243 5061 358 5096 των
389 5043 769 5114 προειπόντες,
795 5043 890 5096 καὶ
917 5043 1157 5113 οὐδαμοῦ
1200 5043 1325 5106 τοὺς
1349 5045 1672 5115 ἐρωτῶντας
1712 5049 1835 5100 ἐκέ-

245 5129 403 5182 λευον
429 5129 501 5182 τά
540 5128 650 5182 τῶν
697 5129 1044 5183 ἀπελθόντων
1085 5129 1400 5200 ἀνορύττειν
1448 5133 1615 5186 ὀστᾶ’
1661 5135 1777 5186 ἀλλ’
1806 5137 1834 5189 6

245 5217 350 5286 μέν
403 5216 667 5287 Ίεζεκιὴλ
699 5217 881 5270 αὐτῶν
916 5218 1024 5270 τῶν
1051 5219 1224 5272 ὀστῶν
1261 5218 1488 5289 πλησίον
1530 5221 1723 5286 ἐστὼς,
1771 5225 1830 5276 οὐ

245 5303 412 5372 μόνον
439 5304 595 5356 οὐδὲν
622 5304 962 5367 ἐνεποδίζετο
989 5305 1117 5375 παρ’
1146 5306 1395 5370 ἐκείνων,
1412 5307 1549 5361 ἀλλά
1581 5311 1676 5362 καὶ
1701 5312 1832 5382 σάρ-

241 5407 348 5453 κας
377 5391 563 5453 αὐτοῖς
593 5391 688 5442 καὶ
713 5390 882 5462 νεῦρα
899 5392 994 5444 καὶ
1016 5391 1262 5463 δέρματα
1286 5394 1554 5464 περιθεὶς,
1580 5399 1660 5461 είς
1686 5399 1830 5470 ζωήν

239 5477 598 5548 ἐπανήγαγεν
632 5477 774 5531 αύτά
813 5477 992 5532 πάλιν.
1044 5480 1105 5531 ’0
1142 5479 1198 5532 δέ
1251 5481 1427 5550 μέγας
1473 5484 1715 5555 Μωῦσῆς
1766 5488 1828 5539 ού

305 5615 328 5641 ⁸
367 5609 497 5682 Ἀλλξ
521 5610 654 5670 ὅμως
672 5611 754 5656 καὶ
781 5611 930 5666 οὕτως
952 5613 1090 5668 αὐτὸς
1110 5615 1176 5660 ῶν
1201 5614 1474 5682 ἀπάγωμεν.
1496 5618 1657 5682 Hujus
1693 5624 1800 5682 peri

240 5684 397 5745 ςςξρεκ
433 5673 600 5745 μιςων
628 5684 741 5718 esse
785 5685 982 5745 gt-‘nsum
1007 5733 1015 5740 _
1037 5683 1189 5745 recte,
1214 5673 1352 5745 ποιεί
1377 5673 1593 5745 'Sa\‘i_|_.,'
1617 5673 1821 5745 ncl'npc.

240 5732 447 5782 ﬂiamsi
465 5744 556 5795 ego
581 5744 771 5792 Quoque
789 5732 874 5782 hoc.
905 5733 1115 5794 cupiam,
1139 5736 1476 5789 absumamus.
1506 5732 1636 5791 Ebur.

3404 345 3509 403 ϐω

1930 460 2159 530 πλησίον
2183 462 2356 515 ὀστῶν
2386 460 2631 531 εἱστήκει
2654 457 2887 530 νεκρῶν,
2916 457 3032 512 ἀλλ’
3071 456 3230 510 αὐτὸν
3264 457 3384 513 ὅλον
3420 476 3508 513 νε·

1931 556 2061 627 κρὸν
2113 557 2504 628 ἐπιφερόμενος
2545 555 2638 609 τὸν
2695 557 2916 627 Ἰωσὴφ,
2958 554 3104 608 οὕτω
3131 554 3202 608 τά
3248 554 3513 624 μέλλοντα

1934 651 2201 723 προύλεγε
2227 671 2240 684 ·
2291 653 2386 706 καὶ
2419 653 2563 723 μάλα
2601 652 2847 715 εἰκότως.
2883 651 2966 704 Τά
3011 654 3110 722 μὲν
3151 649 3255 720 γὰρ
3285 652 3510 704 ἐκείνων

1930 748 2152 818 ῥήματα
2201 749 2516 819 Πνεύματος
2547 749 2706 816 ἁγίου
2736 747 2899 818 χάρις
2939 744 3040 819 ἦν·
3091 747 3159 799 τὰ
3195 747 3253 800 δὲ
3303 746 3509 799 τούτων

1929 845 2136 914 ἀπάτη,
2164 847 2258 899 καὶ
2284 846 2481 916 ψεῦδος
2511 846 2811 917 οὐδαμόθεν
2843 843 3239 914 συσκιασθῆναι
3276 843 3510 914 δυνάμει

1927 956 2038 994 νον.
2076 941 2198 995 ’Ότι
2233 941 2342 1013 γὰρ
2393 942 2592 1013 σκῆψις
2634 942 2826 1007 ταῦτα,
2861 942 2956 996 καὶ
2985 940 3261 1011 πρόφασις
3293 934 3385 1009 ἦν,
3415 937 3510 992 καὶ

1927 1036 2020 1088 τὸν
2050 1037 2323 1107 μακάριον
2353 1037 2611 1091 ἐδεδοίκει
2637 1037 2909 1105 Βαϐύλαν,
2938 1037 3096 1107 δῆλον
3120 1035 3181 1100 ἐξ
3194 1029 3270 1089 ὧν
3297 1036 3326 1088 6
3358 1034 3508 1105 βασι·
3569 1053 3572 1057 ·

1928 1131 2053 1195 λεὺς
2070 1132 2274 1203 ἔπραξε
2294 1151 2308 1165 ο
2323 1134 2456 1198 τοὺς.
2474 1134 2583 1206 γὰρ
2597 1134 2792 1198 ἄλλους
2818 1134 3065 1198 ἅπαντας
3080 1134 3308 1204 νεκροὺς
3323 1133 3509 1201 ἀφεὶς,

1931 1228 2138 1280 ἐκεῖνον
2167 1228 2258 1280 τὸν
2286 1229 2541 1300 μάρτυρα
2577 1229 2736 1302 μόνον
2768 1230 2959 1285 ἐκίνει.
2991 1229 3184 1282 Καίτοι
3216 1244 3279 1298 γε
3307 1229 3358 1281 εί
3391 1227 3511 1298 βδε-

1929 1321 2256 1393 λυττόμενος
2285 1327 2468 1392 αὑτὸν,
2499 1328 2636 1381 ἀλλά
2665 1329 2740 1400 μὴ
2765 1327 3102 1399 φοϐούμενος
3117 1326 3292 1381 ταῦτα
3314 1324 3512 1398 ἐπρατο

1929 1433 2040 1484 τεν,
2070 1421 2237 1490 ἐχρῆν
2270 1421 2526 1480 κελεῦσαι
2561 1424 2913 1498 συντριϐῆναι
2955 1423 3056 1495 τὴν
3098 1423 3367 1494 λάρνακα,
3407 1439 3510 1476 κα-

1929 1516 2373 1586 ταποντισθῆναι,
2403 1521 2484 1581 είς
2526 1519 2763 1590 ἐρημίαν
2795 1519 3133 1590 ἀπαχθῆναι,
3182 1519 3355 1590 ἑτέρῳ
3405 1518 3513 1570 τινὶ

1930 1608 2207 1672 ἀπωλείας
2237 1610 2602 1682 ἀφανισθῆναι
2633 1614 2840 1685 τρόπῳ.
2865 1614 3039 1669 Τοῦτο
3066 1613 3174 1686 γάρ
3193 1609 3261 1684 ἦν
3297 1612 3509 1682 βδελυτ-

1931 1702 2184 1772 τομένου.
2216 1703 2404 1767 Οὕτως
2432 1707 2459 1757 6
2497 1704 2629 1769 Θεὸς
2657 1707 2934 1776 ἐποίησεν,
2965 1706 3055 1759 ὅτε
3091 1705 3221 1775 περὶ
3246 1704 3354 1757 τῶν
3390 1702 3509 1773 βδε-

1930 1791 2223 1862 λυγμάτων
2251 1794 2359 1848 τῶν
2388 1794 2559 1848 ἐθνῶν
2587 1799 2696 1859 τοῖς
2736 1796 3011 1866 Ἑϐραίοις
3052 1795 3353 1864 διελέγετο’
3387 1811 3512 1847 συν-

1930 1884 2183 1954 τριϐῆναι
2214 1885 2312 1950 τὰς
2355 1886 2555 1957 στήλας
2585 1887 2766 1940 αὐτῶν
2801 1887 3110 1950 ἐκέλευσεν,
3143 1887 3244 1939 οὑκ
3273 1884 3382 1937 ἀπὸ
3406 1885 3514 1938 τῶν

1933 1976 2271 2046 προαστείων
2305 1979 2398 2030 ἐπὶ⁹
2425 1979 2525 2040 τὰς
2561 1979 2744 2042 πόλεις
2771 1979 2924 2047 ἄγειν
2949 1979 3016 2032 τά
3046 1979 3357 2049 μιάσματα.

2002 2067 2073 2137 γ’.
2100 2069 2157 2123 '0
2177 2071 2276 2140 μὲν
2298 2065 2393 2123 οῦν
2419 2071 2630 2141 μάρτυς
2657 2072 2907 2132 ἐκινεῖτο,
2924 2071 2951 2122 6
2971 2069 3027 2122 δέ
3048 2069 3256 2140 δαίμων
3278 2069 3397 2121 οὐδὲ
3421 2068 3516 2121 οῦ·-

1930 2175 2038 2222 τως
2054 2158 2238 2224 ἀδείας
2254 2161 2546 2215 ἀπέλαυεν·
2575 2162 2692 2215 ἀλλ’
2707 2161 2907 2224 εὐθέως
2925 2160 3246 2232 ἐμάνθανεν,
3266 2160 3348 2212 ὅτι
3380 2160 3518 2212 ὁστᾶ

1936 2252 2034 2321 μὲν
2062 2253 2342 2324 μάρτυρος
2383 2256 2742 2325 μετακινῆσαι
2779 2253 3002 2308 δυνατόν
3031 2254 3201 2316 ἐστιν,
3235 2254 3422 2324 χεῖρας
3451 2251 3510 2306 δέ

1936 2342 2214 2415 μάρτυρος
2229 2336 2512 2415 διαφυγεῖν
2537 2346 2820 2402 ἀδύνατον.
2851 2345 3018 2416 Ὁμοῦ
3044 2363 3103 2399 τε
3121 2346 3230 2416 γὰρ
3253 2346 3286 2415 ή
3309 2343 3516 2414 λάρναξ

1933 2435 2025 2487 ἐπὶ
2052 2435 2151 2507 τὴν
2182 2435 2336 2489 πόλιν
2371 2437 2606 2504 εἱλκετο,
2636 2438 2731 2490 καὶ
2763 2437 3030 2508 κεραυνὸς
3059 2436 3268 2492 ἄνωθεν
3295 2437 3390 2490 ἐπὶ
3417 2435 3516 2508 τὴν

1935 2525 2176 2596 κεφαλὴν
2199 2527 2397 2597 ἤρχετο
2422 2527 2515 2580 τοῦ
2539 2526 2752 2593 ξοάνου,
2780 2530 2874 2582 καὶ
2890 2530 2958 2583 τά
2983 2529 3163 2582 πάντα
3187 2528 3515 2596 κατέφλεγε.

1937 2617 2129 2670 Καίτοι
2158 2635 2240 2685 γε,
2277 2619 2325 2670 εί
2364 2620 2458 2673 καὶ
2498 2620 2573 2690 μὴ
2613 2621 2900 2691 πρότερον,
2925 2621 3045 2673 τότε
3081 2619 3213 2689 γοῦν
3262 2620 3409 2683 εἰκὸς
3448 2613 3518 2690 ἦν

1935 2708 2258 2780 ὀργισθῆναι
2284 2713 2374 2765 τὸν
2401 2713 2570 2783 ἀσεϐῆ
2599 2711 2842 2781 βασιλέα,
2862 2713 2956 2766 καὶ
2982 2712 3082 2783 τὴν
3107 2713 3278 2785 ὀργήν
3301 2713 3518 2780 ἀφεῖναι

1940 2801 2021 2862 είς
2087 2801 2148 2854 τὸ
2203 2801 2502 2873 μαρτύριον
2559 2802 2656 2856 τοῦ
2708 2803 3020 2875 μάρτυρος·
3052 2804 3169 2857 ἀλλ’
3219 2803 3342 2857 ούδέ
3395 2805 3518 2857 τότε

1937 2893 2204 2964 ἐτόλμησε
2226 2913 2239 2927 ·
2272 2896 2524 2960 τοσοῦτος
2557 2896 2718 2950 αὐτὸν
2751 2900 2972 2966 κατεῖχε
3005 2897 3198 2966 φόϐος·
3232 2896 3371 2951 άλλά
3397 2896 3520 2949 καί-

1937 3003 2018 3038 τοι
2048 2987 2140 3040 τὸν
2167 2988 2496 3058 ἐμπρησμὸν
2532 2988 2676 3059 ὁρῶν
2700 2989 2975 3060 ἀφόρητον
2997 2988 3149 3051 ὅντα,
3181 2986 3277 3041 καὶ
3304 2987 3402 3058 τὴν
3430 2989 3518 3040 αἰ·-

1936 3078 2059 3132 τίαν
2105 3077 2262 3142 εἰδὼς
2291 3079 2558 3150 ἀκριϐῶς,
2606 3081 2869 3150 ἡσύχαζε.
2901 3081 3007 3134 Καὶ
3039 3080 3101 3134 οὐ
3146 3079 3306 3133 τοῦτο
3359 3080 3543 3150 μόνονι

1938 3169 2057 3222 ἐστὶ
2083 3170 2145 3222 τὸ
2177 3170 2509 3240 θαυμαστὸν,
2533 3172 2614 3225 ὃτι
2638 3173 2702 3225 τὸ
2733 3173 3032 3245 μαρτύριον
3063 3173 3123 3226 οὐ
3150 3173 3518 3242 κατέσκαψεν,

1938 3259 2053 3312 ἀλλ’
2079 3261 2162 3314 ὅτι
2190 3261 2324 3331 μηδέ
2344 3261 2444 3332 τὴν
2468 3261 2666 3332 στέγην
2700 3261 2971 3316 ἐπιθεῖναι
3001 3263 3162 3318 πάλιν
3184 3263 3263 3334 τῷ
3282 3261 3398 3332 ναῷ
3419 3263 3523 3316 οὐκ

1939 3351 2263 3422 ἐτόλμησεν.
2289 3353 2443 3422 ᾝδει
2465 3352 2595 3426 γάρ,
2617 3352 2735 3423 ᾔδει
2762 3353 3023 3426 θεήλατον
3046 3350 3213 3409 οὖσαν
3241 3354 3340 3424 τὴν
3365 3352 3521 3425 1555]

1941 3439 2172 3510 πληγὴν,
2207 3441 2302 3493 καὶ
2330 3440 2583 3495 ἐδεδοίκει
2629 3441 2703 3514 μὴ
2744 3444 3059 3515 περαιτέρω
3099 3459 3152 3496 τι
3193 3441 3520 3513 διανοηθεὶς,

1939 3533 2032 3584 ἐπὶ
2057 3531 2158 3604 τὴν
2188 3533 2393 3586 οἰκείαν
2421 3536 2596 3588 ἐκεῖνο
2631 3535 2850 3609 καλέσῃ
2873 3535 2934 3590 τὸ
2983 3535 3094 3607 πῦρ
3124 3536 3388 3605 κεφαλήν.
3425 3536 3523 3590 Διά

1938 3625 2098 3678 τοῦτο
2129 3627 2374 3697 ἠνείχετο
2429 3629 2509 3691 είς
2545 3630 2814 3700 τοσαύτην
2850 3629 3085 3700 ἐρημίαν
3124 3629 3523 3699 κατενεχθέντα

1939 3719 2031 3774 τὸν
2063 3720 2190 3773 ναὸν
2232 3721 2328 3774 τοῦ
2379 3722 2712 3786 Ἀπόλλωνος
2740 3723 2902 3794 ὁρῶν.
2935 3723 3070 3776 Ούδέ
3103 3725 3212 3794 γὰρ
3255 3723 3388 3793 άλλη
3439 3739 3524 3788 τις

1937 3807 2009 3882 ἦν
2041 3812 2210 3874 αἰτία,
2238 3812 2304 3865 δι’
2330 3814 2397 3884 ἢν
2417 3814 2479 3866 οὐ
2509 3812 2789 3885 διώρθωσε
2818 3815 2878 3868 τὸ
2907 3816 3300 3885 γεγενημένον,
3331 3814 3449 3868 ἀλλ’
3488 3816 3522 3886 ἢ

1941 3903 2107 3972 φόϐος
2141 3905 2304 3974 μόνον
2323 3905 2388 3958 δι’
2415 3904 2474 3958 ὃν
2501 3904 2650 3960 ἄκων
2695 3906 2958 3978 ἡσύχαζε,
3002 3907 3097 3960 καὶ
3123 3905 3299 3960 ταῦτα
3342 3906 3523 3968 εἰδὼς,

1941 3995 2066 4049 ὅσον
2120 3995 2222 4066 μὲν
2259 3995 2462 4061 ὄνειδος
2502 3979 2824 4051 καταλείπει
2875 3998 2954 4068 τῷ
3008 3997 3247 4068 δαίμονι,
3291 4000 3417 4053 ὅσον
3464 4000 3522 4054 δὲ

1943 4087 2147 4157 κόσμον
2179 4087 2256 4158 τῷ
2281 4087 2539 4157 μάρτυρι.
2576 4087 2685 4140 Καὶ
2704 4088 2812 4159 γὰρ
2839 4087 3138 4160 ἑστήκασιν
3158 4089 3206 4141 οί
3235 4091 3403 4159 τοῖχοι
3426 4087 3532 4145 νῦν.

1942 4178 2064 4232 ἀντὶ
2107 4179 2407 4249 τροπαίων,
2458 4177 2761 4248 σάλπιγγος
2817 4179 3208 4250 λαμπροτέραν
3271 4178 3522 4246 ἀφιέντες

1942 4267 2146 4338 φωνὴν,
2174 4270 2287 4331 τοῖς
2317 4272 2374 4320 ἐν
2393 4271 2457 4340 τῇ
2489 4269 2695 4340 Δάφνῃ,
2723 4269 2837 4332 τοῖς
2871 4271 2930 4321 ἐν
2954 4271 3022 4340 τῇ
3046 4268 3221 4332 πόλει,
3252 4271 3364 4332 τοῖς
3389 4269 3522 4342 πόρ-

1945 4360 2118 4433 ρωθεν
2147 4361 2592 4432 ἀφικνουμένοις,
2624 4363 2738 4424 τοῖς
2780 4360 3024 4425 συνοῦσι,
3064 4363 3177 4424 τοῖς
3208 4357 3368 4424 αὖθις
3401 4363 3522 4414 ἐσο-

1945 4453 2128 4524 μένοις
2159 4452 2469 4524 ἀνθρώποις
2503 4454 2722 4508 ἅπαντα
2743 4454 3058 4524 διηγοῦνται
3085 4453 3175 4507 διὰ
3202 4453 3304 4523 τῆς
3321 4453 3522 4524 ὅψεως,

1939 4543 2039 4614 τὴν
2079 4543 2276 4614 πάλην,
2319 4545 2419 4613 τὴν
2455 4543 2796 4615 συμπλοκὴν,
2833 4543 2933 4614 τήν
2972 4544 3130 4613 νίκην
3187 4544 3282 4597 τοῦ
3315 4544 3522 4616 μάρτυ-

1946 4649 2054 4702 ρος.
2093 4633 2198 4685 Τὸν
2225 4631 2332 4703 γάρ
2356 4631 2640 4703 πόρρωθεν
2661 4632 3032 4703 ἀφιστάμενον
3051 4634 3146 4686 τοῦ
3171 4634 3520 4705 προαστείου,

1943 4723 2037 4776 καὶ
2069 4723 2129 4776 τὸ
2174 4725 2273 4793 μὲν
2307 4724 2608 4794 μαρτύριον
2645 4724 2738 4777 τοῦ
2770 4725 2928 4793 άγίου
2960 4726 3058 4796 τῆς
3087 4726 3358 4796 λάρνακος
3394 4727 3524 4798 ἐρη-

1946 4831 2064 4885 μον,
2097 4814 2188 4867 τὸν
2217 4815 2274 4867 δέ
2316 4816 2442 4868 ναδν
2478 4816 2573 4869 τοῦ
2625 4817 2959 4881 Ἀπόλλωνος
3007 4819 3105 4889 τὴν
3164 4819 3365 4889 στέγην
3419 4821 3524 4886 ἀφ-

1941 4908 2214 4978 ῃρημένον
2232 4908 2466 4976 ὁρῶντα,
2499 4908 2644 4974 εἰκὸς
2677 4910 2778 4980 τὴν
2811 4909 2990 4962 αἰτίαν
3017 4910 3221 4962 τούτων
3246 4911 3525 4981 ἑκατέρων

1942 5000 2161 5070 ζητεῖνο
2206 4997 2324 5053 εἶτα
2372 5003 2551 5054 πᾶσαν
2599 5001 2843 5070 μαθόντα
2878 5001 2978 5072 τὴν
3039 5001 3300 5072 ἱστορίαν,
3349 5002 3524 5065 οὕτως

1940 5092 2196 5144 ἀπελθεῖν
2222 5092 2449 5146 ἐκεῖθεν.
2480 5093 2717 5147 Τοιαῦτα
2733 5092 2826 5145 τοῦ
2849 5093 3125 5164 μάρτυρος
3150 5094 3218 5145 τά
3247 5095 3523 5164 κατορθώο

1944 5201 2111 5254 ματα,
2151 5183 2219 5236 τὰ
2250 5184 2386 5254 μετά
2413 5183 2510 5254 τὴν
2553 5185 2830 5254 τελευτήν.
2863 5183 2953 5236 Διὸ
2979 5185 3074 5236 καὶ
3103 5184 3203 5253 τὴν
3249 5184 3525 5254 ὑμετέραν

1945 5275 2234 5346 μακαρίζω
2277 5276 2448 5336 πόλιν,
2489 5276 2570 5327 ὃτι
2606 5275 2806 5345 πολλὴν
2840 5276 2967 5344 περὶ
3001 5275 3091 5328 τὸν
3125 5275 3280 5342 ἅγιον
3332 5275 3527 5328 τοῦτον

1939 5369 2285 5433 ἐπεδείξασθε
2314 5369 2411 5440 τὴν
2462 5370 2718 5439 σπουδήν.
2765 5370 2873 5421 Καὶ
2906 5369 3013 5440 γάρ
3040 5369 3184 5432 τότε,
3211 5368 3372 5439 ήνίκα
3416 5371 3526 5424 ἀπὸ

1940 5461 2037 5530 τῆς
2063 5461 2278 5531 Δάφνης
2312 5461 2562 5531 ἐπανῄει,
2591 5463 2741 5514 πᾶσα
2765 5462 2861 5532 μὲν
2888 5463 3020 5531 ἡμῖν
3056 5463 3088 5531 ή
3120 5461 3274 5524 πόλις
3315 5463 3394 5524 είς
3425 5463 3532 5529 τὴν.

1938 5551 2053 5603 ὁδὸν
2079 5550 2334 5622 ἐξεχύθη,
2359 5551 2453 5602 καὶ
2473 5550 2628 5604 κεναὶ
2660 5550 2756 5620 μέν
2787 5551 2844 5602 αἱ
2875 5551 3072 5620 ἀγοραὶ
3098 5549 3331 5619 ἀνδρῶν,
3367 5551 3525 5603 κεναὶ

1935 5643 1992 5694 δὲ
2026 5642 2298 5710 γυναικῶν
2347 5637 2488 5711 ἦσαν
2520 5643 2575 5692 αἱ
2605 5640 2794 5703 οἰκίαι,
2828 5639 3024 5709 ἔρημοι
3053 5640 3110 5692 δὲ
3141 5639 3429 5710 παρθένων
3472 5645 3524 5696 o!

1937 5734 2184 5797 θάλαμοι.
2216 5733 2372 5786 Οῦτω
2397 5733 2488 5786 καὶ
2519 5731 2705 5798 ἡλικία
2750 5733 2918 5796 πᾶσα,
2954 5732 3046 5786 καὶ
3077 5730 3236 5800 φύσις
3275 5733 3511 5799 ἑκατέρα
