4220 6300
280 286 388 345 533

283 409 341 457 et
365 400 545 459 omnis
567 409 699 458 etas
726 442 742 468 ,
764 409 821 457 et
847 409 1069 474 uterque
1098 416 1257 458 sexus
1279 401 1600 459 exsilierunt
1622 417 1688 459 ex
1717 401 1873 470 urbe,

282 499 557 564 tamquam
592 502 798 563 patrem
821 507 886 549 ex
935 492 1087 564 longa
1117 492 1543 564 peregrinatione
1569 502 1691 563 post
1731 492 1872 549 mul-

284 589 398 637 tum
428 593 638 653 tempus
656 590 1013 638 revertentem
1040 583 1328 655 recepturi.
1350 584 1430 639 Ac
1448 598 1544 639 vos
1565 583 1777 653 quidem
1807 584 1874 639 il-

283 676 394 732 lum
418 676 608 732 eodem
638 676 754 731 zelo
778 689 1159 733 suecensorum
1185 676 1346 732 coetui
1414 675 1721 732 reddidistis
1738 717 1754 743 ,
1779 676 1874 733 Dei

284 758 414 822 vero
448 766 618 837 gratia
644 775 899 836 perpetuo
928 781 1144 823 manere
1190 764 1298 822 illic
1326 780 1433 821 non
1476 766 1750 837 permisit,
1781 766 1877 822 sed

285 872 475 913 rursus
495 858 645 913 illum
671 858 812 913 ultra
838 858 1034 914 ﬂumen
1066 858 1141 932 (α)
1168 858 1470 925 transtulit,
1488 866 1545 913 ut
1574 859 1736 913 multa
1763 858 1875 915 loca

286 947 437 1001 suavi
458 946 712 1018 martyris
731 946 896 1003 odore
913 949 1331 1018 complerentur.
1362 946 1546 1017 Neque
1578 962 1726 1015 vero,
1755 962 1879 1004 cum

289 1036 395 1091 hue
418 1036 677 1104 venisset,
707 1037 855 1093 solus
879 1052 1161 1094 mansurus
1178 1036 1276 1093 fuit
1291 1037 1419 1117 ,sed
1447 1038 1678 1095 vicinum
1698 1038 1881 1094 confe-

288 1131 413 1184 stim
441 1139 500 1186 et
523 1130 987 1197 contubernalem,
1014 1130 1310 1202 iisdemque
1338 1123 1575 1186 moribus
1599 1130 1879 1201 prmditum

288 1223 519 1292 accepit.
543 1221 674 1277 Nam
700 1232 755 1278 et
774 1223 1015 1292 ejusdem
1055 1222 1384 1293 prmfecturae
1414 1223 1679 1293 particeps
1716 1225 1885 1280 factus

290 1322 395 1379 est,
422 1322 479 1369 et
506 1312 764 1383 aequalem
791 1312 1044 1384 loquendi
1070 1313 1369 1370 libertatem
1394 1314 1448 1370 in
1481 1328 1641 1370 causa
1666 1300 1907 1385 religith

292 1403 378 1458 nis
406 1402 652 1460 exhibuit
681 1421 696 1457 :
729 1411 1055 1475 quapropter
1077 1413 1132 1459 et
1156 1404 1298 1460 idem
1328 1419 1391 1461 ac
1418 1404 1532 1475 ipse
1553 1404 1884 1460 domicilium

293 1495 547 1562 obtinuit,
572 1510 679 1550 non
706 1494 923 1563 frustra,
951 1505 1009 1550 ut
1027 1495 1258 1562 videtur,
1284 1495 1374 1552 hic
1396 1496 1657 1573 mirabilis
1685 1504 1887 1568 marty-

296 1584 373 1639 ris
387 1585 643 1641 imitator.
666 1584 841 1640 Tanto
858 1584 1001 1641 enim
1023 1595 1264 1656 tempore
1288 1585 1394 1642 illic
1411 1580 1675 1642 laboravit
1696 1586 1762 1642 ad
1788 1586 1891 1641 lm-

296 1684 603 1743 peratorem
628 1674 817 1731 literas
843 1676 1083 1742 mittens,
1116 1676 1459 1747 magistratus
1505 1676 1884 1747 interpellans,

295 1774 354 1820 et
372 1766 617 1835 corporis
636 1766 992 1823 ministerium
1022 1767 1241 1838 martyri
1267 1765 1536 1824 deferens.
1563 1767 1721 1824 Scitis
1744 1767 1888 1823 enim

298 1856 484 1925 utique
506 1871 571 1911 ac
598 1855 991 1925 recordamini,
1034 1871 1141 1927 quo
1186 1865 1341 1926 pacto
1377 1857 1565 1913 πειίνο
1619 1867 1891 1928 tempore,

298 1945 427 2000 dmn
457 1946 740 2002 meridiani
768 1946 898 2003 solis
926 1946 1090 2001 radiis
1132 1947 1323 2003 catlum
1370 1948 1603 2014 arderet,
1633 1962 1755 2003 cum
1781 1949 1893 2005 suis

299 2037 667 2092 assessoribus
686 2038 910 2109 singulis
933 2037 1121 2093 diebus
1138 2038 1263 2094 illuc
1280 2047 1547 2110 pergeret,
1571 2054 1677 2095 non
1700 2048 1760 2095 ut
1774 2056 1894 2111 spe-

301 2139 473 2185 ctaret
496 2130 697 2198 solum,
720 2129 815 2187 sed
846 2131 1005 2186 etiam
1032 2138 1091 2186 ut
1111 2131 1162 2185 in
1185 2146 1394 2198 eorum,
1417 2146 1536 2201 qua:
1551 2132 1892 2202 gerebantur,

300 2212 884 2277 consortium'veniret.
916 2220 1050 2277 Nam
1082 2230 1135 2278 et
1156 2221 1362 2292 lapides
1382 2221 1579 2293 sa‘pius
1608 2223 1812 2293 attigit,
1842 2235 1899 2279 et

371 2353 442 2415 (α)
473 2360 707 2404 Orontem
735 2352 963 2418 intelligit
986 2354 1047 2405 ad
1066 2368 1213 2419 quem
1237 2356 1436 2406 ﬂuvium
1458 2357 1548 2406 sita
1574 2357 1833 2407 Antiochia.

1078 2566 1419 2649 LIBER
1473 2566 1595 2648 IN
1650 2563 2208 2650 SANCTUM
2262 2570 2827 2676 BABYLAM,

1088 286 1179 345 DE
1215 288 1277 344 S.
1355 286 1651 355 BABYLA,
1689 287 1963 346 CONTRA
2002 285 2338 345 JULIANUM
2380 285 2468 344 ΕΤ
2506 283 2867 343 GENTILES.

3462 282 3570 340 556

1978 401 2159 458 funem
2205 401 2402 467 traxit,
2448 408 2502 458 et
2530 400 2578 457 ei
2621 400 2712 471 qui
2740 406 3007 455 structura
3037 396 3211 466 aliqua
3262 394 3570 466 indigebat,

1978 500 2103 548 ante
2144 492 2291 561 ipsos
2337 491 2610 547 ministros
2635 488 3047 559 obtemperavit.
3078 486 3310 542 Noverat
3337 485 3569 556 quippe,

1979 590 2203 641 noverat
2220 594 2417 654 quanta
2445 582 2544 653 ipsi
2582 580 2773 637 horum
2812 595 2974 636 causa
3002 578 3221 651 pra-mia
3250 576 3577 633 reservanda

1980 683 2163 731 essent
2189 693 2203 731 :
2225 684 2385 745 atque
2412 673 2611 730 idcirco
2634 674 2690 729 in
2713 672 2971 741 obsequio
2993 658 3247 740 cultuque
3277 681 3577 742 martyrum

1981 766 2397 838 perseverabat,
2426 779 2531 820 non
2553 763 2850 835 splendidis
2874 773 3078 818 tantum
3106 760 3345 817 azdiiieiis
3368 770 3578 815 struen-

1981 857 2066 915 dis
2086 901 2101 925 ,
2128 865 2221 912 aut
2245 855 2515 912 continuis
2547 855 2694 911 festis
2722 854 3077 918 celebrandis,
3101 853 3194 909 sed
3224 852 3415 924 potiori
3443 865 3581 920 qna-

1983 948 2106 1005 dam
2138 948 2218 1003 his
2257 946 2504 1002 omnibus
2534 946 2743 1002 ratione
2772 963 2785 999 :
2818 960 3049 1016 quanam
3080 945 3167 998 illa
3196 944 3409 999 tandem
3437 942 3581 997 ?‘Vi«

1987 1048 2093 1095 tam
2118 1039 2357 1094 imitatur
2385 1038 2597 1093 illorum
2620 1079 2635 1103 ,
2669 1036 3033 1092 fortitudinem
3063 1037 3366 1101 tumulatur,
3397 1050 3464 1091 ac
3488 1049 3583 1105 per

1985 1131 2163 1185 omnia
2188 1130 2471 1201 imaginem
2506 1141 2798 1199 martyrum
2827 1145 2922 1200 pro
2943 1128 3145 1184 viribus
3168 1129 3223 1184 in
3248 1128 3428 1201 seipso
3451 1143 3586 1183 cou-

1987 1231 2187 1278 servat.
2216 1220 2351 1277 Vide
2382 1222 2523 1277 enim
2563 1239 2577 1274 :
2611 1230 2975 1291 exposuerunt
3004 1220 3076 1274 illi
3122 1233 3349 1290 corpora
3378 1229 3586 1275 macta-

1990 1313 2156 1379 ti0ni;
2184 1322 2239 1368 at
2264 1315 2351 1369 hic
2391 1313 2628 1369 membra
2676 1313 2854 1368 carnis
2890 1312 3229 1367 mortiﬁcavit
3254 1353 3272 1380 ,
3304 1326 3422 1383 qum
3462 1320 3591 1366 sunt

1987 1418 2152 1474 super
2178 1412 2373 1458 terram
2407 1421 2420 1457 :
2444 1404 2754 1459 restiterunt
2780 1403 2857 1457 illi
2883 1402 3112 1458 ilammtc
3140 1402 3276 1473 ignis
3294 1444 3310 1466 ,
3335 1402 3421 1457 hic
3441 1401 3587 1472 cupi-

1992 1494 2171 1550 ditatis
2199 1494 2467 1550 flammam
2493 1496 2742 1550 restinxit
2770 1512 2787 1549 :
2814 1503 3119 1567 pugnarunt
3150 1494 3226 1549 illi
3252 1508 3374 1548 cum
3412 1493 3589 1547 denti-

1990 1586 2091 1643 bus
2120 1585 2408 1642 bestiarum
2428 1628 2446 1655 ,
2492 1586 2589 1642 sed
2634 1594 2690 1641 et
2718 1585 2806 1641 hic
2832 1585 3188 1641 suavissimam
3208 1585 3259 1640 in
3292 1584 3445 1639 nobis
3470 1597 3593 1652 per-

1994 1677 2357 1734 turbationum
2416 1678 2550 1733 iram
2605 1676 2831 1733 sedavit.
2882 1677 3083 1733 llorum
3123 1677 3299 1747 igitur
3349 1675 3591 1729 omnium

1992 1785 2150 1825 causa
2176 1769 2288 1825 Deo
2312 1769 2509 1841 gratias
2534 1784 2751 1841 agamus
2770 1812 2786 1837 ,
2818 1769 2960 1840 quod
2982 1780 3030 1823 ct
3056 1777 3321 1841 martyres
3348 1766 3500 1821 nobis
3521 1765 3593 1820 ita

1994 1876 2284 1934 generosos
2313 1862 2532 1933 largitus
2556 1862 2663 1930 sit,
2696 1871 2751 1918 et
2778 1862 3103 1933 martyribus
3129 1860 3318 1931 dignos
3350 1869 3595 1929 pastores

1994 1952 2063 2007 ad
2117 1952 2636 2007 consummationem
2694 1961 3038 2019 sanctorum,
3087 1952 3138 2005 in
3187 1948 3596 2005 mdilicatiouem

1996 2044 2239 2114 corporis
2264 2044 2463 2100 Christi
2484 2043 2697 2117 (Ep/tes.
2726 2045 2780 2101 4.
2803 2044 2915 2117 η),
2951 2059 3072 2100 cum
3094 2058 3201 2114 quo
3230 2043 3374 2099 Patri
3400 2042 3591 2112 gloria,

2000 2134 2197 2204 honor,
2234 2135 2555 2204 imperium,
2606 2151 2727 2193 eum
2776 2146 2966 2193 sancto
3013 2145 3066 2191 et
3112 2136 3323 2191 vivilico
3359 2133 3594 2204 Spiritu,

2001 2242 2141 2283 nunc
2169 2235 2224 2283 et
2246 2241 2484 2298 semper,
2514 2236 2569 2284 et
2598 2228 2649 2284 in
2672 2229 2868 2285 saecula
2894 2227 3237 2285 saeculorum.
3271 2228 3467 2281 Amen.

1194 2740 1441 2786 σθω-ιιι
1485 2740 1833 2797 ιυιιλκοιε,
1877 2741 1960 2784 s'r
2000 2742 2249 2789 comma
2291 2747 2597 2793 GENTILES
2629 2729 2741 2814 (a).

1744 2884 2014 2940 -—~oo

395 3011 444 3065 ι.
474 3009 739 3064 Dominus
768 3016 952 3064 noster
978 3007 1136 3063 Jesus
1160 3004 1404 3061 Christus
1430 3006 1744 3076 supplicium
1775 3007 1916 3077 jam-

315 3098 428 3169 jam
471 3098 779 3165 subiturus,
831 3106 887 3152 et
928 3106 1102 3153 morte
1128 3094 1332 3151 viviflca
1383 3095 1706 3164 moriturus,
1760 3104 1917 3153 nocte

320 3192 411 3244 illa
444 3198 716 3259 postrema
736 3188 1024 3257 discipulos
1044 3187 1269 3242 seorsim
1290 3187 1519 3253 vocavit,
1544 3187 1778 3257 ipsisque
1806 3197 1916 3243 tum

320 3284 425 3337 alia
453 3282 620 3336 multa
653 3282 858 3336 monita
879 3280 1059 3348 dedit,
1094 3289 1203 3335 tum
1235 3279 1351 3335 haec
1378 3280 1539 3335 etiam
1564 3280 1723 3335 verba
1755 3279 1914 3334 fecit:

322 3376 483 3429 Amen
503 3416 521 3439 ,
565 3390 711 3427 amen
751 3375 863 3428 dico
889 3373 1055 3439 vobis,
1079 3372 1164 3442 qui
1190 3372 1349 3426 credit
1381 3372 1434 3425 in
1459 3388 1569 3438 me,
1601 3387 1781 3441 Opera,
1809 3385 1922 3439 quae

323 3483 416 3537 ego
436 3467 575 3537 facio
595 3507 610 3528 ,
639 3474 684 3519 et
712 3466 819 3534 ipse
845 3465 1027 3536 faciet,
1052 3474 1097 3517 et
1124 3464 1321 3533 majora
1345 3463 1423 3517 his
1444 3462 1595 3532 faciet
1620 3460 1798 3531 (Joan.
1832 3461 1919 3515 14.

327 3558 440 3626 ΙΞ).
475 3556 637 3626 Atqui
668 3556 820 3610 multi
848 3556 935 3610 alii
985 3555 1221 3624 magistri
1246 3552 1531 3619 exstitere,
1561 3551 1648 3621 qui
1688 3550 1914 3620 discipu-

326 3650 407 3703 los
435 3648 744 3702 habuerunt
771 3657 826 3702 et
854 3646 1105 3701 miracula
1132 3653 1527 3715 perpetrarunt,
1559 3652 1619 3697 ut
1643 3642 1813 3699 Graeci
1836 3643 1923 3711 ja-

325 3741 518 3794 etitant
546 3755 561 3805 ;
596 3748 833 3793 attamen
865 3737 1043 3792 nullus
1081 3750 1264 3792 eorum
1297 3750 1545 3805 umquam
1573 3733 1747 3788 simile
1770 3732 1927 3804 quid-

326 3833 469 3902 piam
498 3831 583 3886 vel
614 3831 849 3901 cogitare
875 3830 957 3885 vel
981 3829 1159 3885 dicere
1185 3843 1345 3882 ausus
1366 3836 1467 3883 est.
1491 3826 1673 3897 Neque
1702 3835 1926 3897 possunt

328 3923 621 3992 quidquam
650 3935 874 3985 eorum,
917 3918 1014 3975 etsi
1061 3918 1349 3973 admodum
1405 3918 1740 3988 impudentes
1782 3918 1922 3986 sint,

328 4015 731 4085 praedictionem
748 4026 1119 4068 sermonemve
1138 4011 1366 4066 similem
1386 4026 1553 4081 penes
1568 4026 1625 4065 se
1642 4010 1923 4075 exhibere;

329 4106 423 4162 sed
477 4114 695 4177 spectra
744 4103 1116 4160 defunctorum
1159 4111 1600 4172 mortuorumque
1644 4103 1927 4157 simulacra

330 4199 483 4253 multi
528 4212 716 4252 eorum
756 4196 939 4252 dicunt
966 4211 997 4251 a
1029 4194 1273 4264 plurimis
1316 4194 1455 4263 apud
1500 4209 1559 4249 se
1601 4192 1927 4249 mirabilium

332 4288 697 4361 patratorihus
722 4286 968 4351 ostendi;
994 4301 1157 4341 voces
1183 4285 1309 4341 item
1336 4300 1367 4340 e
1392 4286 1650 4354 sepulcris
1672 4285 1736 4338 ad
1763 4300 1927 4353 quos-

329 4382 451 4436 dam
476 4380 709 4434 emissas
734 4378 977 4447 iactitant
1010 4394 1023 4429 :
1047 4376 1188 4448 quod
1226 4387 1401 4430 autem
1432 4377 1552 4446 quis
1576 4392 1639 4429 ex
1668 4376 1815 4439 viris,
1838 4374 1929 4445 qui

330 4474 469 4540 apud
496 4487 561 4526 se
584 4472 834 4527 vixerunt
884 4478 939 4525 et
982 4469 1321 4524 admirationi
1352 4469 1514 4523 habiti
1554 4480 1711 4534 sunt,
1741 4480 1831 4531 aut
1862 4484 1927 4523 ex

332 4562 394 4616 iis
414 4576 556 4632 quos
588 4570 707 4630 post
736 4560 1015 4615 decessum
1048 4560 1181 4616 deos
1209 4568 1619 4630 reputaverunt,
1644 4560 1750 4615 tale
1771 4559 1929 4630 quid-

330 4652 471 4722 piam
501 4650 785 4721 discipulis
814 4650 1006 4705 dixerit
1032 4691 1049 4717 ,
1098 4650 1271 4705 nullus
1300 4666 1485 4705 eorum
1514 4649 1785 4703 afﬁrmare
1830 4666 1924 4703 au-

332 4744 472 4798 deat.
512 4744 745 4799 Causam
775 4750 950 4796 autem
970 4783 983 4807 ,
1014 4743 1059 4796 si
1085 4743 1291 4811 placet,
1317 4742 1585 4812 aperiam;
1610 4756 1706 4795 cur
1726 4741 1931 4797 scilicet

333 4851 448 4889 cum
474 4843 674 4889 cmtera
700 4835 879 4888 omnia
912 4833 1249 4903 impudenter
1278 4832 1603 4899 eil‘utierint,
1636 4844 1689 4888 et
1736 4834 1930 4904 perfri-

332 4936 411 4979 cta
454 4926 635 4980 fronte
666 4926 873 4979 mentiti
903 4925 1040 4991 sint,
1075 4923 1207 4979 nihil
1256 4922 1554 4993 huiusmodi
1599 4925 1930 4980 comminisci

333 5020 441 5071 ausi
471 5018 607 5073 sint.
640 5016 755 5071 Non
781 5017 923 5071 enim
955 5017 1050 5071 abs
1081 5031 1171 5081 re,
1204 5032 1376 5087 neque
1420 5016 1535 5071 sine
1573 5015 1799 5085 quadam
1841 5034 1931 5072 ra-

336 5110 475 5163 tione
495 5124 526 5163 a
565 5108 657 5163 tali
682 5118 986 5162 commento
1016 5107 1358 5172 abstinuere;
1389 5107 1482 5161 sed
1512 5117 1687 5163 astute
1713 5108 1930 5177 conspi-

335 5201 435 5253 cati
466 5210 597 5254 sunt
624 5199 858 5269 pestiferi
890 5199 963 5253 illi
993 5200 1236 5253 homines
1257 5214 1376 5253 eum
1395 5239 1411 5264 ,
1440 5199 1526 5268 qui
1553 5198 1725 5252 fucum
1757 5198 1933 5254 facere

336 5292 493 5355 velit,
529 5299 785 5357 Oportere
808 5290 1102 5359 probabilia
1131 5290 1396 5359 quaedam,
1419 5299 1474 5343 et
1501 5287 1722 5342 fallaci-.c
1752 5289 1929 5358 plena,

336 5399 450 5449 qua:
494 5382 652 5437 facile
683 5398 787 5435 non
814 5381 1011 5449 possint
1046 5380 1161 5434 falsi
1191 5380 1373 5450 argui,
1406 5380 1664 5448 proferre.
1694 5377 1823 5432 Nam
1878 5378 1930 5431 in

336 5490 483 5529 lttttt'c
507 5483 593 5530 est
619 5483 679 5529 ut
699 5474 935 5543 piscibus
959 5474 1249 5542 avibusque
1277 5471 1641 5548 callidioribus
1672 5486 1776 5525 non
1806 5470 1931 5524 nudi

336 5626 800 5749 “(smzt‘tpsntulimus
814 5627 1009 5679 codices
1044 5636 1191 5691 ηερε.
1225 5627 1361 5688 1675,
1386 5625 1526 5687 Ξΰίδ,
1560 5626 1697 5686 2H7,
1728 5634 1777 5677 ct
1799 5626 1929 5676 L‘olb.

2022 3008 2165 3064 hami
2188 3018 2571 3082 proponantur,
2595 3011 2690 3067 sed
2722 3026 2844 3068 esca
2874 3012 3159 3082 obtegcute
3188 3010 3262 3065 illi
3301 3008 3611 3079 capiantur,

2022 3108 2182 3169 atque
2207 3101 2279 3155 ita
2298 3100 2512 3161 venatio
2539 3111 2763 3172 utraque
2791 3118 3048 3173 prospere
3065 3101 3219 3157 cedat
3240 3119 3252 3167 ;
3271 3101 3317 3155 si
3348 3116 3476 3156 vero
3491 3115 3618 3155 cou-

2025 3190 2207 3260 spicua
2236 3192 2367 3247 retia
2393 3202 2608 3260 essent,
2643 3209 2815 3264 neque
2853 3194 3027 3264 pisces
3068 3208 3240 3262 neque
3283 3207 3409 3247 aves
3445 3191 3620 3247 irreti-

2025 3290 2213 3336 rentur
2242 3298 2522 3353 umquam,
2552 3284 2660 3339 imo
2690 3300 2818 3338 vero
2846 3300 2913 3339 ne
2958 3284 3038 3338 vel
3088 3283 3348 3339 tantillum
3394 3281 3622 3337 accede-

2028 3380 2182 3438 rent;
2210 3374 2303 3437 sed
2346 3382 2455 3430 tum
2487 3375 2719 3446 piscator
2739 3416 2752 3441 ,
2787 3384 2897 3430 tum
2923 3383 3145 3430 venator
3174 3374 3352 3429 vacuis
3377 3372 3622 3427 nianibus

2030 3463 2287 3520 redirent.
2312 3465 2445 3535 Quia
2482 3467 2645 3539 igitur
2688 3468 2799 3522 illis
2826 3469 2877 3521 in
2908 3467 3182 3537 pwposito
3226 3474 3342 3521 erat
3376 3463 3623 3519 homines

2030 3568 2128 3610 ceu
2154 3570 2349 3627 sagena
2370 3573 2565 3627 capere
2589 3600 2603 3626 ,
2636 3574 2743 3613 non
2772 3558 2968 3612 nudam
2992 3556 3252 3612 fallaciam
3278 3559 3328 3610 in
3354 3557 3509 3624 hujus
3548 3555 3623 3608 vi-

2031 3658 2100 3705 ta:
2124 3651 2347 3721 pelagus
2386 3650 2677 3719 immisere,
2709 3651 2802 3706 sed
2830 3651 2893 3706 iis
2918 3649 3161 3707 conﬁctis
3190 3664 3253 3702 ac
3278 3648 3587 3719 COIIipOailiS
3606 3689 3623 3711 ,

2031 3741 2224 3811 quibus
2251 3752 2470 3812 possent
2499 3742 2948 3813 imprudentiores
2975 3756 3188 3811 capere,
3218 3740 3439 3795 ulterius
3470 3754 3625 3791 men-

2032 3831 2186 3887 dacio
2214 3832 2461 3903 progredi
2488 3810 2929 3909 supersederi/nt,
2953 3834 3110 3889 veriti
3143 3848 3209 3887 ne
3244 3832 3379 3886 ultra
3410 3830 3627 3884 modum

2033 3924 2414 3993 procederent,
2447 3935 2873 3995 metuentesque,
2905 3941 2972 3980 ne
2999 3924 3353 3997 posteriorum
3385 3920 3626 3976 fraudum

2034 4014 2389 4070 immoderato
2410 4031 2508 4071 usu
2558 4018 2761 4085 priores
2801 4015 3193 4071 subverterent.
3224 4013 3354 4067 Nam
3384 4014 3431 4068 si
3459 4013 3627 4068 dixis-

2035 4116 2155 4163 sent
2199 4122 2419 4163 suorum
2467 4108 2773 4179 quempiam
2805 4123 2918 4163 rem
2959 4107 3123 4161 talem
3155 4105 3448 4175 pollicitum
3476 4118 3627 4169 esse,

2034 4200 2246 4269 qualem
2272 4198 2545 4270 discipulis
2572 4200 2829 4255 Servator
2851 4208 3033 4253 noster
3062 4196 3307 4268 promisit
3331 4238 3345 4261 ,
3375 4196 3534 4250 etiam
3565 4194 3631 4249 iis

2036 4307 2170 4361 quos
2199 4293 2521 4361 deceperant
2550 4307 2669 4346 sese
2718 4292 2976 4347 ridiculos
3024 4288 3379 4359 prmbuiSscnt
3400 4328 3414 4351 ,
3448 4296 3631 4356 utpote

2037 4384 2125 4453 qui
2149 4399 2217 4437 ne
2241 4383 2549 4437 verisimilia
2577 4383 2789 4453 quidem
2823 4381 3033 4436 mentiri
3068 4391 3283 4451 possent
3305 4399 3318 4433 :
3344 4379 3465 4433 talia
3488 4378 3631 4440 enim

2036 4475 2331 4545 praxdicere
2374 4484 2537 4545 atque
2590 4483 2847 4545 praastare
2872 4472 2940 4527 ad
2971 4473 3181 4528 beatam
3213 4471 3355 4526 illam
3382 4472 3632 4525 virtutem

2037 4568 2205 4622 solam
2234 4569 2485 4637 pertinet.

2112 4661 2367 4715 Humana:
2412 4660 2687 4714 Gentilium
2741 4658 2974 4712 victimae.
3005 4687 3075 4697 —-
3103 4655 3255 4723 Quod
3310 4656 3354 4709 si
3414 4665 3637 4726 potuere

2038 4752 2165 4807 olim
2193 4753 2467 4807 daemones
2499 4752 2563 4805 iis
2584 4792 2596 4816 ,
2638 4766 2772 4821 quos
2800 4750 3123 4819 dcccpcrant
3142 4788 3158 4812 ,
3200 4748 3443 4802 nonnihil
3470 4746 3636 4817 phan-

2042 4848 2281 4901 tasmatis
2303 4846 2554 4900 exhibere
2578 4886 2591 4910 ,
2642 4844 2691 4897 id
2726 4853 2848 4898 tunc
2874 4843 3051 4898 evenit
3075 4881 3090 4905 ,
3120 4856 3241 4895 cum
3272 4840 3486 4894 luminis
3515 4838 3637 4893 fons

2039 4939 2197 5009 vulgo
2242 4937 2480 4993 nondum
2529 4938 2772 5006 cognitus
2816 4944 2980 4991 esset.
3036 4934 3128 4987 Illo
3168 4933 3364 5003 quippe
3397 4943 3638 5000 tempore

2038 5042 2150 5085 tum
2178 5046 2244 5086 ex
2274 5031 2392 5084 aliis
2415 5029 2655 5095 fallaciis,
2687 5036 2794 5082 tum
2820 5041 2883 5081 ex
2914 5024 3041 5095 ipsis
3063 5025 3340 5079 sacriﬁciis
3361 5033 3635 5077 ostensum

2038 5134 2121 5179 est
2144 5139 2237 5186 ca,
2272 5139 2388 5193 qua:
2417 5122 2735 5193 gerebantur
2755 5161 2769 5185 ,
2796 5120 3099 5175 daemonum
3140 5133 3301 5188 opera
3334 5133 3471 5171 esse.
3502 5116 3635 5169 Nam

2040 5216 2184 5286 quod
2213 5215 2447 5268 humano
2468 5214 2728 5283 sanguine
2752 5227 2875 5266 aras
2904 5226 3027 5264 suas
3056 5210 3324 5264 cruentari
3349 5209 3599 5277 juberent
3619 5248 3632 5267 ,

2040 5318 2096 5361 et
2132 5322 2161 5360 a
2192 5305 2568 5376 generantibus
2594 5304 2728 5359 tales
2754 5302 2853 5357 sibi
2888 5302 3059 5371 parari
3103 5300 3345 5354 victimas
3382 5298 3638 5368 pra-cipe-

2040 5380 2179 5460 teni,
2209 5398 2258 5451 id
2286 5412 2443 5467 quam
2468 5396 2685 5450 insaniae
2712 5394 2946 5462 speciem
2976 5409 3080 5447 non
3107 5390 3341 5446 obruat?
3367 5390 3465 5456 Qui
3493 5390 3636 5443 enim

2038 5491 2435 5547 calamitatibus
2492 5489 2691 5542 nostris
2749 5502 3039 5557 numquam
3094 5486 3355 5539 satiantur
3389 5525 3404 5547 ,
3464 5496 3638 5549 neque

2042 5588 2202 5640 ullum
2260 5584 2418 5638 finem
2464 5582 2818 5637 tertniuumvc
2864 5588 3067 5650 ponunt
3116 5579 3257 5632 bello
3309 5585 3496 5631 etmtra
3541 5590 3638 5626 nis

2044 5680 2273 5747 indicto,
2302 5679 2393 5735 sed
2425 5676 2711 5733 immortali
2744 5690 2954 5743 semper
2987 5673 3133 5728 rabie
3164 5672 3335 5737 ducti,
3368 5685 3425 5723 ac
3460 5666 3501 5721 si
3533 5681 3637 5721 ηυη
