4220 6300
562 311 665 370 535

559 526 614 567 et
647 513 844 583 parvuli
882 512 1055 565 ovium
1097 510 1357 579 boumque
1401 509 1516 562 loco
1550 508 1619 561 ad
1646 522 1763 561 aras
1790 519 1910 559 snas
1946 504 2123 557 immo-

566 603 768 665 lentur,
815 615 1004 655 novam
1054 597 1321 653 homicidii
1370 598 1697 666 iniquitatem
1741 592 2100 663 excogitarunt

572 692 968 761 iuanditumque
1020 684 1331 744 calamitatis
1386 688 1647 742 induxere
1698 684 1931 740 modum.
1992 681 2136 748 Quos

566 783 707 836 enim
741 798 834 851 par
852 791 967 836 erat
996 788 1387 849 perempturum
1414 777 1587 833 credes
1610 776 1807 844 lugere,
1830 773 1893 828 iis
1924 786 2141 843 persua-

566 884 687 924 sere
731 879 786 923 ut
822 870 887 923 ad
932 869 1176 923 miseram
1220 867 1361 920 illam
1405 863 1727 919 subeundam
1778 860 1976 916 ctedem
2022 874 2141 914 sese

570 959 820 1013 offerrent
843 975 857 1023 ;
889 967 1047 1027 utque
1068 971 1171 1010 non
1199 954 1341 1025 leges
1365 954 1521 1008 modo
1541 952 1606 1006 ab
1632 950 1932 1005 hominibus
1956 948 2139 1017 posita:

570 1048 933 1111 violarentur,
995 1046 1137 1114 ipsas
1203 1059 1413 1115 quoque
1470 1051 1670 1096 naturae
1718 1040 1857 1109 leges
1909 1036 2144 1091 funditus

572 1139 950 1193 destruxerunt
974 1177 987 1199 ,
1031 1136 1197 1204 ipsam
1246 1134 1523 1187 adversum
1553 1146 1612 1185 se
1642 1138 1879 1183 naturam
1919 1126 2142 1197 grassari

577 1237 824 1283 curantes
846 1266 861 1291 ,
904 1224 1249 1293 omniumque
1292 1220 1715 1277 scelestissimam
1741 1216 1938 1271 aedem
1970 1216 2020 1268 in
2053 1215 2146 1266 lio-

579 1316 779 1369 minum
812 1314 973 1368 vitam
1020 1308 1545 1367 inducentes.Nullos
1584 1308 1727 1362 enim
1767 1305 2006 1360 inimicos
2032 1316 2147 1371 per-

578 1406 704 1460 inde
750 1413 908 1475 atque
950 1412 1195 1473 parentes
1235 1411 1357 1455 tunc
1400 1397 1753 1452 formidabant
1795 1408 1981 1449 omnes
2024 1408 2038 1445 :
2085 1404 2149 1444 ac

542 1552 545 1557 ι
583 1498 775 1566 quibus
802 1496 1026 1550 maxime
1065 1492 1333 1547 fidendum
1363 1498 1509 1553 erat,
1552 1503 1645 1544 eos
1672 1490 1722 1541 in
1752 1487 1935 1557 primis
1958 1498 2147 1550 suSpc-

583 1599 697 1642 ctos
729 1586 989 1640 habebant
1020 1591 1072 1638 et
1099 1582 1497 1637 aversabantur.
1528 1576 1799 1647 Siquidem
1827 1573 2010 1629 nefarii
2041 1572 2153 1624 da:-

584 1690 769 1731 mones
792 1717 807 1739 ,
838 1689 935 1746 per
963 1688 1080 1742 qua:
1121 1672 1257 1726 Deus
1286 1670 1401 1724 illos
1426 1668 1492 1722 ad
1525 1668 1680 1737 hujus
1709 1664 1888 1720 mundi
1914 1672 2157 1718 contem-

584 1766 872 1835 plationem
916 1762 1228 1827 induxerat,
1278 1775 1371 1829 per
1413 1758 1596 1813 eadem
1628 1756 1694 1809 ab
1720 1754 1979 1824 ejusmodi
2017 1752 2158 1806 dono

587 1854 818 1924 dejicere
855 1851 1188 1921 satagebant,
1230 1848 1354 1902 dum
1386 1862 1477 1901 eos
1505 1846 1592 1916 qtti
1617 1845 1779 1898 vitam
1825 1842 2161 1899 ministrave-

588 1952 740 2009 rant,
786 1942 973 1995 mortis
1014 1948 1257 1993 auctores
1298 1938 1720 2001 constituerent,
1771 1934 2043 1988 declarare
2071 1947 2157 1986 vo-

592 2034 782 2097 lentes,
816 2031 942 2084 nihil
970 2045 1063 2084 eos
1088 2029 1313 2098 amplius
1340 2044 1404 2082 ex
1429 2028 1519 2081 Dei
1548 2026 1781 2081 bonitate
1806 2033 2163 2092 eonsequutos

597 2136 717 2177 esse
744 2142 757 2175 :
787 2133 842 2174 ut
870 2123 955 2190 qui
986 2135 1088 2174 non
1121 2119 1238 2172 aliis
1263 2133 1396 2187 opus
1423 2116 1676 2171 haberent
1704 2112 2127 2168 interfectoribus
2147 2151 2162 2177 ,

597 2227 753 2282 quam
783 2210 1103 2281 parentibus.
1142 2209 1264 2262 ΙΙιεε
1305 2207 1509 2262 etiamsi
1546 2220 1793 2275 maguum
1826 2203 2033 2273 aliquod
2068 2203 2167 2257 mi-

596 2304 837 2361 raculum
879 2301 1256 2369 subsequutum
1304 2296 1490 2359 fuisset
1539 2296 1629 2367 (ne
1673 2296 1843 2349 dicam
1891 2302 2164 2349 ostensum

600 2394 763 2450 fuisse
785 2432 799 2456 ,
842 2406 954 2445 rem
986 2390 1225 2458 exiguam
1253 2401 1314 2441 ac
1343 2386 1491 2441 nihili
1536 2384 1827 2439 faciendam
1851 2421 1870 2451 ,
1906 2384 2172 2450 multaque

602 2487 809 2557 plenam
841 2481 1065 2535 fallacia.
1093 2479 1283 2549 esse};
1333 2477 1426 2532 sed
1464 2477 1668 2531 etiamsi
1705 2488 1832 2530 vere
1872 2488 2057 2543 magna
2085 2488 2174 2542 pa-

603 2582 738 2629 trata
779 2572 1033 2635 fuissent,
1063 2584 1123 2624 ea
1155 2584 1281 2622 sane
1307 2582 1423 2637 quae
1450 2566 1588 2631 dixi,
1632 2565 1695 2619 iis
1720 2565 1906 2619 saltem
1937 2564 2025 2633 qui
2066 2578 2170 2617 non

605 2674 785 2721 meme
822 2662 960 2730 capti
1005 2670 1158 2726 sunt,
1188 2660 1550 2714 demonstrare
1580 2665 1822 2725 possunt,
1856 2655 2065 2724 quinam
2091 2669 2177 2707 es-

607 2764 726 2810 sent
754 2753 842 2823 qui
872 2752 990 2807 talia
1018 2762 1255 2821 agerent,
1282 2763 1436 2819 quam
1468 2746 1730 2815 flagitiosi,
1754 2761 1911 2814 quam
1940 2744 2174 2807 scelesti,

606 2846 693 2913 qui
733 2843 859 2899 nihil
892 2858 993 2895 non
1019 2841 1326 2895 molirentur
1350 2837 1415 2892 ad
1446 2845 1677 2891 nostram
1708 2846 1980 2906 statusque
2012 2834 2177 2888 nostri

609 2934 1029 2991 subversionem.

683 3025 738 3077 Ξ.
766 3023 992 3077 Christus
1019 3021 1169 3075 ctiam
1199 3018 1475 3074 Gentilibus
1501 3018 1629 3071 bona
1650 3016 1880 3070 contulit.
1897 3044 1964 3055 -—
1982 3014 2050 3068 At
2084 3013 2184 3066 Do-

618 3114 796 3168 minus
822 3122 999 3167 noster
1038 3112 1192 3165 Jesus
1235 3110 1366 3162 nihil
1409 3109 1516 3162 tale
1558 3106 1839 3176 imperavit
1880 3104 2060 3167 nobis;
2092 3102 2185 3157 sed

618 3202 876 3259 mirabilis
904 3216 1022 3255 cum
1059 3200 1125 3255 sit
1150 3199 1219 3253 ob
1249 3197 1521 3268 prodigia,
1566 3193 1664 3250 n‘ec
1708 3194 1883 3248 minus
1912 3191 2190 3262 praceptis

616 3310 774 3365 quam
806 3293 969 3363 signis
993 3289 1358 3352 admirandus,
1401 3289 1521 3357 jure
1544 3286 1612 3341 ab
1639 3282 1882 3339 omnibus
1910 3282 2187 3346 adoretur,

621 3403 682 3443 ac
708 3388 843 3440 Deus
859 3399 977 3439 esse
996 3381 1263 3438 credatur.
1294 3379 1439 3433 llanc
1458 3377 1599 3433 enim
1622 3376 1942 3445 impietatem
1964 3372 2191 3427 adventu

620 3485 735 3553 ipse
764 3497 860 3537 suo
884 3480 1040 3535 solvit
1062 3496 1074 3531 :
1097 3476 1342 3547 quodque
1368 3471 1663 3527 mirabilius
1686 3479 1787 3533 est,
1820 3483 1847 3523 a
1872 3467 1982 3522 fera
2014 3466 2104 3521 illa
2137 3474 2191 3519 et

628 3572 843 3626 immani
892 3567 1172 3641 tyrannide
1216 3578 1319 3618 non
1364 3577 1461 3617 nos
1508 3569 1731 3623 tantum,
1780 3558 1866 3628 qui
1913 3557 2196 3612 adoramus

626 3677 768 3726 cum,
798 3659 891 3713 sed
920 3659 1077 3712 etiam
1104 3669 1216 3721 eos,
1243 3654 1331 3723 qui
1361 3653 1529 3722 ipsum
1556 3648 1881 3718 blasphemis
1907 3646 2063 3701 dictis
2088 3646 2191 3699 im-

628 3758 847 3821 petunt,
899 3746 1140 3802 liberavit
1167 3761 1179 3797 :
1205 3757 1375 3812 neque
1418 3740 1559 3795 enim
1602 3736 1887 3793 Gentilium
1923 3737 2197 3805 quisquam

631 3841 763 3894 tales
793 3838 990 3892 hostias
1029 3834 1355 3889 daemonibus
1388 3831 1497 3886 suis
1528 3828 1745 3899 posthac
1758 3822 2051 3881 'immolare
2074 3839 2200 3879 coa-

634 3939 751 3983 ctus
795 3937 876 3982 est
899 3945 912 3981 :
937 3934 1078 3980 tanta
1109 3937 1299 3992 nempe
1328 3935 1454 3975 usus
1496 3927 1578 3975 est
1618 3932 1742 3988 erga
1772 3930 1938 3986 genus
1962 3924 2201 3970 nostrum

635 4020 992 4089 benignitate;
1024 4016 1329 4086 majoraque
1360 4013 1493 4067 bona
1531 4010 1669 4065 Deus
1696 4008 1921 4063 inimicis
1949 4008 2058 4061 suis
2080 4021 2206 4061 eon-

636 4113 785 4178 tulit,
816 4124 973 4179 quam
1012 4107 1149 4162 mala
1177 4104 1447 4159 daemones
1476 4100 1679 4154 amicis.
1714 4098 1989 4153 Daemones
2017 4095 2210 4165 quippe

637 4217 760 4265 eos,
791 4200 880 4271 qui
919 4214 975 4253 se
1014 4197 1248 4252 colerent
1278 4202 1330 4247 et
1356 4192 1698 4254 honorarcnt,
1729 4188 1793 4241 ad
1826 4186 2073 4257 proprios
2094 4200 2211 4238 ma-

640 4289 863 4347 ctandas
902 4288 1038 4341 filios
1076 4291 1392 4352 coegerunt;
1439 4278 1683 4334 Christus
1716 4291 1843 4332 vero
1877 4275 2208 4330 adversarios

643 4396 769 4434 suos
790 4379 872 4431 his
894 4375 1168 4447 prmeeptis
1194 4373 1388 4426 liberos
1410 4384 1528 4423 esse
1552 4368 1774 4431 curavit,
1802 4374 1856 4421 et
1880 4364 2029 4420 ferini
2051 4364 2207 4419 mini-

642 4468 789 4524 sterii
819 4465 1197 4520 immunitatem
1216 4503 1231 4526 ,
1263 4468 1317 4515 et
1344 4474 1526 4528 pacem
1572 4458 1708 4512 hane
1737 4456 2031 4511 mirabilem
2057 4496 2072 4518 ,
2104 4469 2209 4507 non

646 4561 756 4613 suis
784 4555 940 4611 modo
960 4554 1205 4617 contulit,
1226 4550 1318 4605 sed
1342 4558 1395 4603 et
1413 4549 1596 4602 alienis
1612 4547 1856 4618 prmstitit
1886 4565 1899 4600 :
1928 4544 2213 4600 OStendens

647 4652 769 4706 illos
807 4660 1059 4720 tyrannos
1104 4647 1309 4715 generis
1360 4644 1521 4695 nostri
1567 4642 1746 4694 hostes
1784 4648 1839 4693 et
1879 4644 2215 4707 corruptores

650 4756 797 4796 esse:
847 4746 1169 4807 quapmptcr
1196 4735 1352 4787 etiam
1382 4730 1466 4794 iis,
1498 4731 1583 4796 qui
1616 4729 1713 4782 sibi
1742 4728 2033 4788 haarehant,
2065 4726 2215 4794 quasi

652 4830 841 4883 alienis
893 4826 1206 4888 utchantur,
1246 4821 1399 4876 alieni
1443 4821 1635 4889 quippe
1688 4832 1869 4871 revera
1913 4825 2083 4870 erant.
2128 4814 2221 4867 Ille

652 4934 779 4973 vero
820 4932 913 4970 rex
955 4924 1161 4969 creator
1196 4922 1250 4966 et
1290 4920 1526 4965 servator
1556 4910 1715 4963 totius
1759 4906 1965 4975 generis
2006 4904 2223 4957 humani

653 5019 807 5073 erat;
860 5007 1082 5075 ideoque
1121 5005 1187 5057 ab
1230 5017 1287 5057 se
1316 5002 1500 5056 alienis
1524 4998 1671 5069 quasi
1703 4997 1928 5067 propriis
1971 4995 2222 5063 pepercit.

657 5102 864 5156 Etenim
896 5097 1162 5166 proprium
1193 5096 1307 5163 ejus
1328 5091 1589 5159 opificium
1622 5096 1738 5142 erat
1771 5086 1992 5138 humana
2018 5098 2223 5147 natura,

656 5184 1417 5259 quemadmodumdiscipulus
1442 5180 1555 5247 ejus
1586 5180 1693 5231 ait:
1727 5175 1790 5229 In
1822 5176 2024 5244 pmpria
2064 5176 2191 5227 venit
2214 5213 2226 5234 ,

659 5294 703 5335 et
731 5282 809 5334 sui
838 5296 952 5332 cum
981 5294 1080 5330 non
1110 5282 1400 5344 receperunt
1427 5270 1603 5343 (Joan.
1642 5271 1689 5322 ι.
1722 5268 1828 5337 il).
1858 5267 1979 5334 Ejus
2002 5280 2125 5319 vero
2154 5273 2233 5317 to—

663 5384 766 5425 tam
808 5373 859 5425 iu
901 5384 996 5423 nos
1023 5367 1355 5420 clementiam
1406 5375 1657 5415 enarrare
1702 5373 1806 5411 non
1849 5366 1927 5409 est
1958 5355 2234 5425 pra-sentis

667 5462 954 5528 temporis;
986 5457 1079 5510 sed
1121 5456 1323 5509 etiamsi
1349 5468 1442 5521 per
1468 5462 1653 5502 enm-ta
1686 5446 1873 5500 secula
1904 5447 1967 5499 de
2000 5446 2085 5497 illa
2118 5444 2234 5512 quis

669 5556 991 5620 loqueretur,
1013 5546 1215 5598 etiamsi
1239 5554 1433 5597 tantam
1462 5543 1675 5594 haberet
1702 5540 1970 5599 virtutem,
1989 5544 2234 5603 quantum

672 5658 763 5704 par
787 5650 865 5693 est
896 5639 1233 5705 incorporeas
1273 5634 1385 5684 illas
1414 5631 1607 5683 habere
1642 5631 1857 5680 virtutes
1880 5668 1892 5688 ,
1928 5640 1992 5677 ne
2023 5624 2095 5675 sic
2126 5624 2241 5689 qui:

668 5730 787 5784 (ii'ttt
817 5732 955 5785 illam
981 5745 1075 5799 pro
1098 5726 1350 5796 dignitate
1378 5731 1551 5792 posset
1574 5723 1827 5788 attingi-re
1868 5722 2029 5783 Quam
2064 5715 2233 5768 bonus

1255 306 1313 363 S.
1350 303 1625 362 JOANNIS
1660 300 2129 360 CHRYSOSTOMI
2167 300 2482 357 ARClllEP.
2523 302 3051 361 CONSTANTINOP.

470 494 477 499 Ι
561 424 691 478 satis
716 421 787 476 sit
807 418 878 475 ad
894 432 1074 475 eorum
1098 415 1411 487 explendum
1432 416 1684 479 animum,
1710 414 1844 485 quod
1876 412 2124 467 mulieres

3706 309 3811 365 556

2243 414 2382 467 enim
2415 414 2514 477 sit,
2545 414 2654 482 ipse
2688 415 2830 468 solus
2870 412 3047 478 nevit,
3077 415 3496 486 quandoquidem
3527 419 3638 488 ipse
3666 422 3815 475 solus

2242 502 2312 555 ita
2344 503 2513 557 bonus
2542 514 2641 558 est.
2676 504 2805 558 Vide
2851 506 3008 575 igitur
3044 522 3162 577 qua:
3201 509 3356 561 verba
3387 508 3660 576 discipulis
3691 526 3817 575 pro-

2243 594 2376 650 ferat
2405 617 2418 652 :
2450 596 2629 660 Amen,
2652 612 2797 649 amen
2817 598 2928 651 dico
2955 598 3110 665 vobis,
3136 599 3223 669 qui
3242 599 3397 651 credit
3425 599 3477 653 in
3504 616 3600 662 me,
3633 616 3816 668 opera,

2243 704 2355 758 qua:
2371 705 2461 758 ego
2488 688 2639 757 facio,
2662 697 2708 742 et
2729 691 2836 758 ipse
2863 691 3034 760 faciet,
3065 700 3114 745 ct
3139 692 3216 744 his
3245 693 3439 761 majora
3464 692 3611 762 faciet
3634 690 3817 763 (Joan.

2246 780 2332 834 14.
2364 778 2477 846 12).
2502 776 2682 848 Neque
2707 780 2847 833 enim
2880 789 3078 834 tantum
3110 780 3213 833 illis
3239 779 3454 835 honoris
3481 782 3819 847 contuliSset,

2247 869 2345 922 nisi
2385 870 2639 926 immensa
2687 869 2921 923 bonitate
2960 870 3208 938 prasditus
3241 880 3403 924 esset.
3433 870 3581 935 Quod
3617 870 3663 924 si
3703 872 3825 936 quis

2247 957 2535 1012 dubitando
2559 968 2762 1027 quaerat
2786 972 2816 1011 a
2838 958 3009 1023 nobis,
3029 959 3241 1013 ubinam
3274 957 3429 1011 finem
3453 958 3692 1012 habuerit
3723 960 3827 1012 hoc

2248 1049 2551 1113 oraculum,
2582 1056 2799 1117 accepto
2826 1048 2994 1114 libro,
3032 1048 3117 1102 cui
3160 1063 3351 1103 nomen
3382 1049 3510 1101 Acta
3550 1049 3829 1118 apostolo-

2250 1155 2402 1207 rum,
2429 1140 2517 1208 qui
2550 1155 2654 1193 non
2697 1140 2932 1194 omnium
2954 1180 2970 1205 ,
3001 1139 3094 1194 sed
3124 1140 3278 1193 unius
3305 1139 3385 1193 vel
3412 1139 3639 1193 duorum
3667 1152 3784 1193 acta
3810 1180 3828 1203 ,

2236 1243 2418 1319 .eaque
2448 1244 2553 1284 non
2586 1230 2658 1284 ita
2688 1230 2852 1283 multa
2880 1231 3154 1292 continet,
3187 1229 3385 1283 videbit
3408 1237 3636 1298 aegrotos
3665 1228 3715 1281 in
3750 1229 3830 1281 le-

2253 1316 2406 1372 CIulis
2430 1317 2828 1383 decumbentes,
2861 1318 3178 1385 umbrasque
3206 1316 3479 1371 beatorum
3510 1317 3719 1370 illorum
3747 1317 3833 1370 vel

2254 1409 2377 1462 solo
2416 1415 2556 1462 tactu
2603 1408 2881 1461 sanitatem
2909 1406 3236 1469 restituisse;
3267 1406 3565 1474 multosque
3604 1405 3835 1458 furiosos

2258 1498 2404 1552 Pauli
2430 1496 2629 1552 tantum
2654 1498 2982 1553 vesdmentis
3001 1499 3068 1552 ab
3094 1499 3324 1566 agitante
3354 1510 3412 1551 se
3437 1496 3679 1551 daemone
3704 1497 3833 1551 libe-

2258 1602 2422 1645 ratos.
2447 1590 2597 1656 Quod
2630 1591 2673 1644 si
2700 1591 2818 1658 quis
2845 1590 2956 1643 haec
2982 1588 3153 1642 fucum
3180 1602 3299 1642 esse
3324 1587 3459 1642 dicat
3488 1600 3541 1642 et
3568 1596 3842 1656 portento-

2260 1695 2380 1734 rum
2409 1680 2657 1749 flgmenta
2687 1694 2792 1732 non
2820 1677 3113 1741 credibilia,
3146 1676 3229 1730 vel
3254 1690 3315 1730 ea
3342 1691 3459 1746 qum
3482 1691 3622 1730 nunc
3653 1678 3839 1729 viden-

2265 1780 2351 1824 tur
2379 1770 2507 1823 satis
2532 1775 2655 1822 sunt
2683 1767 2748 1821 ad
2776 1766 3145 1836 hlasphemum
3172 1766 3287 1835 ejus
3313 1781 3375 1820 os
3404 1766 3757 1820 obturandu'm
3788 1776 3843 1819 et

2264 1858 2708 1924 confundendum,
2736 1868 2790 1914 et
2815 1859 2881 1912 ad
2906 1858 3157 1927 eij‘renem
3184 1858 3299 1926 ejus
3330 1858 3558 1927 linguam
3588 1859 3847 1912 cohiben-

2266 1949 2412 2005 dam.
2440 1949 2588 2003 Nulla
2614 1949 2754 2005 enim
2776 1949 2829 2003 in
2851 1947 2979 2002 orb'e
3006 1958 3189 2001 nostro
3217 1957 3297 2001 est
3326 1948 3491 2016 regio,
3525 1947 3666 2000 nulla
3686 1962 3845 2017 gens.

2268 2042 2409 2095 nulla
2438 2042 2597 2106 urbs,
2643 2041 2730 2094 ubi
2770 2040 2883 2093 haec
2910 2039 3162 2093 miracula
3194 2052 3297 2091 nou
3324 2037 3656 2093 celebrentur
3684 2054 3698 2089 :
3727 2054 3847 2107 qua:

2267 2132 2447 2200 utique
2482 2130 2526 2185 si
2558 2129 2804 2199 figmenta
2828 2137 3039 2193 essent,
3068 2144 3176 2182 non
3217 2127 3550 2181 admirationi
3591 2126 3851 2181 haberem-

2273 2227 2376 2275 tur.
2404 2219 2567 2289 Cujus
2610 2220 2687 2274 rei
2730 2218 3090 2273 teStimonium
3120 2233 3214 2272 vos
3258 2218 3357 2286 ipsi
3402 2216 3656 2270 exhibere
3692 2224 3852 2284 pute-

2272 2312 2405 2366 stis:
2439 2325 2545 2363 non
2575 2309 2715 2364 enim
2748 2307 2902 2362 fidem
2943 2307 3156 2361 aliunde
3184 2306 3413 2360 mutuari
3452 2320 3586 2373 opus
3626 2304 3852 2358 habebi-

2275 2417 2393 2456 mus
2414 2440 2430 2466 ,
2458 2414 2579 2455 cum
2608 2413 2703 2453 vos
2748 2399 2941 2452 inimici
2971 2398 3134 2452 nostri
3165 2412 3283 2452 eam
3314 2395 3677 2449 exhibueritis.
3707 2394 3816 2448 Cur
3836 2435 3854 2458 ,

2276 2506 2457 2562 quaeso
2481 2533 2494 2556 ,
2526 2490 2862 2545 Zoroastrem
2917 2488 2995 2562 (α)
3024 2490 3170 2543 illum
3197 2498 3251 2542 et
3278 2487 3549 2541 Zamulxin
3589 2487 3737 2541 multi
3784 2501 3855 2541 ne

2279 2585 2493 2638 nomine
2522 2582 2732 2652 quidem
2762 2589 2994 2646 norunt,
3028 2581 3133 2635 imo
3162 2580 3371 2635 nonnisi
3399 2578 3681 2633 admodum
3702 2580 3860 2647 pauci

2281 2676 2512 2731 norunt?
2539 2690 2713 2729 nonne
2750 2674 2870 2745 quia
2914 2672 3160 2743 figmenta
3201 2682 3353 2726 erant
3397 2672 3606 2732 omnia,
3639 2686 3757 2739 quae
3788 2670 3865 2724 de

2282 2767 2386 2822 illis
2414 2766 2769 2822 dicebantur?
2797 2765 3125 2835 Quamquam
3154 2774 3261 2817 tum
3305 2763 3406 2826 illi,
3436 2771 3545 2817 tum
3581 2762 3614 2815 ii
3641 2760 3726 2831 qui
3770 2761 3863 2815 illa

2283 2858 2672 2923 confinxerunt,
2704 2856 2802 2909 viri
2831 2870 3020 2925 graves
3045 2853 3208 2908 fuisse
3245 2851 3515 2916 ferantur;
3546 2851 3618 2905 illi
3644 2849 3865 2919 quidem

2284 2951 2351 3006 ad
2383 2950 2674 3020 praestigias
2702 2945 3046 3002 inveniendus
3075 2943 3505 3013 exercendasque
3526 2984 3543 3009 ,
3570 2942 3622 2996 hi
3645 2956 3771 2997 vero
3794 2940 3865 2995 ad

2288 3042 2619 3097 mendacium
2661 3040 2942 3094 verborum
2983 3038 3101 3093 fuco
3144 3026 3585 3091 adumbrandum.
3614 3033 3718 3089 Sed
3749 3032 3867 3087 haec

2290 3134 2481 3188 frustra
2510 3140 2564 3187 et
2606 3132 2869 3186 incassum
2926 3129 3268 3199 proferuntur
3296 3167 3311 3191 ,
3339 3125 3550 3195 quando
3580 3125 3751 3193 ipsum
3780 3138 3885 3178 ar-.

2290 3232 2597 3296 gementum
2630 3238 2846 3293 pravum
2868 3231 2921 3276 et
2943 3220 3097 3274 fallax
3123 3233 3242 3274 esse
3267 3218 3622 3285 comperitur;
3655 3224 3711 3269 ut
3732 3228 3866 3268 eon-

2297 3326 2374 3371 tra
2406 3315 2617 3387 quando
2663 3322 2863 3368 certum
2898 3325 3184 3378 verumque
3206 3317 3288 3363 est
3310 3348 3325 3372 ,
3354 3306 3544 3360 frustra
3572 3305 3747 3359 omnia
3782 3318 3874 3358 ce-

2295 3407 2454 3471 dunt,
2485 3421 2601 3475 quae
2632 3405 2698 3458 ad
2748 3402 2877 3458 illud
2926 3392 3270 3456 evertenlum
3299 3398 3365 3453 ab
3410 3396 3636 3450 inimicis
3660 3393 3878 3463 excogi-

2298 3505 2475 3551 tantur
2501 3513 2515 3548 :
2544 3493 2782 3549 veritatis
2806 3493 3000 3561 quippe
3025 3490 3184 3544 robur
3206 3487 3351 3542 nullo
3375 3494 3494 3553 eget
3516 3483 3745 3548 auxilio;
3778 3484 3880 3537 sed

2299 3588 2505 3643 etiamsi
2530 3584 2790 3640 innumeri
2816 3584 2922 3637 sint
2950 3582 3039 3651 qui
3066 3580 3206 3634 illam
3232 3579 3567 3646 exstinguere
3590 3582 3875 3639 conentur,

2300 3697 2406 3735 non
2434 3679 2604 3734 solum
2638 3693 2739 3731 non
2770 3676 3059 3730 destruitur
3079 3714 3094 3739 ,
3136 3671 3228 3726 sed
3256 3670 3414 3725 etiam
3457 3666 3878 3736 impugnantium

2302 3788 2461 3845 Opera
2483 3769 2807 3842 splendidior
2825 3766 3204 3834 sublimiorque
3222 3761 3415 3827 evadit,
3437 3760 3658 3830 illosque
3676 3756 3878 3819 irridet,

2305 3865 2394 3935 qui
2426 3861 2620 3917 frustra
2649 3873 2765 3913 sese
2792 3856 3094 3912 excruciant
3116 3862 3170 3908 et
3199 3851 3483 3906 insaniunt.

2380 3951 2453 4006 Re
2492 3966 2597 4015 um,
2632 3947 3066 4017 philosophorum,
3088 3946 3343 3997 rhetorum
3371 3948 3545 3993 contra
3573 3935 3887 3990 Christianos

2308 4050 2514 4096 conatus
2541 4040 2672 4092 vani.
2703 4066 2775 4077 —
2800 4035 2988 4090 Nostra
3011 4034 3205 4104 quippe
3232 4032 3315 4084 illa
3337 4070 3353 4096 ,
3379 4044 3496 4098 qua:
3519 4041 3612 4080 vos
3639 4025 3886 4095 figmenta

2312 4145 2428 4185 esse
2451 4128 2649 4191 dicitis,
2681 4136 2735 4182 et
2762 4124 2968 4197 tyranni
2996 4132 3050 4178 et
3080 4134 3231 4191 reges
3254 4129 3307 4174 et
3336 4115 3561 4171 dicendo
3587 4114 3764 4169 invicti
3794 4127 3891 4168 so-

2317 4221 2538 4290 phistze;
2570 4220 2802 4286 itemque
2828 4210 3127 4284 philosophi
3153 4219 3208 4264 et
3232 4207 3640 4275 praestigiatores
3664 4212 3720 4259 et
3747 4203 3891 4271 magi

2319 4322 2372 4369 et
2398 4313 2666 4365 dieiuones
2698 4307 2969 4362 destruere
2996 4310 3283 4365 curarunt;
3312 4297 3375 4351 Et
3396 4298 3649 4363 inﬁrmata
3676 4304 3746 4348 est
3769 4309 3891 4346 con-

2321 4415 2398 4459 tra
2427 4404 2543 4457 illos
2573 4402 2746 4472 lingua
2769 4414 2940 4453 eorum
2964 4398 2983 4465 (
3011 4394 3156 4449 Psal.
3188 4392 3275 4447 65.
3307 4390 3384 4457 9),
3435 4386 3723 4442 secundum
3767 4398 3898 4455 pro-

2322 4497 2590 4567 pheticum
2639 4502 2939 4545 sermonem
2964 4528 2978 4551 ,
3023 4494 3077 4538 et
3124 4483 3337 4552 Sagittae
3383 4476 3705 4548 parvulorum
3747 4475 3899 4542 facta

2322 4562 2438 4640 sunt
2470 4584 2635 4653 plaga:
2663 4594 2833 4636 eorum
2859 4575 3018 4648 (Ibid.
3045 4589 3090 4626 υ.
3127 4571 3202 4642 8).
3232 4570 3400 4639 Reges
3429 4566 3624 4637 quippe
3659 4578 3723 4617 ex
3764 4562 3901 4615 insi-

2324 4678 2424 4732 diis
2449 4682 2631 4729 contra
2662 4684 2760 4725 nos
2786 4667 2999 4722 structis
3026 4672 3228 4717 tantum
3257 4660 3444 4713 lucrati
3474 4665 3619 4721 sunt,
3642 4664 3898 4724 quantum

2328 4769 2453 4823 sazis
2479 4772 2593 4819 erat
2616 4762 2681 4815 ad
2709 4758 2862 4815 ferini
2888 4756 3049 4811 animi
3080 4755 3273 4809 famam
3302 4748 3440 4819 apud
3468 4761 3654 4802 omnes
3680 4743 3780 4798 sibi
3806 4756 3902 4811 pa-

2328 4857 2543 4912 randam
2576 4871 2590 4907 :
2621 4853 2689 4906 ob
2716 4852 2850 4907 iram
2887 4847 3025 4901 enim
3053 4853 3237 4897 contra
3268 4848 3529 4908 martyres
3570 4841 3865 4903 susceptam
3886 4872 3907 4893 ,

2331 4952 2380 5002 in
2405 4958 2735 5002 communem
2768 4948 3004 4994 naturam
3040 4932 3371 4991 ferocientes,
3398 4941 3517 4981 sese
3543 4923 3908 4993 imprudentes

2332 5035 2595 5093 sexcentis
2635 5027 2935 5101 opprobriis
2974 5022 3233 5079 obnoxios
3274 5015 3637 5072 reddiderunt.
3665 5011 3911 5065 Philoso-

2337 5131 2419 5198 phi
2454 5133 2628 5178 autem
2654 5098 2873 5175 et'aeuti
2913 5114 3153 5169 rhetores
3182 5110 3485 5179 Opinionem
3514 5116 3791 5173 magnam,
3817 5098 3908 5153 alii

2339 5195 2631 5287 probitatis,
2655 5211 2741 5264 alii
2767 5204 3083 5277 eloquentia:
3107 5200 3247 5270 apud
3275 5198 3467 5252 multos
3491 5195 3763 5256 habentes,
3789 5198 3913 5259 post

2338 5308 2672 5361 euanuisSam
2704 5302 2982 5355 adversum
3015 5308 3111 5348 nos
3140 5304 3365 5361 pugnam
3410 5284 3612 5340 ridicuii
3639 5281 3851 5343 effecti,
3889 5293 3919 5330 ε.

2344 5401 2520 5471 puoris
2562 5395 2848 5465 nugaeibus
2891 5386 3021 5443 nihil
3043 5384 3254 5437 differre
3274 5379 3370 5432 visi
3408 5384 3553 5429 sunt.
3581 5377 3621 5427 Α
3650 5379 3728 5425 tot
3769 5369 3917 5423 enim

2408 5535 2477 5595 (ti)
2506 5536 2751 5578 Zoroaster
2771 5526 2967 5585 magicae
2992 5520 3108 5568 artis
3127 5519 3367 5569 inventor,
3388 5508 3592 5581 quirisit
3616 5519 3675 5553 eo
3696 5504 3799 5562 ipso
3813 5500 3919 5555 die,

2794 5590 2801 5595 '
2825 5588 2833 5595 ‘
2918 5582 2962 5595 ν’·
3006 5584 3013 5591 ·
3124 5578 3135 5595 1
3189 5576 3248 5595 *Α
3304 5588 3326 5595 ι-
3389 5574 3404 5595 Ι
3458 5568 3612 5595 ι..--,.1ι
3654 5566 3715 5595 ,Ιιι
3736 5570 3911 5595 mna.

2343 5566 3101 5643 Iri—inium
3124 5578 3156 5643 l.
3182 5576 3265 5643 50.
3300 5566 3363 5643 ε(
3389 5566 3429 5619 Γ.
3458 5566 3911 5643 ιιιδειιζιιειιζςςεςιι-

2347 5623 2439 5705 iiii:
2464 5623 2729 5709 ἋἝῙέῗςχῗέῖ
2747 5623 2949 5695 sui-Thai].
2990 5640 3220 5689 i’anmlxis
3237 5623 3809 5709 Pythaam'a:lilisqipqlus,
3833 5634 3924 5682 qm

2353 5688 2438 5780 iii}
2461 5688 2657 5764 ξῖεἱὶἱὶῗὶἶὸ
2675 5688 2983 5760 :(itii-‘a-a’u's
3006 5688 3193 5752 habitus
3218 5688 3305 5747 esi.
3333 5688 3553 5743 liCt‘udul.
3585 5690 3665 5738 ιω.
3700 5688 3741 5735 ι.
