4220 6300
190 316 291 375 535

191 428 387 495 παῖδας
410 430 533 485 ἀντὶ
566 428 853 503 προϐάτων
886 430 982 485 καὶ
1024 431 1161 501 βοῶν
1193 434 1273 496 εἰς
1308 432 1436 493 τοὺς
1482 426 1663 481 αὐτῶν
1696 441 1865 479 κατα-

193 517 527 586 σφάττεσθαι
550 518 786 589 βωμοὺς,
810 518 1108 590 ἐπενόησαν
1133 519 1291 588 ξένην
1311 516 1663 588 ἀνδροφονίας
1686 531 1865 585 παρα-

192 607 406 675 νομίαν,
439 606 532 660 καὶ
569 606 880 676 καινότερον
913 610 1200 679 συμφορᾶς
1246 607 1615 675 ἐπεισήγαγον
1640 603 1859 673 τρόπον.

192 693 300 756 Οὓς
344 693 456 765 γὰρ
506 693 613 746 ἔδει
652 693 869 746 πενθεῖν
923 694 1021 757 τὰς
1056 695 1164 746 τῶν
1220 692 1580 764 ἀνῃρημένων
1627 689 1862 758 σφαγὰς,

194 780 419 845 τούτους
444 779 672 835 ἔπεισαν
700 783 780 844 εἰς
811 780 911 851 τὴν
946 780 1136 834 ἀθλίαν
1158 780 1375 849 ἐκείνην
1402 776 1715 849 μιαιφονίαν
1741 793 1861 846 προ-

196 867 600 935 άγειν-αὺτούς.
623 870 733 921 Καὶ
759 869 846 921 ἵνα
874 869 949 940 μὴ
979 869 1140 939 μόνον
1166 870 1213 921 οί
1240 866 1391 938 παρὰ
1420 867 1529 919 τῶν
1561 863 1867 934 ἀνθρώπων

194 954 442 1018 τεθέντες
480 955 853 1025 ἀτιμάζωνται
884 957 1058 1025 νόμοι,
1104 956 1199 1009 καὶ
1226 956 1354 1017 τοὺς
1390 954 1491 1024 τῆς
1529 951 1743 1019 φύσεως
1771 949 1869 1000 αὑ-

192 1042 316 1104 τοὺς
343 1040 586 1112 θεσμοὺς
612 1044 676 1095 ἐκ
703 1042 917 1113 βάθρων
946 1043 1283 1104 ἀνέσπασαν,
1310 1041 1481 1109 αὐτὴν
1517 1039 1638 1093 καθ’
1667 1037 1868 1107 ἐαυτῆς

191 1128 467 1198 ἐκϐακχεύ
478 1146 689 1193 σαντες,
712 1130 805 1182 καὶ
827 1130 917 1182 τὸν
945 1129 1201 1183 ἁπάντων
1228 1127 1580 1196 ἐναγέστερον
1610 1125 1766 1194 φόνον
1790 1125 1870 1187 εἰς

192 1217 277 1268 τὸν
303 1218 417 1270 τῶν
441 1219 744 1290 ἀνθρώπων
766 1220 1078 1288 εἰσάγοντες
1100 1220 1233 1289 βίον.
1253 1219 1488 1282 Οὑδένας
1511 1218 1618 1289 γὰρ
1642 1204 1869 1288 ἐχθροὺς

190 1303 335 1356 οὔτω
365 1305 575 1368 λοιπὸν,
604 1307 680 1369 ὡς
711 1308 837 1369 τοὺς
874 1308 1271 1378 γεγεννηκότας
1303 1306 1540 1369 ἆπαντες
1582 1305 1790 1358 ἔδεισαν
1817 1315 1867 1369 α,

190 1393 282 1444 καὶ
302 1390 388 1456 οἷς
418 1394 589 1462 ἐχρῆν
621 1394 855 1462 μάλιστα
883 1394 1099 1447 πάντων
1121 1393 1604 1465 θαῤῥεῖν,τούτους
1638 1391 1871 1461 μάλιστα

191 1480 413 1533 πάντων
435 1480 505 1533 δι’
535 1481 769 1549 ὑποψίας
788 1475 932 1549 εἶχον
960 1482 1055 1534 καὶ
1079 1481 1503 1550 ἀπεστρέφοντο.
1523 1482 1586 1532 OE
1606 1480 1714 1551 γὰρ
1740 1477 1870 1531 ἀλά-

192 1584 387 1637 στορες
434 1568 656 1629 ἐκεῖνοι,
692 1567 758 1620 δι’
790 1560 864 1620 ὧν
908 1570 938 1620 6
970 1567 1103 1630 Θεὸς
1140 1567 1337 1631 αὐτοὺς
1374 1567 1467 1620 ἐπὶ
1496 1566 1591 1637 τὴν
1638 1565 1872 1635 θεωρίαν

188 1654 343 1708 τοῦδε
372 1655 467 1708 τοῦ
501 1655 704 1725 κόσμου
748 1656 1058 1725 παρήγαγε,
1088 1655 1175 1708 διὰ
1207 1654 1411 1709 τούτων
1439 1655 1637 1717 αὐτοὺς
1669 1652 1873 1722 ταύτης

190 1742 447 1795 ἐκϐαλεῖν
487 1742 898 1812 ἐφιλονείκησαν
931 1743 1031 1810 τῆς
1078 1742 1307 1813 δωρεᾶς,
1339 1744 1465 1805 τοὺς
1508 1741 1645 1812 πρὸς
1666 1740 1727 1793 τὸ
1771 1739 1870 1810 ζῇν

192 1828 745 1899 ὑπηρετησαμένους,
784 1827 1008 1891 τούτους
1062 1829 1158 1881 καὶ
1206 1827 1300 1881 τοῦ
1329 1828 1559 1881 Θανάτου
1602 1828 1874 1896 καταστή-

193 1932 389 1977 σαντες
426 1916 656 1980 αἰτίους,
706 1916 894 1984 ὥσπερ
925 1915 1187 1980 ἐπιδεῖξαι
1222 1913 1556 1985 βουλόμενοι,
1590 1916 1673 1968 ὅτι
1713 1913 1873 1966 πλέον

191 2001 344 2055 οὐδὲν
380 2002 565 2066 αὐτοῖς
598 2002 821 2069 γέγονεν
865 2002 931 2055 ἐκ
972 2002 1073 2071 τῆς
1100 2001 1441 2071 άγαθότητος
1470 1998 1564 2052 τοῦ
1597 2000 1762 2053 Θεοῦ·
1810 1999 1872 2053 ού

191 2088 302 2158 γάρ
336 2089 543 2159 ἐτέρων
574 2090 857 2160 δεήσονται
887 2089 1139 2157 σφαγέων
1156 2089 1208 2154 δ,
1238 2087 1377 2141 άλλά
1408 2088 1515 2141 τῶν
1547 2087 1875 2157 φυσαμένων

192 2177 399 2231 αὐτῶν.
425 2177 611 2229 Ταῦτα
640 2179 690 2230 εἰ
738 2176 831 2242 καὶ
878 2176 1063 2246 θαῦμά
1098 2194 1151 2229 τι
1201 2175 1682 2248 παρηκολούθησεν
1710 2174 1872 2245 μέγα,

196 2264 271 2334 μὴ
293 2266 381 2317 ὃτι
412 2260 466 2317 εῐ
493 2280 595 2318 που
630 2281 682 2316 τι
713 2264 809 2327 καὶ
841 2262 1054 2333 ἐδείχθη
1092 2264 1286 2334 μικρὸν
1328 2263 1424 2317 καὶ
1469 2261 1683 2325 οὐδενὸς
1727 2261 1876 2327 ἄξιον

192 2347 380 2416 λόγου,
413 2350 509 2402 καὶ
537 2348 741 2419 πολλῆς
768 2349 937 2420 γέμον
960 2350 1177 2419 ἀπάτης
1208 2346 1296 2420 ἦν,
1327 2349 1444 2403 ἀλλ’
1473 2350 1523 2402 εἰ
1547 2347 1642 2402 καὶ
1667 2347 1875 2419 μεγάλα

194 2431 260 2507 ἦν
287 2437 358 2489 τὰ
388 2437 649 2507 γινόμενα
678 2436 872 2502 ταῦτα,
904 2437 1049 2508 ειπερ
1071 2433 1247 2504 εἷπον,
1262 2440 1375 2501 τοῖς
1404 2438 1479 2509 μὴ
1512 2437 1632 2491 λίαν
1657 2436 1876 2506 ἐξεστη-

195 2524 352 2577 κόσιν
405 2524 566 2578 ίκανά
612 2524 804 2588 δεῖξαι,
843 2524 985 2587 τίνες
1021 2520 1162 2595 ἦσαν
1197 2528 1247 2578 οἱ
1301 2525 1395 2578 καὶ
1425 2527 1607 2578 ἐκεῖνα
1644 2523 1874 2595 ἐργαζό-

200 2629 372 2679 μενοι,
413 2612 531 2676 πῶς
560 2610 711 2683 [558]
747 2614 933 2683 μιαροὶ⁸
967 2612 1061 2665 καὶ
1099 2613 1432 2683 παμμίαροι,
1460 2612 1555 2663 καὶ
1585 2611 1763 2664 πάντα
1788 2610 1873 2662 ἐπ’

198 2695 481 2769 ἀνατροπῇ
511 2708 534 2736 ε
569 2699 664 2751 καὶ
690 2696 788 2767 τῆς
820 2697 968 2768 ζωῆς
998 2698 1091 2751 καὶ
1120 2699 1217 2768 τῆς
1250 2696 1637 2760 καταστάσεως
1663 2696 1879 2751 τεκταί-

196 2800 383 2846 νοντες
410 2785 510 2855 τῆς
542 2784 840 2854 ἡμετέρας.

267 2870 336 2940 β’.
369 2871 512 2924 Ἀλλ’
538 2872 638 2941 οὺχ
669 2875 697 2925 ὁ
715 2870 917 2943 Κύριος
945 2873 978 2942 η
988 2871 1104 2941 μῶν
1133 2871 1338 2942 Ἰησοῦς
1353 2870 1594 2924 τοιοῦτον
1610 2870 1764 2923 οὐδὲν
1780 2873 1878 2923 ἐπ-

197 2959 387 3023 έταξεν
416 2959 725 3029 ἡμῖν,ἀλλά
749 2960 1062 3029 θαυμαστὸς
1083 2958 1159 3011 ὢν
1184 2959 1271 3011 διὰ
1302 2959 1371 3011 τὰ
1399 2959 1678 3027 τεράστια,
1694 2957 1782 3011 διὰ
1812 2956 1881 3010 τά

198 3047 601 3117 προστάγματα
632 3046 741 3100 τῶν
774 3047 1069 3116 θαυμάτων
1112 3046 1209 3115 οὐχ
1245 3041 1430 3117 ἧττον,
1470 3045 1625 3117 παρὰ
1659 3045 1880 3099 πάντων

197 3135 263 3188 ἂν
301 3138 665 3205 προσκυνοῖτο
700 3134 924 3197 δικαίως
964 3134 1057 3187 καὶ
1090 3133 1400 3186 πιστεύοιτο
1426 3129 1562 3186 εἶναι
1590 3132 1741 3195 Θεὸς.
1768 3133 1881 3203 Τὴν

196 3222 303 3292 γὰρ
328 3221 682 3292 παρανομίαν
700 3220 904 3290 ταύτην
932 3220 1096 3283 αὐτὸς
1125 3219 1292 3273 ἐλθὼν
1319 3220 1503 3274 ἔλυσε·
1538 3220 1633 3271 καὶ
1665 3215 1725 3273 τὸ
1751 3220 1877 3272 θαυ-

200 3306 561 3377 μαστότερον,
592 3306 673 3359 ὅτι
700 3306 802 3376 τῆς
836 3305 1032 3375 ἀγρίας
1064 3306 1157 3359 καὶ
1182 3305 1427 3376 ἀπηνοῦς
1459 3305 1791 3376 τυραννίδος,
1818 3307 1878 3358 ού

197 3400 323 3458 τοὺς
360 3391 806 3464 προσκυνοῦντας
846 3394 1005 3446 αὑτὸν
1041 3393 1200 3463 μόνον
1246 3395 1426 3462 ἡμᾶς,
1461 3393 1599 3446 ἀλλὰ
1630 3394 1726 3446 καὶ
1755 3394 1884 3461 τοὺς

201 3478 665 3548 βλασφημοῦντας
717 3480 879 3533 αὑτὸν
922 3480 1163 3542 ἐκείνους
1215 3473 1555 3549 ἀπήλλαξεν·
1608 3479 1730 3532 οὐδὲ
1774 3479 1882 3549 γὰρ

210 3567 484 3639 Ἑλλήνων
522 3584 605 3630 τις
642 3567 723 3619 ἔτι
765 3565 1019 3630 τοιαύτας
1054 3567 1245 3629 θυσίας
1286 3570 1396 3630 τοῖς
1431 3567 1622 3620 ἐαυτοῦ
1664 3566 1882 3636 δαίμοσι

203 3657 508 3725 προσάγειν
549 3656 915 3724 ἠνάγκασται.
944 3655 1195 3724 Τοσαύτη
1225 3654 1362 3724 πρὸς
1405 3654 1467 3706 τὸ
1504 3655 1771 3723 ἡμέτερον
1796 3655 1884 3706 ἀεὶ

200 3744 587 3814 φιλανθρωπίᾳ
629 3743 892 3813 κέχρηται
928 3742 1105 3811 γένος,
1149 3742 1243 3794 καὶ
1274 3735 1350 3795 ὧν
1385 3743 1435 3794 οἱ
1476 3742 1730 3811 δαίμονες
1756 3742 1886 3804 τοὺς

200 3832 413 3885 ἑαυτῶν
444 3829 634 3899 φίλους
668 3830 996 3900 εἰργάσαντο
1028 3828 1233 3891 κακῶν,
1270 3828 1492 3899 μείζονα
1529 3830 1559 3881 6
1597 3828 1732 3891 Θεὸς
1759 3829 1885 3892 τοὺς

206 3917 440 3988 ἐχθροὺς
470 3916 499 3955 ἀ
534 3917 789 3987 ἐποίησεν
828 3915 1030 3984 ἀγαθά.
1062 3917 1127 3968 Οἱ
1175 3915 1274 3983 μέν
1310 3915 1419 3985 γάρ
1462 3913 1715 3983 δαίμονες
1758 3916 1885 3978 τοὺς
1936 3916 1949 3927 “

205 4004 616 4077 θεραπεύοντας
652 4005 963 4067 αὐτοὺς·καὶ
999 4004 1290 4075 τιμῶντας,
1313 4004 1422 4078 τξῶν
1440 4005 1664 4057 οἰκείων
1679 4004 1886 4058 παίδων

203 4092 466 4161 γενέσθαι
504 4094 751 4162 σφαγέας
783 4092 1132 4163 ἠνάγκασαν·
1159 4094 1187 4145 ό
1222 4092 1280 4145 δὲ
1317 4091 1554 4163 Χριστὸς
1591 4092 1719 4153 τοὺς
1745 4091 1887 4143 ἀπο-

203 4181 611 4251 στρεφομένους
630 4180 792 4234 αὐτὸν
815 4180 1017 4233 τούτων
1040 4180 1149 4233 τῶν
1176 4178 1564 4248 ἐπιταγμάτων
1588 4177 1886 4249 ἀπήλλαξε,

204 4268 303 4319 καὶ
338 4268 442 4336 τῆς
484 4267 782 4339 θηριώδους
812 4266 1153 4337 λειτουργίας
1201 4266 1299 4335 τὴν
1340 4266 1613 4329 ἀτέλειαν,
1649 4266 1745 4319 καὶ
1787 4265 1887 4336 τὴν

205 4354 531 4426 θαυμαστὴν
556 4354 761 4425 ταύτην
788 4354 1033 4425 εἰρήνην,
1055 4354 1155 4407 οὐκ
1184 4356 1264 4417 εἰς
1288 4355 1413 4417 τοὺς
1432 4354 1666 4418 οἰκείους
1692 4354 1887 4423 μόνους

211 4441 574 4505 συνέκλεισεν,
606 4441 743 4495 ἀλλά
780 4441 876 4495 καὶ
908 4442 988 4504 είς
1017 4442 1141 4505 τοὺς
1165 4441 1478 4512 ἀλλοτρίους
1501 4440 1889 4511 ἐξήγαγε,“δει-

210 4532 343 4593 κνὺς
368 4531 450 4583 ὅτι
476 4531 671 4582 ἐκεῖνοι
697 4529 793 4599 μὲν
814 4528 1067 4599 τύραννοί
1096 4545 1242 4592 τινες
1283 4528 1493 4581 καὶτοῦ
1517 4529 1709 4596 γένους
1732 4526 1887 4598 ἡμῶν

202 4618 393 4688 ἐχθροὶ
420 4618 515 4669 καὶ
549 4617 823 4687 λυμεῶνές
847 4620 973 4681 εἰσι,
999 4617 1066 4673 δι’
1093 4618 1122 4672 ὃ
1159 4619 1253 4671 καὶ
1280 4620 1394 4681 τοῖς
1416 4616 1783 4687 ᾠκειωμένοις
1812 4615 1888 4678 ὡς

203 4704 511 4775 ἀλλοτρίοις
545 4706 868 4774 ἐκέχρηντο·
918 4705 1015 4758 καὶ
1043 4704 1153 4774 γάρ
1198 4700 1338 4776 ἦσαν
1388 4704 1678 4774 ἀλλότριοι.
1721 4704 1780 4756 Ὀ
1830 4703 1889 4755 δέ

204 4791 463 4861 βασιλεὺς
497 4792 592 4844 καὶ
624 4792 952 4863 δημιουργὸς
989 4792 1085 4845 καὶ
1119 4792 1300 4862 σωτὴρ
1333 4790 1427 4843 τοῦ
1471 4790 1674 4853 παντὸς
1699 4790 1887 4858 γένους

202 4877 516 4949 ἀνθρώπων
568 4880 728 4942 αὐτὸς
771 4876 872 4951 ἦν·
919 4879 999 4932 διὸ
1034 4880 1127 4932 καὶ
1176 4877 1283 4932 τῶν
1333 4877 1781 4948 ἠλλοτριωμένων
1812 4878 1888 4941 ὡς

207 4965 356 5018 ἰδίων
385 4965 645 5033 ἐφείδετο.
674 4967 784 5019 Καὶ
828 4966 938 5037 γάρ
971 4962 1040 5038 ἦν
1087 4966 1217 5019 ῐδιον
1253 4965 1412 5035 ἔργον
1458 4965 1623 5017 αὐτοῦ
1665 4968 1813 5018 πᾶσα
1853 4969 1886 5038 ἡ

200 5052 316 5105 τῶν
353 5052 656 5124 ἀνθρώπων
694 5045 875 5122 φύσις,
910 5053 1095 5117 καθὼς
1125 5055 1219 5106 καὶ⁵
1254 5054 1281 5105 ὁ
1315 5052 1564 5123 μαθητὴς
1586 5052 1750 5105 αὐτοῦ
1781 5071 1887 5123 φη-

203 5157 309 5192 σιν·
341 5141 447 5205 Εἰς
480 5141 552 5193 τὰ
594 5140 715 5215 ἴδια
754 5137 922 5211 ἦλθε,
950 5142 1049 5194 καὶ
1088 5143 1143 5193 οὶ
1186 5140 1323 5193 ἷδιοι
1360 5140 1550 5194 αὑτὸν
1601 5142 1713 5194 οὐκ
1763 5142 1890 5195 ἐδέ-

201 5228 391 5290 ξαντο
421 5237 467 5279 ε.
510 5226 672 5280 Ἀλλὰ
699 5229 878 5281 πᾶσαν
915 5227 1015 5298 μὲν
1039 5226 1202 5280 αὐτοῦ
1236 5227 1556 5296 καταλέγειν
1583 5226 1679 5298 τὴν
1702 5228 1889 5296 φιλαν-

266 5349 297 5379 ε
318 5350 470 5399 Savil.
497 5350 550 5397 in
571 5362 724 5409 marg.
754 5355 807 5397 et
822 5350 977 5399 codex
1000 5363 1128 5398 unus
1149 5348 1404 5397 ἐδεδίεσαν.

256 5410 292 5481 ,ιζ
319 5413 403 5459 Sic
424 5414 537 5483 ng.
566 5416 619 5486 ent
642 5424 768 5486 uqus
794 5411 970 5486 codex_,
1010 5412 1249 5486 atquc'jla
1276 5411 1469 5486 legerat
1494 5411 1699 5486 iﬂlgrpr.
1724 5419 1887 5486 νςδῑιιςι2

200 5472 287 5540 giij
326 5474 537 5540 σφαγῶν.
580 5472 749 5540 Pa_ul9_
777 5481 889 5531 pust
930 5475 1029 5540 qnp
1072 5474 1265 5540 cogliccs
1288 5472 1462 5540 αὐτῶν.
1509 5472 1703 5540 Τούτοις
1730 5475 1768 5520 εἰ
1810 5477 1889 5521 καὶ

200 5533 426 5608 θαῦμάτι
449 5533 866 5596 παρηκολούθησε,
899 5535 962 5596 μή
997 5535 1256 5596 θαυμάσῃς·
1290 5534 1363 5580 ὅτι
1394 5535 1435 5581 εἴ
1467 5550 1559 5582 που
1582 5535 1661 5581 καὶ
1685 5535 1887 5598 ἐδείχθη,

241 5612 285 5637 ιι
345 5612 388 5643 ν.

202 5610 233 5651 μ
264 5610 427 5729 ξρῖψρ
447 5669 571 5729 ῐηξεζ
594 5661 650 5729 (ξι
669 5654 820 5728 Silv".
847 5670 897 5704 In
920 5670 1067 5719 marg.
1091 5657 1162 5705 ἐπ’
1188 5656 1411 5717 ἐκτροπῇ.

259 5716 286 5753 ά
317 5720 410 5767 Alii
431 5717 531 5773 τοῖς
552 5718 753 5779 ἐχθροῖς.

266 5780 399 5831 ‘Ahi
419 5782 475 5830 ού
500 5781 794 5829 παοελαϐον.

1038 332 1123 389 DE
1157 334 1214 388 S.
1246 330 1842 397 BABYLA,".ONTRA
1878 329 2222 389 JULIANUM
2252 330 2343 388 ET
2374 328 2735 390 GENTILES.

3532 306 3640 365 836

1970 423 2217 495 θρωπίαν
2237 429 2299 481 οὐ
2332 426 2427 482 τοῦ
2455 428 2717 500 παρόντος
2751 424 2966 496 καιροῦ,
2995 423 3131 478 ἀλλά
3152 423 3256 478 κᾶν
3282 422 3489 488 πάντας
3515 425 3643 488 τοὺς

1967 514 2170 577 αἰῶνας
2206 514 2334 584 περὶ
2383 514 2555 584 αὐτῆς
2583 512 2888 583 φθέγγηταί
2937 529 3043 577 τις,
3077 510 3180 565 κᾶν
3229 510 3497 580 τοσαύτην
3541 509 3642 581 ἔχη

1966 601 2216 671 δύναμιν,
2240 602 2371 672 ὅσην
2391 600 2491 663 τὰς
2519 600 2843 670 ἀσωμάτους
2862 598 3121 669 δυνάμεις
3140 597 3306 661 εἰκὸς,
3327 598 3447 650 ούδέ
3470 595 3645 661 οὕτως

1967 688 2233 757 ἐφάψεται
2260 688 2362 756 τῆς
2386 689 2541 753 ἀξίας
2564 687 2892 743 ποτέ.Ὄσον
2917 686 3026 757 γάρ
3054 688 3201 739 ἐστιν
3232 685 3456 754 ἀγαθὸς,
3486 685 3645 755 μόνος

1965 772 2105 830 οἶδεν
2153 774 2335 838 αὐτὸς,
2371 774 2555 845 ἐπειδὴ
2590 775 2683 828 καὶ
2741 775 2900 845 μόνος
2946 775 3092 827 ἐστὶν
3133 773 3306 836 οὕτως
3356 771 3374 811 ί
3418 772 3641 841 ἀγαθός.

1976 862 2113 933 Ὀρα
2142 862 2273 931 γοῦν
2294 857 2382 915 οἷα
2404 864 2517 925 τοῖς
2542 860 2809 932 μαθηταῖς
2839 874 3023 933 φησιν·
3063 858 3261 929 Ἀμὴν,
3294 856 3461 927 ἀμὴν
3488 858 3646 928 λέγω

1968 944 2131 1018 ὑμῖν,
2165 952 2198 1003 ὁ
2232 951 2534 1004 πιστεύων
2572 951 2658 1015 είς
2692 948 2825 1019 ἐμὲ,
2883 947 2956 1001 τὰ
2990 950 3166 1017 ἔργα,
3216 944 3257 1000 ᾶ
3304 946 3420 1011 ἐγὼ
3472 944 3642 1011 ποιῶ,

1969 1038 2249 1104 κάκεῖνος
2286 1036 2549 1104 ποιήσει,
2572 1037 2670 1091 καὶ
2698 1034 2940 1106 μείζονα
2971 1036 3196 1089 τούτων
3216 1032 3476 1101 ποιήσει.
3510 1031 3646 1086 Οὑδέ

1970 1124 2079 1196 γὰρ
2109 1124 2176 1179 ἂν
2204 1125 2473 1196 τοσαύτης
2514 1124 2699 1188 αὐτοῖς
2741 1122 3012 1196 μετέδωκε
3049 1122 3149 1191 τῆς
3180 1120 3369 1193 τιμῆς,
3408 1120 3482 1192 μὴ
3523 1119 3646 1175 λίαν

1971 1212 2066 1265 καὶ
2098 1212 2341 1283 ἀπείρως
2377 1211 2452 1265 ὢν
2497 1210 2718 1280 ἀγαθός.
2769 1213 2832 1266 Εἰ
2862 1210 2919 1264 δέ
2960 1226 3045 1272 τις
3082 1210 3216 1279 ἡμῖν
3251 1206 3646 1279 ἀμφισϐητοίη,

1971 1299 2075 1352 ποῦ
2103 1299 2254 1362 τέλος
2283 1299 2440 1369 ἔσχεν
2465 1291 2621 1362 οὗτος
2640 1303 2667 1353 6
2688 1298 2955 1370 χρησμὸς.
2982 1297 3043 1351 τὸ
3065 1296 3266 1367 βιϐλίον
3294 1295 3432 1366 μετὰ
3458 1297 3647 1367 χεῖρας

1972 1386 2170 1450 λαϐὼν,
2192 1387 2220 1440 ὃ
2242 1387 2484 1440 καλεῖται
2518 1388 2615 1457 μὲν
2637 1388 2869 1458 Πράξεις
2894 1385 3227 1458 ἀποστόλων,
3247 1383 3361 1453 ἔχει
3394 1383 3452 1435 δὲ
3478 1382 3651 1447 αὐτὰς

1972 1474 2033 1527 ού
2069 1474 2268 1538 πάσας,
2298 1474 2413 1528 ἀλλ’
2442 1456 2564 1528 οὑδέ
2596 1456 2812 1528 πάντων
2841 1473 3041 1539 αὐτῶν,
3059 1472 3174 1527 ἀλλ’
3201 1456 3318 1535 ἐνὸς
3346 1471 3379 1542 ἢ
3411 1469 3523 1532 δύο,
3554 1471 3652 1523 καὶ

1972 1561 2176 1625 ταύτας
2220 1562 2646 1633 εὐαριθμήτους,
2696 1562 2885 1633 ὄψεται
2924 1563 3051 1625 τοὺς
3089 1561 3187 1631 μὲν
3234 1556 3649 1631 ἀρρωστοῦντας

1973 1652 2197 1704 ἐπὶτῶν
2235 1652 2501 1706 κλινιδίων
2548 1646 3002 1721 κατακειμένους,
3036 1650 3137 1714 τὰς
3187 1650 3244 1703 δέ
3291 1649 3449 1711 σκιὰς
3491 1648 3652 1719 μόνον

1974 1739 2084 1792 τῶν
2119 1740 2403 1811 μακαρίων
2440 1740 2664 1794 ἐκείνων
2698 1738 3079 1808 ἐφαπτομένας
3103 1755 3164 1791 τε
3195 1736 3375 1791 αὐτῶν
3402 1737 3517 1806 ἅμα
3557 1734 3651 1788 καὶ

1975 1826 2074 1898 τὴν
2106 1827 2317 1894 ὑγίειαν
2360 1826 2756 1897 ἐργαζομένας,
2793 1827 3008 1889 πολλοῖς
3046 1826 3104 1879 δὲ
3155 1824 3265 1879 τῶν
3314 1824 3651 1894 μαινομένων

1975 1914 2081 1966 τῶν
2113 1913 2347 1983 ἱματίων
2381 1914 2595 1967 Παύλου
2632 1914 2785 1967 οὐδὲν
2834 1903 2994 1966 πλέον
3027 1912 3215 1983 ἐδέησε
3261 1912 3398 1982 πρὸς
3429 1910 3527 1981 τὴν
3556 1908 3650 1963 τοῦ

1975 2003 2251 2067 κινοῦντος
2278 2004 2477 2065 αὐτοὺς
2510 2002 2762 2073 δαίμονος
2791 2000 3133 2070 ἀπαλλαγήν.
3171 1999 3233 2053 Εἰ
3271 1999 3327 2053 δέ
3356 2015 3443 2060 τις
3476 1997 3654 2053 ταῦτα

1974 2089 2144 2158 τῦφον
2174 2085 2315 2142 εἶναι
2350 2088 2519 2157 λέγοι,
2550 2088 2644 2142 καὶ
2674 2087 2961 2158 τερατείαν
2996 2085 3329 2156 πλασμάτων
3364 2082 3650 2149 ἀπίθανον,

1976 2178 2113 2232 άλλά
2140 2179 2209 2233 τά
2231 2195 2295 2247 γε
2332 2178 2428 2231 νῦν
2463 2177 2718 2249 ὁρώμενα
2749 2176 2908 2229 ἱκανὰ
2933 2174 2995 2228 τὸ
3028 2174 3348 2244 βλάσφημον
3376 2172 3655 2243 ἐμφράξαι

1979 2264 2152 2336 στόμα
2181 2266 2274 2319 καλ¹
2321 2264 2717 2333 καταισχῦναι,
2753 2262 2849 2315 καὶ
2894 2262 2994 2333 τὴν
3042 2259 3374 2331 ἀχαλίνωτον
3411 2259 3657 2328 γλῶτταν

1978 2352 2241 2424 ἐπισχεῖν.
2273 2352 2348 2407 Οὐ
2385 2351 2496 2424 γάρ
2535 2353 2681 2404 ἐστιν
2713 2352 2770 2404 ἐν
2818 2352 2883 2421 τῇ
2920 2347 3042 2402 καθ’
3084 2348 3231 2419 ἡμᾶς
3273 2346 3567 2418 οἰκουμένῃ
3593 2345 3656 2399 ού

1978 2441 2151 2512 χώρα,
2181 2442 2282 2495 οὐκ
2307 2440 2478 2505 ἔθνος,
2504 2439 2658 2513 [559]
2687 2439 2748 2493 οὑ
2778 2440 2956 2502 πόλις,
2991 2437 3121 2492 ἔνθα
3148 2436 3320 2492 ταῦτα
3341 2438 3440 2491 οὐκ
3471 2436 3658 2508 ᾅδεται

1977 2528 2047 2580 τά
2073 2520 2375 2599 παράδοξα,
2397 2528 2458 2580 οὐ
2486 2526 2867 2597 θαυμασθέντα
2898 2525 3029 2578 ποτέ
3050 2528 3099 2579 εἰ
3120 2524 3413 2595 πλάσματα
3439 2519 3525 2595 ἦν.
3546 2525 3660 2577 Καὶ

1979 2614 2073 2668 τοῦ
2112 2615 2275 2683 λόγου
2305 2615 2403 2685 τὴν
2445 2613 2749 2685 μαρτυρίαν
2794 2613 2951 2684 ὑμεῖς
2996 2611 3063 2666 ἂν
3092 2612 3428 2683 παράσχοιτε
3453 2611 3661 2683 ταύτην

1979 2705 2144 2773 ἡμῖν·
2177 2703 2239 2755 οὐ
2295 2701 2403 2773 γὰρ
2434 2700 2742 2772 δεησόμεθα
2776 2702 2905 2771 παρ’
2945 2700 3150 2770 ἐτέρων
3180 2699 3281 2769 τὴν
3329 2698 3512 2752 πίστιν
3551 2699 3662 2753 τῶν

1978 2788 2288 2860 λεγομένων
2314 2789 2520 2851 λαϐεῖν,
2548 2788 2578 2840 ὑ
2587 2787 2703 2859 μῶν
2731 2788 2841 2840 τῶν
2868 2786 3079 2858 ἐχθρῶν
3110 2785 3314 2856 ταύτην
3346 2785 3663 2857 παρεχομέο

1982 2892 2088 2928 νων
2122 2878 2270 2946 ἡμῖν.
2301 2876 2436 2928 Εἰπὲ
2464 2875 2572 2945 γάρ
2601 2892 2711 2944 μοι,
2739 2873 2827 2927 διὰ
2853 2873 2905 2926 τί
2934 2873 3026 2926 τὸν
3060 2873 3426 2945 Ζωροάστρην
3456 2874 3663 2925 ἐκεῖνον

1983 2964 2078 3015 καὶ
2119 2962 2211 3016 τόν
2263 2961 2529 3031 Ζάμολξιν
2560 2962 2681 3014 οὐδὲ
2722 2960 2781 3028 ἐξ
2823 2960 3087 3031 ὀνόματος
3138 2961 3318 3013 ἴσασιν
3363 2960 3413 3012 οἰ
3453 2958 3661 3023 πολλοὶ,

1985 3050 2185 3119 μᾶλλον
2216 3050 2274 3102 δὲ
2307 3049 2431 3102 οὐδέ
2478 3066 2644 3112 τινες.
2687 3048 2828 3118 πλὴν
2873 3048 3072 3116 ὀλίγων
3095 3046 3287 3111 τινῶνς
3325 3041 3416 3118 ἆρ’
3443 3046 3542 3116 οὐχ
3580 3047 3664 3100 ὅτι

1981 3138 2279 3207 πλάσματα
2303 3132 2371 3208 ἦν
2400 3135 2470 3189 τὰ
2490 3136 2619 3207 περὶ
2642 3135 2867 3189 ἐκείνων
2891 3135 3160 3205 λεγόμενα
3181 3134 3434 3199 ἀπαντα;
3468 3133 3664 3187 Καίτοι

1982 3242 2045 3294 γε
2075 3226 2318 3277 κάκεῖνοι
2355 3223 2450 3276 καὶ
2478 3226 2529 3275 οί
2555 3222 2624 3275 τά
2649 3222 2875 3275 ἐκείνων
2903 3222 3188 3285 συνθέντες
3219 3220 3385 3274 δεινοὶ
3408 3218 3666 3289 γενέσθαι

1982 3316 2250 3383 λέγονται,
2280 3315 2329 3366 οί
2363 3313 2461 3384 μέν
2492 3311 2745 3383 γοητείαν
2770 3313 2951 3383 εὑρεῖν
2993 3311 3088 3364 καὶ
3126 3309 3488 3381 ἐργάσασθαι,
3519 3309 3569 3360 οἱ
3605 3305 3665 3361 δὲ

1984 3420 2047 3456 συ
2057 3399 2493 3469 σκιάσαιμψεῦδος
2512 3402 2581 3470 τῇ
2608 3399 2716 3451 τῶν
2742 3398 2916 3466 λόγων
2938 3396 3276 3466 πιθανότητι.
3307 3394 3469 3449 Ἀλλά
3491 3395 3668 3449 πάντα

1988 3485 2165 3560 μάτην
2186 3487 2393 3556 γίνεται
2422 3486 2517 3540 καὶ
2542 3488 2689 3556 είκῆ,
2721 3485 2848 3538 ὅταν
2879 3485 2912 3555 ἡ
2938 3484 3049 3537 τῶν
3076 3483 3384 3553 λεγομένων
3412 3482 3667 3547 ὑπόθεσις

1987 3576 2163 3649 σαθρά
2196 3578 2290 3629 καὶ
2317 3575 2519 3644 ψευδὴς
2558 3570 2692 3627 οὖσα
2732 3572 2889 3643 τύχῃ,
2921 3571 3113 3643 ὥσπερ
3157 3567 3272 3637 οὖν,
3311 3572 3439 3624 ὅταν
3470 3570 3668 3641 ἰσχυρά

1986 3664 2079 3716 καὶ
2113 3661 2339 3733 ἀληθὴς,
2381 3660 2599 3715 ἅπαντα
2627 3660 2791 3713 πάλιν
2835 3659 3014 3730 μάτην
3043 3658 3257 3727 γίνεται
3307 3657 3405 3733 καὶ
3447 3657 3570 3727 εἰκῆ
3599 3657 3669 3710 τά
3774 3694 3781 3697 -

1986 3749 2123 3819 πρὸς
2154 3730 2466 3820 ἀνατροπὴν
2496 3746 2855 3817 ἐπινοούμενα
2902 3744 3055 3817 παρᾶ
3092 3745 3202 3798 τῶν
3240 3730 3482 3815 ἐχθρῶν·
3519 3743 3670 3797 οὐδε-

1990 3837 2120 3907 μιᾶς
2156 3834 2262 3905 γὰρ
2308 3834 2479 3887 δεῖται
2526 3833 2776 3904 βοηθείας
2805 3834 2839 3903 ἡ
2877 3832 2979 3902 τῆς
3013 3830 3271 3902 ἀληθείας
3323 3829 3505 3901 ἰσχύς·
3531 3829 3671 3885 ἀλλά

1986 3922 2090 3976 κᾶν
2118 3922 2344 3993 μυρίους
2386 3921 2486 3992 ἔχῃ
2516 3921 2642 3983 τοὺς
2685 3920 3014 3983 σϐεννύντας
3052 3918 3247 3991 αὐτὴν,
3279 3918 3339 3971 ού
3377 3917 3537 3989 μόνον
3567 3917 3671 3972 ούκ

1987 4008 2326 4077 ἀφανίζεται,
2355 4008 2493 4062 ἀλλὰ
2526 4009 2629 4062 καὶ
2660 4007 2728 4060 δι’
2775 4006 2956 4060 αὐτῶν
3001 4004 3111 4059 τῶν
3161 4003 3495 4077 ἐπηρεάζειν
3540 4006 3668 4057 ἐπι-

1988 4094 2316 4167 χειρούντων
2338 4096 2671 4167 φαιδροτέρα
2703 4094 2797 4147 καὶ¹
2826 4093 3141 4163 ὑψηλοτέρα
3172 4093 3367 4157 ἄνεισι,
3400 4092 3510 4148 τῶν
3543 4092 3670 4164 εἰκῆ

1990 4182 2299 4236 κοπτόντων
2328 4182 2558 4245 ἑαυτοὺς
2582 4180 2682 4233 καὶ
2713 4181 3056 4251 μαινομένων
3082 4180 3464 4250 καταγελῶσα.

2062 4274 2143 4328 Τὰ
2178 4275 2276 4344 μὲν
2304 4273 2412 4343 γὰρ
2451 4273 2582 4343 παρ’
2617 4273 2770 4342 ἡμῖν,
2800 4272 2836 4325 ἆ
2874 4288 3011 4341 φατε
3054 4270 3350 4342 πλάσματα
3381 4266 3543 4334 εἶναι,
3576 4270 3671 4325 καὶ

1988 4361 2240 4433 τύραννοι
2268 4360 2361 4414 καὶ
2392 4358 2630 4430 βασιλεῖς
2664 4360 2757 4412 καὶ
2791 4358 2967 4426 λόγων
3004 4358 3209 4427 ἄμαχοι
3254 4359 3528 4427 σοφισταὶ,
3567 4357 3671 4431 ήδη

1989 4449 2046 4502 δὲ
2084 4450 2180 4502 καὶ
2222 4448 2501 4517 φιλόσοφοι
2544 4446 2640 4499 καὶ
2676 4446 2877 4517 γόητες
2930 4445 3025 4499 καὶ
3058 4446 3224 4516 μάγοι
3277 4446 3373 4499 καὶ
3416 4445 3674 4516 δαίμονες

1991 4537 2240 4590 καθελεῖν
2274 4533 2650 4599 ἐσπούδασαν,
2700 4532 2809 4586 Καὶ
2858 4532 3279 4600 ἐξησθένησεν
3326 4533 3419 4586 ἐπ’
3447 4532 3673 4600 αὐτοὺς

1990 4626 2029 4691 ὴ
2077 4624 2333 4692 γλῶσσα
2377 4620 2608 4684 αὐτῶν,
2643 4619 2783 4673 κατά
2813 4619 2906 4674 τὸν
2955 4618 3295 4691 προφητικὸν
3349 4618 3527 4689 λόγον,
3577 4620 3673 4675 καὶ

1989 4710 2147 4779 Βέλη
2174 4713 2201 4752 ⁸
2225 4710 2458 4778 νηπίων
2476 4708 2856 4778 ἐγενήθησαν
2883 4709 2944 4761 al
2979 4708 3205 4775 πληγαὶ
3234 4705 3449 4761 αὐτῶν.
3475 4706 3539 4760 οι
3572 4706 3674 4777 μὲν

1992 4801 2101 4870 γὰρ
2128 4798 2365 4869 βασιλεῖς
2386 4797 2639 4851 τοσοῦτον
2671 4796 2971 4868 ἐκέρδαναν
2992 4797 3056 4849 ἐκ
3079 4796 3179 4865 τῆς
3211 4794 3333 4847 καθ’
3357 4796 3390 4866 ή
3400 4793 3517 4864 μῶν
3551 4797 3674 4849 ἐπι-

1992 4888 2209 4957 ϐουλῆς,
2246 4888 2369 4940 ὅσον
2400 4884 2691 4957 θηριωδίας
2721 4882 2876 4947 δόξαν
2907 4883 3059 4954 παρὰ
3089 4884 3256 4936 πᾶσιν
3281 4882 3465 4935 λαϐεῖν
3490 4884 3538 4937 h.
3573 4882 3673 4936 Διά

1988 4979 2101 5047 γὰρ
2132 4977 2222 5030 τὸν
2253 4975 2394 5028 κατὰ
2430 4974 2539 5026 τῶν
2572 4970 2867 5043 μαρτύρων
2898 4969 3070 5040 θυμὸν
3103 4972 3185 5032 εἰς
3221 4970 3322 5039 τὴν
3357 4970 3459 5039 τῆς
3485 4969 3672 5040 κοινῆς

1991 5066 2206 5133 φύσεως
2236 5060 2602 5131 ἐξενεχθέντες
2626 5060 2914 5127 ἀπήνειαν,
2947 5057 3165 5128 μυρίοις
3198 5057 3425 5120 ἐαυτοὺς
3450 5058 3512 5109 οὐ
3545 5073 3672 5109 συνο

1990 5151 2125 5203 εἶδον
2158 5148 2540 5220 περιϐαλόντες
2578 5146 2856 5200 ὀνείδεσιν.
2883 5147 2946 5198 OE
2984 5146 3040 5198 δὲ
3070 5146 3351 5214 φιλόσοφοι
3378 5145 3473 5197 καὶ
3506 5145 3673 5198 δεινοὶ

1992 5240 2220 5309 ῥήτορες
2246 5235 2401 5300 δόξαν
2434 5233 2655 5304 πολλὴν,
2691 5235 2740 5286 οἱ
2784 5234 2881 5304 μὲν
2909 5234 3002 5287 ἐπὶ
3046 5233 3360 5304 σεμνότητι,
3399 5234 3449 5286 οἱ
3488 5232 3673 5303 δέηέπὶ

1988 5324 2163 5392 λόγων
2205 5323 2438 5392 δυνάμει
2489 5322 2643 5394 παρά
2697 5324 2808 5385 τοῖς
2837 5322 3055 5385 πολλοῖς
3098 5321 3334 5391 ἔχοντες,
3380 5319 3521 5390 μετά
3572 5319 3674 5390 τὴν

1990 5409 2126 5478 πρὸς
2158 5409 2306 5477 ἡμᾶς
2350 5406 2530 5477 μάχην
2569 5407 2963 5475 καταγέλαστοι
2998 5406 3277 5475 γεγόνασι,
3324 5404 3421 5458 καὶ
3464 5404 3673 5456 παίδων

1988 5494 2298 5567 ληρούντων
2327 5494 2513 5556 ἁπλῶς
2534 5494 2684 5547 οὐδὲν
2707 5493 2982 5563 διαφέρειν
3004 5493 3209 5560 ἔδοξαν.
3230 5492 3361 5545 Ἀπὸ
3372 5491 3481 5562 γὰρ
3502 5490 3675 5545 ἐθνῶν

2058 5596 2077 5635 ἲ
2105 5597 2201 5645 Alii
2227 5596 2376 5652 οὗτος.

2055 5662 2079 5697 Β
2103 5660 2199 5705 Alii
2224 5660 2303 5704 καὶ
2330 5660 2480 5719 βέλος.

2034 5719 2083 5787 7h
2107 5720 2188 5829 iis
2223 5732 2310 5766 nus
2331 5716 2363 5767 δ
2393 5718 2595 5777 Suvilio,
2625 5720 2905 5777 postulunlc
2932 5731 3100 5769 sensu.
3138 5717 3338 5769 Editum
3380 5719 3537 5768 fuerat
3560 5716 3675 5763 ἕλα-

2034 5800 2093 5827 ιΝ
2144 5795 2255 5828 LDII'.

2015 5806 2040 5828 υ
2054 5800 2093 5827 Ν
2124 5795 2255 5828 LDII'.
