4220 6300
538 326 647 386 83'!

539 442 636 498 καὶ
662 441 851 513 δήμων
898 438 1166 493 τοσιύτων
1196 435 1259 488 οὐ
1312 432 1472 502 σοφόν
1514 447 1660 495 τινα,
1698 428 1799 482 οὐκ
1836 427 2058 494 ἄσοφον,
2091 420 2205 513 ῌούκ

539 510 747 600 ἄνδρα,
759 529 819 581 οὐ
852 527 1105 596 γυναῖκα,
1131 522 1243 576 ἀλλ’
1272 520 1392 575 οὐδέ
1416 517 1625 571 παιδίον
1657 514 1848 588 μικρὸν
1881 510 2206 600 μεταπεῖσαι

540 593 789 684 ἴσχυσαν,
819 593 953 667 ἀλλά
992 608 1247 671 τοσοῦτός
1281 610 1394 660 ἐστι
1422 604 1532 657 τῶν
1560 603 1649 656 ὑπ’
1678 600 1855 655 αὐτῶν
1884 593 2205 684 γεγραμμέξ

674 702 702 753 6
723 700 915 769 γέλως,
940 697 1081 751 ὥστε
1104 692 1465 764 ἀφανισθῆναι
1496 690 1589 744 καὶ
1613 688 1679 744 τά
1704 685 1879 757 βιϐλία
1903 683 2089 769 πάλαι.
2112 680 2207 769 καλ

543 785 660 856 ἅμα
684 764 763 855 τῷ
789 782 1094 853 δειχθῆναι,
1128 780 1223 833 και
1253 776 1550 833 ἀπολέσθαι
1581 775 1649 828 τά
1692 771 1879 826 πολλά.
1918 767 2074 856 Εί-δέ
2102 764 2205 820 πού

543 854 595 925 τι
620 871 717 925 καὶ
736 854 1002 940 εὑρεθείη
1036 864 1320 927 διασωθέν,
1363 863 1513 935 παρὰ
1543 859 1883 931 Χριστιανοῐς
1914 854 2071 909 τοῦτο
2098 869 2205 940 σωξ

545 956 773 1027 ζόμενον
808 937 957 1027 εὖροι
984 970 1069 1017 τις
1107 953 1173 1008 ἀν
1196 968 1211 983 ⁸
1241 949 1494 1005 τοσοῦτον
1532 946 1806 1016 ἀπέχομεν
1847 941 2050 1015 βλάϐην
2084 937 2210 993 τινά

546 1043 700 1112 παρὰ
735 1043 833 1113 τῆς
877 1042 1100 1094 ἐκείνων
1152 1034 1476 1091 ὑποπτεύειν
1508 1032 1824 1100 ἐπιϐουλῆς·
1861 1027 2003 1081 οὕτω
2044 1041 2210 1078 κατα-

545 1129 792 1200 γελῶμεν
825 1127 924 1198 τῆς
977 1125 1191 1195 πολλῆς,
1222 1118 1781 1192 τῶνμηχανημάτων
1822 1113 2000 1200 αὐτῶν
2046 1127 2202 1200 περι-

546 1197 754 1287 εργίας.
780 1197 916 1267 Οῦτε
938 1210 1047 1283 γάρ
1069 1213 1118 1265 εί
1148 1211 1217 1264 τά
1240 1208 1467 1277 σώματα
1487 1204 1820 1292 ἀδαμάντινα
1842 1197 2211 1292 καὶ-ἄφθαρτα

543 1285 613 1373 ἦν
644 1304 808 1372 ἡμῖν,
850 1299 1176 1369 σκορπίους,
1212 1296 1303 1349 καὶ
1343 1293 1526 1361 δφεις,
1562 1285 1813 1359 καὶ⁷πῦρ
1860 1289 1983 1373 ταῖς
2025 1285 2211 1373 χερσὶν

547 1370 965 1457 ἐ-πισφίγγοντες
1014 1384 1292 1452 ἐδείσαμεν
1337 1382 1435 1445 ἂν,
1471 1378 1607 1432 ἀλλὰ
1654 1377 1748 1430 καὶ
1785 1370 2210 1441 ἐπεδειξάμεθα*

548 1476 673 1530 οὐτε
716 1474 903 1545 ἐπειδὴ
931 1473 1028 1535 τὰς
1062 1471 1238 1541 ψυχάς
1280 1470 1412 1539 ἡμῖν
1453 1468 1546 1520 καὶ
1586 1465 1686 1535 τὴν
1733 1464 1917 1516 πίστιν
1959 1458 2214 1527 τοιαύτην

550 1560 952 1615 κατεσκεύασεν
976 1562 1005 1612 6
1026 1556 1277 1628 Χριστὸς,
1300 1556 1369 1607 τά
1403 1554 1668 1625 φάρμακα
1703 1549 1813 1603 τῶν
1841 1546 2049 1619 ἐχθρῶν
2068 1545 2214 1615 ἐχονο

548 1666 641 1712 τες
684 1647 1020 1715 δεδοίκαμεν.
1058 1646 1120 1697 Εί
1168 1642 1276 1713 γάρ
1316 1642 1501 1696 ἐπάνω
1541 1640 1749 1708 ὄφεων,
1784 1636 1880 1690 καὶ
1919 1632 2215 1702 σκορπίων,

551 1735 646 1789 καὶ
687 1734 866 1804 πάσης
906 1731 1002 1784 τοῦ
1047 1730 1298 1784 διαϐόλου
1327 1729 1425 1799 τῆς
1477 1725 1788 1798 τυραννίδος
1837 1724 2026 1776 πατεῖν
2067 1716 2216 1791 [550]

552 1822 683 1891 ἡμῖν
714 1818 1091 1881 ἐπιτέτακται,
1133 1813 1311 1884 πολλῷ
1350 1813 1548 1885 μᾶλλον
1581 1813 1765 1865 ἐπάνω
1793 1808 2089 1877 σκωλήκων
2126 1804 2219 1858 καὶ

552 1904 873 1974 κανθάρωνο
911 1903 1166 1957 τοσοῦτον
1204 1902 1313 1972 γάρ
1350 1900 1411 1952 τὸ
1452 1898 1615 1969 μέσον
1639 1898 1740 1967 τῆς
1783 1896 1980 1949 τούτων
2018 1892 2220 1965 βλάϐης

554 1996 691 2067 πρὸς
715 1996 813 2066 τὴν
842 1996 1047 2047 ἐκείνου
1070 1992 1164 2046 τοῦ
1196 1990 1431 2063 πονηροῦ
1455 1990 1705 2060 δαίμονος
1733 1986 2038 2056 ἐπιϐουλήν.

623 2084 695 2145 γ’.
718 2082 822 2137 Καὶ
844 2081 914 2136 τὰ
940 2083 1040 2151 μὲν
1066 2081 1310 2152 ἡμέτερα
1330 2077 1572 2144 τοιαῦτα,
1594 2077 1663 2130 τά
1677 2077 1732 2130 δὲ
1753 2080 1781 2130 ὐ
1790 2076 1917 2147 μέτε
1926 2092 2014 2145 ρα,
2034 2070 2221 2125 ἐπολέ-

560 2186 703 2241 μησε
742 2169 841 2240 μιν
874 2170 1061 2231 αὐτοῖς
1090 2168 1264 2231 οὐδεὶς
1297 2165 1553 2219 οὐδέποτε
1575 2180 1589 2195 ο
1617 2164 1738 2218 οὐδέ
1773 2162 1879 2232 γὰρ
1910 2162 2067 2230 θέμις
2088 2160 2224 2229 X9:-

559 2258 813 2319 στιανοίς,
868 2255 1083 2326 ἀνάγκῃ
1119 2254 1214 2307 καὶ
1270 2254 1359 2325 βίᾳ
1416 2251 1811 2323 καταστρέφειν
1847 2250 1946 2320 τὴν
1990 2247 2219 2316 πλάνην,

560 2341 696 2395 άλλά
722 2344 814 2395 καὶ
858 2340 1156 2393 πειθοῖκαὶ
1201 2338 1344 2409 λόγῳ
1386 2338 1481 2391 καὶ
1519 2336 1815 2409 προσηνείᾳ
1855 2336 1953 2405 τὴν
1984 2333 2093 2387 τῶν
2129 2333 2225 2387 ἀν-

561 2428 795 2497 θρώπων
828 2426 1157 2498 ἐργάζεσθαι
1186 2424 1483 2496 σωτηρίαν.
1516 2423 1679 2478 Ὅθεν
1694 2422 1883 2486 ,οὐδεὶς
1914 2421 2021 2475 τῶν
2042 2421 2112 2474 τά
2130 2418 2224 2473 τοῦ

560 2514 799 2585 Χριστοῦ
825 2515 1167 2585 φρονούντων
1191 2512 1445 2584 βασιλεὺς
1466 2511 1711 2580 δόγματα
1735 2508 1855 2563 καθ’
1883 2507 2036 2579 ὐμῶν
2059 2506 2224 2577 ἔθηκε

558 2601 804 2663 τοιαῦτα,
836 2596 924 2653 οία
959 2599 1080 2654 καθ’
1113 2598 1269 2670 ἡμῶν
1314 2598 1364 2651 οί
1404 2594 1471 2651 τά
1518 2596 1624 2649 τῶν
1658 2596 1926 2665 δαιμόνων
1956 2592 2223 2663 θεραπεύ-

563 2704 755 2749 σαντες
780 2699 807 2727 ι
831 2687 1153 2757 ἐπενόησαν.
1197 2684 1335 2738 Ἀλλ’
1372 2685 1522 2755 ὅμως
1560 2684 1825 2753 τοσαύτης
1872 2680 2226 2735 ἀπολαύσασα

559 2770 810 2839 ἡσυχίας,
835 2768 930 2823 καὶ
960 2769 1050 2821 ὐπ’
1079 2766 1289 2829 οὐδενὸς
1316 2766 1668 2836 ἐνοχληθείσά
1698 2782 1827 2817 ποτε
1851 2765 1951 2834 τῆς
1987 2763 2228 2833 Ἐλληνι-

544 2859 667 2925 .κῆς
698 2856 1119 2925 δεισιδαιμονίας
1149 2857 1183 2925 ὴ
1229 2854 1404 2925 πλάνη
1449 2854 1541 2923 ἀφ’
1574 2853 1771 2922 ἐαυτῆς
1814 2850 2044 2921 ἐσϐέσθη
2068 2889 2083 2913 ,
2134 2851 2230 2903 καὶ

564 2944 692 3013 περὶ
719 2941 913 3012 ἑαυτὴν
941 2941 1179 3005 διέπεσε,
1220 2942 1471 3011 καθάπερ
1513 2938 1622 2992 τῶν
1664 2940 1931 3008 σωμάτων
1962 2938 2032 2991 τά
2066 2953 2231 3009 τηκε-

566 3030 679 3083 δόνι
716 3028 1087 3101 παραδοθέντα
1114 3029 1320 3098 μακρᾷ,
1349 3027 1441 3079 καὶ
1464 3026 1688 3097 μηδενὸς
1714 3026 1851 3077 αὐτά
1880 3024 2224 3094 βλάπτοντος,

566 3117 849 3186 αὐτόματα
871 3116 1171 3187 φθείρεται,
1204 3116 1297 3168 καὶ
1326 3114 1643 3167 διαλυθέντα
1666 3114 1808 3165 κατά
1827 3111 2018 3183 μικρὸν
2039 3112 2232 3179 ἀφανί-

568 3204 739 3268 ζεται.
775 3204 939 3254 Ὥστε
973 3204 1025 3254 εἰ
1046 3202 1139 3255 καὶ⁵
1172 3202 1246 3272 μὴ
1266 3200 1451 3253 τέλεον
1482 3199 1510 3250 6
1540 3200 1826 3257 σατανικδς
1850 3194 2003 3259 οὗτος
2025 3197 2229 3268 ἐξήλει-

569 3306 705 3343 πται
742 3288 915 3357 γέλως
944 3290 1050 3342 ἀπὸ
1082 3289 1182 3357 τῆς
1215 3288 1314 3357 γῆς
1335 3327 1349 3351 ,
1392 3286 1508 3340 ἀλλ’
1546 3286 1705 3340 ίκανά
1732 3302 1797 3354 γε
1843 3285 1912 3338 τά
1945 3285 2047 3355 ἤδη
2079 3285 2235 3354 γενό-

572 3395 710 3449 μενα
742 3374 1118 3431 πιστώσασθαι
1146 3376 1239 3429 καὶ
1282 3376 1419 3446 ὑπὲρ
1452 3375 1560 3428 τῶν
1609 3373 1910 3445 μελλόντων
1934 3374 2095 3443 ὑμᾶς.
2127 3372 2234 3426 Τοῦ

571 3465 679 3537 γὰρ
700 3465 945 3527 πλείονος
970 3462 1384 3531 καθαιρεθέντος
1410 3463 1466 3513 ἐν
1486 3460 1626 3514 οὕτω
1656 3461 1830 3530 χρόνῳ
1866 3459 2076 3530 βραχεῖ,
2109 3458 2237 3530 περὶ

569 3552 663 3607 τοῦ
705 3553 1024 3621 λειπομένου
1074 3551 1249 3613 οὐδεὶς
1293 3550 1657 3618 φιλονεικήσει
1699 3548 1905 3601 λοιπόν.
1948 3547 2079 3601 Οὐδέ
2128 3547 2235 3618 γὰρ

572 3639 779 3701 πόλεως
810 3639 1063 3708 ἁλούσης,
1104 3640 1197 3692 καὶ
1237 3637 1431 3707 τειχῶν
1468 3635 1925 3703 κατενεχθέντων,
1969 3635 2061 3688 καὶ
2115 3634 2238 3704 βου-

572 3726 890 3796 λευτηρίων,
925 3726 1020 3778 καὶ
1060 3724 1322 3795 θεάτρων,
1360 3724 1453 3775 καὶ
1500 3722 1816 3792 περιπάτων
1866 3721 2236 3776 κατακαυθέν·

574 3831 701 3873 των,
743 3814 831 3866 καὶ
859 3812 966 3866 τῶν
994 3813 1049 3865 ἐν
1082 3810 1272 3883 ἡλικία
1305 3811 1522 3864 πάντων
1568 3810 1928 3881 ἀνῃρημένων
1968 3809 2128 3870 στοάς
2155 3825 2240 3871 τις

580 3898 703 3954 ἰδὼν
738 3898 1141 3969 ἡμικαύστους,
1188 3897 1281 3949 καὶ
1316 3898 1502 3949 οἰκιῶν
1555 3896 1749 3963 ὀλίγων
1810 3895 2017 3947 ἑστῶτα
2060 3896 2237 3965 μέρη,

580 3987 717 4058 μετὰ
746 3985 1000 4056 γραῖδίων
1031 3985 1057 4023 δ
1081 3985 1173 4037 καὶ
1198 3983 1421 4037 παιδίων
1453 3984 1684 4052 μικρῶν,
1712 3982 2145 4052 ἀμφισϐητήσειε
2165 3982 2241 4052 τῷ

578 4075 884 4143 νικήσαντι,
907 4074 1003 4126 καὶ
1042 4071 1449 4143 περιγενομένῳ
1469 4068 1563 4122 τοῦ
1596 4068 1857 4133 πλείονος,
1888 4068 1963 4131 ὡς
1992 4069 2053 4121 οὐ
2084 4069 2243 4123 δυνα-

586 4163 731 4231 μένῳ
755 4159 1193 4229 κατεργάσασθαι
1224 4158 1283 4211 τὸ
1312 4156 1678 4225 περιλειφθέν,
1718 4156 1855 4207 Ἀλλ’
1872 4156 1931 4207 οὐ
1964 4156 2033 4209 τά
2052 4173 2115 4223 γε
2134 4155 2244 4209 τῶν

582 4247 779 4301 ἀλιέων
812 4245 1055 4309 τοιαῦτα,
1098 4245 1230 4298 ἀλλὰ
1267 4242 1387 4297 καθ’
1434 4243 1669 4313 ἑκάστην
1697 4242 1845 4295 ἀνθεῖ
1877 4243 1975 4312 τὴν
2010 4243 2242 4314 ἡμέραν,

580 4333 866 4387 καὶταῦτα
888 4334 949 4386 οὐ
980 4332 1044 4385 δι’
1071 4332 1410 4403 εὐρυχωρίας
1445 4330 1587 4393 τινὸς
1627 4330 1720 4381 καὶ
1756 4328 1991 4391 ἀνέσεως
2031 4330 2111 4392 είς
2155 4330 2247 4382 τὸν
2312 4330 2319 4335 ’

581 4422 851 4491 ἡμέτερον
888 4421 1205 4489 είσαχθέντα
1245 4420 1379 4487 βίον,
1415 4417 1551 4471 ἀλλά
1574 4415 1663 4469 διὰ
1696 4416 1925 4485 θλίψεως
1950 4428 1995 4481 ε,
2026 4416 2119 4470 καὶ
2151 4434 2248 4469 πο·

582 4509 782 4578 λέμων,
820 4507 912 4559 καί
947 4507 1149 4577 μάχης.
1201 4506 1260 4559 '0
1306 4505 1402 4573 μὲν
1444 4503 1553 4573 γὰρ
1596 4502 1942 4572 Ἑλληνισμὸς
1972 4502 2246 4574 πανταχοῦ

582 4597 681 4664 τῆς
707 4594 810 4662 γῆς
860 4593 1129 4655 ἐκταθεὶς,
1174 4590 1270 4644 καὶ
1310 4590 1407 4653 τὰς
1450 4590 1703 4643 ἁπάντων
1735 4588 2033 4659 ἀνθρώπων
2072 4589 2249 4661 ψυχάς

585 4678 891 4749 κατασχὼν,
928 4679 1100 4741 οὕτως
1124 4679 1349 4747 ὕστερον
1381 4675 1520 4746 μετὰ
1550 4676 1645 4744 τὴν
1670 4675 1935 4745 τοσαύτην
1964 4677 2134 4746 ίσχύν,
2156 4676 2247 4730 καὶ

584 4769 681 4836 τὴν
720 4767 979 4825 ἐπίδοσιν,
1010 4766 1114 4819 ὐπὸ
1140 4766 1239 4833 τῆς
1270 4764 1362 4817 τοῦ
1389 4762 1625 4834 Χριστοῦ
1658 4762 1923 4833 κατελύθη
1948 4764 2245 4832 δυνάμεωςο

584 4853 644 4904 τὸ
672 4853 727 4904 δὲ
758 4854 1018 4921 κήρυγμα
1050 4852 1110 4905 τὸ
1134 4852 1402 4921 ἡμέτερον
1422 4850 1481 4903 οὐ
1518 4850 1654 4920 μετὰ
1682 4850 1744 4903 τὸ
1770 4850 2078 4919 διαδοθῆναι
2109 4868 2246 4903 παν-

584 4938 771 5006 ταχοῦ,
799 4939 891 4990 καὶ
913 4938 1100 5008 στῆναι
1124 4938 1373 5007 βεϐαίως,
1405 4937 1531 5007 ἔσχε
1556 4940 1682 5001 τοὺς
1706 4938 2094 5008 πολεμοῦντας,
2112 4933 2247 4989 ἀλλά

586 5027 714 5093 πρὶν
772 5024 804 5090 ἢ
850 5024 1222 5093 παγῆναιααὶ
1263 5025 1591 5094 φυτευθῆναι
1625 5026 1683 5077 ἐν
1719 5028 1839 5088 ταῖς
1880 5024 1987 5078 τῶν
2022 5024 2247 5077 ἀκουόνο

585 5127 693 5163 των
742 5111 960 5180 ψυχαῖς,
1014 5110 1074 5176 ἐξ
1119 5111 1300 5165 αὐτῶν
1344 5112 1455 5165 τῶν
1504 5114 1804 5183 προοιμίων
1852 5113 1986 5183 πρὸς
2028 5113 2248 5166 ἃπασαν

587 5197 924 5265 ἠναγκάζετο
952 5197 1390 5269 παρατάττεσθαι
1416 5198 1513 5267 τὴν
1554 5201 1899 5270 οἰκουμένην,
1944 5200 2098 5265 Πρὸς
2143 5201 2250 5266 τὰς

588 5285 796 5353 ἀρχὰς,
833 5286 981 5352 πρὸς
1028 5286 1132 5351 τὰς
1187 5286 1504 5351 ἐξουσίας,
1550 5287 1698 5353 πρὸς
1741 5288 1879 5352 τοὺς
1915 5288 2243 5356 κοσμοκρά-

594 5387 767 5439 τορας
815 5372 920 5425 τοῦ
972 5374 1231 5437 σκότους
1278 5373 1384 5426 τοῦ
1436 5372 1647 5438 αἰῶνος
1698 5376 1936 5437 τούτου,
1992 5376 2139 5443 πρὸς
2178 5376 2249 5429 τὰ

591 5460 959 5525 πνευματικὰ
988 5457 1097 5525 τῆς
1124 5461 1413 5528 πονηρίας
1440 5476 1453 5491 ·
1482 5460 1634 5513 οὐπω
1668 5461 1777 5531 γὰρ
1819 5461 1911 5513 τοῦ
1958 5463 2248 5533 σπινθῆρος

591 5543 688 5611 τῆς
727 5544 956 5607 πίστεως
1008 5545 1266 5614 ἀφθέντος
1307 5546 1521 5610 καλῶς,
1579 5548 1812 5617 ποταμοὶ
1871 5549 1962 5601 καὶ
2024 5549 2247 5603 ἄϐυσσοι

654 5630 679 5693 ξ
844 5632 1182 5693 θεραπεύοντες.

652 5688 682 5730 b
704 5691 802 5762 Alii
838 5688 1025 5767 Codiges
1050 5697 1163 5769 μέρη
1186 5695 1527 5769 καὶὶγραῑδςων,
1553 5696 1721 5747 Morel.
1739 5698 1850 5759 μέρη
1874 5697 1990 5754 μετὰ
2008 5699 2246 5761 γραιδίων,

597 5764 720 5801 unus
742 5754 856 5815 μέρη
891 5755 966 5800 καὶ
988 5754 1152 5815 γοαίδα
1178 5758 1288 5814 μετὰ
1304 5754 1529 5806 παιδίων.

658 5816 677 5843 ί
705 5814 800 5865 Alii
823 5815 897 5862 δια
923 5816 1139 5866 θλίψεων.

1349 329 1407 384 S.
1446 321 1732 382 JUANNIS
1767 309 2260 377 CHRYSOSTUMI
2297 306 2615 365 ARCIIIEP.
2656 298 3202 361 CONSTANTINOP.

2306 416 2572 474 πάντοθεν
2598 415 2880 487 ἐπέρρεον.
2915 415 3057 467 ’ῐστε
3083 413 3141 467 δέ
3168 412 3339 484 δήπου
3368 413 3445 476 ὡς
3466 413 3566 467 οὐκ
3592 414 3738 468 ἐστιν
3768 414 3887 468 ἴσον
3904 413 3969 468 τὺ

2306 505 2518 575 μυρίοις
2559 503 2704 556 ἐτεσι
2746 500 2973 573 ῥιζωθὲν
3020 501 3334 555 ἀνασπάσαι
3376 500 3575 569 φυτὸν,
3628 489 3721 560 καὶ
3766 499 3832 554 τδ
3874 502 3973 555 ἐπὶ

2302 592 2401 660 τῆς
2426 592 2531 661 γῆς
2562 591 2682 660 άρτι
2724 587 2877 640 τεθέν
2898 602 2910 614 ·
2958 586 3093 641 ἀλλά
3130 586 3223 641 καὶ
3263 586 3468 641 τούτων
3504 586 3678 651 οὕτως
3708 587 3970 658 ἐχόντων,

2304 676 2568 739 ἐπέκλυζε
2597 676 2694 745 μέν
2724 674 2804 729 ἐτι
2848 675 3044 745 μικρὸν
3084 674 3211 728 ὂντα
3236 673 3327 727 τὸν
3368 673 3657 746 σπινθῆρα,
3700 674 3778 737 ὡς
3807 672 3969 744 ἐφην,

2306 765 2405 835 τῆς
2443 763 2724 826 εὐσεϐείας
2753 763 2813 816 τὸ
2842 762 2949 817 τῶν
2990 763 3248 816 ἐναντίων
3278 762 3534 831 πέλαγος⁶
3569 765 3598 816 6
3627 763 3685 817 δέ
3714 763 3776 817 οὐ
3812 762 3976 834 μόνον

2306 851 2407 904 οὐκ
2436 849 2722 903 ἐσϐέννυτο
2750 848 2951 919 τούτῳ,
2991 848 3127 904 άλλά
3163 849 3258 903 καὶ⁵
3304 848 3507 919 μείζων
3548 851 3845 920 γενόμενος
3877 852 3978 905 καὶ

2307 936 2659 1008 φαιδρότερος
2686 937 2865 991 πάντα
2889 936 3044 1007 ἐπῄει
3071 935 3280 1005 ταχέως
3306 933 3357 999 ιι,
3384 934 3454 988 τά
3484 936 3585 1006 μὲν
3611 938 3724 990 τῶν
3757 936 3978 1009 ἐχθρῶν

2309 1022 2590 1078 καταλύων
2620 1024 2714 1077 καὶ
2742 1024 3044 1078 ἀναλίσκων
3083 1022 3319 1085 εὐκόλως
3342 1061 3358 1086 ,
3398 1022 3467 1076 τά
3509 1022 3566 1075 δέ
3605 1022 3716 1075 τῶν
3756 1023 3979 1078 οίκείων

2308 1108 2562 1173 άνιστῶν,
2586 1109 2681 1163 καὶ
2714 1110 2849 1180 πρὸς
2875 1109 3006 1178 ὐψος
3027 1108 3234 1178 ἄφατον
3258 1107 3451 1181 αἴρων,
3478 1109 3657 1163 καίτοι
3692 1108 3849 1181 [εει]
3879 1111 3980 1162 ἀν-

2307 1194 2451 1266 δρῶν
2480 1196 2712 1249 εὐτελῶν
2747 1197 2843 1250 καὶ
2878 1198 3108 1266 ἀσήμων
3145 1196 3651 1267 ὐπηρετησαμένων
3688 1196 3863 1267 αὐτῷ.
3905 1196 3983 1249 Τὸ

2309 1282 2366 1335 δὲ
2397 1283 2566 1335 αίτιον
2604 1285 2704 1337 οὐκ
2731 1279 2798 1353 ἦν
2831 1282 2938 1336 τῶν
2976 1284 3174 1336 άλιέων
3201 1283 3429 1339 ἐκείνων
3462 1283 3587 1336 οὐτε
3626 1282 3696 1337 τά
3731 1286 3981 1355 ῥήματα,

2310 1367 2435 1421 οὐτε
2460 1368 2527 1423 τά
2552 1369 2825 1438 θαύματα,
2849 1367 2982 1422 ἀλλά
3005 1370 3102 1438 τῆς
3129 1371 3210 1433 είς
3232 1370 3431 1433 αὐτοὺς
3455 1371 3785 1442 ἐνεργούσης
3816 1370 3984 1423 δυνά-

2316 1472 2461 1526 μεως
2488 1456 2582 1508 τοῦ
2621 1454 2875 1525 Χριστοῦ.
2898 1454 3022 1508 Τῶν
3050 1456 3153 1527 γὰρ
3183 1456 3357 1511 ταῦτα
3386 1456 3798 1527 ἐργασαμένων,
3829 1457 3860 1509 6
3883 1455 3987 1527 μὲν

2316 1537 2385 1613 ἦν
2421 1544 2762 1611 σκηνοποιὸς,
2790 1544 2817 1595 6
2845 1542 3074 1606 Παῦλος,
3109 1544 3137 1595 6
3170 1542 3375 1613 Πέτρος
3415 1543 3469 1596 δὲ
3491 1542 3709 1607 άλιεύς,
3749 1543 3846 1596 καὶ
3885 1542 3990 1597 οὐκ

2317 1628 2383 1681 ἀν
2417 1627 2591 1691 οὓτως
2627 1629 2869 1682 εὐτελέσι
2918 1630 3014 1682 καὶ
3057 1631 3334 1692 ταπεινοῖς
3387 1628 3589 1684 πλάσαι
3640 1646 3694 1683 τι
3743 1628 3988 1684 τοιοῦτον

2317 1715 2519 1785 ἐπῆλθέ
2560 1732 2692 1768 ποτε
2714 1755 2728 1778 ,
2760 1715 2899 1786 πλὴν
2942 1717 2990 1767 εί
3022 1715 3308 1787 μαίνεσθαί
3345 1732 3429 1779 τις
3466 1716 3666 1778 αὐτοὺς
3706 1717 3844 1786 φαίη
3894 1717 3991 1769 καὶ

2319 1804 2672 1873 παραπαίειν.
2698 1804 2821 1857 Ὀτι
2846 1804 2903 1857 δὲ
2926 1805 3026 1856 οὐκ
3050 1804 3336 1873 ἐμαίνοντο
3357 1803 3516 1875 δῆλον
3544 1803 3604 1868 ἐξ
3628 1797 3705 1858 ὧν
3737 1805 3992 1867 εἰπόντες

2319 1891 2712 1961 κατώρθωσαν,
2743 1894 2837 1946 καὶ
2860 1892 2927 1945 ἐκ
2944 1892 3053 1945 τῶν
3084 1892 3165 1945 ἐτι
3187 1893 3280 1945 καὶ
3305 1891 3399 1945 νῦν
3420 1891 3761 1963 πειθομένων
3781 1893 3991 1955 αὐτοῖς.

2321 1982 2435 2035 Οὐκ
2472 1979 2539 2035 ἂν
2574 1978 2666 2033 οὖν
2701 1997 2829 2033 ποτε
2869 1980 3096 2035 τοιαῦτα
3136 1980 3453 2049 ἐψεύσαντο,
3498 1980 3622 2033 οὐδέ
3668 1980 3996 2050 ἐκόμπασαν

2320 2065 2530 2131 ἁπλῶς.
2580 2068 2689 2120 Καὶ
2720 2067 2847 2137 γάρ,
2880 2068 3018 2139 ὅπερ
3050 2066 3353 2137 ἀρχόμενος
3386 2066 3544 2138 ἔφην,
3577 2069 3609 2121 6
3648 2067 3861 2137 μέλλων
3899 2068 3991 2132 ἐξ·

2321 2154 2560 2224 απατᾷν,
2591 2152 2843 2223 ψεύδεται
2882 2156 3002 2225 μὲν,
3037 2154 3292 2225 ψεύδεται
3316 2154 3372 2207 δέ
3404 2154 3504 2226 οὐχ
3544 2154 3714 2218 οῦτως
3747 2154 3827 2219 ὡς
3860 2156 3999 2209 πᾶσι

2322 2241 2577 2309 γενέσθαι
2604 2243 2940 2312 καταφανής.
2972 2243 3034 2295 Εί
3063 2241 3172 2312 γάρ
3200 2241 3425 2296 καὶτῶν
3466 2243 3809 2313 πραγμάτων
3839 2240 4003 2295 ἐκϐε-

2323 2328 2589 2401 ϐηκότων,
2616 2330 2711 2384 καὶ
2738 2331 3010 2385 τοσούτων
3040 2330 3462 2401 μαρτυρούντων
3486 2329 3567 2402 τῷ
3592 2330 3757 2393 τέλει,
3793 2331 3907 2383 τῶν
3939 2347 4001 2384 τε

2322 2416 2383 2469 ἐν
2412 2415 2639 2481 ἐκείνοις
2656 2416 3063 2470 πιστευσάντων
3081 2420 3191 2480 τοῖς
3215 2416 3428 2488 χρόνοις
3453 2416 3681 2470 καὶτῶν
3703 2417 3763 2483 ἐξ
3788 2417 4001 2470 ἐκείνου

2324 2504 2602 2575 πανταχοῦ
2640 2506 2811 2560 ταῦτα
2850 2506 3106 2576 ᾀδόντων,
3158 2505 3220 2559 οὐ
3269 2505 3404 2577 παρ’
3444 2507 3575 2576 ἡμίν
3629 2505 3813 2574 μόνον,
3861 2503 4004 2559 ἀλλὰ

2325 2592 2420 2644 καὶ
2443 2590 2595 2663 παρά
2628 2592 2944 2663 βαρϐάροις,
2984 2593 3078 2645 καὶ
3114 2594 3230 2656 τοῖς
3276 2593 3503 2646 ἐκείνων
3534 2592 3733 2664 μᾶλλον
3766 2591 4003 2661 ἐκτεθη-

2329 2678 2636 2748 ριωμένοις,
2672 2680 2819 2749 ὅμως
2844 2679 2951 2731 είσί
2974 2695 3118 2743 τινες
3146 2679 3286 2751 μετά
3311 2679 3551 2734 τοσαῦτα
3578 2681 3881 2751 τεκμήρια,
3909 2680 4007 2733 καὶ

2324 2764 2426 2834 τῆς
2457 2766 2784 2836 οίκουμένης
2834 2766 2911 2829 ὡς
2956 2766 3130 2819 εἰπεῖν
3169 2767 3387 2837 ἁπάσης
3432 2767 3533 2837 τὴν
3588 2767 3920 2838 μαρτυρίαν,
3956 2768 4009 2821 οἱ

2326 2852 2667 2906 διαπιστοῦσι
2697 2857 2809 2917 τοῖς
2841 2854 3248 2925 γεγενημένοις,
3296 2857 3391 2909 καὶ
3424 2856 3608 2909 πολλοὶ
3637 2854 3811 2917 οὕτως
3868 2855 4011 2908 άϐαε-

2331 2938 2596 3003 σανίστως
2640 2942 2734 2992 καὶ
2759 2940 3145 3005 ἀνεξετάστως·
3172 2942 3253 3006 τίς
3278 2942 3344 2996 ἂν
3369 2942 3519 3016 παρά
3545 2941 3833 3012 τὴνάρχὴν
3867 2941 4012 3011 μήτε

2328 3028 2632 3097 πράγματα
2681 3027 3045 3098 θεασάμενος,
3110 3030 3246 3099 μήτε
3299 3028 3607 3100 μαρτυρίας
3656 3027 4013 3092 ἀξιοπίστους

2336 3112 2540 3165 τούτων
2579 3112 2717 3182 ἔχων
2736 3154 2749 3176 ,
2783 3102 2985 3184 ταύτην
3018 3116 3083 3169 ἂν
3113 3115 3212 3186 τὴν
3240 3116 3423 3168 πίστιν
3464 3114 3683 3179 ἐδέξατο
3714 3117 3781 3185 τῇ
3821 3114 3971 3185 ψυχῇ
3997 3132 4013 3179 ;

2332 3199 2384 3251 τί
2414 3199 2469 3251 δὲ
2500 3200 2636 3261 ὅλως
2684 3200 2778 3253 καὶ
2811 3201 2987 3272 ἐπῆρε
3015 3213 3038 3240 ο
3068 3201 3268 3255 πλάσαι
3299 3204 3396 3254 καὶ
3434 3199 3705 3254 συνθεῖναί
3747 3218 3799 3253 τι
3828 3200 4017 3253 τοιοῦ-

2329 3303 2423 3339 τον
2455 3286 2685 3351 αὐτούς;
2719 3285 2857 3340 Οὐτε
2894 3287 3004 3357 γὰρ
3047 3288 3220 3357 λόγων
3270 3290 3413 3357 ίσχύῖ
3457 3287 3599 3357 (πῶς
3638 3288 3766 3359 γὰρ,
3802 3282 3878 3340 ὧν
3915 3288 4017 3341 θά-

2331 3389 2488 3444 τερος
2519 3372 2644 3426 οὔτε
2670 3375 2975 3443 γράμματα
3006 3375 3143 3436 ὅλως
3178 3375 3446 3445 ἠπίστατο
3467 3377 3505 3445 ;)
3526 3418 3539 3443 ,
3558 3376 3681 3429 οὐτε
3711 3376 4018 3445 χρημάτων

2332 3460 2598 3531 ἐθάρρουν
2631 3462 2935 3532 περιουσία⁸
2973 3462 3069 3515 καὶ
3110 3462 3217 3535 γάρ
3252 3464 3353 3534 τῆς
3378 3463 3684 3531 ἀναγκαίας
3718 3464 3872 3534 μόλις
3919 3464 4016 3516 εὐ-

2334 3548 2536 3617 πόρουν
2563 3547 2769 3619 τροφῆς
2789 3586 2803 3609 ,
2855 3546 2964 3600 ἀπὸ
2997 3548 3095 3618 τῆς
3119 3547 3227 3601 τῶν
3254 3548 3453 3620 χειρῶν
3494 3550 3688 3620 τέχνης
3709 3548 4015 3613 διαζῶντες

2335 3634 2657 3704 ἀμφότεροι.
2705 3635 2842 3687 Ἀλλ’
2890 3634 3010 3687 οὐδέ
3068 3634 3160 3686 ἐπὶ
3208 3635 3397 3703 γένους
3435 3635 3782 3706 λαμπρότητι
3824 3636 4014 3706 παρῆν

2336 3720 2519 3782 αὐτοῖς
2546 3721 2688 3789 μέγα
2708 3723 2943 3790 φρονεῖν·
2967 3720 3063 3774 τοῦ
3091 3721 3190 3792 μὲν
3210 3721 3317 3792 γὰρ
3348 3718 3470 3775 οὐδὲ
3495 3722 3587 3775 τδν
3615 3723 3826 3793 πατέρα
3850 3724 4013 3793 ῐσμεν

2337 3808 2486 3870 ὅστις
2512 3804 2597 3877 ἦν,
2632 3808 2805 3871 οῦτως
2830 3805 2897 3879 ἦν
2925 3809 3139 3880 ἄσημος
3174 3810 3266 3863 καὶ
3293 3810 3503 3880 ἀφανής
3523 3826 3537 3839 ’
3579 3809 3672 3862 τοῦ
3703 3812 3914 3882 Πέτρου
3949 3810 4013 3865 δέ

2338 3892 2493 3963 δῆλος
2521 3893 2616 3963 μέν
2646 3896 2793 3947 ἐστιν
2820 3897 2848 3948 6
2870 3895 3071 3967 πατὴρ,
3091 3895 3343 3953 τοσοῦτον
3359 3897 3415 3950 δέ
3441 3897 3555 3967 ἔχει
3577 3897 3803 3967 θατέρου
3823 3899 4011 3968 πλέον,

2339 3982 2462 4033 ὅσον
2489 3982 2588 4051 τὴν
2632 3983 3003 4053 προσηγορίαν
3051 3982 3217 4036 αὐτοῦ
3259 3985 3535 4055 γνώριμον
3582 3986 3713 4055 ἡμῖν
3745 3987 4015 4057 ἐποίησαν

2341 4069 2398 4121 αί
2422 4069 2636 4139 Γραφα“ι
2670 4070 2851 4139 μόνον,
2880 4071 2975 4123 καὶ
3004 4070 3163 4125 τοῦτο
3186 4071 3271 4125 διὰ
3304 4072 3397 4126 τὸν
3425 4073 3557 4126 υἱόν.
3594 4072 3661 4128 Εί
3687 4073 3743 4127 δὲ
3777 4074 3872 4127 καὶ
3902 4073 4016 4144 χώ-

2349 4172 2447 4226 ραν
2471 4172 2556 4218 τις
2584 4158 2679 4209 καὶ
2701 4156 2851 4220 ἔθνος
2894 4157 3167 4224 ἐξετάζειν
3220 4158 3478 4229 βούλοιτο,
3523 4159 3614 4212 τὸν
3658 4160 3756 4228 μὲν
3804 4160 4016 4214 Κίλικα

2347 4242 2592 4313 εὑρήσει,
2627 4242 2717 4297 τὸν
2750 4243 2805 4296 δὲ
2834 4245 3041 4307 πόλεως
3074 4248 3288 4315 ἀσήμου
3312 4246 3555 4316 πολίτην,
3588 4247 3786 4316 μᾶλλον
3809 4247 3865 4299 δὲ
3890 4247 4018 4302 οὐδὲ

2346 4330 2575 4394 πόλεως,
2606 4331 2740 4386 άλλά
2770 4331 2960 4404 κώμης
2980 4333 3079 4402 τῆς
3113 4334 3366 4403 ἐσχάτης·
3402 4334 3512 4387 ἀπὸ
3544 4333 3822 4404 Βηθσαϊδὰ
3866 4336 4011 4406 γάρ’

2343 4416 2445 4485 τῆς
2468 4417 2754 4481 Γαλιλαίας
2781 4419 2837 4471 δέ
2872 4420 2985 4479 ἐστι
3022 4420 3221 4489 χωρίον
3264 4419 3405 4473 οῦτω
3436 4418 3790 4489 καλούμενον,
3837 4420 3897 4485 ἐξ
3946 4416 4018 4493 ἧς

2348 4505 2377 4557 6
2406 4504 2675 4572 μακάριος
2712 4506 2915 4570 ἐκεῖνος
2952 4502 3041 4575 ἦν.
3092 4506 3200 4559 Καὶ
3243 4506 3343 4569 τὰς
3387 4507 3585 4576 τέχνας
3618 4507 3675 4560 δέ
3706 4525 3792 4570 τις
3836 4510 4020 4563 αὐτῶν

2350 4591 2617 4655 ἀκούσας,
2653 4592 2841 4660 ὅψεται
2878 4594 3030 4647 οὐδὲν
3068 4594 3213 4663 μέγα
3250 4593 3481 4663 ἐχούσας
3518 4595 3611 4647 καὶ
3659 4596 3877 4665 σεμνόνο
3919 4597 4021 4652 τοῦ

2356 4680 2453 4748 μὲν
2488 4678 2595 4749 γάρ
2623 4679 2816 4742 ἁλιέως
2841 4681 2869 4731 6
2899 4665 3220 4749 σκηνοποιδς
3250 4681 3595 4752 τιμιώτερος,
3620 4682 3728 4736 τῶν
3758 4683 3813 4737 δὲ
3842 4683 4023 4739 ἀλλων

2352 4767 2715 4837 χειροτεχνῶν
2748 4768 3146 4839 εὐτελέστερος.
3187 4769 3354 4822 Πόθεν
3400 4765 3514 4833 οὖν,
3545 4770 3664 4822 εἰπέ
3696 4788 3807 4840 μοι,
3853 4772 4025 4825 πόθεν

2344 4856 2580 4923 πρᾶγμα
2610 4852 2865 4907 τοσοῦτον
2881 4854 3273 4925 ὑποκρίνασθαι
3298 4856 3630 4927 ἐτόλμησαν;
3652 4858 3830 4921 ποίαις
3849 4858 4025 4932 ἐπαρ-

2347 4940 2532 4997 θέντες
2578 4942 2787 5003 ἐλπίσι;
2832 4942 2937 4994 τίνι
2974 4943 3375 5013 θαρρήσαντεςς
3412 4940 3521 5015 ἆρα
3549 4943 3626 5013 τῷ
3660 4943 3888 5013 καλάμῳ
3923 4948 4028 5000 καὶ

2346 5028 2424 5098 τῷ
2448 5029 2749 5100 ἀγκίστρῳ,
2781 5030 2813 5101 ἢ
2843 5031 2907 5098 τῇ
2946 5028 3112 5098 σμίλῃ
3148 5029 3343 5099 καὶτῷ
3372 5032 3667 5101 τρυπάνιιη
3704 5029 3817 5082 Οὐκ
3845 5030 4024 5082 ἀπελ-

2347 5116 2531 5180 θόντες
2556 5114 2867 5184 ἀπάγξεσθέ
2897 5131 3021 5180 που,
3060 5114 3092 5183 ἦ
3139 5117 3231 5168 καὶ
3271 5116 3745 5188 κατακρημνίσετε
3794 5116 4029 5184 ἑαυτοὺς

2346 5204 2617 5271 τοσαύτην
2648 5201 3066 5269 ὀφλισκάνοντες
3092 5203 3314 5263 άνοιαν;

2419 5290 2480 5342 δ’.
2513 5289 2706 5358 Θῶμεν
2741 5289 2816 5349 δὲ,
2842 5291 2889 5340 εί
2917 5288 3188 5356 βούλεσθε.
3229 5289 3348 5341 καθ’
3384 5289 3528 5359 ὑμᾶς
3558 5292 3652 5343 καὶ
3680 5292 3737 5344 τὸ
3761 5292 4032 5347 ἀδύνατον

2345 5376 2502 5431 τοῦτο
2535 5376 2782 5444 γενέσθαι
2830 5375 3073 5437 δυνατὸν,
3127 5378 3220 5430 καὶ
3267 5376 3358 5428 τὸν
3409 5377 3507 5445 μὲν
3540 5378 3649 5431 ἀπὸ
3681 5382 3778 5448 τῆς
3826 5379 4031 5449 λίμνης

2345 5463 2631 5516 ἀνελθόντα
2676 5462 2872 5531 λέγειν,
2908 5462 2988 5513 ὅτι
3036 5462 3098 5514 Ἠ
3141 5461 3267 5515 σκιὰ
3314 5462 3405 5515 τοῦ
3454 5464 3703 5532 σώματος
3747 5465 3840 5518 τεῦ
3885 5465 4031 5533 ἐμοῦ

2410 5575 2435 5635 σέ
2465 5575 2615 5624 ΞἈνὶΙ.
2650 5580 2703 5622 et
2727 5588 2851 5621 unus
2897 5575 3004 5621 cod.
3051 5575 3200 5635 πάντα
3241 5575 3373 5633 ἐπῄει
3417 5577 3615 5635 ταχέως,
3662 5577 3833 5626 Morel.
3861 5585 3911 5626 el
3936 5580 4030 5629 alii

2346 5630 2497 5685 πάντα
2526 5637 2649 5683 ἔπνει
2670 5653 2777 5696 ταχ.
2806 5636 2947 5682 Prior
2972 5634 3121 5683 ιοιίἰο
3149 5630 3379 5693 ιιτιρδίιιιρ
3415 5630 3625 5685 ι’ἰύὲιιιπ.

2419 5702 2440 5726 ε
2470 5696 2565 5759 Alii
2588 5698 2708 5751 ὅλως
2729 5699 2891 5759 ἐπῇρε,
2917 5696 3137 5759 ςυνίιλην
3157 5702 3294 5743 ιεχιυ
3318 5697 3467 5759 (εέίιιὴ
3494 5700 3612 5752 ὅλως
3635 5702 3710 5747 καὶ
3734 5700 3894 5759 ἐπῇρε,
3919 5699 4031 5749 Μο-

2354 5758 2446 5861 rol).
2476 5764 2527 5805 et
2550 5758 2679 5827 Say'l‘l
2728 5756 2774 5805 ἰιι
2802 5756 2933 5819 marg
2981 5760 3098 5810 63m;
3126 5758 3310 5817 ἐξςτῆςε
3360 5757 3482 5807 Infra
3506 5760 3654 5809 S‘avil.
3680 5763 3725 5810 in
3774 5756 3809 5805 ιέ
3829 5756 3911 5809 ιω
3938 5778 4023 5821 με.

2358 5836 2409 5861 ’.ἠν
2446 5835 2669 5861 ητιοπῖτγ.

2358 5835 2669 5883 ἐιπνιῖτοπῖεκιτ
