4220 6300
270 334 371 396 531

268 455 482 526 pepulis
509 455 864 528 gentibusque
903 472 1017 512 .non
1048 457 1340 529 sapientem
1387 456 1689 528 quempiam
1710 493 1726 519 ,
1756 465 1861 508 non

269 547 644 619 tnsipientem,
673 563 780 603 non
805 547 976 603 virum
995 589 1012 616 ,
1041 563 1145 604 non
1175 548 1490 611 mulierem,
1519 560 1623 599 non
1666 557 1864 614 parvu-

269 636 380 692 lum
419 637 489 694 ad
517 652 668 692 suam
699 638 1012 707 pertrahere
1053 639 1371 693 sententiam
1414 643 1736 706 potuerunt;
1767 629 1861 686 sed

268 741 456 782 eorum
487 727 684 796 scripta
713 742 881 796 usque
921 727 1057 783 adeo
1093 729 1205 783 risu
1235 727 1388 797 digna
1433 734 1577 790 sunt,
1606 733 1663 778 ut
1683 738 1748 778 ex
1773 736 1866 777 eo-

267 833 386 874 rum
414 818 564 873 libris
592 819 681 872 alii
705 818 911 889 jamdiu
943 820 1214 888 perierint,
1242 818 1331 871 alii
1362 817 1539 871 statim
1579 825 1737 883 atque
1763 812 1864 868 visi

267 916 391 962 sunt
411 909 766 964 exoleverint.
797 908 952 976 Quod
989 909 1034 964 si
1072 908 1198 979 quid
1220 923 1286 963 ex
1313 907 1380 962 iis
1422 905 1692 976 supersit,
1723 905 1864 974 apud

267 996 606 1054 Christianos
645 999 847 1056 servari
891 1001 1217 1069 eomperitur
1245 1015 1260 1052 :
1293 1007 1496 1054 tantum
1523 997 1675 1052 abest
1700 1004 1757 1051 ut
1796 1011 1864 1052 ex

266 1103 456 1144 eorum
483 1089 693 1146 insidiis
720 1090 900 1145 damni
941 1089 1213 1160 quidpiam
1252 1089 1404 1144 nobis
1431 1087 1724 1162 timendum
1745 1101 1861 1141 'su-

265 1180 580 1249 spicemur;
624 1181 695 1236 ita
743 1181 980 1236 ridemus
1027 1192 1272 1236 versutos
1312 1181 1524 1237 illorum
1579 1179 1864 1235 adversum

263 1285 364 1326 nos
387 1283 637 1328 conatus.
661 1271 845 1343 Neque
869 1273 1014 1329 enim
1034 1272 1080 1329 si
1097 1288 1324 1344 corpora
1347 1272 1501 1328 nobis
1525 1271 1864 1326 adamantina

265 1373 452 1419 essent
497 1373 552 1420 et
596 1365 1056 1434 iucorruptibilia,
1095 1365 1442 1436 scorpiones,
1487 1374 1765 1434 serpentes
1812 1369 1867 1416 et

265 1453 445 1522 ignem
477 1470 637 1511 manu
684 1456 947 1526 stringere
991 1455 1404 1511 formidaremus
1423 1497 1438 1522 ,
1464 1469 1652 1510 verum
1683 1461 1867 1508 osten-

267 1546 414 1600 tandi
442 1561 603 1601 causa
629 1546 957 1613 faceremus;
986 1548 1063 1603 sic
1086 1563 1260 1618 neque
1283 1547 1497 1616 quando
1526 1547 1681 1602 nobis
1706 1544 1864 1600 Chri-

265 1646 381 1691 stus
400 1637 667 1707 ejusmodi
690 1639 899 1693 animos
923 1651 1084 1708 atque
1107 1639 1265 1693 [idem
1292 1638 1518 1708 paravit,
1536 1651 1740 1692 venena
1764 1635 1866 1689 hu-

263 1729 427 1784 stiutn
482 1743 646 1797 penes
694 1743 794 1784 nos
839 1729 1096 1784 habentes
1143 1729 1588 1797 pertimescimus.
1634 1726 1770 1782 Nam
1819 1727 1862 1780 si

263 1819 426 1874 nobis
463 1819 676 1890 jnssum
732 1829 816 1875 est
863 1837 1024 1891 supra
1073 1831 1389 1891 serpentes,
1442 1820 1754 1890 scorpiones
1809 1828 1864 1874 et

266 1922 492 1966 omnem
523 1911 723 1966 diaboli
759 1913 1095 1983 tyrannidem
1132 1912 1406 1966 ambulare
1436 1910 1596 1982 (Luc.
1625 1907 1712 1965 10.
1747 1908 1860 1978 19).

261 2000 437 2055 multo
461 2002 631 2071 magis
651 2016 810 2071 supra
836 2017 1048 2058 vermes
1068 2011 1124 2058 et
1142 2002 1466 2059 lumbricos:
1491 2009 1694 2056 tantum
1719 2001 1862 2055 enim

260 2101 344 2145 est
374 2093 717 2147 intervallum
749 2093 887 2148 inter
915 2094 1126 2149 illorum
1158 2102 1538 2148 noenmentum
1565 2101 1620 2147 et
1645 2091 1862 2162 maligni

260 2177 462 2235 diaboli
486 2181 723 2235 insidias.

329 2272 390 2328 3.
423 2272 492 2328 Et
521 2282 821 2330 nostrarum
847 2276 1061 2346 quidem
1089 2291 1266 2331 rerum
1310 2278 1396 2332 illa
1432 2288 1516 2333 est
1556 2279 1692 2334 ratio
1722 2319 1740 2347 ,
1771 2295 1864 2334 ve-

262 2374 408 2419 stras
445 2373 626 2420 autem
671 2381 760 2422 res
797 2369 1122 2438 oppugnavit
1161 2383 1320 2424 nemo
1356 2385 1606 2440 umquam
1640 2389 1654 2426 :
1687 2387 1863 2442 neque

260 2455 407 2510 enim
441 2455 521 2511 ias
539 2465 622 2512 est
656 2457 975 2513 Christianis
1001 2460 1318 2516 necessitate
1342 2475 1404 2516 ac
1433 2463 1680 2536 violentia
1711 2479 1865 2520 erro-

259 2562 377 2602 rem
405 2547 736 2614 subvertere,
766 2552 858 2605 sed
887 2552 1122 2616 suadela,
1149 2567 1399 2609 sermone
1422 2565 1474 2609 et
1497 2558 1862 2614 mansuetudi-

259 2655 329 2696 ne
361 2639 641 2696 hominum
667 2643 816 2698 salus
842 2644 1075 2699 curanda
1098 2655 1201 2700 est.
1228 2644 1586 2711 Quamobrem
1613 2664 1772 2704 nemo
1793 2666 1858 2706 ex

258 2730 581 2786 Christianis
615 2732 1029 2802 imperatoribus
1061 2735 1181 2790 talia
1211 2745 1395 2789 contra
1425 2751 1521 2792 vos
1550 2740 1726 2807 posuit
1765 2740 1860 2795 de-

259 2829 432 2885 creta,
456 2821 632 2891 qualia
655 2831 846 2877 contra
869 2838 966 2878 nos
993 2824 1028 2878 ii
1050 2824 1137 2894 qui
1168 2824 1441 2880 daemones
1468 2827 1733 2883 colebant.
1758 2830 1857 2884 At-

258 2918 442 2964 tamen
465 2925 622 2965 error
650 2912 739 2966 ille
766 2913 1063 2981 gentilium,
1092 2922 1290 2967 tantam
1321 2925 1684 2985 consequutus
1703 2919 1858 2988 quie-

258 3010 367 3055 tem
399 3013 453 3057 et
485 3017 515 3056 a
547 3005 760 3059 nemine
786 3005 1023 3060 turbatus
1053 3021 1329 3074 umquam,
1357 3023 1450 3076 per
1476 3021 1537 3063 se
1559 3019 1733 3064 tamen
1762 3024 1859 3064 ex-

255 3093 489 3148 stinctus
518 3103 596 3148 est
619 3103 711 3161 ,et
749 3095 802 3149 in
831 3110 891 3151 se
932 3097 1046 3166 ipse
1088 3098 1326 3164 corruit,
1371 3114 1519 3154 more
1548 3115 1855 3171 corporum,

257 3199 378 3254 quae
408 3184 662 3240 diuturna
685 3187 804 3242 tabe
843 3185 1056 3252 infecta,
1090 3187 1304 3243 nemine
1334 3189 1582 3254 laedente,
1617 3206 1711 3261 per
1737 3207 1858 3247 sese

257 3285 697 3346 corrumpuntur,
727 3287 782 3332 et
819 3278 1072 3347 paulatim
1101 3279 1358 3335 dissoluta
1397 3292 1640 3352 pereunt.
1675 3283 1857 3354 itaque

257 3368 359 3421 etsi
398 3368 673 3422 satanicus
700 3369 801 3423 iste
830 3371 969 3424 risus
1002 3384 1109 3424 non
1148 3385 1366 3440 prorsus
1397 3373 1449 3427 in
1483 3383 1622 3429 terra
1652 3374 1858 3430 deletus

255 3465 358 3520 est,
388 3467 445 3510 at
469 3473 590 3526 qua:
632 3458 742 3526 jam
769 3459 1104 3528 contigerunt
1132 3463 1261 3515 satis
1302 3471 1428 3517 sunt
1453 3464 1518 3519 ad
1558 3465 1856 3521 futurorum

257 3547 682 3602 confirmandam
731 3549 912 3603 ﬁdem.
942 3549 1075 3605 Cum
1121 3553 1264 3606 enim
1312 3555 1379 3606 ita
1424 3555 1572 3610 brevi
1617 3567 1857 3626 tempore

254 3639 489 3691 maxima
516 3653 639 3706 pars
660 3654 844 3693 eversa
867 3642 976 3709 jam
1004 3640 1181 3709 fuerit,
1212 3643 1278 3697 de
1299 3645 1502 3715 reliquo
1525 3663 1684 3702 nemo
1713 3659 1859 3716 post-

256 3741 317 3782 ea
347 3730 775 3783 controversiam
799 3733 1060 3787 movebit.
1091 3735 1299 3789 Etenim
1333 3739 1464 3791 urbe
1485 3748 1659 3809 capta,
1689 3742 1855 3796 muris

253 3819 466 3884 dirutis,
496 3822 780 3888 praetoriis,
807 3823 1046 3890 theatris,
1077 3826 1397 3882 ambulacris
1423 3832 1644 3894 exustis,
1671 3832 1854 3886 caesis-

253 3924 356 3978 que
403 3910 658 3963 omnibus
683 3912 779 3980 qui
818 3911 1002 3967 ﬂorida
1029 3926 1183 3969 erant
1221 3926 1406 3983 aetate,
1440 3919 1485 3973 si
1533 3920 1651 3988 quis
1693 3922 1856 3974 semi-

255 4008 402 4052 ustas
425 3999 667 4068 porticus
688 4001 885 4065 vidi-at,
912 4017 1202 4071 paucarum
1230 4007 1423 4060 :edium
1451 4018 1654 4064 stantes
1680 4011 1854 4065 adhuc

254 4100 458 4157 partes,
493 4104 617 4144 cum
644 4092 868 4146 aniculis
895 4103 947 4165 c_t
978 4097 1234 4163 puerulis,
1279 4113 1610 4169 nequaquam
1642 4103 1857 4169 victori,

252 4181 338 4248 qui
370 4196 638 4234 summam
668 4185 742 4236 rei
766 4185 1016 4252 confecit,
1051 4188 1305 4255 timuerit,
1333 4206 1398 4245 ne
1421 4193 1559 4260 quod
1579 4194 1852 4250 residuum

253 4283 334 4325 est
364 4276 630 4342 perlicere
661 4290 766 4328 non
800 4277 990 4331 valeat.
1024 4279 1352 4335 Piscatorqu
1398 4293 1572 4338 autem
1614 4300 1702 4339 rcs
1746 4303 1852 4342 non

253 4365 321 4416 ita
353 4380 415 4418 se
448 4363 684 4432 habent,
734 4367 826 4420 sed
858 4370 1094 4437 quotidie
1125 4373 1292 4442 magis
1320 4376 1595 4445 magisque
1623 4376 1812 4432 florent
1833 4419 1850 4447 ,

254 4469 357 4507 non
383 4470 482 4523 per
504 4469 740 4524 apertam
771 4460 1038 4525 planitiem
1062 4476 1125 4517 ac
1152 4479 1246 4533 per
1261 4466 1494 4534 quietem
1521 4469 1586 4521 ad
1616 4480 1852 4525 nostram

254 4560 422 4612 usque
460 4555 676 4600 mtatem
712 4548 987 4616 deductae,
1020 4551 1113 4606 sed
1144 4568 1238 4622 per
1273 4571 1575 4625 aerumnas,
1617 4560 1755 4613 bella
1800 4570 1855 4615 et

253 4635 457 4702 pra-lia.
493 4633 775 4691 Gentilitas
798 4639 997 4709 quippe
1027 4657 1146 4696 cum
1173 4645 1366 4715 ubique
1389 4655 1647 4702 terrarum
1677 4651 1853 4718 prola-

253 4732 300 4777 ta
329 4726 579 4780 omnium
615 4729 827 4784 animos
853 4745 1188 4801 occupasset,
1221 4737 1291 4790 ita
1317 4737 1553 4802 demum,
1589 4751 1707 4810 post
1736 4751 1853 4797 tan-

253 4826 362 4871 tum
391 4818 563 4872 robur
585 4831 745 4890 atque
782 4823 1168 4880 incrementum
1191 4870 1203 4892 ,
1249 4843 1278 4881 a
1307 4828 1505 4886 Christi
1537 4833 1730 4889 virtute
1762 4851 1852 4891 so-

252 4903 358 4959 luta
379 4915 466 4961 est
489 4924 504 4972 ;
530 4909 837 4977 pra-dicatio
858 4924 1036 4969 autem
1067 4927 1244 4972 nostra
1272 4936 1377 4974 non
1403 4932 1526 4977 tunc
1547 4923 1728 4980 hostes
1754 4927 1853 4981 ha-

254 4995 379 5051 bere
402 4999 593 5068 carpit,
613 5014 734 5054 cum
757 5003 949 5074 ubique
978 5021 1264 5078 propagata
1292 5011 1516 5067 ﬁrmiter
1544 5023 1732 5082 staret,
1755 5020 1848 5073 sed

255 5087 568 5158 priusquam
597 5090 649 5144 in
677 5093 981 5152 auditorum
1013 5101 1204 5155 animis
1235 5101 1554 5172 deligeretur
1583 5117 1636 5161 et
1665 5108 1854 5162 funda-

255 5187 420 5240 retur,
452 5177 527 5231 ab
549 5180 665 5250 ipso
695 5185 770 5238 rei
795 5185 1109 5256 primordio,
1135 5201 1318 5246 contra
1349 5196 1656 5253 universum
1683 5210 1853 5254 terra-

253 5280 367 5320 rum
399 5269 591 5324 orbem
615 5274 783 5327 aciem
815 5277 1078 5334 instruere
1099 5282 1407 5352 cogebatur,
1442 5286 1626 5341 Contra
1662 5292 1851 5357 princi-

255 5371 400 5424 patus
422 5370 470 5411 et
506 5370 796 5432 potestates,
820 5377 867 5419 et
893 5380 1109 5426 rectores
1131 5375 1449 5430 tenebrarum
1471 5383 1642 5434 δινευιὶ
1673 5385 1846 5453 hujus,

254 5450 494 5538 aduersus
515 5455 801 5522 spiritantia
825 5463 1056 5529 nequitiae
1082 5463 1300 5533 (Ep/tes.
1326 5468 1376 5521 6.
1409 5469 1499 5538 1'2)
1522 5488 1532 5521 :
1559 5487 1678 5525 cunt
1705 5450 1846 5528 enim

255 5537 486 5594 scintilla
529 5542 652 5597 fidei
685 5546 916 5602 nondum
955 5550 1092 5606 bene
1132 5569 1355 5611 accensa
1390 5537 1562 5626 esset,
1608 5571 1716 5616 tum
1750 5565 1820 5618 llu

259 5627 394 5682 mina
442 5640 499 5685 et
537 5633 716 5703 abyssi
747 5638 978 5708 undique
1009 5641 1320 5699 inlluebant.
1355 5647 1511 5704 Scitis
1542 5666 1700 5718 porro
1741 5670 1844 5709 nou

259 5721 475 5787 perinde
515 5739 633 5780 esse
668 5726 896 5796 plantam
927 5732 995 5788 ab
1035 5733 1508 5794 innumerabilibus
1535 5741 1641 5810 jam
1687 5751 1837 5804 annis

1020 343 1108 401 DE
1145 345 1203 402 S.
1247 343 1547 409 BABYLA,
1586 337 1864 398 CONTRA
1899 333 2243 397 ιυιιΑΝυΜ
2285 340 2374 397 ΕΤ
2413 339 2771 399 GENTILES.

3448 329 3556 388 538

1976 451 2184 508 radices
2204 463 2446 524 agentem
2473 455 2724 522 evellere,
2749 463 2911 525 atque
2931 468 3049 510 eam
3073 466 3194 524 quat
3215 469 3385 525 nuper
3404 454 3564 511 Insita

1971 544 2151 600 fuerit.
2197 546 2304 603 Sed
2351 548 2402 602 in
2443 563 2510 604 eo
2549 549 2625 602 rei
2654 557 2794 602 statu
2826 547 3035 617 pietatis
3075 548 3361 602 scintillam
3389 546 3566 602 adio-te

1974 636 2258 702 modicam,
2293 648 2350 693 ut
2376 637 2520 704 dixi,
2553 638 2832 694 inundavit
2856 638 3288 693 adversariorum
3322 638 3562 708 pelagus,

1971 743 2091 797 qua:
2141 737 2316 784 tamen
2372 729 2566 785 nedum
2613 731 3066 801 exstingueretur,
3111 729 3284 797 major
3312 730 3472 783 etiam
3503 743 3567 782 ac

1972 818 2307 886 splendidior
2337 819 2526 874 effecta
2548 861 2562 883 ,
2596 820 2773 874 omnia
2815 821 2921 874 cito
2952 819 3310 889 pervadebat,
3344 835 3432 874 res
3473 818 3568 872 ad-

1971 909 2327 962 versariorum
2377 907 2532 964 facile
2579 909 2869 964 devastans
2907 925 2971 964 ac
3016 924 3360 974 consumens,
3413 924 3564 962 suam

1972 1013 2102 1053 vero
2122 1013 2233 1053 rem
2260 1000 2469 1070 erigens
2495 1009 2654 1069 atque
2681 1000 2734 1056 in
2767 1001 3081 1054 immensam
3112 1000 3305 1054 tollens
3329 999 3568 1052 altitudi-

1972 1103 2118 1154 nem,
2155 1091 2364 1145 etiamsi
2391 1091 2488 1144 viri
2531 1084 2720 1147 tenues
2749 1099 2908 1162 atque
2937 1091 3151 1147 obscuri
3187 1106 3304 1146 eam
3334 1091 3566 1145 admini-

1972 1191 2223 1234 strarent.
3403 1184 3406 1187 λ

2055 1269 2178 1324 Vilis
2207 1273 2508 1326 conditionis
2543 1273 2772 1329 homines
2811 1291 2916 1328 rem
2941 1273 3283 1329 Christianam
3313 1292 3568 1346 propaga-

1971 1377 2107 1421 runt.
2135 1369 2341 1424 —-Nee
2386 1370 2440 1423 in
2481 1383 2641 1424 causa
2695 1380 2850 1424 erant
2896 1370 3218 1439 piscatorum
3262 1368 3564 1439 hujusmodi

1970 1458 2134 1513 verba
2173 1458 2258 1513 vel
2299 1459 2590 1525 miracula,
2631 1459 2726 1515 sed
2751 1458 2949 1514 Christi
2975 1460 3144 1514 virtus
3187 1459 3239 1512 in
3270 1460 3398 1528 ipsis
3428 1473 3562 1528 ope-

1971 1565 2115 1606 rans.
2150 1549 2228 1606 Ex
2259 1549 2364 1604 illis
2394 1551 2560 1616 enim,
2593 1551 2683 1619 qui
2714 1552 2834 1605 talia
2863 1551 3161 1620 patrabant,
3201 1549 3338 1604 alter
3369 1549 3567 1604 Paulus

1972 1648 2106 1706 erat,
2139 1639 2490 1694 tentoriorum
2531 1641 2752 1707 artifex;
2781 1642 2917 1699 alter
2943 1642 3136 1696 Petrus
3165 1641 3397 1711 piscator
3424 1657 3437 1694 :
3473 1655 3569 1696 ne-

1970 1746 2074 1801 que
2100 1740 2205 1785 tam
2237 1732 2482 1788 tenuibus
2509 1732 2817 1789 hominibus
2840 1734 2893 1788 in
2923 1745 3155 1789 mentem
3187 1735 3426 1789 venisset
3449 1749 3568 1787 um-

1970 1837 2129 1890 quam
2159 1836 2278 1876 rem
2310 1822 2469 1877 talem
2511 1823 2838 1894 contingere,
2881 1823 2984 1878 nisi
3007 1825 3126 1895 quis
3154 1838 3249 1879 eos
3282 1823 3568 1879 insaniisse

1970 1923 2025 1969 et
2048 1923 2226 1970 mente
2247 1926 2432 1986 captos
2461 1917 2629 1973 fuisse
2652 1917 2813 1973 dicat.
2842 1918 2995 1986 Quod
3023 1929 3199 1972 autem
3231 1933 3337 1973 non
3366 1919 3566 1973 insani-

1971 2013 2120 2071 rent,
2155 2007 2325 2076 palam
2354 2017 2438 2063 est
2464 2017 2576 2064 tum
2605 2025 2671 2064 ex
2701 2010 2783 2075 iis,
2828 2025 2948 2080 qua:
2990 2024 3239 2064 sermone
3268 2009 3567 2079 perlecere,

1969 2103 2081 2149 tum
2103 2111 2168 2152 ex
2195 2096 2280 2164 iis,
2303 2100 2392 2168 qui
2417 2099 2708 2155 etiamnum
2732 2100 2835 2155 illis
2855 2101 3245 2169 obtemperant.
3265 2099 3566 2170 Numquam

1969 2189 2127 2260 igitur
2155 2192 2274 2244 talia
2305 2191 2379 2246 illi
2405 2195 2647 2247 ementiti
2677 2192 2919 2258 fuissent,
2946 2193 3027 2248 vel
3055 2192 3390 2263 gloriabundi
3409 2192 3568 2261 jacti-

1969 2285 2191 2335 tassent.
2218 2281 2460 2346 Etenim,
2488 2292 2546 2337 ut
2570 2284 2832 2354 principio
2873 2285 3113 2339 dicebam
3133 2325 3149 2349 ,
3180 2285 3273 2354 qui
3316 2283 3568 2354 decipere

1967 2371 2077 2426 vult
2099 2412 2115 2435 ,
2161 2374 2419 2428 mentitur
2461 2374 2676 2445 quidem
2697 2417 2712 2443 ,
2744 2375 2839 2431 sed
2870 2391 2975 2430 non
3009 2376 3081 2429 ita
3116 2376 3390 2442 mentitur,
3415 2384 3472 2429 ttt
3495 2374 3565 2428 ab

1967 2459 2215 2518 omnibus
2255 2463 2586 2534 deprehendi
2631 2467 2820 2536 possit.
2849 2466 2984 2522 Nam
3029 2467 3098 2530 si,
3147 2475 3427 2536 postquam
3475 2480 3566 2520 res

1965 2555 2303 2623 contigerunt
2339 2564 2394 2610 et
2421 2565 2526 2610 tam
2573 2557 2727 2610 multi
2770 2571 2953 2612 earum
2999 2566 3247 2612 eventum
3297 2556 3563 2612 testificati

1964 2652 2119 2711 sunt,
2151 2653 2262 2699 tum
2303 2661 2370 2700 ex
2414 2645 2481 2699 iis
2502 2687 2519 2713 ,
2552 2647 2643 2716 qui
2674 2646 2776 2701 illis
2812 2647 3143 2717 temporibus
3170 2647 3515 2703 crediderunt
3546 2687 3563 2711 ,

1965 2741 2076 2788 tum
2126 2749 2206 2795 ex
2245 2735 2344 2800 iis,
2394 2738 2483 2806 qui
2531 2745 2717 2807 postea
2774 2737 2890 2793 hate
2940 2731 3136 2807 ubique
3185 2736 3561 2805 celebrarunt,

1965 2837 2065 2878 nec
2087 2824 2225 2893 apud
2254 2839 2354 2880 nos
2377 2834 2605 2894 tantum,
2635 2827 2728 2882 sed
2758 2827 2897 2896 apud
2927 2828 3203 2893 barbaros,
3229 2837 3282 2882 et
3303 2829 3440 2898 apud
3467 2844 3562 2884 eos

1963 2913 2054 2983 qui
2087 2915 2214 2985 ipsis
2242 2916 2485 2971 barbaris
2511 2917 2849 2973 eli'eratiores
2887 2931 3029 2983 sunt,
3062 2928 3351 2988 supersunt
3381 2928 3558 2974 tamen

1962 3006 2177 3076 quidam
2198 3048 2213 3073 ,
2245 3006 2335 3078 qui
2376 3017 2495 3077 post
2541 3018 2619 3064 tot
2647 3012 2831 3080 signa,
2865 3018 2915 3064 et
2947 3012 3131 3082 totius,
3161 3016 3220 3064 ut
3243 3011 3315 3065 ita
3342 3010 3519 3065 dicam
3543 3050 3561 3077 ,

1963 3099 2107 3158 orbis
2134 3100 2518 3166 testimonium,
2545 3102 2708 3156 rebus
2731 3103 2895 3172 gestis
2917 3118 3021 3157 non
3037 3108 3290 3168 credunt,
3312 3117 3377 3157 ac
3404 3103 3563 3158 multi

1966 3191 2113 3245 nullo
2137 3191 2383 3246 examine
2405 3233 2420 3258 ,
2474 3191 2616 3246 nulla
2663 3194 3046 3263 perquisitiune
3088 3196 3364 3265 prtemissa
3396 3211 3409 3249 :
3442 3195 3566 3264 quis

1962 3281 2029 3334 ah
2057 3281 2242 3348 initio,
2290 3282 2450 3337 nullis
2481 3284 2776 3354 perspectis
2822 3285 3016 3352 rebus,
3066 3285 3212 3340 nullo
3251 3285 3357 3340 fide
3400 3285 3563 3355 digno

1965 3371 2270 3427 testimonio
2314 3373 2570 3439 munitus,
2630 3373 2768 3428 hanc
2820 3373 2979 3428 [idem
3024 3376 3204 3428 animo
3249 3375 3564 3443 exceperit?

1962 3464 2089 3532 quid
2131 3464 2341 3522 tandem
2372 3465 2492 3519 illos
2521 3464 2790 3520 induxerit
2819 3465 2883 3518 ad
2919 3465 3021 3519 tale
3057 3465 3327 3534 quidpiam
3352 3466 3561 3534 fingen-

1961 3554 2088 3607 dum
2117 3565 2169 3608 et
2197 3554 2751 3610 eomminiscendum?
2778 3555 2960 3626 Neque
2987 3559 3130 3611 enim
3169 3557 3382 3612 dicendi
3411 3558 3462 3611 vi
3495 3557 3557 3610 ll-

1964 3643 2198 3709 debant;
2227 3645 2338 3714 (qui
2368 3646 2510 3700 enim
2538 3645 2588 3701 id
2614 3645 2728 3700 fieri
2761 3646 2947 3716 possit,
2971 3661 3091 3702 cum
3118 3648 3256 3702 alter
3274 3663 3341 3702 ne
3380 3649 3562 3705 literas

1960 3737 2175 3806 quidem
2205 3737 2461 3807 nosset?)
2491 3753 2664 3809 neque
2694 3738 2997 3793 divitiarum
3025 3739 3215 3809 copim,
3245 3739 3438 3809 quibus
3465 3740 3562 3794 ali-

1961 3837 2142 3882 menta
2172 3829 2470 3883 necessaria
2496 3830 2583 3883 vix
2618 3838 2963 3899 suppeterent
2985 3871 3000 3896 ,
3028 3839 3081 3884 et
3110 3830 3199 3899 qui
3229 3830 3420 3884 diurno
3445 3831 3563 3898 epi-

1962 3919 2082 3972 licio
2104 3919 2441 3984 victitarent;
2476 3936 2647 3990 neque
2672 3921 2740 3976 de
2788 3921 3002 3991 generis
3027 3920 3313 3991 splendore
3342 3920 3561 3991 gloriari

1961 4018 2208 4077 poterant
2240 4027 2254 4063 :
2286 4010 2506 4066 alterius
2535 4012 2677 4065 enim
2707 4027 2773 4065 ne
2801 4021 3003 4080 patrem
3031 4011 3245 4080 quidem
3278 4013 3556 4078 novimus,

1962 4103 2032 4155 ita
2059 4111 2173 4157 erat
2193 4103 2458 4158 obscurus
2485 4113 2643 4172 atque
2671 4103 2919 4175 ignotus;
2947 4104 3090 4160 Petri
3112 4119 3192 4159 ve:
3210 4122 3239 4156 ω
3262 4112 3414 4174 pater
3438 4104 3560 4174 qui-

1961 4191 2082 4245 dem
2114 4202 2272 4247 notus
2300 4201 2413 4259 est,
2441 4193 2535 4248 sed
2578 4194 2629 4247 id
2670 4202 2874 4247 tantum
2913 4194 3142 4262 amplius
3180 4193 3361 4259 habet,
3394 4209 3555 4265 quam

1959 4282 2118 4348 alter,
2149 4283 2292 4352 quod
2322 4283 2489 4337 solam
2536 4283 2702 4353 patris
2735 4284 3149 4353 appellationem
3169 4323 3185 4349 ,
3227 4283 3386 4352 idque
3432 4298 3559 4354 pro-

1960 4383 2078 4442 pter
2104 4373 2292 4438 lilium,
2322 4373 2597 4443 Scriptura
2622 4383 3026 4428 commemoret.
3053 4373 3106 4427 Si
3136 4374 3408 4443 regionem
3433 4373 3555 4443 quis

1961 4475 2010 4518 et
2035 4475 2246 4533 gentem
2264 4466 2544 4534 explorare
2565 4467 2712 4531 velit,
2737 4466 2900 4519 alium
2921 4464 3139 4520 Cilicem
3165 4464 3555 4535 deprehendet,

1959 4556 2121 4609 alium
2146 4556 2389 4625 ignobilis
2419 4558 2564 4611 urbis
2590 4558 2761 4611 civem
2788 4575 2803 4623 ;
2831 4558 2937 4611 imo
2959 4573 3086 4611 vero
3111 4573 3217 4612 non
3250 4560 3397 4615 urbis
3415 4601 3430 4628 ,
3457 4560 3555 4614 sed

1959 4646 2059 4699 vici
2091 4644 2256 4698 inlimi
2283 4645 2512 4715 incolam
2544 4665 2557 4699 :
2597 4645 2900 4702 Bethsaidae
2942 4647 3116 4713 enim,
3147 4648 3248 4702 vici
3280 4663 3472 4718 nempe
3503 4648 3557 4704 in

1958 4736 2174 4790 Galilaaa
2205 4739 2282 4792 sie
2307 4738 2515 4804 vocati,
2558 4738 2746 4793 beatus
2778 4739 2865 4793 ille
2895 4743 2975 4792 vir
3023 4740 3192 4794 ineola
3234 4751 3367 4794 erat.
3401 4743 3560 4798 Artes

1959 4843 2086 4882 vero
2112 4843 2298 4883 eorum
2327 4830 2371 4882 si
2397 4830 2515 4898 quis
2544 4829 2743 4896 audiat,
2771 4830 2900 4884 nihil
2936 4846 3186 4900 magnum
3217 4833 3304 4887 vel
3324 4831 3559 4886 honora-

1961 4922 2065 4975 bile
2094 4922 2388 4991 comperiet
2418 4939 2432 4974 :
2467 4937 2589 4976 nam
2619 4923 2885 4991 piscatore
2910 4923 3127 4993 quidem
3176 4925 3451 4978 honestior
3472 4934 3558 4980 est

1959 5013 2313 5067 tentoriorum
2335 5013 2560 5080 artifex;
2591 5015 2803 5069 exteris
2829 5025 3006 5069 autem
3054 5015 3348 5070 artificibus
3376 5017 3550 5071 vilior.

1960 5105 2272 5173 Undenam,
2316 5121 2535 5175 quaeso,
2572 5108 2709 5162 unde
2755 5124 2866 5162 rem
2910 5118 3108 5163 tantam
3141 5110 3396 5164 simulare
3437 5110 3554 5165 ausi

1956 5194 2222 5250 fuissent?
2252 5213 2354 5267 qua
2399 5213 2496 5267 spe
2535 5199 2704 5253 elati?
2734 5201 2817 5254 cui
2851 5201 3114 5256 fidentes?
3162 5216 3229 5256 an
3260 5203 3466 5257 calamo
3497 5214 3553 5258 et

1956 5287 2156 5341 hamo?
2194 5303 2260 5341 an
2286 5289 2458 5343 cultro
2485 5299 2538 5343 et
2564 5290 2830 5345 terebrat?
2865 5291 3122 5346 Homines
3145 5292 3341 5356 insani,
3368 5308 3547 5346 annon

1956 5379 2305 5434 abscedentes
2333 5395 2428 5434 vos
2451 5382 2873 5450 strangulabitis,
2901 5394 2990 5436 aut
3011 5383 3312 5452 praccipites
3331 5383 3550 5438 dabitis?

2025 5471 2080 5523 4.
2120 5469 2407 5539 Fingamus
2432 5480 2608 5525 autem
2636 5514 2650 5538 ,
2681 5472 2722 5526 si
2755 5473 2968 5540 placet,
3002 5488 3114 5526 rem
3145 5489 3262 5543 qua:
3295 5473 3407 5528 ﬁeri
3445 5489 3543 5527 ne-

1955 5574 2110 5632 queat
2139 5605 2154 5629 ,
2184 5564 2294 5616 licri
2324 5580 2508 5618 revera
2541 5579 2697 5634 posse
2723 5607 2737 5631 ,
2770 5575 2821 5619 et
2845 5580 2966 5619 eum
2996 5567 3083 5635 qui
3110 5581 3141 5621 e
3169 5577 3357 5636 stagno
3386 5567 3547 5635 prnd-

1955 5656 2015 5709 iit
2059 5656 2240 5711 dicere
2269 5673 2282 5710 :
2313 5655 2512 5712 Umbra
2557 5659 2799 5727 corporis
2827 5660 2928 5713 mei
2961 5669 3204 5712 mortuos
3230 5659 3545 5722 suscitavit;

1958 5762 2076 5802 cum
2126 5760 2251 5802 vero
2302 5748 2386 5818 qui
2436 5763 2496 5803 ex
2553 5748 2894 5816 pelliceorum
2942 5748 3293 5806 tentoriorum
3338 5747 3546 5804 ofﬁcina
