4220 6300
663 356 766 413 559

663 472 792 526 exiit
820 508 837 536 ,
869 469 1009 539 paria
1043 468 1109 522 de
1135 465 1460 522 vestimentis
1485 465 1594 518 suis
1616 461 1859 532 jactitare
1891 478 1903 512 :
1935 457 2052 526 quis
2091 452 2240 508 audi-

664 571 838 616 torum
867 575 1034 629 usque
1071 559 1205 613 adeo
1245 566 1423 612 mente
1456 565 1640 625 captus
1684 561 1836 614 erat,
1875 561 1934 604 ut
1974 549 2112 602 circa
2154 559 2240 599 res

661 663 836 706 tantas
877 651 1033 706 nudis
1062 651 1236 705 verbis
1281 649 1436 703 ﬁdem
1483 645 1743 700 haberet?
1789 643 1896 698 Cur
1929 640 2105 695 nullus
2149 638 2240 691 illo

662 755 902 813 tempore
927 741 1112 796 artifex
1139 741 1407 810 quidpiam
1447 738 1620 794 simile
1645 737 1712 791 de
1738 737 1915 802 seipso
1942 773 1956 796 ,
1985 741 2075 784 aut
2105 729 2240 783 alius

661 837 728 890 de
759 836 850 890 illo
877 834 1050 889 dixit?
1079 833 1238 902 Atqui
1276 833 1320 887 si
1366 847 1452 887 res
1498 837 1692 883 nostra:
1740 828 1986 896 ﬁgmenta
2016 830 2198 876 essent
2221 860 2235 884 ,

658 943 752 982 eos
781 927 871 997 qui
917 933 1096 995 postea
1140 926 1392 987 fuerunt,
1438 921 1643 975 facilius
1690 917 1880 971 similia
1925 913 2240 968 mentituros

661 1019 823 1073 fuisse
853 1010 1137 1070 verisimile
1166 1023 1300 1070 erat.
1333 1013 1409 1068 llli
1437 1013 1574 1065 enim
1607 1009 1810 1079 priores
1850 1021 1953 1059 non
1993 1011 2240 1073 poterant

665 1106 909 1174 exemplo
937 1102 1158 1158 aliorum
1188 1147 1203 1166 ,
1244 1103 1330 1170 qui
1375 1100 1805 1171 prmcessissent,
1849 1110 1995 1163 spem
2042 1091 2239 1145 habere

657 1197 797 1249 circa
843 1195 1075 1263 ﬁgmenti
1107 1207 1443 1255 successum;
1481 1190 1531 1242 hi
1564 1202 1690 1240 vero
1717 1184 2073 1255 posteriores,
2120 1182 2238 1236 illos

660 1285 834 1339 intuiti
861 1327 875 1351 ,
899 1295 1258 1338 commentum
1285 1282 1489 1336 facilius
1518 1281 1631 1333 ausi
1658 1277 1914 1340 fuissent,
1944 1290 2063 1330 cum
2095 1273 2236 1342 prio-

658 1392 776 1430 rum
826 1376 1126 1444 exemplum
1193 1372 1573 1444 posterioribus
1629 1369 1874 1424 ﬁduciam
1933 1364 2232 1437 prteberet,

661 1467 811 1534 quasi
841 1466 1015 1518 nullus
1042 1466 1091 1518 in
1125 1473 1260 1518 terra
1292 1473 1467 1517 mente
1506 1460 1756 1530 prasditus
1785 1466 1928 1514 esset
1953 1499 1967 1521 ,
1997 1455 2091 1511 sed
2116 1470 2233 1508 om-

660 1573 758 1612 nes
783 1565 959 1611 mente
986 1557 1124 1625 capti
1151 1565 1204 1610 et
1231 1555 1396 1609 insani
1425 1562 1640 1618 essent,
1670 1552 1740 1605 ita
1769 1563 1825 1604 ut
1848 1549 2015 1604 cuivis
2049 1548 2236 1602 liceret

657 1665 1004 1721 quaecumque
1033 1651 1192 1704 vellet
1225 1649 1291 1702 de
1324 1648 1501 1716 seipse
1540 1647 1718 1701 dicere
1754 1644 1975 1712 aliisque
2014 1655 2234 1709 persua-

658 1742 806 1797 dere.
836 1741 995 1810 Nugm
1026 1742 1180 1810 plane
1202 1781 1218 1805 ,
1247 1749 1302 1793 et
1328 1741 1435 1792 risu
1467 1738 1621 1807 digna
1653 1745 1776 1791 sunt
1803 1733 2073 1804 gentilitia:
2098 1732 2234 1786 stul-

659 1832 796 1889 litim,
815 1831 993 1885 verba.
1019 1829 1472 1896 Quemadmodum
1501 1828 1641 1882 enim
1681 1826 1725 1878 si
1765 1826 1883 1894 quis
1924 1824 2112 1877 catlum
2151 1837 2237 1876 sa-

660 1922 804 1990 gittis
835 1923 1088 1990 impetere
1113 1922 1278 1985 velit,
1309 1920 1458 1988 quasi
1505 1918 1626 1972 telis
1665 1918 1836 1986 ipsmu
1884 1917 2233 1985 dirupturus;

658 2023 752 2068 aut
795 2013 1062 2069 Oceanum
1110 2014 1361 2077 haurire,
1407 2012 1558 2082 quasi
1603 2011 1847 2066 manibus
1886 2019 2236 2065 evacuaturus

659 2103 805 2156 illum
829 2143 845 2168 ,
882 2119 946 2157 ex
994 2102 1364 2157 urbanioribus
1407 2117 1564 2156 nemo
1600 2101 1733 2165 erit,
1770 2100 1894 2169 quin
1932 2099 2138 2164 rideat,
2170 2115 2236 2152 ex

659 2194 992 2261 gravioribus
1016 2209 1174 2248 nemo
1202 2209 1306 2248 non
1337 2194 1388 2247 id
1414 2193 1594 2247 effusis
1621 2193 1868 2261 lacrymis
1893 2191 2188 2260 deplorabit
2217 2207 2231 2243 :

660 2284 739 2337 sic
781 2299 900 2337 cum
940 2283 1091 2337 nobis
1133 2284 1357 2353 gentiles
1393 2282 1848 2346 contradixerint,
1892 2297 1987 2350 par
2023 2290 2105 2335 est
2142 2295 2234 2334 eos

660 2374 886 2428 irridere
912 2389 974 2427 ac
993 2373 1270 2442 deplorare
1298 2392 1312 2428 :
1343 2388 1454 2428 rem
1476 2374 1616 2427 enim
1639 2371 1807 2440 magis
1830 2370 2047 2424 arduam
2070 2369 2236 2424 susci-

659 2465 842 2534 piunt,
876 2478 1032 2534 quam
1058 2464 1148 2534 qui
1177 2464 1256 2518 vel
1299 2463 1485 2518 caelum
1530 2461 1817 2517 confodere
1861 2461 1942 2516 vel
1986 2461 2234 2530 abyssum

659 2570 918 2609 evacuare
956 2569 1015 2609 se
1048 2545 1208 2624 posse
1241 2553 1551 2623 Speraverit.
1592 2551 1774 2620 Neque
1815 2550 1955 2605 enim
1995 2550 2081 2602 lux
2122 2564 2238 2602 um-

659 2661 818 2715 quam
849 2647 1072 2700 ohscura
1099 2646 1237 2710 erit,
1269 2646 1440 2700 donec
1465 2645 1552 2698 lux
1575 2644 1713 2708 erit,
1737 2658 1911 2712 neque
1935 2651 2235 2696 nostrarum

657 2755 834 2794 rerum
869 2740 1064 2793 veritas
1093 2738 1455 2794 confutabitur
1485 2757 1497 2790 :
1530 2739 1726 2792 veritas
1753 2739 1945 2807 quippe
1971 2745 2090 2803 est,
2133 2751 2236 2806 qua

661 2833 794 2887 nihil
819 2832 1063 2887 validius.
1093 2833 1242 2900 Quod
1273 2832 1428 2901 igitur
1453 2841 1643 2886 vetera.
1662 2831 1747 2884 illa
1772 2871 1786 2897 ,
1814 2845 1932 2900 quae
1957 2844 2085 2884 aure
2110 2844 2234 2898 per-

658 2924 920 2993 cipimus,
955 2938 1060 2977 non
1101 2923 1277 2976 minus
1314 2922 1586 2977 credibilia
1628 2922 1766 2986 sint,
1814 2936 1972 2991 quam
2013 2935 2077 2974 ea
2116 2935 2237 2989 qua:

659 3030 800 3072 nunc
824 3015 1104 3084 prmsentia
1132 3015 1402 3070 cernimus
1428 3054 1445 3077 ,
1478 3013 1649 3082 quivis
1688 3029 1794 3068 non
1828 3022 2008 3067 mente
2050 3022 2237 3080 captus

661 3113 715 3158 et
731 3105 946 3158 insanus
967 3105 1282 3160 conﬁteatur
1305 3123 1320 3171 ;
1344 3114 1402 3160 ut
1426 3115 1601 3159 autem
1629 3105 1901 3158 victoriam
1922 3105 2239 3160 cumulatius

658 3193 952 3249 referamus
975 3235 990 3261 ,
1016 3210 1129 3249 rem
1157 3195 1519 3250 admirandam
1545 3234 1560 3258 ,
1591 3203 1747 3248 aetate
1788 3204 1964 3248 nostra
1993 3203 2196 3263 gestam
2217 3235 2234 3260 ,

663 3285 913 3339 referam.
934 3286 1002 3340 At
1022 3301 1088 3339 ne
1115 3286 1394 3339 turbemini
1420 3326 1434 3349 ,
1467 3285 1511 3338 si
1537 3285 1846 3339 miraculum
1872 3293 2054 3338 nostra
2081 3294 2239 3340 :etate

662 3376 861 3430 editum
893 3385 1227 3430 narraturum
1256 3392 1339 3431 me
1367 3376 1632 3447 pollicitus
1658 3418 1673 3441 ,
1712 3392 1778 3431 ex
1811 3376 1979 3431 veteri
2015 3375 2236 3430 historia

660 3466 1019 3520 narrationem
1046 3465 1266 3520 ordiar:
1300 3480 1472 3535 neque
1497 3466 1638 3520 enim
1680 3466 1733 3518 in
1769 3465 1851 3519 his
1896 3465 2066 3519 solum
2104 3480 2236 3520 con-

659 3554 843 3608 sistam
864 3595 879 3620 ,
901 3570 1070 3622 neque
1092 3571 1229 3609 novo
1250 3565 1563 3625 argumento
1581 3555 1752 3609 aliena
1770 3565 1947 3610 vetera
1970 3555 2194 3610 referam
2220 3573 2234 3610 :

663 3657 785 3696 nam
815 3652 1037 3715 utraque
1067 3655 1250 3700 mutuo
1277 3645 1518 3710 luerent,
1551 3660 1651 3700 nec
1677 3645 1798 3699 licet
1829 3660 2015 3724 eorum
2042 3645 2234 3700 seriem

664 3733 968 3805 disjungere
997 3779 1013 3805 ,
1046 3748 1104 3792 ut
1127 3739 1320 3794 auditis
1350 3739 1509 3794 rebus
1535 3738 1892 3808 comperielis.

733 3827 788 3880 5.
832 3826 1056 3882 Historia
1083 3828 1413 3899 Imperatoris
1440 3817 1982 3900 cujusdauffabulosa.
2014 3858 2087 3868 —
2110 3827 2239 3884 Erat

661 3916 782 3986 quis
824 3916 1116 3986 Imperator
1169 3919 1243 3991 (α)
1291 3919 1552 3990 majorum
1597 3927 1902 3974 nostrorum
1945 3936 2059 3974 azvo
2085 3960 2100 3983 ,
2146 3919 2238 3989 qui

660 4006 835 4076 qualis
883 4010 937 4062 in
979 4012 1186 4064 caeteris
1236 4011 1416 4076 fuerit,
1466 4011 1645 4066 dicere
1687 4027 1936 4082 nequeo:
1969 4022 2023 4066 at
2058 4013 2238 4068 audito

661 4097 866 4153 scelere
889 4140 904 4164 ,
937 4100 1077 4170 quod
1106 4102 1322 4172 aggredi
1361 4112 1444 4157 est
1468 4117 1648 4156 ausus
1670 4142 1686 4166 ,
1729 4103 1986 4172 reliquam
2027 4119 2238 4159 morum

667 4187 1049 4243 immanitatem
1101 4191 1455 4260 cognoscetis.
1514 4191 1792 4256 Quodnam
1849 4192 2010 4262 igitur
2063 4194 2238 4249 scelus

663 4277 1024 4333 illud?Genti
1061 4294 1181 4334 cum
1227 4281 1323 4335 illo
1366 4282 1558 4336 bellum
1607 4283 1810 4351 gerenti
1859 4283 2027 4338 visum
2070 4284 2240 4340 fuerat

664 4365 857 4420 bellum
889 4369 1095 4425 solvere
1125 4379 1533 4440 mutuarumque
1560 4372 1782 4426 caidium
1825 4373 1982 4428 ﬁnem
2023 4374 2196 4431 facere
2219 4417 2236 4443 ,

662 4471 748 4510 res
773 4471 1096 4526 componere
1120 4501 1135 4524 ,
1163 4461 1397 4527 pericula
1435 4473 1489 4516 et
1521 4463 1827 4518 formidines
1868 4465 2056 4522 sedare
2078 4506 2094 4531 ,
2127 4466 2238 4520 suis

663 4561 722 4600 se
751 4547 907 4602 rebus
932 4549 1204 4605 continere
1227 4590 1244 4616 ,
1271 4566 1443 4620 neque
1489 4551 1571 4606 his
1610 4552 1896 4621 ampliores
1937 4562 2187 4623 expetere
2218 4571 2233 4607 :

661 4647 917 4707 prmstare
985 4640 1126 4694 enim
1189 4641 1547 4698 mediocribus
1590 4642 1707 4697 sine
1758 4643 2041 4699 formidine
2092 4644 2231 4711 frui,

662 4743 822 4797 quam
849 4729 1139 4798 majoribus
1167 4731 1433 4787 inhiantes
1463 4732 1514 4786 in
1545 4741 1686 4787 metu
1721 4748 1783 4788 ac
1817 4735 2008 4790 timore
2044 4735 2237 4804 degere

663 4835 876 4889 semper
898 4862 913 4886 ,
941 4824 1184 4890 malaque
1206 4834 1359 4879 cauet
1373 4825 1415 4879 is
1450 4824 1737 4881 inferentes
1761 4868 1777 4893 ,
1818 4829 1886 4882 ab
1930 4829 2036 4882 illis
2077 4829 2237 4883 vicis.

664 4913 764 4965 sim
811 4913 1070 4983 accipere.
1118 4914 1253 4969 Cum
1296 4925 1474 4971 autem
1519 4919 1864 4972 constitutum
1909 4919 2011 4975 illis
2053 4929 2234 4986 esset,

664 5001 806 5055 bello
852 5015 1066 5070 prorsus
1109 5003 1382 5074 deposito,
1426 5009 1656 5076 quietam
1693 5009 1986 5077 transigere
2030 5011 2235 5064 vitam.

666 5093 836 5145 visum
878 5101 961 5146 est
1004 5093 1153 5148 ﬁrma
1204 5097 1447 5163 pactione
1480 5097 1774 5168 validisque
1810 5100 2197 5154 conditionibus
2220 5101 2235 5130 ²

663 5198 852 5253 pacem
878 5186 1136 5240 stabilire.
1166 5187 1300 5241 Tum
1327 5188 1529 5243 foedere
1560 5189 1698 5244 facto
1723 5230 1737 5251 ,
1765 5191 1890 5244 dato
1915 5200 2240 5261 acceptoque

655 5273 958 5342 juramento
979 5315 996 5340 ,
1027 5277 1135 5346 regi
1167 5286 1424 5345 praeterea
1465 5294 1562 5334 suo
1597 5281 1819 5335 suadere
1844 5293 2103 5336 conantur
2129 5323 2143 5347 ,
2175 5283 2237 5335 ﬁ-

666 5365 793 5417 lium
817 5381 969 5419 suum
999 5367 1282 5424 admodum
1311 5386 1530 5441 puerum
1555 5413 1571 5438 ,
1605 5373 1655 5426 in
1700 5374 1927 5428 solidum
1973 5374 2116 5443 pacis
2157 5375 2205 5442 pi

668 5471 806 5526 gnus
849 5456 1098 5513 traditum
1142 5461 1224 5526 iis,
1257 5464 1344 5531 qui
1376 5466 1520 5533 prius
1564 5465 1745 5519 hostes
1775 5474 1924 5520 erant
1946 5505 1961 5531 ,
1997 5465 2239 5520 ﬁduciam

729 5589 745 5657 ξ
781 5597 908 5657 pnus
931 5593 1140 5657 secunda
1163 5608 1322 5650 manu.
1341 5596 1646 5657 jar-amentis,
1673 5611 1776 5657 pro,
1803 5595 2160 5649 conditionibus.

727 5650 808 5723 ((1)¹
833 5659 879 5700 In
902 5655 1073 5723 Codice
1093 5663 1206 5723 Heg.
1227 5650 1357 5723 2989'
1375 5661 1596 5709 scribitur
1620 5650 1683 5709 ad
1696 5650 1870 5721 marg.,
1906 5660 2232 5721 Νουμεριανὸς.

665 5725 756 5775 qua
781 5713 844 5763 de
867 5728 922 5764 re
943 5715 1121 5766 dictum
1145 5713 1194 5766 iu
1218 5721 1404 5769 Monito.

1357 351 1412 408 S.
1455 346 1732 406 JOANNIS
1769 334 2239 400 CHRYSOSTOMI
2281 328 2600 387 ARCHIEP.
2643 321 3172 382 CONSTANTIlNOP.

3826 319 3933 376 549

2350 451 2605 514 praestare
2643 454 2834 510 posse,
2880 437 3144 506 simulque
3173 433 3427 504 propositi
3457 434 3540 487 sui
3567 433 3935 489 testimonium

2344 534 2625 599 exhibere,
2649 530 2788 602 quod
2820 545 3012 599 nempe
3044 530 3161 583 sine
3185 528 3310 582 dole
3333 541 3523 596 pacem
3543 541 3670 582 cum
3695 527 3826 597 ipsis
3855 528 3906 582 fe

2346 629 2500 681 cerit.
2525 625 2637 692 Qua
2669 623 2912 676 oratione
2942 636 3033 674 rex
3057 619 3318 674 adductus
3340 618 3506 673 ﬁlium
3529 617 3696 682 dedit,
3727 626 3786 672 ut
3815 618 3937 686 qui-

2345 717 2466 772 dem
2493 715 2832 771 existimabat
2851 714 2958 779 ille,
2981 713 3168 768 amicis
3193 722 3245 767 et
3266 712 3454 777 sociis;
3485 721 3544 766 ut
3564 727 3691 767 vero
3714 711 3792 766 rei
3819 713 3931 766 exio

2348 816 2431 862 tus
2460 807 2737 876 probavit,
2767 803 2895 860 ferae
2925 804 3162 858 omnium
3193 803 3613 857 immanissima}.
3642 803 3774 857 Nam
3806 819 3935 859 cum

2346 897 2596 951 amicitiae
2624 906 2678 951 et
2705 895 2925 968 foederis
2965 895 3080 963 lege
3112 908 3331 963 puerum
3364 892 3566 961 regium
3601 893 3934 963 accepisset,

2345 988 2522 1042 omnia
2551 987 2710 1040 simul
2739 984 3070 1040 eoneuleavit
3093 992 3149 1038 et
3180 983 3394 1047 evertit,
3411 982 3732 1050 juramenta,
3761 982 3936 1040 fusile-

2343 1093 2424 1143 ra,
2454 1077 2727 1132 hominum
2751 1077 3128 1141 reverentiam,
3153 1074 3402 1144 pietatem
3431 1089 3555 1144 erga
3582 1074 3771 1140 Deum,
3803 1084 3938 1129 mta-

2343 1171 2412 1223 tis
2452 1170 2972 1224 commiserationem
3006 1185 3018 1222 :
3049 1182 3156 1220 non
3203 1165 3441 1243 .belluam
3487 1165 3632 1218 illam
3673 1164 3935 1234 juventus

2342 1261 2510 1329 ﬂexit,
2541 1278 2645 1316 non
2672 1277 2733 1316 ea
2755 1276 2876 1330 qua:
2903 1258 3208 1328 hujusmodi
3234 1260 3436 1314 scelera
3463 1259 3610 1329 sequi
3637 1260 3772 1313 solet
3798 1259 3935 1314 ultio

2345 1363 2546 1408 trucem
2588 1353 2858 1407 hominem
2885 1351 3178 1413 deterruit;
3213 1365 3318 1403 non
3351 1351 3516 1419 patris
3557 1349 3721 1403 ﬁlium
3756 1349 3932 1419 depo-

2343 1447 2518 1502 nentis
2546 1447 2707 1502 verba
2736 1445 2971 1512 animum
3000 1443 3245 1508 subiere,
3291 1456 3410 1511 qua:
3439 1441 3565 1496 dum
3601 1443 3653 1494 in
3685 1442 3934 1495 manibus

2346 1536 2578 1591 traderet
2607 1538 2832 1598 fecerat,
2863 1521 3058 1603 rogans
3087 1547 3207 1587 eum
3230 1571 3246 1597 ,
3284 1540 3342 1585 ut
3369 1532 3422 1585 in
3465 1544 3652 1599 magna
3678 1543 3804 1584 cura
3837 1529 3934 1583 ha-

2342 1628 2493 1681 beret
2514 1669 2528 1692 ,
2555 1643 2614 1683 se
2645 1627 2756 1680 ﬁlio
2793 1626 2964 1695 ipsum
2995 1624 3322 1678 constituere
3351 1633 3555 1692 patrem
3583 1623 3734 1692 quasi
3774 1621 3846 1675 ab
3872 1634 3933 1678 se

2338 1722 2598 1790 genitum,
2615 1721 2904 1774 obsecrans
2931 1726 2987 1772 ut
3011 1732 3134 1772 eum
3164 1717 3235 1772 ita
3257 1718 3519 1772 enutriret
3543 1717 3928 1786 educaretque,

2339 1820 2395 1865 ct
2422 1811 2683 1879 majorum
2722 1823 2939 1862 suorum
2972 1807 3250 1861 nobilitate
3280 1806 3498 1876 dignum
3529 1805 3814 1870 redderet;
3849 1805 3932 1859 in-

2343 1911 2423 1957 ter
2449 1903 2564 1957 hare
2586 1902 2747 1956 verba
2774 1901 3017 1955 dextram
3036 1901 3183 1969 pueri
3205 1897 3484 1952 homicidze
3511 1898 3712 1953 dextra:
3726 1898 3928 1967 junxit,

2341 2001 2395 2049 ct
2425 1972 2671 2064 perfusus
2690 1993 2938 2064 laerymis
2960 1991 3238 2046 abscessit.
3270 1989 3468 2044 llorum
3497 1990 3588 2045 ille
3611 1990 3936 2045 scelestissi-

2339 2097 2461 2136 mus
2477 2083 2607 2136 nihil
2623 2084 2672 2136 in
2691 2066 3109 2149 animoreeepit,
3124 2079 3218 2136 sed
3237 2081 3300 2135 iis
3316 2080 3564 2134 omnibus
3575 2081 3932 2134 simulexeus-

2338 2173 2436 2240 sis,
2453 2173 2657 2227 cmdctn
2675 2173 2911 2226 omnium
2928 2171 3153 2226 caedium
3175 2170 3613 2225 immanissimam
3631 2178 3936 2239 perpetrat.-

2341 2264 2452 2318 lloc
2481 2265 2622 2319 enim
2656 2264 2912 2333 ﬂagitium
2935 2263 3132 2332 proprii
3155 2261 3248 2316 ﬁlii
3268 2260 3416 2316 crede
3439 2261 3674 2316 atrocius
3700 2270 3812 2314 est:
3831 2275 3929 2315 vos

2339 2362 2504 2408 testes
2533 2354 2762 2424 appello,
2785 2354 2873 2423 qui
2916 2357 3023 2407 non
3054 2355 3124 2408 ita
3154 2351 3495 2418 doluissetis,
3526 2353 3570 2405 si
3615 2351 3833 2422 quidem
3860 2367 3928 2408 ex

2339 2460 2461 2498 meo
2487 2444 2680 2499 affectu
2711 2453 2945 2499 vestrum
2977 2445 3149 2499 metiri
3179 2444 3355 2509 liceat,
3376 2444 3419 2498 si
3445 2443 3727 2498 audissetis
3751 2442 3927 2511 ipsum

2340 2533 2505 2588 ﬁlium
2532 2534 2789 2590 occidisse
2811 2549 2965 2588 suum
2993 2553 3006 2588 :
3037 2542 3163 2588 tunc
3196 2533 3340 2588 enim
3365 2548 3486 2588 cum
3515 2532 3788 2587 communi
3813 2533 3931 2603 lege

2342 2627 2602 2681 naturalis
2633 2641 2844 2695 quoque
2889 2626 2974 2680 lex
3019 2625 3254 2679 subverti
3294 2624 3564 2679 videretur
3593 2643 3608 2680 :
3640 2626 3724 2678 nie
3749 2634 3930 2680 autem

2340 2709 2564 2786 plurima
2609 2715 2766 2770 simul
2812 2724 3376 2784 concurrerunt,qure
3431 2730 3538 2782 pra:
3589 2714 3931 2770 multitudine

2339 2805 2565 2859 naturali
2589 2805 2904 2860 necessitate
2928 2804 3146 2859 fortiora
3173 2805 3300 2858 sint.
3321 2804 3539 2871 Quoties
3554 2805 3695 2858 enim
3718 2820 3934 2860 mecum

2336 2903 2527 2962 reputo
2567 2894 2862 2963 puerulum,
2892 2895 2980 2964 qui
3028 2893 3158 2947 nihil
3200 2895 3409 2962 injuria:
3454 2895 3672 2960 fecerat,
3703 2909 3732 2948 a
3778 2906 3935 2965 patre

2341 2984 2613 3049 traditum,
2656 2998 2687 3037 a
2738 2983 2999 3052 majorum
3051 2997 3270 3038 suorum
3313 2987 3458 3053 regia
3502 2985 3810 3050 abductum,
3839 2985 3936 3054 qui

2339 3072 2661 3128 domesticas
2687 3072 2930 3138 delicias,
2953 3073 3197 3141 gloriam,
3222 3072 3502 3137 honorem,
3523 3088 3646 3128 cum
3673 3082 3935 3129 extranea

2339 3165 2655 3219 educatione
2680 3172 3124 3230 commutaverat,
3153 3172 3213 3216 ut
3241 3163 3573 3232 pactionibus
3595 3162 3737 3218 initis
3757 3162 3934 3218 scele-

2339 3266 2452 3312 stus
2479 3258 2566 3312 ille
2598 3258 2765 3312 ﬁdere
2792 3267 2972 3328 posset
2998 3274 3012 3310 :
3042 3257 3110 3312 ab
3140 3258 3252 3326 ipso
3281 3266 3462 3327 postea
3493 3257 3632 3312 male
3655 3249 3946 3326 affectum,~

2339 3347 2623 3417 splendore
2663 3357 2898 3417 paterna:
2939 3347 3130 3401 domus
3160 3347 3278 3415 ejus
3316 3347 3485 3415 gratia
3529 3347 3817 3416 privatum,
3862 3348 3944 3404 ab

2339 3438 2638 3508 eodemque
2666 3438 2882 3492 demum
2929 3437 3289 3502 interfectum,
3319 3429 3587 3492 eon'traria
3626 3433 3822 3508 patior,
3853 3441 3933 3493 si-

2334 3528 2451 3582 mul
2479 3528 2662 3583 animo
2689 3529 3076 3583 eontabeseens
3103 3539 3157 3582 et
3184 3536 3507 3596 exmstuans,
3535 3543 3760 3598 quorum
3787 3529 3942 3585 aliud

2339 3619 2439 3686 ira,
2468 3619 2607 3674 aliud
2641 3621 2892 3675 maestitia
2923 3619 3081 3692 parit.
3110 3618 3242 3675 Cum
3291 3621 3432 3675 enim
3474 3620 3652 3690 cogito
3695 3621 3932 3675 scelera-

2341 3718 2450 3763 tum
2499 3709 2645 3765 illum
2693 3724 2980 3777 armatum,
3024 3710 3364 3781 gladiumque
3413 3709 3728 3776 vibrantem,
3776 3711 3933 3780 pueri

2339 3803 2534 3856 collum
2587 3801 3100 3872 apprehendentem,
3131 3809 3187 3855 et
3227 3816 3331 3870 qua
3377 3800 3598 3856 dextera
3628 3800 3932 3870 depositum

2341 3901 2634 3960 receperat,
2663 3891 2850 3946 eadem
2875 3891 3108 3960 gladium
3148 3891 3200 3943 in
3232 3889 3361 3944 illud
3402 3889 3785 3952 intendentem,
3816 3890 3934 3944 dis-

2340 3997 2560 4052 rumpor
2607 3992 2767 4051 atque
2815 3982 2892 4037 ira
2947 3981 3240 4051 prafoeor;
3287 3997 3473 4037 rursus
3515 3996 3635 4036 cum
3674 3981 3942 4051 juvenem.

2341 4072 2615 4142 conspicio
2645 4070 3039 4136 formidantem,
3072 4081 3411 4138 trementem,
3437 4072 3795 4141 extremisque
3831 4087 3933 4142 ge-

2340 4165 2560 4219 mitibus
2599 4164 2908 4232 ejulantem,
2956 4171 3161 4234 patrem
3209 4163 3584 4217 inelamantem
3631 4161 3935 4232 horumque

2341 4269 2552 4309 causam
2600 4269 2722 4309 esse
2765 4255 3052 4319 dicentem,
3080 4269 3145 4308 ac
3191 4252 3393 4308 caedem
3442 4268 3547 4307 non
3589 4253 3661 4319 ei,
3690 4254 3780 4322 qui
3809 4253 3932 4323 gla-

2343 4345 2488 4401 dium
2531 4347 2585 4400 in
2633 4354 2816 4416 guttnr
2865 4345 3129 4414 inﬁgeret,
3157 4343 3506 4414 sed.parenti
3555 4343 3931 4412 imputantem,

2340 4450 2513 4505 neque
2538 4434 2719 4505 fugere
2762 4449 2933 4503 neque
2970 4449 3031 4488 se
3055 4434 3236 4488 ulcisci
3263 4447 3442 4502 posse,
3468 4431 3563 4487 sed
3604 4431 3800 4486 frustra
3827 4446 3930 4501 pa-

2340 4539 2548 4582 rentem
2571 4527 2834 4589 incusare,
2857 4526 3062 4596 plagam
3094 4525 3359 4595 excipere,
3387 4523 3667 4593 paipitare.
3695 4521 3934 4578 calcibus

2341 4619 2700 4688 pavimentum
2746 4614 2944 4682 ferire,
2995 4626 3193 4670 terram
3235 4614 3539 4685 sanguineis
3584 4613 3712 4668 rivis
3755 4613 3932 4681 inqui—

2340 4723 2502 4762 nare:
2533 4709 2646 4777 ipsa
2672 4706 2799 4760 mihi
2827 4707 3032 4761 viscera
3067 4706 3464 4775 discerpuntur,
3492 4704 3750 4774 cogitatio
3772 4704 3924 4758 obte-

2339 4800 2611 4864 nebratur,
2642 4813 2706 4852 ac
2732 4797 2999 4852 mmstitiaa
3023 4798 3194 4867 caligo
3217 4797 3460 4867 quaadam
3501 4796 3671 4850 oculis
3696 4796 3933 4850 oﬂundi-

2340 4900 2444 4943 tur.
2463 4891 2534 4944 At
2554 4889 2666 4945 fera
2689 4889 2776 4943 illa
2799 4889 2927 4942 nihil
2959 4887 3132 4943 simile
3161 4902 3314 4957 passa
3336 4897 3450 4952 est;
3479 4885 3582 4940 sed
3599 4900 3663 4940 ac
3687 4887 3732 4940 si
3760 4900 3938 4956 agnus

2339 4981 2421 5036 vel
2447 4981 2644 5035 vitulus
2669 4979 2768 5034 sibi
2797 4977 3109 5034 mactandas
3124 4988 3286 5045 esset,
3302 4979 3379 5032 sic
3403 4977 3472 5032 ad
3498 4977 3754 5031 nefariam
3785 4977 3938 5031 illam

2340 5071 2538 5126 caulem
2565 5071 2787 5126 affectus
2816 5080 2949 5124 erat.
2998 5070 3066 5124 Et
3111 5084 3244 5138 puer
3272 5067 3484 5143 quidem
3532 5066 3683 5136 plaga
3715 5077 3938 5135 recepta

2336 5161 2549 5230 jacehat
2577 5170 2816 5216 mortuus
2844 5178 2856 5213 :
2889 5160 3151 5214 homicida
3181 5174 3309 5214 vero
3345 5157 3532 5212 sceleri
3559 5157 3938 5227 patrocinabao

2343 5262 2447 5318 tur,
2481 5253 2865 5322 posterioribus
2898 5253 3076 5321 priora
3110 5252 3362 5322 obtegere
3389 5265 3604 5305 curans.
3637 5250 3789 5304 Putat
3817 5250 3934 5306 for-

2343 5354 2484 5399 tasse
2527 5346 2787 5414 quispiam
2838 5359 2925 5397 me
2955 5342 3021 5398 de
3069 5343 3344 5412 sepultura
3390 5341 3731 5411 loquuturum
3783 5354 3933 5408 esse,

2342 5436 2727 5506 dicturumque,
2758 5434 3009 5489 defuncto
3035 5448 3102 5489 ne
3131 5433 3393 5487 tantillmn
3423 5431 3637 5501 quidem
3665 5440 3820 5487 terra!
3847 5433 3933 5488 in-

2346 5528 2680 5582 terfectorem
2707 5526 2920 5580 dedisse
2951 5543 2963 5579 :
2996 5540 3096 5594 ego
3134 5540 3259 5578 vero
3285 5524 3520 5578 atrocius
3555 5523 3696 5577 aliud
3729 5523 3929 5578 dicam.

2343 5618 2474 5673 Nam
2505 5634 2625 5672 eum
2658 5618 2866 5687 iniquas
2893 5631 3080 5671 manus
3109 5616 3196 5670 tali
3240 5614 3497 5684 sanguine
3524 5613 3796 5678 ftedasset,
3824 5629 3931 5667 no-

2345 5724 2569 5782 vamque
2595 5708 2900 5780 tragtediam
2928 5707 3278 5773 exhibuisset,
3308 5719 3368 5762 ac
3394 5706 3438 5759 si
3467 5704 3594 5759 nihil
3623 5714 3931 5775 perpetras-
