4220 6300
256 411 374 468 539

235 523 480 594 νεκροὺς
507 519 776 590 ἀνέστησε
802 533 815 547 ⁵
848 515 936 569 τὸν
958 513 1014 567 δέ
1043 514 1433 583 ἐκπηδήσαντα
1455 513 1562 564 τῶν
1589 509 1684 562 τοῦ
1709 508 1941 576 σκηνορ-

237 610 480 679 ραφείου
524 607 784 678 δέρρεων,
828 602 896 655 τά
923 600 1062 655 αὐτά
1090 600 1155 670 δὴ
1195 599 1369 653 ταῦτα
1403 597 1706 668 κομπάζειν
1749 594 1942 662 ἐκείνῳ

237 697 383 766 περὶ
433 696 542 748 τῶν
598 692 830 762 ίματίων
889 688 1094 742 αὐτοῦ’
1137 687 1221 750 τίς
1281 685 1456 748 οὕτως
1511 685 1775 753 ἐμεμὴνει
1832 680 1942 732 τῶν

238 783 430 835 ταῦτα
487 779 814 840 ἀκουόντων,
865 776 938 838 ὡς
995 775 1170 844 ψιλοῖς
1231 773 1438 843 ῥήμασι
1486 769 1764 822 τιστεῦσαι
1815 768 1944 837 περὶ⁸

240 869 601 940 πραγμάτων
655 864 944 928 τοιούτων;
969 860 1121 914 Διατί
1164 859 1221 911 δὲ
1261 858 1448 928 μηδεὶς
1482 855 1632 928 [542]
1667 854 1776 906 τῶν
1824 855 1942 905 κατ’

242 959 465 1010 ἐκεῖνον
494 956 584 1008 τὸν
609 955 797 1025 χρόνον
830 951 1174 1023 χειροτέχνης
1202 948 1340 1017 ἀνήρ
1373 941 1492 998 είπέ
1515 963 1567 997 τι
1599 943 1726 1014 περὶ
1749 940 1941 994 ἐαυτοῦ

245 1042 500 1096 τοιοῦτόν
531 1057 681 1103 ποτε,
725 1039 758 1109 ἦ
803 1037 986 1108 ἐτερός
1025 1052 1108 1098 τις
1140 1035 1268 1103 περὶ
1303 1031 1504 1098 αὐτοῦ;
1542 1031 1735 1084 Καίτοι
1785 1030 1832 1080 εἰ
1874 1029 1944 1080 τά

246 1132 510 1203 ἡμέτερα
547 1129 834 1196 πλάσματα
869 1122 955 1196 ἦν,
991 1127 1116 1186 τοὺς
1152 1122 1268 1192 μετ’
1305 1121 1543 1182 ἐκείνους
1582 1116 1944 1187 εὐκολώτερον

244 1221 326 1270 τὰ
363 1215 593 1268 τοιαῦτα
625 1212 912 1283 ψεύδεσθαι
959 1211 1105 1272 είκὺς
1148 1205 1236 1280 ἦν.
1289 1208 1514 1276 Ἐκεῖνοι
1557 1207 1653 1277 μὲν
1697 1204 1804 1274 γάρ
1845 1205 1944 1256 οὐκ

247 1301 406 1373 εἶχον
434 1305 514 1365 εἰς
547 1301 765 1372 ἐτέρους
791 1296 1169 1366 ἀνενεγκόντες
1199 1295 1335 1366 ὑπὲρ
1357 1294 1581 1356 τούτων,
1607 1293 1825 1344 ἐλπίσαι
1851 1289 1944 1344 τοῦ

250 1391 586 1455 πλάσματος
605 1400 629 1427 ι
665 1384 1053 1457 περιέσεσθαι·
1089 1384 1138 1435 οἰ
1167 1382 1226 1434 δὲ
1260 1381 1373 1451 μετ’
1403 1381 1662 1442 ἐκείνους,
1691 1380 1769 1441 εἰς
1802 1377 1946 1430 ἐκεί-

248 1493 386 1538 νους
421 1474 678 1544 ὁρῶντες,
731 1469 1144 1540 προχειρότερον
1194 1467 1260 1520 ἆν
1295 1466 1389 1518 τοῦ
1442 1466 1757 1534 πλάσματος
1812 1479 1946 1515 κατ-

249 1563 574 1630 ετόλμησαν
599 1559 691 1612 τοῦ
725 1556 1164 1628 παραδείγματος
1183 1553 1291 1606 τῶν
1321 1553 1601 1624 προτέρων
1626 1554 1738 1610 τοῖς
1765 1549 1947 1602 δευτέ-

252 1667 381 1721 ροις
434 1645 948 1717 παρακελευομένου
995 1644 1238 1713 θαρρεῖν,
1282 1642 1356 1704 ὡς
1408 1639 1619 1701 οὐδενὸς
1663 1640 1720 1690 ἐν
1763 1639 1830 1706 τῇ
1877 1638 1945 1706 γῇ

251 1739 389 1792 νοῦν
415 1738 651 1806 ἔχοντος,
683 1735 818 1788 ἀλλά
846 1734 1061 1788 πάντων
1086 1731 1451 1799 ἐξεστηκότων
1477 1729 1570 1781 καὶ
1607 1726 1946 1796 μεμηνότων,

253 1833 358 1884 καὶ
391 1831 508 1890 τοῖς
543 1825 882 1895 βουλομένοις
921 1822 1040 1888 ἐξὸν
1074 1821 1296 1881 ἀπασιν,
1331 1819 1472 1888 ἀπερ
1502 1817 1566 1870 ἂν
1602 1815 1794 1868 θέλωσι
1821 1816 1950 1882 περὶ

253 1916 481 1971 ἑαυτῶν
529 1914 707 1981 λέγειν
750 1929 808 1964 τε
854 1910 948 1963 καὶ
999 1906 1370 1961 πιστεύεσθαι.
1401 1907 1578 1976 Λῆρος
1627 1902 1803 1955 ταῦτα
1853 1901 1951 1954 καὶ

256 2005 466 2072 γέλως,
513 2001 606 2053 καὶ
650 1999 859 2070 μωρίας
896 1996 1212 2065 Ἑλληνικῆς
1247 1995 1484 2064 ῥήματα.
1535 1989 1800 2057 Καθάπερ
1842 1987 1952 2060 γὰρ

260 2091 334 2145 ἂν
364 2090 421 2142 εί
443 2105 530 2150 τις
559 2086 859 2158 προαχθείη
888 2083 1124 2146 τοξεύειν
1152 2082 1243 2134 τὸν
1270 2080 1516 2151 οὐρανὸν,
1545 2078 1620 2140 ὡς
1648 2075 1953 2147 διαρῤήξων

262 2178 439 2230 αὐτὸν
476 2178 588 2238 τοῖς
621 2171 785 2225 αὐτοῦ
821 2171 1050 2240 βέλεσιν,
1081 2168 1114 2236 ἦ
1146 2166 1235 2220 τὸν
1272 2165 1522 2219 Ὠκεανὸν
1555 2163 1847 2228 ἐξαντλεῖν,
1879 2163 1955 2225 ὼς

261 2264 534 2317 κενώσων
578 2259 740 2314 αὐτὸν
788 2260 906 2318 ταῖς
956 2253 1150 2309 ἐαυτοῦ
1199 2252 1408 2323 χερσὶν,
1467 2252 1642 2312 οὐδεὶς
1695 2251 1841 2312 ὅστις
1892 2249 1954 2300 οὐ

257 2351 563 2420 γελάσεται
601 2345 709 2399 τῶν
746 2342 1105 2412 ἀστειοτέρων
1135 2340 1315 2402 αὐτὸν,
1349 2340 1397 2391 οί
1428 2339 1483 2390 δὲ
1520 2337 1832 2406 σεμνότεροι
1863 2336 1958 2388 καὶ

260 2436 637 2508 δακρύσονται
657 2433 886 2502 δάκρυσι
915 2430 1128 2492 πολλοῖς
1149 2444 1163 2458 ⁸
1190 2425 1361 2488 ο⁶ὐτως
1391 2427 1517 2478 ὅταν
1537 2426 1666 2494 ἡμῖν
1700 2423 1957 2492 Ἕλληνες

261 2524 622 2591 ἀντιλέγωσι,
662 2520 826 2590 γελᾷν
866 2518 1063 2579 αὐτοὺς
1105 2515 1199 2569 καὶ
1234 2513 1487 2584 δακρύειν
1531 2512 1693 2564 καλόν
1724 2527 1738 2541 ⁸
1779 2509 1959 2579 πολλῷ

262 2613 383 2682 γὰρ
406 2611 503 2663 τοῦ
534 2609 622 2662 τὸν
650 2606 876 2677 οὐρανὸν
903 2604 1134 2673 τρώσειν
1172 2603 1266 2655 καὶ
1307 2601 1404 2668 τήν
1439 2599 1672 2654 ἄϐυσσον
1702 2596 1958 2651 κενώσειν

266 2697 590 2760 ἐλπίζοντος
638 2693 1010 2765 ἀπορωτέροις
1050 2687 1384 2758 ἐπιχειροῦσι
1428 2689 1766 2756 πράγμασιν.
1819 2682 1959 2737 Οὔτε

265 2785 384 2855 γάρ
429 2783 492 2835 τὸ
531 2781 645 2850 φῶς
686 2781 837 2833 ἐσται
874 2779 1064 2840 σκότος
1100 2775 1249 2838 ποτὲ,
1287 2775 1390 2836 ἐως
1416 2773 1480 2826 ἀν
1598 2773 1734 2841 φῶς,
1766 2769 1890 2823 οὐτε
1927 2770 1960 2839 ή

265 2871 384 2924 τῶν
443 2869 575 2938 παρ’
627 2870 759 2938 ήμῖν
807 2865 1148 2937 πραγμάτων
1195 2862 1419 2933 ἀλήθεια
1472 2859 1914 2928 διελεγχθήσεται
1944 2873 1958 2887 ⁸

269 2956 511 3026 ἀλήθεια,
559 2954 668 3026 γάρ
702 2954 856 3006 ἐστι’
904 2951 1107 3020 ταύτης
1150 2950 1206 3003 δέ
1247 2948 1588 3019 ἰσχυρότερον
1633 2947 1805 2999 οὐδέν.
1845 2946 1963 2998 Ὅτι

275 3045 380 3115 μὲν
416 3039 513 3096 οῦν
538 3042 632 3094 καὶ
662 3040 732 3094 τά
760 3040 960 3108 ἀρχαῖα
988 3037 1024 3091 ἀ
1049 3038 1186 3107 ἀκοῇ
1214 3037 1393 3105 ἴσμεν,
1427 3038 1533 3088 τῶν
1562 3035 1844 3104 παρόντων
1870 3032 1970 3085 καὶ·

270 3128 578 3202 δρωμένων
600 3129 699 3196 οὐχ
724 3122 886 3198 ἧττόν
905 3127 1021 3177 ἐστι
1051 3124 1236 3183 πιστά.
1271 3124 1377 3185 πᾶς
1406 3120 1652 3173 ὁστισοῦν
1685 3121 1758 3191 μὴ
1789 3137 1967 3191 παρα-

274 3235 461 3272 πα.ων
495 3215 590 3268 καί
633 3211 940 3282 ἐξεστηκὼς
984 3210 1362 3280 ὁμολογήσειεν
1395 3209 1459 3262 ἀν
1484 3225 1496 3240 ο
1532 3209 1617 3260 ῐνα
1653 3207 1711 3260 δὲ
1763 3209 1855 3260 καὶ
1901 3210 1967 3261 ἐκ

275 3301 607 3375 περιουσίας
639 3301 738 3371 τὴν
774 3300 930 3368 νίκην
970 3296 1264 3367 ἀρώμεθα,
1309 3296 1565 3366 βούλομαι
1606 3296 1702 3348 καὶ
1739 3296 1831 3348 ἐπὶ
1871 3297 1969 3366 τῆς

275 3391 564 3464 ἡμετέρας
598 3388 791 3456 γενεᾶς
827 3384 1116 3455 γενόμενόν
1159 3400 1210 3436 τι
1253 3383 1548 3454 παράδοξον
1577 3384 1769 3436 εἰπεῖν.
1808 3383 1971 3436 Ἀλλά

281 3480 364 3550 μὴ
407 3475 748 3548 θορυϐηθῆτε
779 3475 829 3526 εἰ
873 3472 1058 3541 θαῦμα
1102 3472 1470 3540 ὑποσχόμενος
1508 3471 1655 3541 ἐρεῖν
1695 3470 1780 3541 ἐφ’
1811 3471 1973 3542 ήμῶν

277 3565 534 3638 γεγονὸς,
573 3558 693 3616 εἶτα
733 3563 799 3614 ἐκ
829 3561 1064 3622 παλαιᾶς
1102 3559 1342 3628 ἱστορίας
1378 3557 1617 3628 ἄρχομαι
1648 3557 1744 3610 τοῦ
1777 3556 1970 3635 διηγήέ

283 3670 462 3724 ματος
509 3651 752 3720 ὑφαίνειν
795 3648 892 3718 τήν
933 3648 1124 3718 ἀρχήν.
1179 3644 1316 3699 Οὐτε
1356 3646 1464 3716 γὰρ
1510 3647 1700 3717 μέχρις
1750 3645 1973 3698 ἐκείνων

281 3743 568 3811 στήσομαι
599 3737 779 3809 μόνον,
810 3734 932 3789 οὔτε
959 3734 1214 3804 ἀλλότρια
1246 3734 1347 3802 τῆς
1371 3733 1497 3797 νέας
1527 3732 1844 3800 ὑποθέσεως
1863 3731 1971 3802 ἐρῶ

277 3829 357 3881 τὰ
387 3827 630 3880 παλαιά·
656 3824 896 3894 ἀλλήλων
919 3821 1028 3891 γὰρ
1047 3822 1282 3891 ἑκάτερα
1309 3821 1507 3891 ἔχεται,
1532 3824 1626 3872 καὶ
1653 3819 1973 3889 διαζευχθῆ-

281 3933 380 3970 ναι
406 3914 508 3985 τήν
534 3911 852 3966 ἀκολουθίαν
878 3908 1056 3961 αὐτῶν
1083 3910 1184 3960 οὐκ
1210 3908 1288 3962 ένι
1308 3923 1320 3936 ·
1349 3907 1560 3960 είσεσθε
1587 3907 1644 3960 δέ
1666 3906 1848 3971 καλῶς
1874 3906 1974 3960 αὐ-

279 4002 400 4056 τῶν
432 4000 541 4053 τῶν
573 3998 912 4068 πραγμάτων
941 3995 1292 4056 ἀκούσαντες.

361 4087 425 4141 ε’.
466 4085 710 4150 Ἑγένετό
738 4101 820 4147 τις
837 4083 1086 4153 βασιλεὺς
1103 4081 1196 4136 ἐπὶ
1219 4080 1326 4134 τῶν
1357 4080 1636 4151 προγόνων
1649 4079 1756 4132 τῶν
1777 4078 1978 4150 ἡμετέ-

289 4192 438 4247 ρων,
465 4173 562 4226 καί
589 4171 658 4225 τά
694 4170 792 4240 μὲν
834 4169 968 4223 ἀλλα
1011 4169 1201 4230 ὁποῖός
1231 4185 1313 4230 τις
1352 4162 1419 4238 ἦν
1450 4160 1602 4229 οὗτος
1632 4167 1659 4218 ό
1702 4164 1975 4235 βασιλεὺς,

284 4265 396 4316 οὐκ
424 4260 534 4330 ἔχω
559 4259 738 4327 λέγειν
757 4275 772 4291 ·
798 4259 861 4311 τὸ
903 4259 959 4311 δέ
990 4259 1119 4325 ἀγος
1150 4258 1282 4328 ὅπερ
1311 4256 1609 4327 ἐτόλμησεν
1647 4254 1978 4316 ἀκούσαντες

287 4348 508 4402 εἰσεσθε
537 4347 632 4400 καὶ
661 4347 791 4417 περὶ
823 4345 922 4414 τῆς
954 4344 1148 4414 λοιπῆς
1179 4343 1286 4396 τῶν
1318 4344 1534 4413 τρόπων
1571 4342 1871 4413 ὠμότητος.
1913 4341 1980 4394 Τί

287 4429 390 4490 οὖν
419 4434 482 4487 τὸ
499 4435 633 4502 ἄγος
654 4427 754 4503 ἦνς
787 4431 1003 4495 Ἔδοξεν
1034 4430 1172 4483 ἐθνει
1193 4430 1300 4483 τινί
1328 4429 1436 4484 τῶν
1473 4429 1666 4501 ἐκείνῳ
1691 4431 1816 4481 πολε
1826 4429 1982 4499 μούν-

288 4538 408 4576 των
427 4520 507 4590 τῷ
531 4519 740 4590 βασιλεῖ
761 4518 1062 4572 καταλῦσαι
1085 4518 1173 4570 τὸν
1196 4519 1451 4588 πόλεμον,
1476 4518 1571 4570 καὶ
1597 4520 1733 4588 μήτε
1759 4517 1980 4588 ἐτέρους

289 4610 545 4670 κόπτειν,
580 4608 718 4676 μήτε
747 4606 943 4668 αὐτοὺς
969 4606 1072 4657 ὐπὸ
1103 4606 1300 4676 ἐτέρων
1330 4604 1625 4658 κόπτεσθαι
1651 4603 1746 4657 τοῦ
1767 4602 1978 4670 λοιποῦ,

293 4695 438 4748 ἀλλὰ
466 4694 807 4765 πραγμάτων
832 4693 931 4763 μὲν
955 4691 1316 4763 ἀπηλλάχθαι,
1339 4693 1432 4745 καὶ
1461 4691 1740 4756 κινδύνων,
1770 4692 1864 4743 καὶ
1889 4692 1983 4760 φό-

295 4783 434 4844 ϐων,
477 4781 727 4851 στέργειν
764 4780 822 4833 δὲ
853 4783 965 4843 τοῖς
993 4779 1317 4851 ὑπάρχουσι,
1353 4778 1446 4832 καὶ
1481 4777 1645 4848 μηδὲν
1680 4779 1844 4832 πλέον
1873 4779 1982 4833 τῶν

293 4868 472 4921 ὄντων
497 4866 776 4939 ἐπιζητεῖν
797 4885 813 4900 ο
848 4870 1098 4939 κρεῖττον
1130 4867 1236 4938 γάρ
1266 4863 1404 4919 εἶναι
1433 4867 1570 4936 μετὰ
1598 4865 1827 4934 ἀφοϐίας
1856 4868 1985 4922 ἀπο-

292 4954 488 5008 λαύειν
526 4954 866 5026 μετρίων,,ή
897 4954 990 5008 τοῦ
1022 4954 1263 5016 πλείονος
1305 4953 1624 5024 ἐφιεμένους
1665 4953 1982 5019 δεδοικέναι,

294 5047 400 5094 καὶ
430 5042 656 5112 τρέμειν
695 5042 802 5106 ἀεὶ,
843 5043 936 5095 καὶ
967 5041 1111 5095 κακά
1147 5041 1329 5103 αὐτοῖς
1355 5058 1414 5093 τε
1450 5042 1542 5094 καὶ
1579 5041 1784 5112 ἐτέροις
1813 5041 1984 5094 διδόν-

295 5144 404 5190 τας
434 5129 529 5182 καὶ
560 5130 689 5200 παρ’
720 5127 922 5200 ἐτέρων
954 5113 1329 5198 λαμϐάνοντας
1359 5127 1476 5197 ζῇν.
1520 5127 1688 5192 Δόξαν
1721 5127 1784 5198 δή
1816 5145 1985 5180 κατα-

296 5215 494 5270 θέσθαι
519 5217 611 5270 τὸν
630 5216 883 5285 πόλεμον,
914 5217 1009 5270 καὶ
1036 5217 1125 5269 τὸν
1154 5215 1483 5285 ἀπράγμονα
1514 5214 1625 5284 βίον
1655 5214 1774 5285 ζῇν,
1808 5214 1984 5280 ἔδοξεν

301 5294 514 5366 ισχυρῷ
537 5312 642 5348 τινι
671 5295 857 5366 θεσμῷ
879 5297 971 5349 καὶ
991 5297 1138 5367 ὅροις
1159 5296 1185 5334 δ
1210 5293 1474 5362 ἀσφαλέσι
1498 5293 1658 5346 τοῦτο
1679 5295 1982 5364 καταδῆσαι

297 5372 371 5424 τὸ
424 5372 621 5424 καλόν·
677 5373 771 5426 καὶ
820 5375 1178 5443 ποιησάμενοι
1234 5373 1525 5441 συνθήκας,
1580 5373 1671 5424 καὶ
1733 5372 1986 5436 λαϐόντες

298 5453 524 5520 ὅρκους,
550 5452 644 5504 καὶ
673 5451 874 5516 δόντες,
901 5452 1051 5525 [545]
1081 5455 1144 5506 ἐκ
1172 5452 1487 5524 περιουσίας
1519 5451 1838 5520 ἐπεχείρουν
1868 5451 1988 5503 πεί-

301 5528 422 5581 θειν
452 5528 546 5582 τὸν
574 5529 794 5599 βασιλέα
820 5531 912 5584 τὸν
943 5531 1142 5594 αὐτῶν,
1173 5531 1265 5584 τὸν
1312 5531 1410 5584 οίὺν
1438 5531 1528 5583 τὸν
1558 5530 1719 5583 αὐτοῦ
1751 5530 1985 5601 (παιδίον

299 5607 368 5662 δὲ
386 5601 453 5676 ἦν
480 5608 672 5679 κομιδῇ
682 5625 697 5672 ι
720 5611 819 5680 τῆς
853 5611 1074 5682 εἰρήνης
1107 5611 1358 5680 ἐνέχυρον
1391 5609 1692 5662 καταθέντα
1721 5610 1980 5679 ἀσφαλὲς,

298 5687 420 5748 τοῖς
439 5701 499 5738 τε
525 5688 788 5758 πρότερον
809 5689 1086 5759 πολεμίοις
1106 5685 1224 5742 οὖσι
1249 5687 1507 5758 παρέχειν
1537 5688 1776 5758 θαρρεῖν,
1805 5690 1904 5759 τῆς
1923 5706 1982 5740 τε

301 5767 514 5832 οἰκείας
554 5769 780 5839 γνώμης
828 5771 1124 5842 μαρτύριον
1157 5771 1478 5838 ἐξενιτκεῖν,
1511 5772 1587 5834 ὼς
1640 5771 1842 5836 ἀδόλως
1885 5771 1982 5842 τὴν

371 5897 396 5962 _'
418 5897 517 5962 ᾼιῑι
538 5896 625 5946 τοῦ
649 5899 938 5962 πράγματος.

369 5955 398 5996 δ
426 5959 561 6008 laus
581 5955 794 6011 sccdnciin
818 5955 958 6012 Inzuin
979 5966 1150 6020 ὅρκοις.

1137 419 1226 476 DE
1258 417 1316 476 s.
1352 414 1650 480 BABYLA,
1692 407 1972 468 comm
2000 403 2344 462 JULIANUM
2382 403 2467 459 ετ
2506 399 2852 460 GENTILES

2048 505 2271 574 εἰρήνην
2303 506 2671 574 πεποιημένου
2707 505 2844 575 πρὸς
2879 503 3097 566 αὐτούς.
3129 504 3238 557 Καὶ
3270 503 3444 558 ταῦτα
3481 504 3728 574 λέγοντες

2047 586 2292 648 ἔπεισαν,
2322 588 2415 639 καὶ
2452 587 2680 650 ἐξέδωκε
2708 587 2798 638 τὸν
2825 586 2939 638 υἱὸν
2961 587 2990 638 6
3023 585 3295 656 βασιλεὺς,
3325 587 3400 648 ὡς
3439 586 3538 656 μὲν
3567 587 3728 651 αὐτὸς

2046 667 2203 738 ᾤετο,
2239 669 2352 729 τοῖς
2391 667 2566 735 φίλοις
2604 668 2698 719 καὶ
2729 667 3059 737 συμμχοις,
3088 667 3165 729 ὡς
3194 667 3250 720 δὲ
3275 667 3336 720 τὸ
3364 668 3512 731 τέλος
3539 666 3728 731 ἔδειξε,

2047 748 2123 819 τῷ
2150 749 2365 802 πάντων
2397 749 2755 818 ἀπηνεστάτῳ
2785 748 2976 820 θηρίῳ.
3006 749 3201 801 Λαϐὼν
3232 750 3338 820 γάρ
3369 751 3517 820 νόμῳ
3548 751 3734 820 φιλίας

2052 831 2143 884 καὶ
2169 829 2452 900 συνθηκῶν
2471 831 2534 881 τὸ
2557 830 2766 882 παιδίον
2787 831 2960 883 ἐκεῖνο
2983 831 3044 884 τὸ
3071 832 3370 900 βασιλικὸν,
3398 833 3574 886 πάντα
3595 833 3731 902 ὁμοῦ

2054 913 2399 981 κατεπάτησε
2432 911 2528 963 καὶ
2563 909 2824 980 ἀνέτρεψε
2882 912 3009 976 τοὺς
3042 913 3259 982 ὅρκους,
3298 913 3395 977 τάς
3437 914 3732 985 συνθήκας,

2048 993 2147 1064 τὴν
2173 993 2309 1063 πρὸς
2337 991 2657 1062 ἀνθρώπους
2687 993 2841 1054 αἰδῶ,
2873 993 2970 1064 τὴν
3003 994 3137 1065 πρὸς
3161 997 3219 1047 τὸ
3241 995 3395 1049 Θεῖον
3424 996 3731 1062 εὐλάϐειαν,

2049 1075 2140 1128 τὸν
2171 1075 2409 1145 ἀπὺξτῆς
2432 1075 2648 1145 ἡλικίας
2683 1076 2831 1129 ἔλεον
2859 1092 2872 1106 ”
2901 1077 2995 1130 καὶ
3029 1076 3151 1129 οὐτε
3182 1080 3213 1148 ή
3246 1079 3434 1147 νεότης
3462 1079 3522 1130 τὸ
3548 1079 3736 1148 θηρίον

2051 1157 2390 1227 ἐπέκαμψεν,
2421 1157 2545 1210 οὐτε
2581 1159 2613 1229 ή
2642 1159 2998 1231 παρεπομένη
3029 1163 3140 1221 τοῖς
3166 1161 3427 1224 τοιούτοις
3463 1161 3736 1230 μιάσμασι

2050 1239 2171 1310 δίκη
2208 1241 2298 1294 τὸν
2329 1241 2518 1311 ἄγριον
2546 1241 2751 1293 ἐκεῖνον
2781 1241 3072 1310 ἐφόϐησεν,
3103 1240 3228 1293 οὐτε
3261 1241 3328 1294 τὰ
3356 1242 3449 1293 τοῦ
3484 1259 3735 1312 παρακα-

2051 1323 2347 1392 ταθεμένου
2389 1323 2593 1393 πατρὸς
2621 1323 2784 1375 αὐτὸν
2820 1321 3037 1391 εἰσῆλθε
3084 1325 3321 1393 ῥήματα,
3347 1321 3490 1391 ἆπερ
3531 1325 3737 1386 ἐκεῖνος

2051 1406 2142 1458 τὸν
2171 1406 2283 1458 υἱὸν
2316 1405 2638 1475 ἐγχειρίζων
2670 1405 2799 1468 ἴσως
2843 1406 3208 1476 ἐπέσκηπτεν,
3251 1406 3308 1456 ἐν
3347 1403 3636 1474 ἐπιμελείᾳ
3678 1414 3736 1457 τε

2053 1490 2213 1542 αὐτὸν
2240 1489 2382 1557 ἔχειν
2413 1488 2576 1552 ἀξιῶν
2604 1488 2796 1558 πολλῇ,
2828 1489 2921 1540 καὶ
2956 1488 3168 1558 πατέρα
3199 1488 3360 1541 αὐτὸν
3386 1487 3738 1557 ἐπιφημίζων

2052 1572 2130 1642 τῷ
2163 1572 2333 1636 παιδὶ,
2371 1571 2464 1623 καὶ
2488 1572 2562 1632 ὠς
2593 1570 2754 1624 αὐτὸν
2787 1571 3174 1640 γεγεννηκότα,
3215 1568 3358 1622 οῦτω
3389 1569 3612 1640 τρέφειν
3647 1570 3740 1620 καὶ

2055 1654 2328 1706 παιδεύειν
2367 1653 2718 1724 παρακαλῶν,
2766 1655 2859 1705 καὶ
2899 1654 2997 1723 τῆς
3037 1653 3146 1705 τῶν
3195 1654 3411 1706 οἰκείων
3458 1652 3741 1723 προγόνων

2055 1735 2332 1804 εὐγενείας
2385 1736 2532 1802 ἀξιον
2586 1737 2962 1803 ἀποφαίνεινο·
3012 1737 3108 1791 καὶ
3168 1737 3308 1806 μετά
3362 1735 3570 1788 τούτων
3632 1735 3742 1788 τῶν

2059 1818 2318 1888 ῥημάτων
2354 1817 2454 1888 τήν
2478 1816 2657 1881 δεξιὰν
2705 1817 2799 1870 τοῦ
2857 1817 3044 1880 παιδὸς
3088 1820 3156 1888 τῇ
3207 1817 3357 1887 δεξιᾷ
3402 1817 3497 1869 τοῦ
3537 1817 3744 1886 φονέως

2058 1899 2305 1960 ἐντιθεὶς,
2342 1901 2438 1952 καί
2479 1900 2617 1967 μετά
2649 1897 2900 1968 δακρύων
2934 1898 3284 1968 διαλυόμενος
3311 1915 3324 1928 ·
3355 1899 3561 1951 τούτων
3591 1899 3743 1952 οὐδὲν

2059 1984 2139 2043 εἰς
2185 1981 2306 2034 νοῦν
2339 1983 2366 2033 ὁ
2403 1981 2599 2052 μιαρὸς
2639 1980 2845 2056 ἐκεῖνος.
2875 1980 3120 2042 ἐϐάλετο,
3167 1979 3304 2032 ἀλλά
3347 1982 3529 2033 πάντα
3581 1981 3744 2049 ῥίψας

2059 2059 2269 2130 ἀθρόως
2309 2060 2416 2112 ἀπὸ
2449 2061 2547 2130 τῆς
2582 2059 2780 2130 ψυχῆς,
2816 2059 2904 2110 τὸν
2947 2059 3106 2126 φόνον
3141 2061 3347 2112 ἐκεῖνον
3389 2057 3482 2111 τὸν
3525 2059 3744 2110 πάντων

2061 2141 2419 2208 ἐναγέστατον
2454 2142 2561 2194 τῶν
2594 2142 2769 2208 φόνων
2797 2141 3108 2211 ἐργάζεται.
3144 2143 3316 2194 Τοῦτο
3354 2142 3462 2212 γὰρ
3493 2141 3587 2193 καὶ
3616 2157 3745 2191 παι-

2060 2225 2338 2298 δοκτονίας
2378 2226 2558 2294 χεῖρον
2613 2227 2673 2277 τὸ
2727 2225 2974 2295 μίασμαο
3019 2225 3114 2276 καλ⁵
3149 2225 3427 2294 μάρτυρες
3478 2225 3655 2294 ὑμεῖς,
3697 2225 3746 2274 οἱ

2062 2308 2163 2360 οὐκ
2213 2307 2498 2368 ἂνούτως
2543 2306 2880 2376 ἀλγήσαντες
2912 2318 2960 2370 ο,
2997 2309 3154 2378 εἴπερ
3205 2310 3318 2369 τοῖς
3362 2308 3515 2374 ἐμοῖς
3549 2307 3745 2359 πάθεσι

2064 2391 2159 2442 καὶ
2218 2390 2287 2441 τά
2345 2390 2587 2458 ὑμέτερα
2648 2390 3006 2459 στοχάζεσθαι
3065 2392 3192 2460 χρὴ,
3252 2392 3300 2442 εἰ
3353 2391 3445 2442 τὸν
3498 2390 3611 2442 υίὸν
3665 2391 3747 2442 ὃτι

2065 2470 2400 2540 κατέσφαξεν
2427 2472 2694 2540 ήκούσατε
2734 2473 2822 2524 τὸν
2861 2472 3054 2525 ἐαυτοῦ
3079 2489 3093 2503 ο
3123 2473 3240 2525 τότε
3301 2473 3399 2542 μὲν
3449 2473 3557 2543 γὰρ
3611 2473 3750 2542 μετά

2064 2555 2173 2606 τῶν
2202 2554 2392 2607 κοινῶν
2419 2554 2598 2624 νόμων
2633 2555 2728 2606 καὶ
2760 2555 2808 2605 οἱ
2839 2553 2938 2623 τῆς
2965 2555 3179 2623 φύσεως
3207 2555 3422 2608 ἐδόκουν
3453 2556 3751 2626 ἀνατετρά-

2068 2638 2198 2705 φθαι
2238 2635 2426 2706 θεσμοί
2451 2653 2463 2663 ·
2501 2636 2735 2688 ἐνταῦθα
2761 2636 2818 2688 δὲ
2852 2636 3022 2689 πολλὰ
3049 2637 3184 2706 ὁμοῦ
3218 2638 3679 2708 συνδεδράμηκεν,
3714 2638 3753 2694 ἃ.

2067 2717 2162 2769 καὶ
2188 2719 2285 2787 τῆς
2312 2718 2547 2786 φυσικῆς
2572 2719 2816 2790 ἀνάγκης
2845 2719 3170 2789 ἰσχυρότερα
3194 2715 3273 2785 τῷ
3300 2719 3495 2791 πλήθει
3518 2721 3750 2788 γίνεται.

2071 2800 2237 2858 Ὅταν
2266 2801 2375 2869 γὰρ
2404 2802 2640 2870 ἐννοήσω
2671 2801 2732 2852 τὸ
2765 2803 3055 2875 μειράκιον
3078 2801 3138 2853 τὸ
3179 2803 3344 2872 μηδὲν
3379 2802 3657 2872 ήδικηκὸς,
3691 2801 3754 2854 τὸ

2071 2883 2221 2954 παρά
2247 2884 2340 2936 τοῦ
2373 2883 2576 2953 πατρὸς
2605 2883 2842 2946 ἐκδοθὲν,
2869 2883 2930 2936 τὸ
2962 2884 3071 2936 τῶν
3101 2885 3440 2954 προγονικῶν
3469 2884 3755 2956 βασιλείων

2069 2966 2446 3028 ἀποσπασθὲν,
2493 2967 2720 3036 καὶτῆς
2761 2967 2967 3030 οἰκείας
3015 2967 3251 3036 τρυφῆς,
3295 2968 3390 3021 καὶ
3436 2968 3614 3037 δόξης,
3664 2968 3756 3019 καὶ

2071 3049 2256 3119 τιμῆς,
2319 3049 2684 3120 ἀλλαξάμενον
2737 3050 2835 3121 τήν
2894 3054 2952 3103 ἐν
3009 3049 3268 3121 ἀλλοτρίᾳ
3318 3050 3614 3121 διαγωγὴν,
3669 3052 3758 3103 ἵνα

2072 3133 2166 3202 ἐξῇ
2222 3131 2299 3202 τῷ
2354 3133 2533 3203 μιαρῷ
2580 3132 2801 3205 θαρρεῖν
2853 3133 3046 3206 ἐκείνῳ
3106 3136 3230 3204 περί
3287 3133 3396 3186 τῶν
3449 3133 3756 3204 συνθηκῶν,

2074 3212 2192 3270 εἶτα
2235 3218 2326 3269 ὐπ’
2377 3216 2540 3269 αὐτοῦ
2589 3217 2982 3288 κατεργασθέν,
3031 3218 3126 3271 καὶ
3165 3217 3274 3270 τῶν
3308 3216 3443 3269 οἶκοι
3489 3217 3759 3288 λαμπρῶν

2076 3301 2142 3354 δι’
2162 3302 2323 3356 αὐτὸν
2348 3301 2738 3372 ἀπστερηθέν,
2753 3303 2846 3354 καὶ
2872 3302 2963 3354 ὐπ’
2981 3300 3145 3354 αὐτοῦ
3168 3300 3326 3354 πάλιν
3345 3301 3667 3368 ἀποσφαγὲν
3704 3300 3757 3366 ἀ,

2077 3386 2318 3439 ἐναντίον
2333 3403 2383 3438 τι
2399 3385 2594 3454 πάσχω
2612 3384 2801 3448 πάθος,
2821 3384 3115 3454 τηκόμενός
3131 3400 3190 3434 τε
3204 3383 3336 3453 ὁμοῦ
3353 3383 3452 3453 τὴν
3470 3383 3645 3454 ψυχὴν
3666 3383 3763 3436 καὶ

2077 3469 2316 3533 ἐξοιδῶν,
2346 3469 2420 3521 ’τὺ
2460 3470 2556 3538 μὲν
2588 3467 2682 3521 τοῦ
2714 3467 2908 3537 θυμοῦ,
2938 3469 2999 3519 τὸ
3037 3468 3092 3520 δὲ
3125 3466 3226 3535 τῆς
3263 3467 3500 3537 ἀθυμίας
3528 3468 3760 3536 ἐργαζο-

2081 3551 2268 3622 μένης.
2300 3551 2468 3604 Ὂταν
2502 3551 2601 3620 μὲν
2627 3549 2734 3620 γὰρ
2761 3551 3000 3621 ἐννοήσω
3028 3551 3120 3602 τὸν
3144 3549 3342 3621 μιαρὸν
3372 3552 3579 3604 ἐκεῖνον
3604 3550 3761 3602 όπλι-

2081 3635 2326 3704 ζόμενον,
2384 3633 2478 3686 καὶ
2530 3632 2592 3686 τὸ
2651 3633 2801 3700 ξίφος
2851 3632 3218 3698 ἀνατείνοντα,
3277 3633 3371 3686 καὶ
3420 3634 3518 3704 τήν
3580 3633 3762 3705 δειρὴν

2080 3718 2382 3787 κατέχοντα
2407 3715 2500 3769 τοῦ
2528 3713 2737 3779 παιδὸς,
2772 3717 2866 3769 καὶ
2894 3715 2992 3786 τὴν
3017 3715 3219 3780 δεξιὰν,
3313 3717 3412 3787 τὴν
3443 3733 3762 3786 παρακατα-

2082 3798 2257 3869 θήκην
2303 3797 2538 3863 ἐδέξατο,
2576 3795 2752 3870 ταύτῃ
2804 3799 2923 3849 κατ’
2973 3798 3142 3868 αὐτῆς
3194 3797 3438 3851 ὠθοῦντα
3485 3800 3546 3851 τὸ
3587 3798 3758 3868 ξίφος,

2080 3882 2482 3954 διαρρήγνυμαι
2510 3881 2604 3932 καὶ
2627 3879 2999 3949 ἀποπνίγομαι
3025 3881 3102 3950 τῷ
3132 3879 3290 3951 θυμῷ
3313 3895 3329 3912 ο
3363 3881 3490 3934 ὃταν
3519 3881 3576 3934 δὲ
3600 3883 3763 3936 πάλιν

2085 3962 2178 4015 ῐδω
2219 3964 2309 4016 τὸν
2352 3963 2471 4016 νέον
2514 3961 2807 4027 δεδοικότα,
2851 3962 2947 4014 καὶ
2988 3964 3279 4034 τρέμοντα,
3320 3964 3414 4016 καὶ
3460 3963 3762 4032 οἰμώζοντα

2081 4046 2182 4109 τὰς
2210 4047 2442 4117 ἐσχάτας
2464 4043 2730 4115 οἰμωγὰς,
2757 4045 2850 4098 καί
2877 4045 2967 4097 τὸν
2997 4046 3210 4115 πατέρα
3243 4045 3641 4113 ἀνακαλοῦντα,
3668 4049 3766 4100 καὶ

2082 4131 2288 4185 τούτων
2335 4133 2513 4184 αἴτιον
2576 4131 2738 4182 αὐτὸν
2795 4129 3124 4199 γεγενῆσθαι
3185 4129 3455 4198 λέγοντα,
3519 4134 3614 4187 καί
3666 4138 3765 4207 τὴν

2086 4212 2301 4284 σφαγὴν
2330 4215 2392 4266 οὐ
2423 4211 2503 4282 τῷ
2538 4212 2854 4283 βαπτίζοντι
2880 4213 2941 4264 τὸ
2971 4210 3124 4281 ξίφος
3157 4214 3237 4277 εἰς
3267 4213 3360 4266 τὸν
3391 4215 3604 4285 λαιμὸν,
3630 4217 3768 4272 ἀλλά

2084 4298 2163 4369 τῷ
2190 4297 2540 4366 γεγεννηκότι
2561 4296 2927 4367 λογιζόμενον,
2944 4297 3034 4350 καὶ
3061 4297 3135 4368 μὴ
3163 4297 3456 4368 δυνάμενον
3481 4303 3764 4369 ἐκφυγεῖν,

2090 4387 2225 4456 μηδέ
2262 4385 2538 4456 ἐπαμῦναι
2578 4384 2776 4454 ἐαυτῷ,
2815 4385 2928 4438 ἀλλ’
2967 4387 3209 4456 ἀνήνυτα
3256 4387 3442 4442 λοιπὸν
3480 4389 3557 4460 τῷ
3595 4408 3769 4461 φυσα-

2091 4470 2238 4540 μένῳ
2293 4469 2660 4540 μεμφόμενον,
2716 4469 2810 4521 καὶ
2863 4469 3154 4539 δεχόμενον
3210 4470 3309 4542 τὴν
3369 4473 3606 4544 πληγὴν,
3674 4477 3771 4527 καὶ

2088 4554 2427 4624 ἀσπαίροντα
2453 4565 2498 4616 θ,
2540 4552 2635 4606 καὶ
2679 4551 2999 4615 λακτίζοντα
3049 4551 3335 4622 τοῦδαφος,
3379 4556 3474 4608 καὶ
3515 4558 3615 4628 τὴν
3666 4560 3769 4628 γῆν

2087 4640 2200 4697 τοῖς
2230 4636 2338 4689 τῶν
2380 4635 2628 4706 αἱμάτων
2671 4635 2968 4704 μολύνοντα
3004 4641 3271 4708 κρουνοῖς,
3307 4639 3669 4711 διακόπτομαι
3703 4643 3771 4697 τὰ

2091 4718 2241 4791 [544]
2278 4718 2580 4789 σπλάγχνα,
2616 4719 2712 4772 καὶ
2745 4719 3043 4788 σκοτοῦμαι
3085 4720 3175 4773 τὸν
3223 4721 3502 4792 λογισμὸν,
3539 4723 3630 4777 καί
3668 4724 3770 4792 μού

2088 4817 2172 4863 τις
2199 4803 2366 4872 ἀχλὺς
2395 4801 2628 4872 ἀθυμίας
2657 4809 2975 4875 καταχεῖται
3005 4808 3116 4868 τοῖς
3143 4806 3462 4876 ὀφθαλμοῖς.
3507 4807 3645 4860 Ἀλλ’
3674 4808 3772 4876 οὐχ

2089 4891 2118 4942 6
2151 4889 2253 4959 θὴρ
2285 4890 2490 4950 ἐκεῖνος
2527 4887 2696 4940 ἔπαθέ
2736 4905 2789 4940 τι
2821 4889 3061 4942 τοιοῦτον
3091 4890 3263 4954 οὐδὲν,
3295 4892 3409 4944 ἀλλ’
3437 4891 3626 4961 ὥσπερ
3652 4892 3771 4945 τινὰ

2090 4971 2253 5041 ἀρνὸν
2276 4970 2296 5008 ί
2334 4969 2622 5024 καταθύειν
2656 4971 2864 5041 μέλλων
2892 4973 2924 5041 ἢ
2965 4973 3186 5042 μόσχον,
3215 4973 3358 5027 οὕτω
3384 4975 3594 5045 διετέθη
3634 4976 3770 5046 πρὸς

2088 5059 2189 5127 τήν
2243 5055 2444 5126 μιαρὰν
2494 5055 2708 5125 ἐκείνην
2748 5057 2984 5126 σφαγήν.
3036 5057 3146 5109 Καὶ
3188 5059 3217 5109 6
3269 5059 3368 5127 μὲν
3411 5062 3540 5121 παῖς
3592 5057 3773 5111 ἔκειτο

2089 5139 2282 5210 νεκρὸς
2309 5139 2598 5209 δεξάμενος
2620 5140 2719 5208 τὴν
2746 5139 2982 5212 πληγήν,
3011 5141 3038 5192 6
3060 5141 3116 5194 δὲ
3141 5143 3379 5210 σφαγεὺς
3404 5142 3773 5213 ἐπηγωνίζετο

2099 5221 2168 5293 τῷ
2199 5221 2487 5292 μιάσματι,
2522 5223 2634 5283 τοῖς
2667 5222 2938 5292 δευτέροις
2969 5226 3038 5276 τά
3071 5225 3313 5296 πρότερα
3340 5226 3652 5296 ἀποκρύψαι
3685 5245 3776 5296 φι-

2092 5308 2367 5362 λονεικῶν.
2412 5307 2566 5376 Τάχα
2603 5307 2671 5378 μέ
2700 5324 2784 5370 τις
2817 5307 2987 5360 οἴεταί
3024 5327 3077 5362 τι
3113 5311 3242 5381 περὶ
3272 5311 3372 5382 τῆς
3400 5311 3578 5380 ταφῆς
3606 5313 3773 5383 ἐρεῖν,

2093 5394 2188 5447 καὶ
2226 5394 2307 5445 ὄτι
2354 5391 2492 5462 μετά
2521 5393 2618 5459 τὴν
2651 5391 2865 5461 σφαγὴν
2900 5392 3022 5445 οὐδέ
3070 5393 3329 5464 βραχείας
3359 5395 3436 5464 τῷ
3465 5395 3776 5463 φονευθέντι

2097 5477 2368 5546 μετέδωκε
2396 5475 2498 5543 γῆς
2523 5490 2536 5503 ·
2574 5472 2686 5541 ἐγὼ
2729 5475 2785 5528 δέ
2831 5492 2884 5528 τι
2925 5477 3118 5529 τούτου
3146 5477 3546 5548 τολμηρότερον
3590 5477 3779 5548 ἕτερον

2094 5559 2224 5629 ἐρῶ.
2258 5557 2370 5620 Τάς
2403 5557 2512 5627 γάρ
2540 5557 2774 5628 ἀνόμους
2809 5561 2997 5629 χεῖρας
3035 5560 3249 5623 ἐκείνας
3288 5560 3512 5631 τοιούτῳ
3543 5561 3778 5631 μολύνας

2094 5642 2310 5712 αἵματι,
2365 5638 2461 5693 καὶ
2510 5638 2606 5709 τὴν
2660 5640 2853 5711 καινὴν
2905 5643 3280 5714 ἐργασάμενος
3326 5645 3652 5716 τραγῳδίαν,
3701 5647 3780 5714 ὡς

2159 5775 2183 5835 ξ
2206 5771 2300 5820 Alii
2328 5772 2373 5835 οἳ
2399 5772 2486 5819 οὐκ
2507 5772 2564 5819 ἂν
2585 5774 2735 5830 οὕτως
2754 5775 3012 5835 ἠλγῆσατε.

2157 5832 2185 5871 ά
2211 5837 2244 5881 Α
2257 5835 2310 5895 lii
2325 5833 2642 5895 ἀποσφαχθὲν.

2168 5897 2192 5956 _‘
2220 5893 2314 5941 Alii
2342 5893 2617 5956 σπαίροντα.

2161 5948 2178 5986 ί
2215 5955 2364 6005 Savil.
2391 5963 2442 6005 et
2464 5948 2546 6006 hiii
2573 5959 2794 6020 ῶσπερττ
2818 5957 2994 6019 ἀρνίον.
