4220 6316
524 394 625 455 5M

518 509 672 564 οὐδὲν
707 509 843 572 ὅλως
880 509 1224 577 τετολμηκὼς
1258 505 1286 557 6
1331 503 1568 573 ἀναιδὴς,
1608 504 1701 556 καὶ
1741 502 1953 573 πετρῶν
1995 500 2172 554 αὐτῶν

520 598 896 667 σκληρότερος,
928 594 1061 661 πρὸς
1100 592 1197 662 τὴν
1236 591 1554 659 Ἐκκλησίαν
1586 589 1839 658 ἠπείγετο
1880 588 1974 640 τοῦ
2015 588 2172 643 Θεοῦ.

520 686 631 737 Καὶ
670 685 797 745 ἴσως
832 682 972 743 τινὲς
1011 678 1367 748 θαυμάζουσι,
1400 676 1515 739 πῶς
1553 676 1651 728 οὑκ
1680 674 1890 744 ἐπλήγη
1930 673 2175 744 θεηλάτῳ

520 770 700 838 πληγῇ
758 764 980 819 τοιαῦτα
1027 764 1262 834 τολμῶν,
1310 762 1344 833 ἢ
1392 762 1521 826 πῶς,
1556 762 1654 815 οὑκ
1700 761 1981 831 ἐπαφῆκεν
2027 762 2175 831 αὐτῷ

521 854 758 924 σκηπτὸν
808 852 1012 907 ἀνωθεν
1062 853 1090 904 ό
1148 850 1298 913 Θεὸς,
1362 850 1457 903 καὶ
1513 848 1617 919 πρὸ
1672 848 1769 918 τῆς
1822 849 2025 901 εἰσόδου
2076 848 2175 917 τὴν

519 941 867 1011 ἀναίσχυντον
912 940 1031 1007 ὄψιν
1080 935 1374 1005 κατέφλεξε
1415 936 1491 1006 τῷ
1535 933 1780 1005 κεραυνῷ
1807 952 1819 964 ·
1867 932 1977 1001 ἐγὼ
2022 934 2077 987 δέ
2124 934 2177 986 εἴ

517 1044 661 1090 τινες
706 1027 891 1078 ἔλαϐον
920 1024 1103 1077 τοῦτον
1142 1022 1232 1075 τὸν
1275 1020 1551 1091 λογισμὸν,
1593 1020 1795 1073 ἐπαινῶ
1841 1019 1939 1089 μὲν
1980 1020 2173 1082 αὐτοὺς

519 1119 614 1172 καὶ
663 1116 921 1185 θαυμάξω
966 1114 1065 1183 τῆς
1116 1114 1430 1183 πυρώσεως,
1481 1111 1683 1163 λείπειν
1730 1110 1786 1162 δέ
1834 1109 2076 1171 αὑτοῦςι
2109 1110 2170 1160 οὐ

523 1203 715 1274 μικρὸν
751 1202 827 1271 τῷ
863 1199 1101 1269 θαύματι
1144 1197 1316 1266 τούτῳ
1348 1197 1438 1249 καὶ
1477 1197 1587 1258 τοῖς
1621 1196 1857 1255 ἐπαίνοις
1890 1193 2049 1263 φημί.
2082 1196 2173 1246 Δι-

519 1288 678 1341 καίαν
710 1287 805 1357 μὲν
835 1287 940 1357 γὰρ
968 1285 1065 1355 τὴν
1092 1284 1458 1353 ἀγανάκτησιν
1484 1281 1638 1350 ἔσχον
1664 1281 1803 1351 ὑπέρ
1827 1297 1885 1333 τε
1934 1279 2027 1332 τοῦ
2074 1281 2173 1333 οὐκ

519 1376 576 1429 ἐν
606 1373 727 1445 δίκη
758 1374 1157 1434 κατακοπέντος
1186 1370 1386 1437 παιδὸς,
1442 1370 1582 1439 ὑπέρ
1639 1386 1699 1421 τε
1738 1368 1846 1421 τῶν
1896 1366 1988 1420 τοῦ
2037 1366 2171 1420 Θεοῦ

520 1463 697 1532 νόμων
767 1460 937 1523 οὕτως
1013 1457 1371 1529 ὑϐρισθέντων
1430 1455 1655 1525 ἰταμῶς,
1705 1455 1837 1507 ἀλλὰ
1889 1455 1964 1525 τῷ
2018 1453 2173 1524 θυμῷ

518 1547 748 1612 ζέοντες,
776 1548 836 1600 ού
873 1546 1104 1600 συνεῖδον
1132 1545 1252 1597 ὅσον
1284 1544 1408 1596 ἰδεῖν
1430 1543 1457 1581 δ
1482 1544 1647 1613 ἐχρῆν
1666 1559 1679 1573 ·
1711 1540 1803 1594 τοῦ
1834 1541 1939 1614 γὰρ
1967 1540 2171 1593 δικαίου

517 1635 702 1688 τούτου
729 1634 1096 1705 νόμος-ἔτερος
1119 1631 1385 1702 ἀνώτερος
1411 1629 1585 1698 πολλῷ
1607 1632 1779 1682 κεῖται
1802 1630 1857 1681 ἐν
1882 1631 1990 1691 τοῖς
2013 1629 2175 1697 ούρα-

516 1727 644 1785 νοῖς.
689 1723 783 1786 Τίς
812 1720 903 1775 οὖν
932 1725 1077 1775 ἐστιν
1117 1723 1144 1773 ό
1184 1720 1375 1788 νόμος;
1408 1719 1529 1780 Τοῖς
1560 1717 1897 1786 ἡμαρτηκόσι
1930 1715 2002 1784 μὴ
2031 1716 2171 1770 κατά

515 1810 680 1872 πόδας
701 1810 797 1880 τὴν
822 1807 1087 1878 τιμωρίαν
1117 1806 1359 1875 ἐπάγειν,
1389 1803 1502 1857 ἀλλ’
1530 1804 1783 1856 ἐνδιδόναι
1807 1801 1885 1871 τῷ
1918 1802 2171 1871 πεπλημ-

520 1898 775 1969 μεληκότι
823 1896 1043 1965 χρόνους
1093 1894 1185 1946 καὶ
1231 1891 1584 1964 προθεσμίαν,
1632 1890 1770 1942 ὥστε
1817 1889 1877 1941 16
1922 1888 2173 1959 πλημμε-

515 1984 677 2054 ληθέν
714 1982 1098 2044 ἀποδύσασθαι,
1142 1981 1234 2033 καὶ
1268 1978 1357 2031 διὰ
1387 1978 1486 2048 τῆς
1533 1975 1815 2047 μετανοίας
1854 1975 2171 2046 ἐξισωθῆναι

515 2073 623 2133 τοῖς
650 2068 798 2121 οὐδὲν
824 2066 1201 2137 είργασμένοις
1223 2065 1411 2126 δεινὸν,
1446 2065 1579 2133 ὅπερ
1608 2064 1701 2115 καὶ
1728 2064 1847 2115 τότε
1877 2062 2172 2126 ἐνεδείξατο

516 2158 597 2219 είς
620 2156 711 2207 τὸν
739 2155 966 2207 δείλαιον
995 2155 1198 2207 ἐκεῖνον
1228 2155 1257 2205 6
1289 2151 1421 2215 Θεός
1444 2169 1459 2185 ο
1490 2151 1697 2219 ἐγίνετο
1724 2150 1780 2203 δέ
1815 2150 1972 2202 πλέον
2000 2150 2168 2213 ούδέν,

515 2242 629 2295 ἀλλ’
674 2242 864 2310 ἔμενεν
915 2239 1251 2309 ἀδιόρθωτος.
1299 2240 1354 2293 '0
1395 2239 1451 2291 δὲ
1498 2238 1993 2310 φιλάνθρωπος-καὶ
2018 2237 2172 2290 τοῦτο

516 2330 798 2401 προειδὼς,
822 2330 938 2383 οὐδὲ
976 2330 1147 2391 οὕτως
1183 2328 1457 2398 ὑπερεῖδεν
1484 2326 1665 2387 αὑτὸν,
1699 2326 1819 2378 οὑδέ
1856 2326 2068 2378 ἐνέλιπε
2104 2325 2169 2378 16

515 2422 645 2488 παρ’
673 2417 861 2472 ἐαυτοῦ
894 2418 1080 2481 ποιῶν,
1107 2416 1220 2469 ἀλλ’
1261 2416 1420 2478 αὐτὸς
1457 2416 1553 2486 μὲν
1581 2416 1675 2468 καὶ
1700 2414 2041 2484 ἐπεσκόπησε
2071 2414 2169 2466 κά·-

519 2524 740 2577 μνοντα,
776 2506 867 2558 καὶ
908 2507 973 2557 τά
1019 2506 1151 2574 πρὸς
1184 2504 1388 2570 ὑγίειαν
1425 2502 1657 2572 ἔπραξεν
1682 2520 1693 2531 ·
1726 2503 1929 2562 ἐκεῖνος
1974 2502 2030 2553 δέ
2072 2501 2169 2553 οὐκ

515 2594 743 2664 ἠθέλησε
771 2594 829 2645 τὸ
860 2592 1147 2661 φάρμακον
1178 2590 1448 2654 δέξασθαι.
1478 2588 1611 2643 ἀλλά
1644 2588 1737 2642 καὶ
1763 2588 1852 2641 τὸν
1882 2589 1972 2641 ἐπὶ
2000 2587 2170 2653 τούτῳ

518 2679 835 2750 πεμφθέντα
870 2678 1156 2747 συνέκοψεν
1184 2678 1382 2747 ἰατρόν.
1414 2676 1487 2729 Τδ
1510 2676 1565 2729 δδ
1596 2676 1880 2747 φάρμακον
1906 2675 1995 2727 καὶ
2026 2676 2054 2727 ὁ
2076 2675 2171 2744 τῆς

520 2776 758 2844 ἰατρείας
782 2773 978 2841 τρόπος
1017 2770 1251 2833 τοιοῦτος
1277 2766 1364 2839 ἦν’
1976 2750 1983 2765 ’

589 2860 659 2927 ς’.
691 2854 880 2929 Ἔτυχε
910 2858 1046 2913 κατά
1068 2857 1156 2911 τὸν
1181 2858 1368 2928 καιρὸν
1400 2857 1621 2917 ἐκεῖνον,
1646 2852 1765 2907 καθ’
1793 2853 1850 2906 δν
1874 2853 1933 2905 16
1969 2853 2172 2922 ἀπηνὲς

513 2948 671 3002 τοῦτο
706 2948 885 3017 δρᾶμα
925 2946 1185 3016 ἐτολμᾶτο
1225 2945 1317 2997 καί
1356 2943 1604 3007 ἐλεεινὸν,
1644 2940 1812 3011 ἀνδρα
1848 2940 1969 2992 τινὰ
1998 2941 2171 3010 μέγαν

516 3036 611 3088 καὶ
668 3034 996 3105 θαυμαστὸν.
1027 3033 1101 3104 (εί
1141 3049 1203 3099 γε
1254 3032 1335 3084 δεῖ
1387 3032 1545 3084 αὑτὸν
1600 3028 1766 3098 ἀνδρα
1822 3029 2047 3091 καλεῖν),
2074 3029 2172 3097 τῆς

518 3122 749 3193 ποίμνης
774 3120 1139 3192 ἐπιμελεῖσθαι
1165 3119 1264 3187 τῆς
1294 3118 1418 3187 παρ’
1446 3119 1573 3186 ἡμῖν
1600 3132 1613 3147 ⁸
1632 3115 1885 3187 βαϐύλας
1912 3110 1978 3186 ἦν
2004 3116 2174 3184 δνομα

519 3204 686 3273 αὐτῷ.
726 3200 888 3265 0610;
924 3204 1098 3257 τοίνυν
1140 3205 1258 3255 τότε
1301 3202 1392 3254 τοῦ
1437 3199 1671 3271 Χριστοῦ
1710 3200 1807 3271 τὴν
1850 3199 2174 3269 Ἐκκλησίαν

518 3288 616 3358 τὴν
642 3287 826 3340 ἐνθάδε
854 3287 956 3339 ὑπὸ
978 3289 1074 3355 τῆς
1100 3284 1188 3338 τοῦ
1215 3283 1523 3353 Πνεύματος
1543 3284 1758 3353 χάριτος
1794 3281 2171 3352 ἐγχειρισθεὶς,

517 3371 609 3423 τὸν
647 3368 830 3422 Ἠλίαν
870 3374 961 3421 καὶ
1002 3368 1090 3419 τὸν
1120 3366 1306 3420 τούτου
1351 3366 1592 3435 ζηλωτὴν
1620 3377 1640 3403 ε
1673 3365 1761 3417 τὸν
1801 3364 2049 3433 Ἰωάννην
2093 3366 2172 3415 ὅτι

520 3452 801 3523 παρήλασε
832 3452 927 3520 μὲν
952 3451 1049 3503 οὐκ
1086 3451 1151 3503 ἂν
1178 3450 1401 3518 εἴποιμι,
1446 3449 1518 3518 μὴ
1561 3450 1652 3499 καὶ
1678 3446 1794 3499 λίαν
1830 3446 2082 3517 φορτικὸν
2111 3446 2171 3498 τὸ

518 3534 804 3605 λεγόμενον
828 3532 884 3607 ᾖ,
914 3534 1111 3601 ἔφθασε
1136 3532 1193 3585 δέ
1213 3530 1403 3594 οὕτως,
1430 3532 1503 3591 ὡς
1531 3530 1661 3600 μηδέ
1686 3529 1745 3581 16
1768 3529 1927 3599 τυχὸν
1957 3528 2171 3581 ἀπολειο

520 3617 715 3685 φθῆναι
738 3617 834 3685 τῆς
861 3615 1168 3683 ἐλευθερίας
1188 3614 1293 3666 τῶν
1316 3613 1573 3679 γενναίων
1597 3612 1814 3664 ἐκείνων
1839 3611 2068 3681 ἀνδρῶν.
2097 3611 2169 3664 Οὐ

520 3697 627 3767 γάρ
653 3698 951 3768 τετράρχην
974 3697 1176 3749 πόλεων
1197 3695 1410 3762 ὀλίγων,
1440 3694 1558 3745 οὑδέ
1582 3694 1696 3755 ἐνὸς
1720 3692 1901 3755 ἔθνους
1927 3692 2166 3761 βασιλέα,

520 3781 654 3833 ἀλλὰ
680 3780 767 3831 τὸν
796 3780 855 3830 16
885 3778 1126 3831 πλεῖστον
1163 3778 1322 3848 μέρος
1358 3777 1453 3845 τῆς
1490 3775 1809 3846 οἰκουμένης
1835 3775 2045 3845 ἀπάσης
2072 3791 2171 3827 κα-

517 3863 760 3931 τέχοντα,
790 3860 950 3913 αὐτὸν
974 3861 1037 3930 δὴ
1065 3860 1247 3913 τοῦτον
1273 3859 1362 3911 τὸν
1388 3857 1724 3927 ἀνδροφόνον,
1750 3858 1842 3910 καὶ
1873 3857 2038 3909 πολλὰ
2072 3858 2168 3926 μὲν

518 3943 664 4011 ἐθνη,
688 3941 884 4005 πολλὰς
903 3941 959 3994 δέ
979 3941 1156 4002 πόλεις
1178 3940 1269 3994 καὶ
1290 3939 1545 4008 στρατιὰν
1568 3939 1789 4006 ἀπειρον
1812 3940 2165 4009 κεκτημένον,

520 4023 668 4093 [345]
693 4025 785 4075 καὶ
820 4023 1081 4075 πάντοθεν
1115 4024 1243 4076 ὄντα
1274 4021 1519 4091 φοϐερὸν,
1553 4022 1658 4072 ἀπό
1689 4038 1747 4073 τε
1778 4020 1869 4073 τοῦ
1910 4021 2169 4090 μεγέθους

517 4103 615 4171 τῆς
643 4104 837 4173 ἀρχῆς,
874 4104 979 4157 ἀπό
1004 4120 1060 4155 τε
1089 4103 1184 4173 τῆς
1210 4103 1317 4154 τῶν
1342 4104 1555 4173 τρόπων
1585 4102 1937 4172 θρασύτητος,
1968 4103 2042 4165 ὡς
2070 4105 2163 4156 ἀνι

515 4184 777 4251 δράποδον
818 4184 1029 4247 εὐτελὲς
1074 4185 1168 4236 καὶ
1211 4183 1420 4245 οὐδενὸς
1466 4183 1610 4249 ἀξιον
1657 4184 1835 4251 λόγου,
1885 4183 2027 4237 οὕτω
2075 4185 2169 4255 τῆς

518 4266 809 4335 ἐκκλησίας
835 4266 1069 4330 ἐξέϐαλε,
1115 4266 1249 4335 μετὰ
1284 4266 1548 4335 τοσαύτης
1575 4266 1869 4337 ἀταραξίας
1908 4268 2003 4320 καὶ
2037 4269 2168 4335 ἀφο-

520 4347 659 4410 ϐίας,
686 4347 801 4417 μεθ’
821 4348 948 4417 ὅσης
969 4345 1034 4399 ἂν
1058 4346 1256 4416 ποιμὴν
1281 4345 1545 4417 πρόϐατον
1566 4346 1754 4417 ψώρας
1774 4350 2166 4419 ἐμπεπλησμέ-

518 4449 606 4483 νον
661 4432 755 4484 καὶ
814 4430 1095 4499 νενοσηκὸς
1156 4430 1250 4497 τῆς
1304 4430 1536 4499 ποίμνης
1594 4430 1886 4500 ἀπείρξειε,
1949 4433 2166 4486 κωλύων

516 4515 595 4575 είς
652 4513 719 4566 τὰ
752 4511 910 4564 λοιπά
935 4511 1181 4580 διαϐῆναι
1213 4512 1310 4582 τὴν
1347 4513 1497 4565 νόσον
1552 4514 1641 4565 τοῦ
1687 4515 1995 4582 κάμνοντος.
2056 4518 2163 4569 Καὶ

514 4594 683 4647 ταῦτα
755 4593 1049 4663 ἔπραττεν,
1110 4593 1255 4663 ἔργῳ
1320 4594 1413 4645 τὸν
1471 4595 1563 4647 τοῦ
1624 4596 1870 4665 Σωτῆρος
1925 4596 2081 4663 λόγον
2134 4596 2163 4635 ἀ

516 4676 777 4745 βεϐαιῶν,
839 4676 917 4729 δτι
983 4676 1139 4745 μόνος
1202 4675 1383 4739 δοῦλός
1442 4678 1585 4729 ἐστιν
1639 4680 1667 4729 6
1722 4678 1818 4748 τὴν
1893 4681 2163 4750 ἁμαρτίαν

515 4758 714 4822 ποιῶν,
786 4758 888 4810 κᾶν
948 4758 1172 4828 μυρίους
1227 4759 1317 4810 ἐπὶ
1370 4758 1464 4828 τῆς
1528 4758 1764 4827 κεφαλῆς
1828 4760 1923 4831 ἔχῃ
1969 4762 2162 4830 στεφά-

512 4857 653 4902 νους,
689 4840 789 4893 κᾶν
830 4842 1079 4893 ἀπάντων
1117 4839 1243 4909 δοκῇ
1291 4839 1397 4891 τῶν
1443 4840 1533 4891 ἐπὶ
1578 4839 1674 4909 τῆς
1709 4841 1811 4909 γῆς
1860 4841 2158 4909 ἀνθρώπων

510 4920 755 4989 κρατεῖ-ι’
787 4918 815 4969 6
859 4918 913 4971 δέ
946 4919 1094 4970 οὑδέν
1136 4917 1309 4984 ἐαυτῷ
1360 4916 1607 4979 συνειδὼς
1653 4918 1905 4990 πονηρὸν,
1956 4922 2057 4974 κᾶν
2101 4925 2158 4976 ἐν

508 5003 572 5070 τῇ
606 5000 712 5054 τῶν
747 5001 997 5071 ὑπηκόων
1034 5000 1393 5070 καταλέγηται
1420 5001 1588 5066 τάξει,
1634 5002 1845 5056 πάντων
1871 5007 1983 5057 ἐστὶ
2015 5006 2159 5075 βασι-

507 5083 640 5135 λέων
673 5083 1105 5153 βασιλικώτερος.
1142 5084 1345 5137 Αὑτίκα
1378 5084 1506 5149 γοῦν
1537 5085 1627 5136 τὸν
1672 5086 1905 5155 ἄρχοντα
1944 5088 2155 5141 διέτατ-

505 5182 595 5218 τεν
639 5168 667 5217 ό
698 5167 1025 5235 ἀρχόμενος,
1068 5167 1160 5217 καὶ
1197 5166 1275 5235 τῷ
1308 5166 1591 5235 κρατοῦντι
1634 5169 1847 5221 πάντων
1879 5181 1902 5207 θ
1945 5171 2154 5240 ἔκρινεν

504 5254 534 5302 δ
565 5249 819 5318 ὑπήκοος,
849 5251 939 5302 καὶ
969 5252 1065 5320 τὴν
1100 5251 1557 5313 καταδικάζουσαν
1583 5251 1740 5304 αὑτὸν
1765 5253 1941 5323 ψῆφον
1966 5255 2146 5325 ἔφερε.

505 5331 577 5382 Σὺ
606 5332 659 5383 δέ
694 5332 863 5384 ταῦτα
911 5334 1142 5396 ἀκούων,
1192 5334 1265 5402 μὴ
1302 5334 1569 5404 παρέλθῃς
1609 5335 1791 5397 ἁπλῶς
1821 5338 1881 5388 τὸ
1926 5337 2147 5408 λεχθέν·

506 5414 684 5466 ἰκανὸν
720 5415 817 5483 μὲν
844 5416 951 5484 γὰρ
976 5416 1068 5467 καὶ
1102 5415 1231 5467 αὐτὸ
1260 5414 1379 5469 καθ’
1414 5414 1570 5467 ἐαυτδ
1610 5416 1763 5469 τοῦτο
1790 5419 2147 5488 ἀπαγγελθὲν,

502 5496 579 5547 ὅτι
610 5496 700 5549 16v
741 5496 960 5565 βασιλέα
983 5497 1091 5549 τῶν
1133 5499 1228 5567 τῆς
1268 5498 1556 5567 ἐκκλησίας
1597 5498 1877 5570 προθύρων
1920 5502 2147 5573 ἐξήλασε

499 5580 603 5631 τῶν
634 5579 737 5631 ὑπὸ
764 5582 859 5649 τὴν
888 5580 1059 5649 ἀρχὴν
1106 5580 1270 5632 ὅντων
1296 5598 1377 5643 τις
1415 5580 1509 5649 τὴν
1555 5580 1739 5647 αὑτοῦ,
1792 5582 2145 5653 διαναστῆσαι

560 5682 586 5745 ξ
607 5683 753 5732 εινὶι.
781 5688 833 5731 et
854 5684 1046 5745 quidam
1069 5697 1185 5732 mss.
1208 5684 1377 5736 αὐτῶν.

556 5738 585 5782 δ
607 5745 753 5791 Savil.
780 5751 828 5791 el
854 5738 977 5792 ιῖυιιε
1000 5746 1025 5792 ὃ
1046 5746 1257 5793 συνιδεῖν.

556 5805 579 5834 ⁸
605 5803 703 5852 Mil
724 5806 804 5851 τὸν
824 5805 998 5852 ἐκείνου
1026 5807 1123 5859 ζηλ.

554 5863 584 5927 εξ
604 5866 703 5927 Alﬁ
721 5865 802 5912 16v
823 5864 907 5912 τοῦ
934 5865 1056 5914 θεοῦ
1080 5866 1231 5927 λόγον.

558 5925 587 5957 ⁸
609 5926 709 5976 Alii
726 5928 804 5974 καὶ
830 5928 909 5974 τὸν
933 5924 1189 5989 κρατοῦντα
1210 5926 1411 5978 πάντων.

1328 395 1384 452 S.
1420 394 1704 450 Ji).~\NNlS
1739 390 2089 451 CIIRYSOS'I
2105 390 2224 443 OM!
2264 386 2585 446 ARCHIB“.
2625 388 3169 446 CONSTANTINUP.

3826 384 3936 445 538

2278 501 2373 554 καὶ
2412 499 2673 569 ἐκπλῆξαι
2707 499 2807 564 τὴν
2854 498 2960 550 τῶν
2989 499 3293 551 ἀκουόντων
3321 499 3518 569 ψυχήν.
3552 498 3615 552 Εἰ
3651 500 3707 553 δὲ
3755 500 3933 571 βούλει

2273 579 2335 631 τὸ
2365 577 2543 648 θαῦμα
2576 578 2719 630 ἀπαν
2760 576 3096 647 καταμαθεῖν
3139 576 3401 648 ἀκριϐῶς,
3445 578 3518 647 μὴ
3560 579 3699 648 ψιλῴ
3731 583 3809 649 τῷ
3839 583 3934 651 ρή-

2278 674 2406 726 ματι
2458 656 2711 726 πρόσεχε,
2747 654 2859 707 ἀλλ’
2906 654 3216 726 ύπόγραψον
3262 656 3387 718 τοὺς
3429 655 3775 726 δορυφόρους,
3810 674 3935 722 τους

2274 733 2636 794 ὑπασπιστὰς.
2667 733 2790 795 τοὺς
2836 735 3190 805 στρατηγοὺς,
3233 734 3358 795 τοὺς
3391 735 3675 805 ἄρχοντας,
3709 738 3838 799 τοὺς
3876 739 3935 790 ἐν

2272 816 2392 876 ταῖς
2435 812 2737 881 βασιλικαῖς
2806 812 2996 870 αὐλαῖς
3072 812 3467 881 τρεφομένους,
3513 815 3638 876 τοὺς
3683 815 3776 866 ἐπὶ
3825 815 3934 867 τῶν

2272 895 2479 948 πόλεων
2525 894 2905 964 τεταγμένους,
2958 892 3050 946 τόν
3104 893 3271 961 τῦφον
3323 893 3435 946 τῶν
3483 894 3932 965 προηγουμένων,

2271 975 2379 1027 τῶν
2420 975 2699 1043 ἑπομένων
2749 974 2857 1026 τῶν
2906 971 3208 1025 σοϐούντων
3255 972 3318 1025 16
3366 973 3584 1043 πλῆθος,
3621 975 3721 1043 τὴν
3770 973 3937 1039 ἀλλην

2273 1054 2566 1126 θεραπείαν
2600 1055 2835 1107 ἅπασαν.
2868 1050 2997 1105 Εἶτα
3040 1051 3200 1105 αὑτὸν
3234 1053 3292 1103 ἐν
3326 1051 3402 1120 τῷ
3455 1053 3602 1122 μέσῳ
3639 1053 3777 1122 μετὰ
3807 1050 3937 1103 πολ-

2271 1134 2363 1186 λοῦ
2411 1135 2507 1203 μέν
2552 1132 2894 1185 ἐπιϐαίνοντα
2941 1130 3035 1183 τοῦ
3085 1132 3461 1201 φρονήματος,
3514 1131 3836 1201 σεμνότερον
3876 1128 3935 1182 δέ

2271 1214 2379 1267 6116
2407 1212 2513 1264 τῶν
2557 1212 2783 1281 ἰματίων
2818 1210 3158 1279 φαινόμενον,
3201 1209 3293 1262 καὶ
3325 1208 3423 1278 τῆς
3460 1207 3796 1278 ἀλουργίδος,
3843 1209 3937 1261 καὶ

2270 1290 2377 1342 τῶν
2404 1290 2564 1342 λίθων
2592 1288 2698 1341 τῶν
2722 1286 2992 1356 πανταχοῦ
3014 1286 3421 1356 διεσπαρμένων
3449 1286 3589 1339 κατὰ
3608 1288 3708 1358 τὴν
3730 1287 3933 1353 δεξιὰν,

2274 1369 2413 1422 κατά
2442 1368 2539 1437 τὴν
2581 1366 2850 1436 συμϐολὴν
2885 1366 2982 1434 τῆς
3013 1364 3276 1433 χλανίδος,
3323 1363 3432 1418 τῶν
3476 1363 3582 1418 ἀπὸ
3612 1364 3704 1417 τοῦ
3752 1365 3935 1433 διαδήο

2276 1465 2441 1517 ματος
2474 1447 2532 1513 ἐξ
2558 1446 2733 1517 ,αὐτῆς
2766 1444 3308 1517 ἀστραπτόντωνμτῆς
3345 1444 3605 1517 κεφαλῆς.
3629 1444 3761 1497 σΚαί
3799 1445 3934 1517 μηδὲ

2275 1512 2435 1587 μέχρι
2479 1516 2667 1569 τούτου
2691 1512 2904 1584 ’στήσῃς
2948 1512 3045 1583 τὴν
3082 1512 3456 1580 είκόνανάλλ⁹
3500 1512 3735 1566 ἔκτεινον
3764 1512 3934 1583 αὐτὴν

2271 1596 2367 1649 καὶ
2408 1596 2499 1648 ἐπὶ
2530 1593 2622 1647 16v
2660 1593 2753 1645 106
2787 1591 2919 1645 Θεοῦ
2959 1590 3160 1655 δοῦλον,
3202 1591 3291 1644 τὸν
3337 1592 3605 1662 μακάριον
3658 1590 3931 1656 Βαϐύλαν,

2271 1674 2365 1727 καὶ
2399 1674 2459 1726 16
2504 1672 2688 1742 σχῆμα
2723 1671 2785 1724 16
2818 1669 3097 1733 ταπεινὸν,
3148 1669 3242 1722 καὶ
3298 1669 3392 1721 ἐπὶ
3443 1671 3541 1739 τὴν
3597 1670 3785 1739 στολὴν
3834 1669 3935 1739 τὴν

2275 1751 2567 1821 ἰδιωτικὴν,
2594 1750 2687 1803 καὶ
2719 1750 2816 1820 τὴν
2850 1749 3313 1819 συντετριμμένην
3354 1748 3547 1817 ψυχὴν,
3581 1750 3675 1801 καὶ
3706 1748 3768 1801 τό
3802 1748 3935 1819 θρά-

2273 1849 2398 1895 σους
2441 1829 2853 1900 ἀπηλλαγμένον
2900 1829 3172 1898 φρόνημα,
3225 1829 3319 1879 καὶ
3364 1828 3534 1892 οὑτως
3589 1829 3935 1898 ἀμφοτέρους

2271 1910 2576 1980 διαγράψας
2613 1908 2706 1960 καὶ
2754 1906 3005 1969 ἀντιθεὶς,
3040 1907 3161 1958 τότε
3205 1905 3388 1978 γνώσῃ
3416 1906 3478 1959 16
3511 1906 3694 1976 θαῦμα
3729 1906 3931 1971 καλῶς,

2274 1989 2472 2058 μᾶλλον
2507 1987 2561 2038 δὲ
2606 1987 2725 2039 ούδέ
2758 1984 2929 2048 οὕτως
2977 1983 3210 2055 ἐπιλήψῃ
3256 1985 3355 2054 τῆς
3399 1985 3681 2056 ἀκριεειας
3727 1985 3930 2054 αὐτῆς

2271 2070 2366 2138 τὴν
2401 2067 2508 2137 γὰρ
2536 2065 2846 2138 παρῤησίαν
2887 2064 3101 2134 ἐκείνην
3127 2065 3282 2132 λόγος
3326 2064 3425 2132 μὲν
3451 2064 3769 2128 ούδεὶςξούδέ
3810 2066 3934 2135 ὄψις

2272 2145 2617 2217 παραστῆσαι
2656 2144 2854 2197 δύναιτ’
2883 2143 2969 2207 ἂν,
3012 2144 3043 2213 ἡ
3076 2146 3238 2213 πεῖρα
3280 2143 3334 2195 δέ
3367 2143 3501 2212 μόνη
3534 2143 3627 2196 κα¹ι
3658 2146 3690 2214 ἡ
3738 2144 3931 2215 χρῆσις

2269 2226 2455 2295 αὐτῆς.
2494 2224 2598 2277 Καὶ
2636 2224 2695 2275 16
2740 2224 3071 2292 παράστημα
3101 2222 3157 2273 δέ
3187 2222 3285 2290 τῆς
3319 2221 3414 2274 τοῦ
3454 2222 3703 2289 γενναίου
3751 2224 3934 2292 ψυχῆς

2272 2303 2428 2372 μόνος
2458 2305 2658 2365 ἐκεῖνος
2692 2302 2889 2355 δύναιτ’
2930 2301 2994 2353 ἂν
3028 2300 3223 2354 εἰδέναι
3270 2300 3468 2363 καλῶς,
3506 2303 3535 2353 6
3562 2300 3806 2371 δυνηθεὶς
3854 2303 3933 2366 εἰς

2267 2382 2365 2451 τὴν
2406 2380 2569 2450 αὐτὴν
2605 2379 2753 2448 αὐτῷ
2783 2381 2881 2448 τῆς
2927 2378 3236 2449 παρρησίας
3269 2378 3468 2447 φθάσαι
3513 2382 3772 2449 κορυφήν.
3808 2379 3934 2443 Πῶς

2268 2459 2375 2529 γὰρ
2406 2458 2707 2529 προσῆλθεν
2734 2459 2761 2508 6
2787 2458 3000 2528 γέρωνς
3033 2457 3147 2519 πῶς
3178 2459 3303 2520 τοὺς
3329 2456 3653 2527 δορυφόρους
3684 2457 3929 2525 διέκοψες

2270 2540 2385 2603 πῶς
2410 2541 2467 2593 16
2506 2540 2679 2609 στόμα
2709 2539 2890 2608 διῆρες
2930 2538 3045 2601 πῶς
3080 2537 3412 2607 ἐφθέγξατος
3444 2540 3559 2601 πῶς
3597 2540 3928 2609 ἐπετίμησε;

2271 2620 2387 2683 πῶς
2430 2618 2529 2689 τὴν
2558 2618 2736 2681 δεξιὰν
2774 2619 2852 2678 εἰς
2886 2616 2946 2668 16
2977 2615 3168 2686 στῆθος
3197 2617 3462 2687 ἀπήρεισε
3508 2616 3568 2669 16
3602 2617 3932 2686 φλεγμαῖνον

2270 2697 2349 2749 ἔτι
2380 2696 2457 2765 τῷ
2488 2694 2642 2763 θυμῷ
2669 2694 2763 2747 καὶ
2794 2693 2911 2757 ζέον
2941 2692 3017 2763 τῷ
3057 2694 3233 2763 φόνῳ;
3268 2694 3383 2757 πῶς
3413 2694 3671 2748 ἀπώσατο
3702 2696 3791 2747 16v
3839 2697 3932 2749 ἀν-

2268 2774 2551 2846 δροφόνον;
2585 2774 2749 2826 Οὐδὲν
2795 2772 2953 2825 αὑτὸν
2979 2772 3089 2824 τῶν
3136 2774 3426 2842 δρωμένων
3468 2775 3796 2844 κατέπληξε,
3833 2775 3929 2827 καὶ

2270 2845 2367 2921 τῆς
2409 2851 2718 2920 προθέσεως
2769 2849 3111 2919 ἐξέκρουσεν.
3154 2845 3221 2903 Ὠ
3267 2851 3441 2921 ψυχῆς
3499 2852 3928 2921 ἀκαταπλήκτου

2270 2933 2364 2985 καὶ
2410 2932 2647 2993 διανοίας
2694 2930 2928 2999 ὑψηλῆςί
2974 2929 3019 2982 ὣ
3064 2929 3272 2999 φρενῶν
3310 2932 3571 3000 οὐρανίων
3612 2934 3704 2986 καὶ
3751 2950 3927 3003 παρα-

2272 3013 2544 3082 στήματος
2583 3009 2870 3078 ἀγγελικοῦ
2896 3013 2907 3062 ί
2944 3010 3149 3081 Ὥσπερ
3177 3010 3283 3081 γὰρ
3323 3012 3381 3062 ἐν
3413 3014 3575 3081 τοίχῳ
3604 3014 3928 3084 γεγραμμέ-

2271 3107 2367 3158 νην
2399 3090 2611 3144 ἆπασαν
2649 3089 2746 3157 τὴν
2776 3087 3072 3156 φαντασίαν
3098 3090 3308 3161 ἐκείνην
3338 3090 3498 3158 δρῶν,
3526 3090 3695 3154 οὕτως
3724 3092 3931 3163 61696-

2270 3185 2379 3237 χως
2410 3166 2625 3219 ἅπαντα
2672 3167 2936 3233 ἔπραττεν
2975 3168 3002 3217 6
3052 3169 3295 3232 γενναῖος
3341 3169 3498 3239 ἀνήρ.
3551 3170 3658 3221 Καὶ
3702 3168 3809 3240 γὰρ
3858 3166 3929 3238 ἦν

2272 3244 2697 3314 πεπαιδευμένος
2727 3242 2877 3314 [546]
2906 3243 3013 3296 6116
3038 3245 3145 3296 τῶν
3174 3243 3330 3297 θείων
3359 3246 3661 3316 δογμάτων,
3690 3250 3769 3317 ὃτι
3802 3250 3930 3302 σκιά

2272 3326 2365 3377 καὶ
2409 3323 2534 3393 δνας
2570 3322 2663 3374 καί
2697 3322 2898 3374 τούτων
2931 3322 3333 3392 οὑδαμινώτερα
3374 3324 3581 3377 ἄπαντα
3623 3328 3679 3378 :6
3706 3327 3797 3379 τοῦ
3837 3329 3931 3381 κό-

2274 3420 2409 3472 σμου
2461 3401 2780 3472 πράγματα.
2830 3401 2926 3452 Διὰ
2960 3400 3112 3452 τοῦτο
3138 3402 3287 3455 οὐδὲν
3319 3402 3479 3455 αὑτὸν
3524 3404 3725 3457 τούτων
3757 3422 3925 3458 κατα·

2272 3481 2472 3549 πτῆξαι
2522 3479 2791 3546 ἐποίησεν,
2822 3477 2955 3530 ἀλλὰ
3001 3479 3091 3530 καὶ
3138 3479 3332 3547 μᾶλλον
3366 3480 3675 3552 ἐθάρρυνεν.
3718 3483 3779 3535 Ἡ
3818 3485 3928 3555 γὰρ

2270 3559 2391 3626 ὄψις
2437 3558 2617 3627 ἐκείνη
2657 3557 2763 3608 τῶν
2801 3556 3087 3626 ὁρωμένων
3125 3556 3221 3626 τὴν
3270 3557 3503 3612 διάνοιαν
3563 3562 3924 3630 παρέπεμπεν

2270 3637 2363 3688 ἐπὶ
2404 3636 2494 3688 16v
2524 3637 2634 3689 ἀνω
2668 3634 2889 3705 βασιλέα
2917 3636 3009 3687 τὸν
3048 3634 3351 3704 καθήμενον
3382 3639 3471 3690 ἐπὶ
3503 3638 3610 3691 τῶν
3648 3638 3929 3711 Χερουϐὶμ

2271 3718 2362 3769 καί
2398 3716 2659 3785 βλέποντα
2714 3715 3017 3778 ἀϐύσσους.
3077 3716 3169 3767 ἐπὶ
3215 3717 3303 3769 τὸν
3350 3718 3535 3789 θρόνον
3580 3720 3670 3771 16v
3720 3720 3927 3786 ἔνδοξον

2271 3798 2365 3849 καὶ
2418 3795 2637 3863 ὑψηλὸν,
2686 3796 2777 3846 ἐπὶ
2817 3795 2913 3861 τὴν
2963 3792 3216 3862 στρατιάν
3250 3795 3346 3865 τὴν
3381 3797 3646 3863 οὐράνιον,
3688 3800 3778 3850 ἐπὶ
3828 3800 3928 3863 16;

2273 3875 2535 3945 μυριάδας
2565 3873 2670 3925 τῶν
2722 3872 2987 3939 ἀγγέλων,
3030 3873 3115 3924 ἐπὶ
3153 3872 3251 3936 τὰς
3296 3875 3535 3943 χιλιάδας
3578 3876 3685 3929 τῶν
3718 3878 3925 3946 ἀρχαγ-

2270 3951 2458 4016 γέλων,
2493 3950 2581 4002 ἐπὶ
2626 3949 2687 4000 16
2742 3950 2888 4018 βῆμα
2923 3949 2983 4001 16
3022 3949 3266 4020 φοϐερὸν,
3300 3955 3390 4005 ἐπί
3434 3954 3493 4007 16
3540 3956 3819 4024 κριτήριον
3866 3954 3927 4008 16

2269 4029 2578 4085 ἀδέκαστον.
2623 4029 2713 4080 ἐπὶ
2741 4029 2828 4080 τὸν
2856 4028 2948 4079 τοῦ
2994 4028 3160 4101 πυρὸς
3192 4031 3452 4100 ποταμὸν,
3484 4034 3576 4085 ἐπὶ
3619 4033 3703 4084 τὸν
3734 4034 3927 4103 κριτὴν

2268 4109 2447 4160 αὐτόν.
2500 4107 2599 4159 Διά
2657 4124 2737 4160 τοι
2797 4105 2950 4157 τοῦτο
3000 4107 3117 4158 ὅλον
3178 4109 3365 4161 ἐαυτὸν
3422 4111 3764 4181 μεταστήσας
3819 4112 3927 4165 ἀπὸ

2266 4186 2366 4255 τῆς
2399 4188 2501 4255 γῆς
2531 4187 2610 4248 εἰς
2651 4186 2740 4237 τὸν
2774 4184 3017 4255 οὐρανὸν,
3055 4186 3129 4248 ώς
3171 4186 3361 4257 ἐκείνῳ
3397 4186 3474 4258 τῷ
3505 4187 3728 4261 δικαστῇ
3780 4208 3923 4260 παρ-

2267 4265 2462 4328 εστὼς,
2494 4266 2587 4318 καὶ
2632 4262 2793 4317 αὑτοῦ
2832 4263 3138 4326 κελεύοντος
3194 4266 3423 4328 ἀκούων,
3466 4266 3558 4319 τὸν
3603 4268 3770 4337 ἐναγῆ
3830 4271 3925 4323 καὶ

2270 4343 2460 4412 μιαρὸν
2494 4343 2588 4411 τῆς
2626 4342 2774 4411 ίεράς
2818 4341 3016 4409 ἀγέλης
3058 4340 3293 4405 ἐξωθεῖν,
3336 4342 3505 4405 οὔτως
3547 4344 3785 4408 ἐξέϐαλε,
3828 4350 3923 4401 καὶ

2262 4419 2368 4472 τῶν
2416 4420 2614 4473 λοιπῶν
2658 4418 2943 4489 προϐάτων
2983 4418 3262 4489 ἀφώρισε,
3305 4421 3398 4473 καὶ
3454 4422 3584 4491 πρὸς
3636 4424 3786 4476 οὐδὲν
3820 4427 3922 4477 ἐπ-

2264 4502 2557 4570 εστρέφετο
2586 4500 2691 4553 τῶν
2716 4498 3005 4569 ὁρωμένων
3038 4501 3129 4552 καὶ
3161 4500 3454 4553 δοκούντων
3484 4499 3617 4554 εἶναι
3651 4504 3920 4574 φοϐερῶν,

2264 4579 2375 4631 ἀλλ’
2402 4580 2659 4651 ἀνδρείως
2688 4579 2849 4631 αὑτὸν
2904 4578 3047 4647 μάλα
3097 4579 3187 4630 καὶ
3226 4579 3483 4645 γενναίως
3536 4580 3951 4651 ἀπωσάμενος,,

2262 4658 2503 4728 παρέστη
2538 4656 2985 4728 τυραννουμένοις
3026 4658 3136 4718 τοῖς
3185 4656 3275 4708 τοῦ
3319 4656 3451 4709 Θεοῦ
3485 4659 3684 4727 νόμοις.
3726 4661 3920 4715 Καίτοι

2263 4737 2400 4808 πόσῃ
2439 4736 2563 4805 περὶ
2592 4736 2715 4797 τοὺς
2745 4734 2961 4797 λοιποὺς
2991 4735 3150 4786 αὐτὸν
3180 4736 3458 4807 παρρησίᾳ
3505 4737 3797 4808 κεχρῆσθαι
3842 4741 3919 4791 εἰ-

2262 4814 2387 4878 κός;
2443 4816 2499 4866 Ὀ
2545 4815 2650 4883 γὰρ
2691 4812 2767 4881 τῷ
2817 4812 3099 4881 κρατοῦντι
3152 4814 3288 4882 μετά
3351 4814 3614 4885 τοσαύτης
3670 4816 3917 4882 ἐξουσίας

2259 4893 2669 4963 προσενεχθεὶς,
2715 4891 2832 4943 τίνα
2864 4892 2972 4943 τῶν
3009 4892 3207 4945 λοιπῶν
3255 4893 3453 4947 ἔδεισεν
3500 4896 3594 4959 ἀν;
3635 4890 3777 4963 Ἐγὼ
3822 4898 3917 4951 τὸν

2257 4972 2426 5043 ἀνδρα
2464 4972 2668 5023 ἐκεῖνον
2721 4971 3068 5040 στοχάζομαι,
3115 4971 3312 5041 μᾶλλον
3354 4973 3407 5025 δέ
3438 4974 3499 5025 ού
3549 4975 3912 5045 στοχάζομαι,

2256 5050 2391 5102 ἀλλὰ
2442 5050 2708 5111 πιστεύω,
2766 5050 2839 5119 μὴ
2892 5050 3022 5119 πρὸς
3074 5051 3253 5120 χάριν,
3300 5050 3374 5121 μὴ
3424 5052 3557 5121 πρὸς
3597 5052 3915 5121 ἀπέχθειαν,

2259 5128 2393 5197 μήτε
2431 5126 2653 5195 πρᾶξαι,
2691 5128 2824 5196 μήτε
2862 5130 3029 5180 εἰπεῖν
3057 5128 3108 5180 τί
3143 5145 3293 5188 ποτε,
3336 5124 3467 5181 ἀλλά
3512 5130 3604 5181 καὶ
3636 5131 3769 5199 πρὸς
3813 5132 3915 5200 φό-

2254 5207 2369 5270 ϐον,
2408 5210 2501 5259 καὶ
2543 5208 2676 5277 πρὸς
2708 5206 2804 5277 τὴν
2832 5206 3018 5259 τούτου
3066 5208 3433 5279 δυνατωτέραν
3465 5208 3770 5273 κολακείαν,
3816 5211 3913 5265 καὶ

2255 5287 2386 5355 πρὸς
2416 5287 2482 5339 16
2510 5286 2642 5340 ἀλλα
2675 5285 2743 5338 τὰ
2766 5284 2985 5338 τοιαῦτα
3012 5286 3202 5355 (πολλὰ
3232 5287 3287 5339 δὲ
3319 5286 3386 5339 16
3423 5286 3757 5358 ἀνθρώπινα)
3789 5306 3912 5357 γεν-

2253 5365 2413 5427 ναίως
2440 5366 2628 5432 στῆναι
2662 5365 2756 5417 καὶ
2790 5364 3064 5434 ἀνδρείως,
3103 5367 3194 5417 καὶ
3230 5366 3361 5435 μηδέ
3391 5367 3582 5435 μικρὸν
3614 5384 3665 5419 τι
3693 5369 3789 5437 τῆς
3818 5371 3911 5438 όρ-

2252 5443 2347 5511 θῆς
2379 5443 2681 5515 διαφθεῖραι
2716 5443 2964 5515 κρίσεως.
2998 5446 3059 5497 Εἰ
3101 5444 3209 5516 γάρ
3248 5444 3532 5515 στολισμὸς
3564 5447 3779 5518 ἀνδρὸς,
3813 5449 3910 5503 καὶ

2250 5521 2402 5587 γέλος
2428 5522 2673 5585 ὀδόντων,
2705 5523 2798 5575 καὶ
2831 5522 2981 5591 βῆμα
3010 5524 3169 5586 ποδὸς
3193 5524 3523 5592 ἀπαγγέλλει
3550 5525 3619 5579 16
3654 5526 3782 5597 περί
3811 5528 3910 5581 αύ-

2248 5602 2361 5665 τοῦ,
2418 5604 2595 5673 πολλῷ
2646 5603 2843 5672 μᾶλλον
2889 5606 2957 5657 16
2994 5604 3228 5659 τοσαῦτα
3273 5607 3670 5678 κατορθώματα
3728 5611 3910 5663 πᾶσαν

2248 5684 2378 5752 ἡμῖν
2412 5685 2571 5737 ἰκανὰ
2611 5686 2704 5737 τοῦ
2756 5685 2939 5739 λοιποῦ
2988 5686 3103 5757 βίου
3149 5689 3463 5759 παραδεῖξαι
3514 5689 3613 5760 τὴν
3660 5692 3906 5761 ἀρετήν’

2246 5765 2365 5817 οὐδὲ
2390 5767 2497 5833 γάρ
2528 5768 2618 5819 ἐπὶ
2646 5770 2711 5836 τῇ
2749 5770 3026 5839 παρρησίᾳ
3057 5771 3212 5838 μόνον
3240 5770 3397 5823 αὑτὸν
3432 5770 3731 5841 θαυμάζειν
3773 5772 3903 5845 χρὴ,

2251 5846 2515 5901 ἀλλὰκαὶ
2565 5850 2656 5904 ἐπὶ
2699 5850 2776 5920 τῷ
2826 5851 2983 5921 μέχρι
3032 5852 3283 5905 τοσούτου
3330 5852 3427 5922 τὴν
3464 5855 3770 5924 παρρησίαν
3807 5858 3903 5909 ἐει-

2249 5931 2439 5995 τεῖναι,
2471 5933 2564 5987 καὶ
2594 5932 2684 5986 ἐπὶ
2716 5932 2792 6005 τῷ
2826 5934 2986 5989 πάλιν
3016 5936 3180 6007 μηδὲν
3211 5936 3519 6007 προσθεῖναι
3552 5936 3714 5993 πλέον
3738 5939 3894 6015 αὐτῇ.
