  <div class='ocr_page' id='page_1' title='image "/cluster/home/n/w/nwhite01/storage/ocr_20150623/50/pst.000005712496/139.png"; bbox 0 0 4220 6300; ppageno 0'>
   <div class='ocr_carea' id='block_1_1' title="bbox 754 374 860 429">
    <p class='ocr_par' dir='ltr' id='par_1_1' title="bbox 754 374 860 429">
     <span class='ocr_line' id='line_1_1' title="bbox 754 374 860 429; baseline -0.009 0"><span class='ocrx_word' id='word_1_1' title='bbox 754 374 860 429; x_wconf 65' lang='grc'><strong>643</strong></span> 
     </span>
    </p>
   </div>
   <div class='ocr_carea' id='block_1_2' title="bbox 824 497 2326 569">
    <p class='ocr_par' dir='ltr' id='par_1_2' title="bbox 824 497 2326 569">
     <span class='ocr_line' id='line_1_2' title="bbox 824 497 2326 569; baseline -0.001 -15"><span class='ocrx_word' id='word_1_2' title='bbox 824 502 876 554; x_wconf 88' lang='grc'><strong>7.</strong></span> <span class='ocrx_word' id='word_1_3' title='bbox 908 500 1048 554; x_wconf 80' lang='lat' dir='ltr'><strong>Talis</strong></span> <span class='ocrx_word' id='word_1_4' title='bbox 1068 500 1265 569; x_wconf 83' lang='lat' dir='ltr'><strong>quippe</strong></span> <span class='ocrx_word' id='word_1_5' title='bbox 1288 507 1370 553; x_wconf 92' lang='lat' dir='ltr'><strong>est</strong></span> <span class='ocrx_word' id='word_1_6' title='bbox 1395 498 1590 553; x_wconf 84' lang='lat' dir='ltr'><strong>Christi</strong></span> <span class='ocrx_word' id='word_1_7' title='bbox 1615 498 1871 567; x_wconf 77' lang='lat' dir='ltr'><strong>sapientia</strong></span> <span class='ocrx_word' id='word_1_8' title='bbox 1891 537 1908 563; x_wconf 90' lang='lat'><strong>,</strong></span> <span class='ocrx_word' id='word_1_9' title='bbox 1937 513 2055 566; x_wconf 63' lang='lat' dir='ltr'><strong>quas</strong></span> <span class='ocrx_word' id='word_1_10' title='bbox 2084 512 2182 551; x_wconf 93' lang='lat' dir='ltr'><strong>nec</strong></span> <span class='ocrx_word' id='word_1_11' title='bbox 2202 497 2326 567; x_wconf 83' lang='lat' dir='ltr'><strong>plus</strong></span> 
     </span>
    </p>
   </div>
   <div class='ocr_carea' id='block_1_3' title="bbox 745 571 2326 662">
    <p class='ocr_par' dir='ltr' id='par_1_3' title="bbox 745 571 2326 662">
     <span class='ocr_line' id='line_1_3' title="bbox 745 571 2326 662; baseline -0.003 -16"><span class='ocrx_word' id='word_1_12' title='bbox 745 591 894 662; x_wconf 84' lang='lat' dir='ltr'><strong>justo</strong></span> <span class='ocrx_word' id='word_1_13' title='bbox 919 590 1198 646; x_wconf 89' lang='lat' dir='ltr'><strong>decertare</strong></span> <span class='ocrx_word' id='word_1_14' title='bbox 1226 571 1497 660; x_wconf 73' lang='lat' dir='ltr'><strong>permittat</strong></span> <span class='ocrx_word' id='word_1_15' title='bbox 1521 632 1538 656; x_wconf 93' lang='lat'><strong>,</strong></span> <span class='ocrx_word' id='word_1_16' title='bbox 1560 589 1656 644; x_wconf 92' lang='lat' dir='ltr'><strong>sed</strong></span> <span class='ocrx_word' id='word_1_17' title='bbox 1684 589 1877 660; x_wconf 84' lang='lat' dir='ltr'><strong>ubique</strong></span> <span class='ocrx_word' id='word_1_18' title='bbox 1905 585 2326 644; x_wconf 78' lang='lat' dir='ltr'><strong>moderationem</strong></span> 
     </span>
    </p>
   </div>
   <div class='ocr_carea' id='block_1_4' title="bbox 747 678 2323 751">
    <p class='ocr_par' dir='ltr' id='par_1_4' title="bbox 747 678 2323 751">
     <span class='ocr_line' id='line_1_4' title="bbox 747 678 2323 751; baseline -0.003 -14"><span class='ocrx_word' id='word_1_19' title='bbox 747 690 944 737; x_wconf 77' lang='lat' dir='ltr'><strong>servet.</strong></span> <span class='ocrx_word' id='word_1_20' title='bbox 969 682 1128 751; x_wconf 87' lang='lat' dir='ltr'><strong>Atqui</strong></span> <span class='ocrx_word' id='word_1_21' title='bbox 1151 681 1249 751; x_wconf 85' lang='lat' dir='ltr'><strong>ipsi</strong></span> <span class='ocrx_word' id='word_1_22' title='bbox 1276 682 1488 746; x_wconf 81' lang='lat' dir='ltr'><strong>licebat,</strong></span> <span class='ocrx_word' id='word_1_23' title='bbox 1518 683 1562 734; x_wconf 89' lang='lat' dir='ltr'><strong>si</strong></span> <span class='ocrx_word' id='word_1_24' title='bbox 1591 678 1869 747; x_wconf 79' lang='lat' dir='ltr'><strong>voluisset,</strong></span> <span class='ocrx_word' id='word_1_25' title='bbox 1890 681 2025 734; x_wconf 88' lang='lat' dir='ltr'><strong>ultra</strong></span> <span class='ocrx_word' id='word_1_26' title='bbox 2054 678 2323 748; x_wconf 76' lang='lat' dir='ltr'><strong>progredi.</strong></span> 
     </span>
    </p>
   </div>
   <div class='ocr_carea' id='block_1_5' title="bbox 746 770 2326 842">
    <p class='ocr_par' dir='ltr' id='par_1_5' title="bbox 746 770 2326 842">
     <span class='ocr_line' id='line_1_5' title="bbox 746 770 2326 842; baseline -0.003 -16"><span class='ocrx_word' id='word_1_27' title='bbox 746 773 806 826; x_wconf 87' lang='lat' dir='ltr'><strong>Ei</strong></span> <span class='ocrx_word' id='word_1_28' title='bbox 837 772 977 826; x_wconf 88' lang='lat' dir='ltr'><strong>enim</strong></span> <span class='ocrx_word' id='word_1_29' title='bbox 1004 772 1094 840; x_wconf 92' lang='lat' dir='ltr'><strong>qui</strong></span> <span class='ocrx_word' id='word_1_30' title='bbox 1120 773 1241 826; x_wconf 74' lang='lat' dir='ltr'><strong>vita:</strong></span> <span class='ocrx_word' id='word_1_31' title='bbox 1270 786 1451 826; x_wconf 86' lang='lat' dir='ltr'><strong>curam</strong></span> <span class='ocrx_word' id='word_1_32' title='bbox 1478 770 1759 840; x_wconf 85' lang='lat' dir='ltr'><strong>abjecisset</strong></span> <span class='ocrx_word' id='word_1_33' title='bbox 1785 771 1911 842; x_wconf 92' lang='lat' dir='ltr'><strong>(non</strong></span> <span class='ocrx_word' id='word_1_34' title='bbox 1941 770 2082 823; x_wconf 88' lang='lat' dir='ltr'><strong>enim</strong></span> <span class='ocrx_word' id='word_1_35' title='bbox 2108 781 2326 839; x_wconf 84' lang='lat' dir='ltr'><strong>prorsus</strong></span> 
     </span>
    </p>
   </div>
   <div class='ocr_carea' id='block_1_6' title="bbox 741 858 2324 938">
    <p class='ocr_par' dir='ltr' id='par_1_6' title="bbox 741 858 2324 938">
     <span class='ocr_line' id='line_1_6' title="bbox 741 858 2324 938; baseline -0.004 -21"><span class='ocrx_word' id='word_1_36' title='bbox 741 858 1077 926; x_wconf 79' lang='lat' dir='ltr'><strong>acceSsisset,</strong></span> <span class='ocrx_word' id='word_1_37' title='bbox 1109 862 1209 917; x_wconf 90' lang='lat' dir='ltr'><strong>nisi</strong></span> <span class='ocrx_word' id='word_1_38' title='bbox 1235 879 1294 917; x_wconf 90' lang='lat' dir='ltr'><strong>se</strong></span> <span class='ocrx_word' id='word_1_39' title='bbox 1321 862 1621 932; x_wconf 88' lang='lat' dir='ltr'><strong>hujusmodi</strong></span> <span class='ocrx_word' id='word_1_40' title='bbox 1642 860 2046 931; x_wconf 76' lang='lat' dir='ltr'><strong>cogitationibus</strong></span> <span class='ocrx_word' id='word_1_41' title='bbox 2070 859 2324 938; x_wconf 77' lang='lat' dir='ltr'><strong>armavis—</strong></span> 
     </span>
    </p>
   </div>
   <div class='ocr_carea' id='block_1_7' title="bbox 739 950 2320 1024">
    <p class='ocr_par' dir='ltr' id='par_1_7' title="bbox 739 950 2320 1024">
     <span class='ocr_line' id='line_1_7' title="bbox 739 950 2320 1024; baseline -0.003 -16"><span class='ocrx_word' id='word_1_42' title='bbox 739 953 882 1024; x_wconf 89' lang='lat' dir='ltr'><strong>set),</strong></span> <span class='ocrx_word' id='word_1_43' title='bbox 911 969 1029 1008; x_wconf 91' lang='lat' dir='ltr'><strong>cum</strong></span> <span class='ocrx_word' id='word_1_44' title='bbox 1057 962 1318 1023; x_wconf 85' lang='lat' dir='ltr'><strong>potestate</strong></span> <span class='ocrx_word' id='word_1_45' title='bbox 1339 953 1516 1006; x_wconf 87' lang='lat' dir='ltr'><strong>omnia</strong></span> <span class='ocrx_word' id='word_1_46' title='bbox 1551 951 1722 1006; x_wconf 89' lang='lat' dir='ltr'><strong>facere</strong></span> <span class='ocrx_word' id='word_1_47' title='bbox 1747 951 1977 1015; x_wconf 88' lang='lat' dir='ltr'><strong>licebat,</strong></span> <span class='ocrx_word' id='word_1_48' title='bbox 2005 962 2060 1004; x_wconf 90' lang='lat' dir='ltr'><strong>et</strong></span> <span class='ocrx_word' id='word_1_49' title='bbox 2087 950 2320 1018; x_wconf 85' lang='lat' dir='ltr'><strong>Impera-</strong></span> 
     </span>
    </p>
   </div>
   <div class='ocr_carea' id='block_1_8' title="bbox 739 1038 2321 1112">
    <p class='ocr_par' dir='ltr' id='par_1_8' title="bbox 739 1038 2321 1112">
     <span class='ocr_line' id='line_1_8' title="bbox 739 1038 2321 1112; baseline -0.001 -16"><span class='ocrx_word' id='word_1_50' title='bbox 739 1053 914 1098; x_wconf 88' lang='lat' dir='ltr'><strong>torem</strong></span> <span class='ocrx_word' id='word_1_51' title='bbox 947 1039 1282 1099; x_wconf 76' lang='lat' dir='ltr'><strong>contumeliis</strong></span> <span class='ocrx_word' id='word_1_52' title='bbox 1325 1056 1611 1112; x_wconf 84' lang='lat' dir='ltr'><strong>aSpergere</strong></span> <span class='ocrx_word' id='word_1_53' title='bbox 1635 1081 1649 1107; x_wconf 89' lang='lat'><strong>,</strong></span> <span class='ocrx_word' id='word_1_54' title='bbox 1681 1051 1735 1096; x_wconf 90' lang='lat' dir='ltr'><strong>et</strong></span> <span class='ocrx_word' id='word_1_55' title='bbox 1758 1041 1999 1095; x_wconf 83' lang='lat' dir='ltr'><strong>diadema</strong></span> <span class='ocrx_word' id='word_1_56' title='bbox 2046 1038 2115 1094; x_wconf 87' lang='lat' dir='ltr'><strong>de</strong></span> <span class='ocrx_word' id='word_1_57' title='bbox 2149 1040 2321 1110; x_wconf 85' lang='lat' dir='ltr'><strong>capite</strong></span> 
     </span>
    </p>
   </div>
   <div class='ocr_carea' id='block_1_9' title="bbox 734 1129 2316 1204">
    <p class='ocr_par' dir='ltr' id='par_1_9' title="bbox 734 1129 2316 1204">
     <span class='ocr_line' id='line_1_9' title="bbox 734 1129 2316 1204; baseline -0.004 -15"><span class='ocrx_word' id='word_1_58' title='bbox 734 1135 1043 1202; x_wconf 87' lang='lat' dir='ltr'><strong>detrahere,</strong></span> <span class='ocrx_word' id='word_1_59' title='bbox 1072 1144 1124 1190; x_wconf 92' lang='lat' dir='ltr'><strong>et</strong></span> <span class='ocrx_word' id='word_1_60' title='bbox 1153 1134 1344 1204; x_wconf 82' lang='lat' dir='ltr'><strong>pugnis</strong></span> <span class='ocrx_word' id='word_1_61' title='bbox 1372 1148 1434 1189; x_wconf 92' lang='lat' dir='ltr'><strong>os</strong></span> <span class='ocrx_word' id='word_1_62' title='bbox 1456 1132 1801 1195; x_wconf 88' lang='lat' dir='ltr'><strong>contundere,</strong></span> <span class='ocrx_word' id='word_1_63' title='bbox 1828 1130 2042 1200; x_wconf 89' lang='lat' dir='ltr'><strong>quando</strong></span> <span class='ocrx_word' id='word_1_64' title='bbox 2074 1129 2316 1184; x_wconf 89' lang='lat' dir='ltr'><strong>dextram</strong></span> 
     </span>
    </p>
   </div>
   <div class='ocr_carea' id='block_1_10' title="bbox 733 1221 2317 1295">
    <p class='ocr_par' dir='ltr' id='par_1_10' title="bbox 733 1221 2317 1295">
     <span class='ocr_line' id='line_1_10' title="bbox 733 1221 2317 1295; baseline -0.001 -17"><span class='ocrx_word' id='word_1_65' title='bbox 733 1225 788 1278; x_wconf 89' lang='lat' dir='ltr'><strong>in</strong></span> <span class='ocrx_word' id='word_1_66' title='bbox 822 1235 1006 1294; x_wconf 90' lang='lat' dir='ltr'><strong>pectus</strong></span> <span class='ocrx_word' id='word_1_67' title='bbox 1043 1226 1281 1295; x_wconf 87' lang='lat' dir='ltr'><strong>impegit.</strong></span> <span class='ocrx_word' id='word_1_68' title='bbox 1312 1224 1417 1280; x_wconf 86' lang='lat' dir='ltr'><strong>Sed</strong></span> <span class='ocrx_word' id='word_1_69' title='bbox 1461 1225 1591 1279; x_wconf 88' lang='lat' dir='ltr'><strong>nihil</strong></span> <span class='ocrx_word' id='word_1_70' title='bbox 1635 1224 1821 1277; x_wconf 91' lang='lat' dir='ltr'><strong>horum</strong></span> <span class='ocrx_word' id='word_1_71' title='bbox 1863 1223 1987 1278; x_wconf 91' lang='lat' dir='ltr'><strong>fecit</strong></span> <span class='ocrx_word' id='word_1_72' title='bbox 2015 1241 2028 1277; x_wconf 91' lang='lat'><strong>:</strong></span> <span class='ocrx_word' id='word_1_73' title='bbox 2060 1221 2317 1291; x_wconf 89' lang='lat' dir='ltr'><strong>spirituali</strong></span> 
     </span>
    </p>
   </div>
   <div class='ocr_carea' id='block_1_11' title="bbox 738 1314 2315 1385">
    <p class='ocr_par' dir='ltr' id='par_1_11' title="bbox 738 1314 2315 1385">
     <span class='ocr_line' id='line_1_11' title="bbox 738 1314 2315 1385; baseline -0.002 -16"><span class='ocrx_word' id='word_1_74' title='bbox 738 1330 966 1385; x_wconf 87' lang='lat' dir='ltr'><strong>namque</strong></span> <span class='ocrx_word' id='word_1_75' title='bbox 992 1317 1103 1372; x_wconf 82' lang='lat' dir='ltr'><strong>sale</strong></span> <span class='ocrx_word' id='word_1_76' title='bbox 1129 1317 1396 1371; x_wconf 89' lang='lat' dir='ltr'><strong>conditam</strong></span> <span class='ocrx_word' id='word_1_77' title='bbox 1421 1315 1649 1370; x_wconf 86' lang='lat' dir='ltr'><strong>habebat</strong></span> <span class='ocrx_word' id='word_1_78' title='bbox 1673 1315 1905 1367; x_wconf 81' lang='lat' dir='ltr'><strong>animant</strong></span> <span class='ocrx_word' id='word_1_79' title='bbox 1930 1331 1944 1366; x_wconf 91' lang='lat'>:</span> <span class='ocrx_word' id='word_1_80' title='bbox 1968 1314 2315 1382; x_wconf 91' lang='lat' dir='ltr'><strong>quamobrem</strong></span> 
     </span>
    </p>
   </div>
   <div class='ocr_carea' id='block_1_12' title="bbox 738 1403 2316 1474">
    <p class='ocr_par' dir='ltr' id='par_1_12' title="bbox 738 1403 2316 1474">
     <span class='ocr_line' id='line_1_12' title="bbox 738 1403 2316 1474; baseline -0.001 -15"><span class='ocrx_word' id='word_1_81' title='bbox 738 1405 870 1459; x_wconf 84' lang='lat' dir='ltr'><strong>nihil</strong></span> <span class='ocrx_word' id='word_1_82' title='bbox 901 1415 1101 1460; x_wconf 81' lang='lat' dir='ltr'><strong>temere</strong></span> <span class='ocrx_word' id='word_1_83' title='bbox 1126 1406 1208 1460; x_wconf 88' lang='lat' dir='ltr'><strong>vel</strong></span> <span class='ocrx_word' id='word_1_84' title='bbox 1230 1405 1424 1460; x_wconf 82' lang='lat' dir='ltr'><strong>frustra</strong></span> <span class='ocrx_word' id='word_1_85' title='bbox 1447 1405 1569 1474; x_wconf 85' lang='lat' dir='ltr'><strong>egit,</strong></span> <span class='ocrx_word' id='word_1_86' title='bbox 1598 1403 1695 1458; x_wconf 90' lang='lat' dir='ltr'><strong>sed</strong></span> <span class='ocrx_word' id='word_1_87' title='bbox 1721 1403 1897 1457; x_wconf 89' lang='lat' dir='ltr'><strong>omnia</strong></span> <span class='ocrx_word' id='word_1_88' title='bbox 1929 1412 2075 1458; x_wconf 90' lang='lat' dir='ltr'><strong>recto</strong></span> <span class='ocrx_word' id='word_1_89' title='bbox 2095 1403 2316 1457; x_wconf 84' lang='lat' dir='ltr'><strong>rationis</strong></span> 
     </span>
    </p>
   </div>
   <div class='ocr_carea' id='block_1_13' title="bbox 733 1493 2313 1564">
    <p class='ocr_par' dir='ltr' id='par_1_13' title="bbox 733 1493 2313 1564">
     <span class='ocr_line' id='line_1_13' title="bbox 733 1493 2313 1564; baseline -0.001 -16"><span class='ocrx_word' id='word_1_90' title='bbox 733 1495 932 1564; x_wconf 88' lang='lat' dir='ltr'><strong>judicio</strong></span> <span class='ocrx_word' id='word_1_91' title='bbox 949 1505 1002 1551; x_wconf 93' lang='lat' dir='ltr'><strong>et</strong></span> <span class='ocrx_word' id='word_1_92' title='bbox 1017 1497 1215 1550; x_wconf 87' lang='lat' dir='ltr'><strong>saniori</strong></span> <span class='ocrx_word' id='word_1_93' title='bbox 1237 1495 1395 1549; x_wconf 90' lang='lat' dir='ltr'><strong>modo</strong></span> <span class='ocrx_word' id='word_1_94' title='bbox 1419 1513 1432 1548; x_wconf 87' lang='lat'><strong>:</strong></span> <span class='ocrx_word' id='word_1_95' title='bbox 1457 1511 1562 1548; x_wconf 93' lang='lat' dir='ltr'><strong>non</strong></span> <span class='ocrx_word' id='word_1_96' title='bbox 1583 1493 2024 1564; x_wconf 84' lang='lat' dir='ltr'><strong>quemadmodum</strong></span> <span class='ocrx_word' id='word_1_97' title='bbox 2044 1493 2313 1563; x_wconf 78' lang='lat' dir='ltr'><strong>gentilium</strong></span> 
     </span>
    </p>
   </div>
   <div class='ocr_carea' id='block_1_14' title="bbox 732 1583 2314 1655">
    <p class='ocr_par' dir='ltr' id='par_1_14' title="bbox 732 1583 2314 1655">
     <span class='ocr_line' id='line_1_14' title="bbox 732 1583 2314 1655; baseline -0.003 -15"><span class='ocrx_word' id='word_1_98' title='bbox 732 1588 998 1655; x_wconf 77' lang='lat' dir='ltr'><strong>sapientes</strong></span> <span class='ocrx_word' id='word_1_99' title='bbox 1024 1628 1038 1651; x_wconf 94' lang='lat'><strong>,</strong></span> <span class='ocrx_word' id='word_1_100' title='bbox 1069 1588 1158 1655; x_wconf 90' lang='lat' dir='ltr'><strong>qui</strong></span> <span class='ocrx_word' id='word_1_101' title='bbox 1202 1585 1474 1639; x_wconf 86' lang='lat' dir='ltr'><strong>moderate</strong></span> <span class='ocrx_word' id='word_1_102' title='bbox 1507 1599 1796 1654; x_wconf 86' lang='lat' dir='ltr'><strong>numquam</strong></span> <span class='ocrx_word' id='word_1_103' title='bbox 1823 1624 1839 1650; x_wconf 92' lang='lat'><strong>,</strong></span> <span class='ocrx_word' id='word_1_104' title='bbox 1866 1583 1961 1637; x_wconf 88' lang='lat' dir='ltr'><strong>sed</strong></span> <span class='ocrx_word' id='word_1_105' title='bbox 1992 1583 2186 1653; x_wconf 88' lang='lat' dir='ltr'><strong>ubique</strong></span> <span class='ocrx_word' id='word_1_106' title='bbox 2208 1623 2222 1646; x_wconf 92' lang='lat'><strong>,</strong></span> <span class='ocrx_word' id='word_1_107' title='bbox 2258 1593 2314 1636; x_wconf 95' lang='lat' dir='ltr'><strong>ut</strong></span> 
     </span>
    </p>
   </div>
   <div class='ocr_carea' id='block_1_15' title="bbox 729 1673 2313 1745">
    <p class='ocr_par' dir='ltr' id='par_1_15' title="bbox 729 1673 2313 1745">
     <span class='ocr_line' id='line_1_15' title="bbox 729 1673 2313 1745; baseline -0.003 -14"><span class='ocrx_word' id='word_1_108' title='bbox 729 1677 800 1731; x_wconf 87' lang='lat' dir='ltr'><strong>ita</strong></span> <span class='ocrx_word' id='word_1_109' title='bbox 838 1677 1009 1731; x_wconf 89' lang='lat' dir='ltr'><strong>dicam</strong></span> <span class='ocrx_word' id='word_1_110' title='bbox 1031 1719 1045 1744; x_wconf 92' lang='lat'><strong>,</strong></span> <span class='ocrx_word' id='word_1_111' title='bbox 1076 1685 1166 1730; x_wconf 89' lang='lat' dir='ltr'><strong>aut</strong></span> <span class='ocrx_word' id='word_1_112' title='bbox 1193 1677 1309 1745; x_wconf 92' lang='lat' dir='ltr'><strong>plus</strong></span> <span class='ocrx_word' id='word_1_113' title='bbox 1337 1684 1429 1730; x_wconf 91' lang='lat' dir='ltr'><strong>aut</strong></span> <span class='ocrx_word' id='word_1_114' title='bbox 1458 1676 1632 1730; x_wconf 88' lang='lat' dir='ltr'><strong>minus</strong></span> <span class='ocrx_word' id='word_1_115' title='bbox 1656 1717 1671 1743; x_wconf 92' lang='lat'><strong>,</strong></span> <span class='ocrx_word' id='word_1_116' title='bbox 1699 1689 1856 1745; x_wconf 90' lang='lat' dir='ltr'><strong>quam</strong></span> <span class='ocrx_word' id='word_1_117' title='bbox 1887 1690 1984 1743; x_wconf 91' lang='lat' dir='ltr'><strong>par</strong></span> <span class='ocrx_word' id='word_1_118' title='bbox 2008 1683 2115 1739; x_wconf 92' lang='lat' dir='ltr'><strong>est,</strong></span> <span class='ocrx_word' id='word_1_119' title='bbox 2145 1673 2313 1728; x_wconf 84' lang='lat' dir='ltr'><strong>confl-</strong></span> 
     </span>
    </p>
   </div>
   <div class='ocr_carea' id='block_1_16' title="bbox 732 1765 2307 1835">
    <p class='ocr_par' dir='ltr' id='par_1_16' title="bbox 732 1765 2307 1835">
     <span class='ocr_line' id='line_1_16' title="bbox 732 1765 2307 1835; baseline -0.002 -13"><span class='ocrx_word' id='word_1_120' title='bbox 732 1768 966 1824; x_wconf 91' lang='lat' dir='ltr'><strong>dentiam</strong></span> <span class='ocrx_word' id='word_1_121' title='bbox 996 1769 1249 1824; x_wconf 80' lang='lat' dir='ltr'><strong>exhibent</strong></span> <span class='ocrx_word' id='word_1_122' title='bbox 1275 1784 1449 1833; x_wconf 86' lang='lat' dir='ltr'><strong>suam,</strong></span> <span class='ocrx_word' id='word_1_123' title='bbox 1479 1768 1550 1822; x_wconf 92' lang='lat' dir='ltr'><strong>ita</strong></span> <span class='ocrx_word' id='word_1_124' title='bbox 1579 1777 1635 1822; x_wconf 94' lang='lat' dir='ltr'><strong>ut</strong></span> <span class='ocrx_word' id='word_1_125' title='bbox 1663 1782 1921 1835; x_wconf 85' lang='lat' dir='ltr'><strong>nusquam</strong></span> <span class='ocrx_word' id='word_1_126' title='bbox 1948 1765 2307 1833; x_wconf 75' lang='lat' dir='ltr'><strong>fortitudinis,</strong></span> 
     </span>
    </p>
   </div>
   <div class='ocr_carea' id='block_1_17' title="bbox 729 1857 2309 1929">
    <p class='ocr_par' dir='ltr' id='par_1_17' title="bbox 729 1857 2309 1929">
     <span class='ocr_line' id='line_1_17' title="bbox 729 1857 2309 1929; baseline 0.001 -16"><span class='ocrx_word' id='word_1_127' title='bbox 729 1859 822 1914; x_wconf 90' lang='lat' dir='ltr'><strong>sed</strong></span> <span class='ocrx_word' id='word_1_128' title='bbox 849 1861 1282 1914; x_wconf 87' lang='lat' dir='ltr'><strong>irrationabilium</strong></span> <span class='ocrx_word' id='word_1_129' title='bbox 1314 1859 1594 1914; x_wconf 78' lang='lat' dir='ltr'><strong>affectuum</strong></span> <span class='ocrx_word' id='word_1_130' title='bbox 1630 1859 1932 1929; x_wconf 84' lang='lat' dir='ltr'><strong>Opinionem</strong></span> <span class='ocrx_word' id='word_1_131' title='bbox 1980 1857 2172 1927; x_wconf 84' lang='lat' dir='ltr'><strong>ubique</strong></span> <span class='ocrx_word' id='word_1_132' title='bbox 2208 1859 2309 1914; x_wconf 87' lang='lat' dir='ltr'><strong>sibi</strong></span> 
     </span>
    </p>
   </div>
   <div class='ocr_carea' id='block_1_18' title="bbox 727 1947 2308 2018">
    <p class='ocr_par' dir='ltr' id='par_1_18' title="bbox 727 1947 2308 2018">
     <span class='ocr_line' id='line_1_18' title="bbox 727 1947 2308 2018; baseline -0.001 -15"><span class='ocrx_word' id='word_1_133' title='bbox 727 1950 1047 2013; x_wconf 84' lang='lat' dir='ltr'><strong>concilient;</strong></span> <span class='ocrx_word' id='word_1_134' title='bbox 1075 1949 1161 2003; x_wconf 89' lang='lat' dir='ltr'><strong>ubi</strong></span> <span class='ocrx_word' id='word_1_135' title='bbox 1191 1954 1365 2012; x_wconf 72' lang='lat' dir='ltr'><strong>minus</strong></span> <span class='ocrx_word' id='word_1_136' title='bbox 1396 1948 1712 2018; x_wconf 65' lang='lat' dir='ltr'><strong>praestitere,</strong></span> <span class='ocrx_word' id='word_1_137' title='bbox 1745 1947 2078 2013; x_wconf 90' lang='lat' dir='ltr'><strong>formidinis;</strong></span> <span class='ocrx_word' id='word_1_138' title='bbox 2103 1948 2190 2002; x_wconf 91' lang='lat' dir='ltr'><strong>ubi</strong></span> <span class='ocrx_word' id='word_1_139' title='bbox 2215 1963 2308 2001; x_wconf 83' lang='lat' dir='ltr'><strong>ex-</strong></span> 
     </span>
    </p>
   </div>
   <div class='ocr_carea' id='block_1_19' title="bbox 724 2036 2304 2108">
    <p class='ocr_par' dir='ltr' id='par_1_19' title="bbox 724 2036 2304 2108">
     <span class='ocr_line' id='line_1_19' title="bbox 724 2036 2304 2108; baseline -0.002 -16"><span class='ocrx_word' id='word_1_140' title='bbox 724 2054 957 2101; x_wconf 87' lang='lat' dir='ltr'><strong>cessere,</strong></span> <span class='ocrx_word' id='word_1_141' title='bbox 983 2040 1294 2108; x_wconf 64' lang='lat' dir='ltr'><strong>arrogantia:</strong></span> <span class='ocrx_word' id='word_1_142' title='bbox 1320 2047 1374 2093; x_wconf 90' lang='lat' dir='ltr'><strong>et</strong></span> <span class='ocrx_word' id='word_1_143' title='bbox 1398 2054 1546 2093; x_wconf 72' lang='lat' dir='ltr'><strong>vante</strong></span> <span class='ocrx_word' id='word_1_144' title='bbox 1574 2038 1758 2108; x_wconf 68' lang='lat' dir='ltr'><strong>gloria:</strong></span> <span class='ocrx_word' id='word_1_145' title='bbox 1785 2036 1922 2106; x_wconf 89' lang='lat' dir='ltr'><strong>apud</strong></span> <span class='ocrx_word' id='word_1_146' title='bbox 1963 2052 2149 2092; x_wconf 90' lang='lat' dir='ltr'><strong>omnes</strong></span> <span class='ocrx_word' id='word_1_147' title='bbox 2175 2052 2304 2092; x_wconf 82' lang='lat' dir='ltr'><strong>con-</strong></span> 
     </span>
    </p>
   </div>
   <div class='ocr_carea' id='block_1_20' title="bbox 727 2129 2304 2198">
    <p class='ocr_par' dir='ltr' id='par_1_20' title="bbox 727 2129 2304 2198">
     <span class='ocr_line' id='line_1_20' title="bbox 727 2129 2304 2198; baseline 0 -16"><span class='ocrx_word' id='word_1_148' title='bbox 727 2131 872 2185; x_wconf 82' lang='lat' dir='ltr'><strong>victi.</strong></span> <span class='ocrx_word' id='word_1_149' title='bbox 893 2132 961 2184; x_wconf 83' lang='lat' dir='ltr'><strong>At</strong></span> <span class='ocrx_word' id='word_1_150' title='bbox 983 2147 1087 2184; x_wconf 94' lang='lat' dir='ltr'><strong>non</strong></span> <span class='ocrx_word' id='word_1_151' title='bbox 1114 2132 1238 2184; x_wconf 90' lang='lat' dir='ltr'><strong>item</strong></span> <span class='ocrx_word' id='word_1_152' title='bbox 1271 2132 1457 2185; x_wconf 88' lang='lat' dir='ltr'><strong>beatus</strong></span> <span class='ocrx_word' id='word_1_153' title='bbox 1484 2130 1571 2184; x_wconf 92' lang='lat' dir='ltr'><strong>ille</strong></span> <span class='ocrx_word' id='word_1_154' title='bbox 1597 2148 1610 2183; x_wconf 90' lang='lat'>:</span> <span class='ocrx_word' id='word_1_155' title='bbox 1639 2144 1742 2184; x_wconf 90' lang='lat' dir='ltr'><strong>non</strong></span> <span class='ocrx_word' id='word_1_156' title='bbox 1769 2130 1910 2184; x_wconf 93' lang='lat' dir='ltr'><strong>enim</strong></span> <span class='ocrx_word' id='word_1_157' title='bbox 1941 2138 2139 2184; x_wconf 89' lang='lat' dir='ltr'><strong>temere</strong></span> <span class='ocrx_word' id='word_1_158' title='bbox 2163 2129 2304 2198; x_wconf 87' lang='lat' dir='ltr'><strong>quod</strong></span> 
     </span>
    </p>
   </div>
   <div class='ocr_carea' id='block_1_21' title="bbox 720 2221 2304 2292">
    <p class='ocr_par' dir='ltr' id='par_1_21' title="bbox 720 2221 2304 2292">
     <span class='ocr_line' id='line_1_21' title="bbox 720 2221 2304 2292; baseline -0.001 -18"><span class='ocrx_word' id='word_1_159' title='bbox 720 2221 774 2274; x_wconf 90' lang='lat' dir='ltr'><strong>in</strong></span> <span class='ocrx_word' id='word_1_160' title='bbox 805 2231 1035 2275; x_wconf 89' lang='lat' dir='ltr'><strong>mentem</strong></span> <span class='ocrx_word' id='word_1_161' title='bbox 1066 2223 1268 2277; x_wconf 84' lang='lat' dir='ltr'><strong>subiret</strong></span> <span class='ocrx_word' id='word_1_162' title='bbox 1296 2222 1505 2292; x_wconf 81' lang='lat' dir='ltr'><strong>agebat,</strong></span> <span class='ocrx_word' id='word_1_163' title='bbox 1534 2221 1627 2276; x_wconf 89' lang='lat' dir='ltr'><strong>sed</strong></span> <span class='ocrx_word' id='word_1_164' title='bbox 1655 2222 1863 2276; x_wconf 90' lang='lat' dir='ltr'><strong>cunctis</strong></span> <span class='ocrx_word' id='word_1_165' title='bbox 1887 2229 2132 2276; x_wconf 85' lang='lat' dir='ltr'><strong>accurate</strong></span> <span class='ocrx_word' id='word_1_166' title='bbox 2173 2236 2304 2275; x_wconf 57' lang='lat' dir='ltr'><strong>exad</strong></span> 
     </span>
    </p>
   </div>
   <div class='ocr_carea' id='block_1_22' title="bbox 721 2311 2299 2383">
    <p class='ocr_par' dir='ltr' id='par_1_22' title="bbox 721 2311 2299 2383">
     <span class='ocr_line' id='line_1_22' title="bbox 721 2311 2299 2383; baseline 0.001 -19"><span class='ocrx_word' id='word_1_167' title='bbox 721 2311 956 2378; x_wconf 89' lang='lat' dir='ltr'><strong>minatis,</strong></span> <span class='ocrx_word' id='word_1_168' title='bbox 980 2312 1416 2382; x_wconf 91' lang='lat' dir='ltr'><strong>concinnatisque</strong></span> <span class='ocrx_word' id='word_1_169' title='bbox 1439 2312 1730 2366; x_wconf 89' lang='lat' dir='ltr'><strong>secundum</strong></span> <span class='ocrx_word' id='word_1_170' title='bbox 1756 2312 1958 2366; x_wconf 85' lang='lat' dir='ltr'><strong>divinas</strong></span> <span class='ocrx_word' id='word_1_171' title='bbox 1979 2313 2123 2382; x_wconf 90' lang='lat' dir='ltr'><strong>leges</strong></span> <span class='ocrx_word' id='word_1_172' title='bbox 2149 2315 2299 2383; x_wconf 86' lang='lat' dir='ltr'><strong>cogi-</strong></span> 
     </span>
    </p>
   </div>
   <div class='ocr_carea' id='block_1_23' title="bbox 721 2403 2298 2476">
    <p class='ocr_par' dir='ltr' id='par_1_23' title="bbox 721 2403 2298 2476">
     <span class='ocr_line' id='line_1_23' title="bbox 721 2403 2298 2476; baseline 0.001 -20"><span class='ocrx_word' id='word_1_173' title='bbox 721 2403 1009 2457; x_wconf 89' lang='lat' dir='ltr'><strong>tationibus</strong></span> <span class='ocrx_word' id='word_1_174' title='bbox 1026 2445 1040 2467; x_wconf 91' lang='lat'><strong>,</strong></span> <span class='ocrx_word' id='word_1_175' title='bbox 1065 2404 1141 2457; x_wconf 92' lang='lat' dir='ltr'><strong>sic</strong></span> <span class='ocrx_word' id='word_1_176' title='bbox 1165 2404 1230 2458; x_wconf 91' lang='lat' dir='ltr'><strong>ad</strong></span> <span class='ocrx_word' id='word_1_177' title='bbox 1248 2417 1381 2473; x_wconf 88' lang='lat' dir='ltr'><strong>epus</strong></span> <span class='ocrx_word' id='word_1_178' title='bbox 1402 2417 1491 2457; x_wconf 86' lang='lat' dir='ltr'><strong>eas</strong></span> <span class='ocrx_word' id='word_1_179' title='bbox 1523 2403 1723 2457; x_wconf 81' lang='lat' dir='ltr'><strong>eduxit.</strong></span> <span class='ocrx_word' id='word_1_180' title='bbox 1747 2403 1974 2472; x_wconf 91' lang='lat' dir='ltr'><strong>Ideoque</strong></span> <span class='ocrx_word' id='word_1_181' title='bbox 2011 2405 2298 2476; x_wconf 82' lang='lat' dir='ltr'><strong>sectionem</strong></span> 
     </span>
    </p>
   </div>
   <div class='ocr_carea' id='block_1_24' title="bbox 719 2494 2298 2565">
    <p class='ocr_par' dir='ltr' id='par_1_24' title="bbox 719 2494 2298 2565">
     <span class='ocr_line' id='line_1_24' title="bbox 719 2494 2298 2565; baseline 0.002 -18"><span class='ocrx_word' id='word_1_182' title='bbox 719 2509 825 2548; x_wconf 91' lang='lat' dir='ltr'><strong>non</strong></span> <span class='ocrx_word' id='word_1_183' title='bbox 858 2496 908 2548; x_wconf 92' lang='lat' dir='ltr'><strong>in</strong></span> <span class='ocrx_word' id='word_1_184' title='bbox 942 2494 1225 2564; x_wconf 81' lang='lat' dir='ltr'><strong>superficie</strong></span> <span class='ocrx_word' id='word_1_185' title='bbox 1257 2503 1460 2549; x_wconf 90' lang='lat' dir='ltr'><strong>tantum</strong></span> <span class='ocrx_word' id='word_1_186' title='bbox 1489 2494 1613 2550; x_wconf 87' lang='lat' dir='ltr'><strong>fecit</strong></span> <span class='ocrx_word' id='word_1_187' title='bbox 1635 2536 1650 2560; x_wconf 91' lang='lat'><strong>,</strong></span> <span class='ocrx_word' id='word_1_188' title='bbox 1682 2510 1748 2548; x_wconf 90' lang='lat' dir='ltr'><strong>ne</strong></span> <span class='ocrx_word' id='word_1_189' title='bbox 1773 2494 1942 2564; x_wconf 87' lang='lat' dir='ltr'><strong>major</strong></span> <span class='ocrx_word' id='word_1_190' title='bbox 1967 2509 2090 2565; x_wconf 90' lang='lat' dir='ltr'><strong>pars</strong></span> <span class='ocrx_word' id='word_1_191' title='bbox 2123 2495 2298 2551; x_wconf 73' lang='lat' dir='ltr'><strong>allecti</strong></span> 
     </span>
    </p>
   </div>
   <div class='ocr_carea' id='block_1_25' title="bbox 716 2586 2299 2659">
    <p class='ocr_par' dir='ltr' id='par_1_25' title="bbox 716 2586 2299 2659">
     <span class='ocr_line' id='line_1_25' title="bbox 716 2586 2299 2659; baseline 0.001 -19"><span class='ocrx_word' id='word_1_192' title='bbox 716 2587 939 2642; x_wconf 90' lang='lat' dir='ltr'><strong>membri</strong></span> <span class='ocrx_word' id='word_1_193' title='bbox 977 2598 1311 2653; x_wconf 70' lang='lat' dir='ltr'><strong>remaneret;</strong></span> <span class='ocrx_word' id='word_1_194' title='bbox 1339 2603 1507 2658; x_wconf 92' lang='lat' dir='ltr'><strong>neque</strong></span> <span class='ocrx_word' id='word_1_195' title='bbox 1546 2586 1947 2657; x_wconf 85' lang='lat' dir='ltr'><strong>profundiorem</strong></span> <span class='ocrx_word' id='word_1_196' title='bbox 1969 2629 1983 2654; x_wconf 92' lang='lat'><strong>,</strong></span> <span class='ocrx_word' id='word_1_197' title='bbox 2011 2603 2171 2658; x_wconf 88' lang='lat' dir='ltr'><strong>quam</strong></span> <span class='ocrx_word' id='word_1_198' title='bbox 2203 2605 2299 2659; x_wconf 91' lang='lat' dir='ltr'><strong>par</strong></span> 
     </span>
    </p>
   </div>
   <div class='ocr_carea' id='block_1_26' title="bbox 713 2679 2292 2748">
    <p class='ocr_par' dir='ltr' id='par_1_26' title="bbox 713 2679 2292 2748">
     <span class='ocr_line' id='line_1_26' title="bbox 713 2679 2292 2748; baseline 0.001 -17"><span class='ocrx_word' id='word_1_199' title='bbox 713 2686 830 2731; x_wconf 91' lang='lat' dir='ltr'><strong>erat</strong></span> <span class='ocrx_word' id='word_1_200' title='bbox 849 2720 863 2744; x_wconf 95' lang='lat'><strong>,</strong></span> <span class='ocrx_word' id='word_1_201' title='bbox 891 2693 958 2733; x_wconf 93' lang='lat' dir='ltr'><strong>ne</strong></span> <span class='ocrx_word' id='word_1_202' title='bbox 997 2679 1162 2748; x_wconf 65' lang='lat' dir='ltr'><strong>plaga:</strong></span> <span class='ocrx_word' id='word_1_203' title='bbox 1189 2693 1417 2735; x_wconf 87' lang='lat' dir='ltr'><strong>excessu</strong></span> <span class='ocrx_word' id='word_1_204' title='bbox 1462 2679 1741 2733; x_wconf 81' lang='lat' dir='ltr'><strong>sanitatem</strong></span> <span class='ocrx_word' id='word_1_205' title='bbox 1768 2688 2172 2747; x_wconf 90' lang='lat' dir='ltr'><strong>corrumperet;</strong></span> <span class='ocrx_word' id='word_1_206' title='bbox 2199 2679 2292 2735; x_wconf 90' lang='lat' dir='ltr'><strong>sed</strong></span> 
     </span>
    </p>
   </div>
   <div class='ocr_carea' id='block_1_27' title="bbox 715 2770 2296 2841">
    <p class='ocr_par' dir='ltr' id='par_1_27' title="bbox 715 2770 2296 2841">
     <span class='ocr_line' id='line_1_27' title="bbox 715 2770 2296 2841; baseline 0.002 -18"><span class='ocrx_word' id='word_1_207' title='bbox 715 2771 864 2841; x_wconf 88' lang='lat' dir='ltr'><strong>plaga</strong></span> <span class='ocrx_word' id='word_1_208' title='bbox 894 2771 960 2825; x_wconf 87' lang='lat' dir='ltr'><strong>ad</strong></span> <span class='ocrx_word' id='word_1_209' title='bbox 989 2771 1230 2826; x_wconf 89' lang='lat' dir='ltr'><strong>morbum</strong></span> <span class='ocrx_word' id='word_1_210' title='bbox 1261 2779 1607 2839; x_wconf 85' lang='lat' dir='ltr'><strong>attemperata</strong></span> <span class='ocrx_word' id='word_1_211' title='bbox 1631 2811 1646 2835; x_wconf 94' lang='lat'><strong>,</strong></span> <span class='ocrx_word' id='word_1_212' title='bbox 1676 2771 1753 2824; x_wconf 89' lang='lat' dir='ltr'><strong>sic</strong></span> <span class='ocrx_word' id='word_1_213' title='bbox 1775 2772 2027 2840; x_wconf 90' lang='lat' dir='ltr'><strong>optimam</strong></span> <span class='ocrx_word' id='word_1_214' title='bbox 2057 2770 2296 2826; x_wconf 79' lang='lat' dir='ltr'><strong>adhibuit</strong></span> 
     </span>
    </p>
   </div>
   <div class='ocr_carea' id='block_1_28' title="bbox 715 2860 2291 2930">
    <p class='ocr_par' dir='ltr' id='par_1_28' title="bbox 715 2860 2291 2930">
     <span class='ocr_line' id='line_1_28' title="bbox 715 2860 2291 2930; baseline -0.001 -16"><span class='ocrx_word' id='word_1_215' title='bbox 715 2861 1054 2914; x_wconf 81' lang='lat' dir='ltr'><strong>medicinam.</strong></span> <span class='ocrx_word' id='word_1_216' title='bbox 1092 2862 1227 2914; x_wconf 85' lang='lat' dir='ltr'><strong>Hinc</strong></span> <span class='ocrx_word' id='word_1_217' title='bbox 1255 2862 1403 2915; x_wconf 92' lang='lat' dir='ltr'><strong>illum</strong></span> <span class='ocrx_word' id='word_1_218' title='bbox 1437 2861 1532 2926; x_wconf 89' lang='lat' dir='ltr'><strong>ira,</strong></span> <span class='ocrx_word' id='word_1_219' title='bbox 1565 2860 1791 2930; x_wconf 82' lang='lat' dir='ltr'><strong>ignavia,</strong></span> <span class='ocrx_word' id='word_1_220' title='bbox 1824 2860 2125 2929; x_wconf 84' lang='lat' dir='ltr'><strong>arrogantia</strong></span> <span class='ocrx_word' id='word_1_221' title='bbox 2154 2902 2169 2928; x_wconf 93' lang='lat'><strong>,</strong></span> <span class='ocrx_word' id='word_1_222' title='bbox 2198 2875 2291 2913; x_wconf 87' lang='lat' dir='ltr'><strong>va-</strong></span> 
     </span>
    </p>
   </div>
   <div class='ocr_carea' id='block_1_29' title="bbox 708 2949 2288 3021">
    <p class='ocr_par' dir='ltr' id='par_1_29' title="bbox 708 2949 2288 3021">
     <span class='ocr_line' id='line_1_29' title="bbox 708 2949 2288 3021; baseline 0.001 -17"><span class='ocrx_word' id='word_1_223' title='bbox 708 2966 791 3005; x_wconf 68' lang='lat' dir='ltr'><strong>nae</strong></span> <span class='ocrx_word' id='word_1_224' title='bbox 832 2951 1013 3021; x_wconf 63' lang='lat' dir='ltr'><strong>gloriae</strong></span> <span class='ocrx_word' id='word_1_225' title='bbox 1054 2950 1300 3020; x_wconf 89' lang='lat' dir='ltr'><strong>cupidine</strong></span> <span class='ocrx_word' id='word_1_226' title='bbox 1319 2993 1332 3015; x_wconf 95' lang='lat'><strong>,</strong></span> <span class='ocrx_word' id='word_1_227' title='bbox 1357 2949 1479 3004; x_wconf 91' lang='lat' dir='ltr'><strong>odio</strong></span> <span class='ocrx_word' id='word_1_228' title='bbox 1500 2992 1515 3018; x_wconf 98' lang='lat'><strong>,</strong></span> <span class='ocrx_word' id='word_1_229' title='bbox 1540 2959 1682 3005; x_wconf 89' lang='lat' dir='ltr'><strong>metu</strong></span> <span class='ocrx_word' id='word_1_230' title='bbox 1703 2991 1718 3015; x_wconf 93' lang='lat'><strong>,</strong></span> <span class='ocrx_word' id='word_1_231' title='bbox 1755 2949 2056 3005; x_wconf 88' lang='lat' dir='ltr'><strong>adulatione</strong></span> <span class='ocrx_word' id='word_1_232' title='bbox 2096 2963 2288 3019; x_wconf 82' lang='lat' dir='ltr'><strong>purum</strong></span> 
     </span>
    </p>
   </div>
   <div class='ocr_carea' id='block_1_30' title="bbox 708 3043 1511 3112">
    <p class='ocr_par' dir='ltr' id='par_1_30' title="bbox 708 3043 1511 3112">
     <span class='ocr_line' id='line_1_30' title="bbox 708 3043 1511 3112; baseline -0.004 -14"><span class='ocrx_word' id='word_1_233' title='bbox 708 3059 830 3098; x_wconf 89' lang='lat' dir='ltr'><strong>esse</strong></span> <span class='ocrx_word' id='word_1_234' title='bbox 853 3044 1074 3098; x_wconf 77' lang='lat' dir='ltr'><strong>fidenter</strong></span> <span class='ocrx_word' id='word_1_235' title='bbox 1102 3043 1511 3112; x_wconf 75' lang='lat' dir='ltr'><strong>pronuntiarint.</strong></span> 
     </span>
    </p>
   </div>
   <div class='ocr_carea' id='block_1_31' title="bbox 777 3131 2275 3203">
    <p class='ocr_par' dir='ltr' id='par_1_31' title="bbox 777 3131 2275 3203">
     <span class='ocr_line' id='line_1_31' title="bbox 777 3131 2275 3203; baseline -0.001 -17"><span class='ocrx_word' id='word_1_236' title='bbox 777 3132 963 3188; x_wconf 71' lang='lat' dir='ltr'><strong>Hodus</strong></span> <span class='ocrx_word' id='word_1_237' title='bbox 990 3135 1041 3187; x_wconf 83' lang='lat' dir='ltr'><strong>in</strong></span> <span class='ocrx_word' id='word_1_238' title='bbox 1070 3135 1233 3187; x_wconf 78' lang='lat' dir='ltr'><strong>rebus.</strong></span> <span class='ocrx_word' id='word_1_239' title='bbox 1255 3162 1326 3174; x_wconf 90' lang='lat'><strong>—-</strong></span> <span class='ocrx_word' id='word_1_240' title='bbox 1353 3132 1502 3200; x_wconf 87' lang='lat' dir='ltr'><strong>Quod</strong></span> <span class='ocrx_word' id='word_1_241' title='bbox 1531 3132 1576 3187; x_wconf 90' lang='lat' dir='ltr'><strong>si</strong></span> <span class='ocrx_word' id='word_1_242' title='bbox 1601 3131 1724 3203; x_wconf 92' lang='lat' dir='ltr'><strong>quid</strong></span> <span class='ocrx_word' id='word_1_243' title='bbox 1748 3132 2167 3201; x_wconf 85' lang='lat' dir='ltr'><strong>inexspectatum</strong></span> <span class='ocrx_word' id='word_1_244' title='bbox 2191 3131 2275 3185; x_wconf 87' lang='lat' dir='ltr'><strong>di-</strong></span> 
     </span>
    </p>
   </div>
   <div class='ocr_carea' id='block_1_32' title="bbox 705 3223 2288 3295">
    <p class='ocr_par' dir='ltr' id='par_1_32' title="bbox 705 3223 2288 3295">
     <span class='ocr_line' id='line_1_32' title="bbox 705 3223 2288 3295; baseline -0.003 -15"><span class='ocrx_word' id='word_1_245' title='bbox 705 3239 830 3280; x_wconf 89' lang='lat' dir='ltr'><strong>cere</strong></span> <span class='ocrx_word' id='word_1_246' title='bbox 855 3241 988 3295; x_wconf 91' lang='lat' dir='ltr'><strong>opus</strong></span> <span class='ocrx_word' id='word_1_247' title='bbox 1017 3225 1104 3292; x_wconf 88' lang='lat' dir='ltr'><strong>sit,</strong></span> <span class='ocrx_word' id='word_1_248' title='bbox 1135 3241 1239 3279; x_wconf 90' lang='lat' dir='ltr'><strong>non</strong></span> <span class='ocrx_word' id='word_1_249' title='bbox 1267 3233 1376 3279; x_wconf 90' lang='lat' dir='ltr'><strong>tam</strong></span> <span class='ocrx_word' id='word_1_250' title='bbox 1399 3226 1564 3278; x_wconf 88' lang='lat' dir='ltr'><strong>miror</strong></span> <span class='ocrx_word' id='word_1_251' title='bbox 1601 3224 1811 3278; x_wconf 87' lang='lat' dir='ltr'><strong>beatum</strong></span> <span class='ocrx_word' id='word_1_252' title='bbox 1842 3224 1989 3278; x_wconf 91' lang='lat' dir='ltr'><strong>illum</strong></span> <span class='ocrx_word' id='word_1_253' title='bbox 2015 3223 2155 3292; x_wconf 91' lang='lat' dir='ltr'><strong>quod</strong></span> <span class='ocrx_word' id='word_1_254' title='bbox 2181 3223 2288 3276; x_wconf 88' lang='lat' dir='ltr'><strong>Im-</strong></span> 
     </span>
    </p>
   </div>
   <div class='ocr_carea' id='block_1_33' title="bbox 707 3313 2288 3384">
    <p class='ocr_par' dir='ltr' id='par_1_33' title="bbox 707 3313 2288 3384">
     <span class='ocr_line' id='line_1_33' title="bbox 707 3313 2288 3384; baseline 0 -16"><span class='ocrx_word' id='word_1_255' title='bbox 707 3316 965 3384; x_wconf 89' lang='lat' dir='ltr'><strong>peratoris</strong></span> <span class='ocrx_word' id='word_1_256' title='bbox 1008 3314 1244 3368; x_wconf 91' lang='lat' dir='ltr'><strong>furorem</strong></span> <span class='ocrx_word' id='word_1_257' title='bbox 1289 3313 1579 3382; x_wconf 87' lang='lat' dir='ltr'><strong>reprimere</strong></span> <span class='ocrx_word' id='word_1_258' title='bbox 1619 3327 1777 3367; x_wconf 90' lang='lat' dir='ltr'><strong>ausus</strong></span> <span class='ocrx_word' id='word_1_259' title='bbox 1818 3313 1907 3380; x_wconf 88' lang='lat' dir='ltr'><strong>sit,</strong></span> <span class='ocrx_word' id='word_1_260' title='bbox 1953 3328 2109 3384; x_wconf 86' lang='lat' dir='ltr'><strong>quam</strong></span> <span class='ocrx_word' id='word_1_261' title='bbox 2147 3313 2288 3384; x_wconf 90' lang='lat' dir='ltr'><strong>quod</strong></span> 
     </span>
    </p>
   </div>
   <div class='ocr_carea' id='block_1_34' title="bbox 703 3405 2289 3475">
    <p class='ocr_par' dir='ltr' id='par_1_34' title="bbox 703 3405 2289 3475">
     <span class='ocr_line' id='line_1_34' title="bbox 703 3405 2289 3475; baseline 0 -14"><span class='ocrx_word' id='word_1_262' title='bbox 703 3407 1019 3461; x_wconf 90' lang='lat' dir='ltr'><strong>intellexerit</strong></span> <span class='ocrx_word' id='word_1_263' title='bbox 1059 3415 1317 3475; x_wconf 88' lang='lat' dir='ltr'><strong>quatenus</strong></span> <span class='ocrx_word' id='word_1_264' title='bbox 1344 3406 1446 3460; x_wconf 90' lang='lat' dir='ltr'><strong>hoc</strong></span> <span class='ocrx_word' id='word_1_265' title='bbox 1472 3406 1641 3474; x_wconf 92' lang='lat' dir='ltr'><strong>ipsum</strong></span> <span class='ocrx_word' id='word_1_266' title='bbox 1670 3405 1844 3459; x_wconf 86' lang='lat' dir='ltr'><strong>facere</strong></span> <span class='ocrx_word' id='word_1_267' title='bbox 1868 3413 2156 3474; x_wconf 87' lang='lat' dir='ltr'><strong>oporteret,</strong></span> <span class='ocrx_word' id='word_1_268' title='bbox 2189 3421 2289 3461; x_wconf 90' lang='lat' dir='ltr'><strong>nec</strong></span> 
     </span>
    </p>
   </div>
   <div class='ocr_carea' id='block_1_35' title="bbox 699 3495 2283 3567">
    <p class='ocr_par' dir='ltr' id='par_1_35' title="bbox 699 3495 2283 3567">
     <span class='ocr_line' id='line_1_35' title="bbox 699 3495 2283 3567; baseline 0 -16"><span class='ocrx_word' id='word_1_269' title='bbox 699 3498 983 3567; x_wconf 89' lang='lat' dir='ltr'><strong>quidquam</strong></span> <span class='ocrx_word' id='word_1_270' title='bbox 1009 3497 1229 3552; x_wconf 91' lang='lat' dir='ltr'><strong>ulterius</strong></span> <span class='ocrx_word' id='word_1_271' title='bbox 1257 3498 1339 3551; x_wconf 85' lang='lat' dir='ltr'><strong>vel</strong></span> <span class='ocrx_word' id='word_1_272' title='bbox 1366 3497 1551 3551; x_wconf 84' lang='lat' dir='ltr'><strong>fecerit</strong></span> <span class='ocrx_word' id='word_1_273' title='bbox 1575 3495 1658 3551; x_wconf 85' lang='lat' dir='ltr'><strong>vel</strong></span> <span class='ocrx_word' id='word_1_274' title='bbox 1686 3495 1897 3550; x_wconf 84' lang='lat' dir='ltr'><strong>dixerit.</strong></span> <span class='ocrx_word' id='word_1_275' title='bbox 1925 3495 2077 3561; x_wconf 85' lang='lat' dir='ltr'><strong>Quod</strong></span> <span class='ocrx_word' id='word_1_276' title='bbox 2104 3506 2283 3551; x_wconf 90' lang='lat' dir='ltr'><strong>autem</strong></span> 
     </span>
    </p>
   </div>
   <div class='ocr_carea' id='block_1_36' title="bbox 707 3576 2283 3657">
    <p class='ocr_par' dir='ltr' id='par_1_36' title="bbox 707 3576 2283 3657">
     <span class='ocr_line' id='line_1_36' title="bbox 707 3576 2283 3657; baseline -0.002 -13"><span class='ocrx_word' id='word_1_277' title='bbox 707 3589 811 3644; x_wconf 90' lang='lat' dir='ltr'><strong>hoc</strong></span> <span class='ocrx_word' id='word_1_278' title='bbox 834 3589 901 3642; x_wconf 87' lang='lat' dir='ltr'><strong>sit</strong></span> <span class='ocrx_word' id='word_1_279' title='bbox 928 3576 1018 3644; x_wconf 84' lang='lat' dir='ltr'><strong>illo</strong></span> <span class='ocrx_word' id='word_1_280' title='bbox 1044 3589 1335 3644; x_wconf 86' lang='lat' dir='ltr'><strong>mirabilius</strong></span> <span class='ocrx_word' id='word_1_281' title='bbox 1359 3629 1376 3656; x_wconf 94' lang='lat'><strong>,</strong></span> <span class='ocrx_word' id='word_1_282' title='bbox 1403 3589 1599 3644; x_wconf 84' lang='lat' dir='ltr'><strong>multos</strong></span> <span class='ocrx_word' id='word_1_283' title='bbox 1643 3587 1880 3642; x_wconf 89' lang='lat' dir='ltr'><strong>invenire</strong></span> <span class='ocrx_word' id='word_1_284' title='bbox 1921 3595 2020 3654; x_wconf 88' lang='lat' dir='ltr'><strong>est,</strong></span> <span class='ocrx_word' id='word_1_285' title='bbox 2049 3587 2136 3657; x_wconf 93' lang='lat' dir='ltr'><strong>qui</strong></span> <span class='ocrx_word' id='word_1_286' title='bbox 2163 3601 2283 3642; x_wconf 91' lang='lat' dir='ltr'><strong>cum</strong></span> 
     </span>
    </p>
   </div>
   <div class='ocr_carea' id='block_1_37' title="bbox 699 3677 2275 3748">
    <p class='ocr_par' dir='ltr' id='par_1_37' title="bbox 699 3677 2275 3748">
     <span class='ocr_line' id='line_1_37' title="bbox 699 3677 2275 3748; baseline 0.003 -17"><span class='ocrx_word' id='word_1_287' title='bbox 699 3678 826 3734; x_wconf 90' lang='lat' dir='ltr'><strong>illud</strong></span> <span class='ocrx_word' id='word_1_288' title='bbox 856 3677 1096 3746; x_wconf 90' lang='lat' dir='ltr'><strong>fecerint,</strong></span> <span class='ocrx_word' id='word_1_289' title='bbox 1125 3678 1228 3734; x_wconf 92' lang='lat' dir='ltr'><strong>hoc</strong></span> <span class='ocrx_word' id='word_1_290' title='bbox 1252 3688 1504 3748; x_wconf 68' lang='lat' dir='ltr'><strong>praestare</strong></span> <span class='ocrx_word' id='word_1_291' title='bbox 1528 3694 1635 3735; x_wconf 91' lang='lat' dir='ltr'><strong>non</strong></span> <span class='ocrx_word' id='word_1_292' title='bbox 1661 3686 1961 3748; x_wconf 91' lang='lat' dir='ltr'><strong>potuerunt.</strong></span> <span class='ocrx_word' id='word_1_293' title='bbox 1993 3678 2126 3733; x_wconf 92' lang='lat' dir='ltr'><strong>Nam</strong></span> <span class='ocrx_word' id='word_1_294' title='bbox 2153 3694 2275 3735; x_wconf 92' lang='lat' dir='ltr'><strong>cum</strong></span> 
     </span>
    </p>
   </div>
   <div class='ocr_carea' id='block_1_38' title="bbox 700 3768 2282 3842">
    <p class='ocr_par' dir='ltr' id='par_1_38' title="bbox 700 3768 2282 3842">
     <span class='ocr_line' id='line_1_38' title="bbox 700 3768 2282 3842; baseline 0.003 -19"><span class='ocrx_word' id='word_1_295' title='bbox 700 3768 944 3824; x_wconf 85' lang='lat' dir='ltr'><strong>libertate</strong></span> <span class='ocrx_word' id='word_1_296' title='bbox 968 3769 1111 3840; x_wconf 88' lang='lat' dir='ltr'><strong>loqui</strong></span> <span class='ocrx_word' id='word_1_297' title='bbox 1141 3770 1360 3840; x_wconf 88' lang='lat' dir='ltr'><strong>quilibet</strong></span> <span class='ocrx_word' id='word_1_298' title='bbox 1384 3785 1528 3840; x_wconf 85' lang='lat' dir='ltr'><strong>saepe</strong></span> <span class='ocrx_word' id='word_1_299' title='bbox 1565 3779 1825 3842; x_wconf 89' lang='lat' dir='ltr'><strong>possunt;</strong></span> <span class='ocrx_word' id='word_1_300' title='bbox 1854 3770 2078 3840; x_wconf 86' lang='lat' dir='ltr'><strong>idipsum</strong></span> <span class='ocrx_word' id='word_1_301' title='bbox 2105 3782 2282 3827; x_wconf 88' lang='lat' dir='ltr'><strong>autem</strong></span> 
     </span>
    </p>
   </div>
   <div class='ocr_carea' id='block_1_39' title="bbox 701 3859 2282 3932">
    <p class='ocr_par' dir='ltr' id='par_1_39' title="bbox 701 3859 2282 3932">
     <span class='ocr_line' id='line_1_39' title="bbox 701 3859 2282 3932; baseline 0.003 -20"><span class='ocrx_word' id='word_1_302' title='bbox 701 3869 962 3930; x_wconf 90' lang='lat' dir='ltr'><strong>tempore,</strong></span> <span class='ocrx_word' id='word_1_303' title='bbox 985 3860 1167 3926; x_wconf 92' lang='lat' dir='ltr'><strong>modo,</strong></span> <span class='ocrx_word' id='word_1_304' title='bbox 1198 3861 1563 3916; x_wconf 89' lang='lat' dir='ltr'><strong>moderatione</strong></span> <span class='ocrx_word' id='word_1_305' title='bbox 1584 3875 1646 3915; x_wconf 87' lang='lat' dir='ltr'><strong>ac</strong></span> <span class='ocrx_word' id='word_1_306' title='bbox 1672 3859 1947 3930; x_wconf 83' lang='lat' dir='ltr'><strong>prudentia</strong></span> <span class='ocrx_word' id='word_1_307' title='bbox 1973 3862 2282 3932; x_wconf 88' lang='lat' dir='ltr'><strong>congruenti</strong></span> 
     </span>
    </p>
   </div>
   <div class='ocr_carea' id='block_1_40' title="bbox 699 3952 2284 4023">
    <p class='ocr_par' dir='ltr' id='par_1_40' title="bbox 699 3952 2284 4023">
     <span class='ocr_line' id='line_1_40' title="bbox 699 3952 2284 4023; baseline 0 -16"><span class='ocrx_word' id='word_1_308' title='bbox 699 3961 981 4021; x_wconf 74' lang='lat' dir='ltr'><strong>prtestare.</strong></span> <span class='ocrx_word' id='word_1_309' title='bbox 1012 3954 1188 4022; x_wconf 87' lang='lat' dir='ltr'><strong>magni</strong></span> <span class='ocrx_word' id='word_1_310' title='bbox 1214 3953 1617 4023; x_wconf 88' lang='lat' dir='ltr'><strong>admirandique</strong></span> <span class='ocrx_word' id='word_1_311' title='bbox 1639 3953 1800 4006; x_wconf 90' lang='lat' dir='ltr'><strong>animi</strong></span> <span class='ocrx_word' id='word_1_312' title='bbox 1819 3962 1920 4008; x_wconf 92' lang='lat' dir='ltr'><strong>est.</strong></span> <span class='ocrx_word' id='word_1_313' title='bbox 1945 3952 2284 4022; x_wconf 87' lang='lat' dir='ltr'><strong>Quandoqui-</strong></span> 
     </span>
    </p>
   </div>
   <div class='ocr_carea' id='block_1_41' title="bbox 702 4042 2282 4113">
    <p class='ocr_par' dir='ltr' id='par_1_41' title="bbox 702 4042 2282 4113">
     <span class='ocr_line' id='line_1_41' title="bbox 702 4042 2282 4113; baseline 0.001 -17"><span class='ocrx_word' id='word_1_314' title='bbox 702 4042 824 4099; x_wconf 91' lang='lat' dir='ltr'><strong>dem</strong></span> <span class='ocrx_word' id='word_1_315' title='bbox 844 4043 1057 4098; x_wconf 87' lang='lat' dir='ltr'><strong>beatum</strong></span> <span class='ocrx_word' id='word_1_316' title='bbox 1081 4043 1246 4098; x_wconf 88' lang='lat' dir='ltr'><strong>David</strong></span> <span class='ocrx_word' id='word_1_317' title='bbox 1268 4059 1456 4113; x_wconf 88' lang='lat' dir='ltr'><strong>magna</strong></span> <span class='ocrx_word' id='word_1_318' title='bbox 1479 4059 1597 4104; x_wconf 87' lang='lat' dir='ltr'><strong>cum</strong></span> <span class='ocrx_word' id='word_1_319' title='bbox 1614 4042 1930 4098; x_wconf 84' lang='lat' dir='ltr'><strong>confidentia</strong></span> <span class='ocrx_word' id='word_1_320' title='bbox 1950 4043 2282 4111; x_wconf 74' lang='lat' dir='ltr'><strong>contumeliis</strong></span> 
     </span>
    </p>
   </div>
   <div class='ocr_carea' id='block_1_42' title="bbox 699 4131 2278 4205">
    <p class='ocr_par' dir='ltr' id='par_1_42' title="bbox 699 4131 2278 4205">
     <span class='ocr_line' id='line_1_42' title="bbox 699 4131 2278 4205; baseline -0.001 -17"><span class='ocrx_word' id='word_1_321' title='bbox 699 4134 918 4191; x_wconf 84' lang='lat' dir='ltr'><strong>incessit</strong></span> <span class='ocrx_word' id='word_1_322' title='bbox 944 4135 1142 4202; x_wconf 88' lang='lat' dir='ltr'><strong>Semei,</strong></span> <span class='ocrx_word' id='word_1_323' title='bbox 1170 4135 1452 4204; x_wconf 89' lang='lat' dir='ltr'><strong>virumque</strong></span> <span class='ocrx_word' id='word_1_324' title='bbox 1477 4135 1789 4205; x_wconf 89' lang='lat' dir='ltr'><strong>sanguinum</strong></span> <span class='ocrx_word' id='word_1_325' title='bbox 1817 4134 2020 4188; x_wconf 89' lang='lat' dir='ltr'><strong>vocavit</strong></span> <span class='ocrx_word' id='word_1_326' title='bbox 2047 4131 2121 4204; x_wconf 77' lang='lat'><strong>(2.</strong></span> <span class='ocrx_word' id='word_1_327' title='bbox 2151 4133 2278 4204; x_wconf 78' lang='lat' dir='ltr'><strong>Reg.</strong></span> 
     </span>
    </p>
   </div>
   <div class='ocr_carea' id='block_1_43' title="bbox 701 4223 2284 4296">
    <p class='ocr_par' dir='ltr' id='par_1_43' title="bbox 701 4223 2284 4296">
     <span class='ocr_line' id='line_1_43' title="bbox 701 4223 2284 4296; baseline -0.001 -16"><span class='ocrx_word' id='word_1_328' title='bbox 701 4225 790 4280; x_wconf 79' lang='grc'><strong>16.</strong></span> <span class='ocrx_word' id='word_1_329' title='bbox 818 4226 872 4296; x_wconf 86' lang='grc'><strong>5)</strong></span> <span class='ocrx_word' id='word_1_330' title='bbox 901 4241 916 4289; x_wconf 90' lang='lat'><strong>;</strong></span> <span class='ocrx_word' id='word_1_331' title='bbox 948 4233 1003 4279; x_wconf 90' lang='lat' dir='ltr'><strong>at</strong></span> <span class='ocrx_word' id='word_1_332' title='bbox 1043 4241 1149 4279; x_wconf 92' lang='lat' dir='ltr'><strong>non</strong></span> <span class='ocrx_word' id='word_1_333' title='bbox 1190 4224 1242 4280; x_wconf 92' lang='lat' dir='ltr'><strong>id</strong></span> <span class='ocrx_word' id='word_1_334' title='bbox 1268 4240 1367 4295; x_wconf 89' lang='lat' dir='ltr'><strong>ego</strong></span> <span class='ocrx_word' id='word_1_335' title='bbox 1410 4224 1655 4278; x_wconf 79' lang='lat' dir='ltr'><strong>fiduciam</strong></span> <span class='ocrx_word' id='word_1_336' title='bbox 1698 4224 1782 4278; x_wconf 90' lang='lat' dir='ltr'><strong>vel</strong></span> <span class='ocrx_word' id='word_1_337' title='bbox 1813 4224 2106 4278; x_wconf 87' lang='lat' dir='ltr'><strong>libertatem</strong></span> <span class='ocrx_word' id='word_1_338' title='bbox 2134 4223 2284 4278; x_wconf 86' lang='lat' dir='ltr'><strong>dixe-</strong></span> 
     </span>
    </p>
   </div>
   <div class='ocr_carea' id='block_1_44' title="bbox 699 4311 2281 4383">
    <p class='ocr_par' dir='ltr' id='par_1_44' title="bbox 699 4311 2281 4383">
     <span class='ocr_line' id='line_1_44' title="bbox 699 4311 2281 4383; baseline -0.001 -15"><span class='ocrx_word' id='word_1_339' title='bbox 699 4313 842 4378; x_wconf 90' lang='lat' dir='ltr'><strong>rim,</strong></span> <span class='ocrx_word' id='word_1_340' title='bbox 895 4314 987 4369; x_wconf 91' lang='lat' dir='ltr'><strong>sed</strong></span> <span class='ocrx_word' id='word_1_341' title='bbox 1038 4313 1230 4383; x_wconf 67' lang='lat' dir='ltr'><strong>lingua:</strong></span> <span class='ocrx_word' id='word_1_342' title='bbox 1287 4313 1460 4382; x_wconf 85' lang='lat' dir='ltr'><strong>potius</strong></span> <span class='ocrx_word' id='word_1_343' title='bbox 1508 4312 1963 4381; x_wconf 90' lang='lat' dir='ltr'><strong>intemperantiam</strong></span> <span class='ocrx_word' id='word_1_344' title='bbox 2011 4311 2281 4381; x_wconf 89' lang='lat' dir='ltr'><strong>animique</strong></span> 
     </span>
    </p>
   </div>
   <div class='ocr_carea' id='block_1_45' title="bbox 700 4401 2280 4472">
    <p class='ocr_par' dir='ltr' id='par_1_45' title="bbox 700 4401 2280 4472">
     <span class='ocr_line' id='line_1_45' title="bbox 700 4401 2280 4472; baseline -0.001 -15"><span class='ocrx_word' id='word_1_345' title='bbox 700 4404 996 4468; x_wconf 87' lang='lat' dir='ltr'><strong>audaciam,</strong></span> <span class='ocrx_word' id='word_1_346' title='bbox 1022 4403 1432 4466; x_wconf 91' lang='lat' dir='ltr'><strong>contumaciam,</strong></span> <span class='ocrx_word' id='word_1_347' title='bbox 1461 4401 1838 4472; x_wconf 86' lang='lat' dir='ltr'><strong>arrogantiam,</strong></span> <span class='ocrx_word' id='word_1_348' title='bbox 1867 4409 1921 4456; x_wconf 91' lang='lat' dir='ltr'><strong>et</strong></span> <span class='ocrx_word' id='word_1_349' title='bbox 1948 4401 2157 4470; x_wconf 88' lang='lat' dir='ltr'><strong>quidvis</strong></span> <span class='ocrx_word' id='word_1_350' title='bbox 2180 4416 2280 4470; x_wconf 87' lang='lat' dir='ltr'><strong>po-</strong></span> 
     </span>
    </p>
   </div>
   <div class='ocr_carea' id='block_1_46' title="bbox 697 4494 2277 4563">
    <p class='ocr_par' dir='ltr' id='par_1_46' title="bbox 697 4494 2277 4563">
     <span class='ocr_line' id='line_1_46' title="bbox 697 4494 2277 4563; baseline -0.001 -15"><span class='ocrx_word' id='word_1_351' title='bbox 697 4494 823 4560; x_wconf 87' lang='lat' dir='ltr'><strong>tius,</strong></span> <span class='ocrx_word' id='word_1_352' title='bbox 851 4509 1008 4563; x_wconf 91' lang='lat' dir='ltr'><strong>quam</strong></span> <span class='ocrx_word' id='word_1_353' title='bbox 1054 4494 1370 4549; x_wconf 88' lang='lat' dir='ltr'><strong>libertatem.</strong></span> <span class='ocrx_word' id='word_1_354' title='bbox 1399 4494 1503 4549; x_wconf 85' lang='lat' dir='ltr'><strong>Par</strong></span> <span class='ocrx_word' id='word_1_355' title='bbox 1530 4502 1614 4549; x_wconf 89' lang='lat' dir='ltr'><strong>est</strong></span> <span class='ocrx_word' id='word_1_356' title='bbox 1641 4494 1806 4561; x_wconf 90' lang='lat' dir='ltr'><strong>enim,</strong></span> <span class='ocrx_word' id='word_1_357' title='bbox 1832 4501 1891 4547; x_wconf 91' lang='lat' dir='ltr'><strong>ut</strong></span> <span class='ocrx_word' id='word_1_358' title='bbox 1933 4501 2085 4563; x_wconf 89' lang='lat' dir='ltr'><strong>puto,</strong></span> <span class='ocrx_word' id='word_1_359' title='bbox 2115 4509 2235 4548; x_wconf 92' lang='lat' dir='ltr'><strong>eum</strong></span> <span class='ocrx_word' id='word_1_360' title='bbox 2259 4534 2277 4560; x_wconf 94' lang='lat'><strong>,</strong></span> 
     </span>
    </p>
   </div>
   <div class='ocr_carea' id='block_1_47' title="bbox 697 4584 2283 4654">
    <p class='ocr_par' dir='ltr' id='par_1_47' title="bbox 697 4584 2283 4654">
     <span class='ocr_line' id='line_1_47' title="bbox 697 4584 2283 4654; baseline 0 -16"><span class='ocrx_word' id='word_1_361' title='bbox 697 4586 791 4654; x_wconf 89' lang='lat' dir='ltr'><strong>qui</strong></span> <span class='ocrx_word' id='word_1_362' title='bbox 818 4585 1198 4654; x_wconf 89' lang='lat' dir='ltr'><strong>redarguturns</strong></span> <span class='ocrx_word' id='word_1_363' title='bbox 1222 4595 1326 4652; x_wconf 90' lang='lat' dir='ltr'><strong>est,</strong></span> <span class='ocrx_word' id='word_1_364' title='bbox 1356 4585 1424 4640; x_wconf 90' lang='lat' dir='ltr'><strong>ab</strong></span> <span class='ocrx_word' id='word_1_365' title='bbox 1449 4584 1665 4639; x_wconf 90' lang='lat' dir='ltr'><strong>audacia</strong></span> <span class='ocrx_word' id='word_1_366' title='bbox 1695 4584 1924 4638; x_wconf 85' lang='lat' dir='ltr'><strong>maxime</strong></span> <span class='ocrx_word' id='word_1_367' title='bbox 1951 4592 2110 4654; x_wconf 89' lang='lat' dir='ltr'><strong>atque</strong></span> <span class='ocrx_word' id='word_1_368' title='bbox 2133 4600 2283 4638; x_wconf 84' lang='lat' dir='ltr'><strong>arro-</strong></span> 
     </span>
    </p>
   </div>
   <div class='ocr_carea' id='block_1_48' title="bbox 695 4674 2280 4744">
    <p class='ocr_par' dir='ltr' id='par_1_48' title="bbox 695 4674 2280 4744">
     <span class='ocr_line' id='line_1_48' title="bbox 695 4674 2280 4744; baseline 0.001 -19"><span class='ocrx_word' id='word_1_369' title='bbox 695 4675 872 4744; x_wconf 88' lang='lat' dir='ltr'><strong>gantia</strong></span> <span class='ocrx_word' id='word_1_370' title='bbox 914 4674 1202 4739; x_wconf 90' lang='lat' dir='ltr'><strong>abstinere,</strong></span> <span class='ocrx_word' id='word_1_371' title='bbox 1229 4675 1442 4744; x_wconf 85' lang='lat' dir='ltr'><strong>vimque</strong></span> <span class='ocrx_word' id='word_1_372' title='bbox 1466 4689 1613 4727; x_wconf 88' lang='lat' dir='ltr'><strong>suam</strong></span> <span class='ocrx_word' id='word_1_373' title='bbox 1640 4674 1690 4727; x_wconf 93' lang='lat' dir='ltr'><strong>in</strong></span> <span class='ocrx_word' id='word_1_374' title='bbox 1717 4682 1902 4726; x_wconf 89' lang='lat' dir='ltr'><strong>natura</strong></span> <span class='ocrx_word' id='word_1_375' title='bbox 1929 4682 2128 4727; x_wconf 90' lang='lat' dir='ltr'><strong>tantum</strong></span> <span class='ocrx_word' id='word_1_376' title='bbox 2156 4689 2280 4727; x_wconf 85' lang='lat' dir='ltr'><strong>vcr-</strong></span> 
     </span>
    </p>
   </div>
   <div class='ocr_carea' id='block_1_49' title="bbox 698 4743 2281 4833">
    <p class='ocr_par' dir='ltr' id='par_1_49' title="bbox 698 4743 2281 4833">
     <span class='ocr_line' id='line_1_49' title="bbox 698 4743 2281 4833; baseline -0.001 -15"><span class='ocrx_word' id='word_1_377' title='bbox 698 4743 886 4819; x_wconf 75' lang='lat' dir='ltr'><strong>borum</strong></span> <span class='ocrx_word' id='word_1_378' title='bbox 933 4773 1312 4833; x_wconf 89' lang='lat' dir='ltr'><strong>gestorumque</strong></span> <span class='ocrx_word' id='word_1_379' title='bbox 1361 4743 1758 4818; x_wconf 83' lang='lat' dir='ltr'><strong>demonstrare.</strong></span> <span class='ocrx_word' id='word_1_380' title='bbox 1809 4762 2000 4828; x_wconf 80' lang='lat' dir='ltr'><strong>Medici</strong></span> <span class='ocrx_word' id='word_1_381' title='bbox 2053 4777 2281 4832; x_wconf 90' lang='lat' dir='ltr'><strong>namque</strong></span> 
     </span>
    </p>
   </div>
   <div class='ocr_carea' id='block_1_50' title="bbox 695 4837 2279 4924">
    <p class='ocr_par' dir='ltr' id='par_1_50' title="bbox 695 4837 2279 4924">
     <span class='ocr_line' id='line_1_50' title="bbox 695 4837 2279 4924; baseline -0.001 -14"><span class='ocrx_word' id='word_1_382' title='bbox 695 4870 816 4910; x_wconf 92' lang='lat' dir='ltr'><strong>cum</strong></span> <span class='ocrx_word' id='word_1_383' title='bbox 848 4855 1053 4924; x_wconf 90' lang='lat' dir='ltr'><strong>putrida</strong></span> <span class='ocrx_word' id='word_1_384' title='bbox 1081 4856 1319 4911; x_wconf 90' lang='lat' dir='ltr'><strong>membra</strong></span> <span class='ocrx_word' id='word_1_385' title='bbox 1363 4870 1605 4911; x_wconf 86' lang='lat' dir='ltr'><strong>resecare</strong></span> <span class='ocrx_word' id='word_1_386' title='bbox 1648 4862 1704 4910; x_wconf 91' lang='lat' dir='ltr'><strong>et</strong></span> <span class='ocrx_word' id='word_1_387' title='bbox 1729 4855 2004 4910; x_wconf 72' lang='lat' dir='ltr'><strong>aestuantia</strong></span> <span class='ocrx_word' id='word_1_388' title='bbox 2044 4837 2279 4924; x_wconf 79' lang='lat' dir='ltr'><strong>compri-</strong></span> 
     </span>
    </p>
   </div>
   <div class='ocr_carea' id='block_1_51' title="bbox 696 4947 2277 5019">
    <p class='ocr_par' dir='ltr' id='par_1_51' title="bbox 696 4947 2277 5019">
     <span class='ocr_line' id='line_1_51' title="bbox 696 4947 2277 5019; baseline -0.001 -16"><span class='ocrx_word' id='word_1_389' title='bbox 696 4965 846 5006; x_wconf 88' lang='lat' dir='ltr'><strong>mere</strong></span> <span class='ocrx_word' id='word_1_390' title='bbox 883 4963 1017 5019; x_wconf 59' lang='lat' dir='ltr'><strong>opus</strong></span> <span class='ocrx_word' id='word_1_391' title='bbox 1059 4958 1161 5016; x_wconf 91' lang='lat' dir='ltr'><strong>est,</strong></span> <span class='ocrx_word' id='word_1_392' title='bbox 1189 4965 1297 5005; x_wconf 94' lang='lat' dir='ltr'><strong>non</strong></span> <span class='ocrx_word' id='word_1_393' title='bbox 1327 4949 1418 5004; x_wconf 71' lang='lat' dir='ltr'><strong>ira:</strong></span> <span class='ocrx_word' id='word_1_394' title='bbox 1448 4949 1588 5019; x_wconf 89' lang='lat' dir='ltr'><strong>pleni</strong></span> <span class='ocrx_word' id='word_1_395' title='bbox 1619 4948 1931 5014; x_wconf 87' lang='lat' dir='ltr'><strong>medicinam</strong></span> <span class='ocrx_word' id='word_1_396' title='bbox 1960 4947 2277 5017; x_wconf 88' lang='lat' dir='ltr'><strong>aggrediun-</strong></span> 
     </span>
    </p>
   </div>
   <div class='ocr_carea' id='block_1_52' title="bbox 693 5040 2274 5110">
    <p class='ocr_par' dir='ltr' id='par_1_52' title="bbox 693 5040 2274 5110">
     <span class='ocr_line' id='line_1_52' title="bbox 693 5040 2274 5110; baseline -0.002 -13"><span class='ocrx_word' id='word_1_397' title='bbox 693 5055 809 5097; x_wconf 88' lang='lat' dir='ltr'><strong>tur:</strong></span> <span class='ocrx_word' id='word_1_398' title='bbox 831 5041 926 5098; x_wconf 90' lang='lat' dir='ltr'><strong>sed</strong></span> <span class='ocrx_word' id='word_1_399' title='bbox 950 5058 1068 5097; x_wconf 92' lang='lat' dir='ltr'><strong>.unc</strong></span> <span class='ocrx_word' id='word_1_400' title='bbox 1089 5043 1314 5100; x_wconf 81' lang='lat' dir='ltr'><strong>maxime</strong></span> <span class='ocrx_word' id='word_1_401' title='bbox 1331 5043 1384 5096; x_wconf 93' lang='lat' dir='ltr'><strong>in</strong></span> <span class='ocrx_word' id='word_1_402' title='bbox 1401 5042 1734 5097; x_wconf 89' lang='lat' dir='ltr'><strong>convenienti</strong></span> <span class='ocrx_word' id='word_1_403' title='bbox 1748 5049 1885 5095; x_wconf 90' lang='lat' dir='ltr'><strong>statu</strong></span> <span class='ocrx_word' id='word_1_404' title='bbox 1904 5040 2274 5110; x_wconf 87' lang='lat' dir='ltr'><strong>cogitationem</strong></span> 
     </span>
    </p>
   </div>
   <div class='ocr_carea' id='block_1_53' title="bbox 693 5130 2272 5203">
    <p class='ocr_par' dir='ltr' id='par_1_53' title="bbox 693 5130 2272 5203">
     <span class='ocr_line' id='line_1_53' title="bbox 693 5130 2272 5203; baseline -0.004 -15"><span class='ocrx_word' id='word_1_405' title='bbox 693 5136 965 5190; x_wconf 87' lang='lat' dir='ltr'><strong>continere</strong></span> <span class='ocrx_word' id='word_1_406' title='bbox 1012 5133 1247 5200; x_wconf 88' lang='lat' dir='ltr'><strong>student,</strong></span> <span class='ocrx_word' id='word_1_407' title='bbox 1278 5149 1346 5188; x_wconf 89' lang='lat' dir='ltr'><strong>ne</strong></span> <span class='ocrx_word' id='word_1_408' title='bbox 1371 5132 1696 5203; x_wconf 89' lang='lat' dir='ltr'><strong>perturbatio</strong></span> <span class='ocrx_word' id='word_1_409' title='bbox 1733 5131 1897 5186; x_wconf 87' lang='lat' dir='ltr'><strong>animi</strong></span> <span class='ocrx_word' id='word_1_410' title='bbox 1940 5139 2128 5185; x_wconf 87' lang='lat' dir='ltr'><strong>noceat</strong></span> <span class='ocrx_word' id='word_1_411' title='bbox 2153 5130 2272 5184; x_wconf 89' lang='lat' dir='ltr'><strong>arti.</strong></span> 
     </span>
    </p>
   </div>
   <div class='ocr_carea' id='block_1_54' title="bbox 693 5219 2276 5294">
    <p class='ocr_par' dir='ltr' id='par_1_54' title="bbox 693 5219 2276 5294">
     <span class='ocr_line' id='line_1_54' title="bbox 693 5219 2276 5294; baseline -0.002 -16"><span class='ocrx_word' id='word_1_412' title='bbox 693 5225 846 5292; x_wconf 85' lang='lat' dir='ltr'><strong>Quod</strong></span> <span class='ocrx_word' id='word_1_413' title='bbox 872 5227 914 5278; x_wconf 90' lang='lat' dir='ltr'><strong>si</strong></span> <span class='ocrx_word' id='word_1_414' title='bbox 947 5226 1011 5291; x_wconf 90' lang='lat' dir='ltr'><strong>is,</strong></span> <span class='ocrx_word' id='word_1_415' title='bbox 1041 5224 1128 5294; x_wconf 91' lang='lat' dir='ltr'><strong>qui</strong></span> <span class='ocrx_word' id='word_1_416' title='bbox 1147 5238 1348 5294; x_wconf 87' lang='lat' dir='ltr'><strong>corpus</strong></span> <span class='ocrx_word' id='word_1_417' title='bbox 1379 5238 1568 5278; x_wconf 90' lang='lat' dir='ltr'><strong>sanare</strong></span> <span class='ocrx_word' id='word_1_418' title='bbox 1593 5223 1758 5292; x_wconf 90' lang='lat' dir='ltr'><strong>cupit,</strong></span> <span class='ocrx_word' id='word_1_419' title='bbox 1791 5229 1932 5276; x_wconf 88' lang='lat' dir='ltr'><strong>tanta</strong></span> <span class='ocrx_word' id='word_1_420' title='bbox 1961 5235 2094 5291; x_wconf 85' lang='lat' dir='ltr'><strong>opus</strong></span> <span class='ocrx_word' id='word_1_421' title='bbox 2120 5219 2276 5275; x_wconf 89' lang='lat' dir='ltr'><strong>habet</strong></span> 
     </span>
    </p>
   </div>
   <div class='ocr_carea' id='block_1_55' title="bbox 695 5301 2270 5385">
    <p class='ocr_par' dir='ltr' id='par_1_55' title="bbox 695 5301 2270 5385">
     <span class='ocr_line' id='line_1_55' title="bbox 695 5301 2270 5385; baseline -0.001 -17"><span class='ocrx_word' id='word_1_422' title='bbox 695 5315 857 5369; x_wconf 88' lang='lat' dir='ltr'><strong>animi</strong></span> <span class='ocrx_word' id='word_1_423' title='bbox 886 5315 1286 5385; x_wconf 85' lang='lat' dir='ltr'><strong>tranquillitate,</strong></span> <span class='ocrx_word' id='word_1_424' title='bbox 1314 5301 1610 5368; x_wconf 85' lang='lat' dir='ltr'><strong>animarum</strong></span> <span class='ocrx_word' id='word_1_425' title='bbox 1638 5313 1850 5368; x_wconf 91' lang='lat' dir='ltr'><strong>medico</strong></span> <span class='ocrx_word' id='word_1_426' title='bbox 1892 5310 2038 5381; x_wconf 91' lang='lat' dir='ltr'><strong>quid,</strong></span> <span class='ocrx_word' id='word_1_427' title='bbox 2069 5327 2270 5381; x_wconf 71' lang='lat' dir='ltr'><strong>qtueso,</strong></span> 
     </span>
    </p>
   </div>
   <div class='ocr_carea' id='block_1_56' title="bbox 698 5400 2273 5473">
    <p class='ocr_par' dir='ltr' id='par_1_56' title="bbox 698 5400 2273 5473">
     <span class='ocr_line' id='line_1_56' title="bbox 698 5400 2273 5473; baseline 0 -16"><span class='ocrx_word' id='word_1_428' title='bbox 698 5403 994 5458; x_wconf 89' lang='lat' dir='ltr'><strong>faciendum</strong></span> <span class='ocrx_word' id='word_1_429' title='bbox 1023 5403 1333 5470; x_wconf 86' lang='lat' dir='ltr'><strong>statuemus,</strong></span> <span class='ocrx_word' id='word_1_430' title='bbox 1363 5416 1418 5458; x_wconf 89' lang='lat' dir='ltr'><strong>et</strong></span> <span class='ocrx_word' id='word_1_431' title='bbox 1443 5412 1693 5473; x_wconf 85' lang='lat' dir='ltr'><strong>quantam</strong></span> <span class='ocrx_word' id='word_1_432' title='bbox 1721 5403 1772 5456; x_wconf 92' lang='lat' dir='ltr'><strong>in</strong></span> <span class='ocrx_word' id='word_1_433' title='bbox 1801 5416 1867 5457; x_wconf 91' lang='lat' dir='ltr'><strong>eo</strong></span> <span class='ocrx_word' id='word_1_434' title='bbox 1887 5400 2273 5472; x_wconf 88' lang='lat' dir='ltr'><strong>philosophiam</strong></span> 
     </span>
    </p>
   </div>
   <div class='ocr_carea' id='block_1_57' title="bbox 697 5493 2274 5565">
    <p class='ocr_par' dir='ltr' id='par_1_57' title="bbox 697 5493 2274 5565">
     <span class='ocr_line' id='line_1_57' title="bbox 697 5493 2274 5565; baseline -0.001 -17"><span class='ocrx_word' id='word_1_435' title='bbox 697 5493 1068 5565; x_wconf 82' lang='lat' dir='ltr'><strong>requiremus?</strong></span> <span class='ocrx_word' id='word_1_436' title='bbox 1096 5493 1275 5564; x_wconf 86' lang='lat' dir='ltr'><strong>Longe</strong></span> <span class='ocrx_word' id='word_1_437' title='bbox 1300 5494 1554 5564; x_wconf 85' lang='lat' dir='ltr'><strong>majorem</strong></span> <span class='ocrx_word' id='word_1_438' title='bbox 1576 5493 1794 5557; x_wconf 89' lang='lat' dir='ltr'><strong>scilicet,</strong></span> <span class='ocrx_word' id='word_1_439' title='bbox 1815 5500 1868 5546; x_wconf 89' lang='lat' dir='ltr'><strong>et</strong></span> <span class='ocrx_word' id='word_1_440' title='bbox 1892 5501 2088 5546; x_wconf 86' lang='lat' dir='ltr'><strong>tantam</strong></span> <span class='ocrx_word' id='word_1_441' title='bbox 2109 5507 2274 5562; x_wconf 88' lang='lat' dir='ltr'><strong>quan-</strong></span> 
     </span>
    </p>
   </div>
   <div class='ocr_carea' id='block_1_58' title="bbox 698 5580 2275 5655">
    <p class='ocr_par' dir='ltr' id='par_1_58' title="bbox 698 5580 2275 5655">
     <span class='ocr_line' id='line_1_58' title="bbox 698 5580 2275 5655; baseline 0.001 -18"><span class='ocrx_word' id='word_1_442' title='bbox 698 5591 808 5639; x_wconf 81' lang='lat' dir='ltr'><strong>tam</strong></span> <span class='ocrx_word' id='word_1_443' title='bbox 853 5583 942 5638; x_wconf 91' lang='lat' dir='ltr'><strong>ille</strong></span> <span class='ocrx_word' id='word_1_444' title='bbox 982 5593 1184 5655; x_wconf 85' lang='lat' dir='ltr'><strong>martyr</strong></span> <span class='ocrx_word' id='word_1_445' title='bbox 1219 5583 1475 5638; x_wconf 72' lang='lat' dir='ltr'><strong>exhibuit.</strong></span> <span class='ocrx_word' id='word_1_446' title='bbox 1521 5582 1681 5637; x_wconf 83' lang='lat' dir='ltr'><strong>Nobis</strong></span> <span class='ocrx_word' id='word_1_447' title='bbox 1707 5583 1847 5636; x_wconf 91' lang='lat' dir='ltr'><strong>enim</strong></span> <span class='ocrx_word' id='word_1_448' title='bbox 1891 5580 2146 5650; x_wconf 89' lang='lat' dir='ltr'><strong>quosdam</strong></span> <span class='ocrx_word' id='word_1_449' title='bbox 2175 5591 2275 5637; x_wconf 88' lang='lat' dir='ltr'><strong>‘ceu</strong></span> 
     </span>
    </p>
   </div>
   <div class='ocr_carea' id='block_1_59' title="bbox 691 5671 2266 5746">
    <p class='ocr_par' dir='ltr' id='par_1_59' title="bbox 691 5671 2266 5746">
     <span class='ocr_line' id='line_1_59' title="bbox 691 5671 2266 5746; baseline -0.001 -17"><span class='ocrx_word' id='word_1_450' title='bbox 691 5675 944 5729; x_wconf 86' lang='lat' dir='ltr'><strong>terminos</strong></span> <span class='ocrx_word' id='word_1_451' title='bbox 973 5684 1026 5728; x_wconf 95' lang='lat' dir='ltr'><strong>et</strong></span> <span class='ocrx_word' id='word_1_452' title='bbox 1047 5675 1253 5745; x_wconf 91' lang='lat' dir='ltr'><strong>regulas</strong></span> <span class='ocrx_word' id='word_1_453' title='bbox 1280 5689 1503 5746; x_wconf 88' lang='lat' dir='ltr'><strong>ponens,</strong></span> <span class='ocrx_word' id='word_1_454' title='bbox 1520 5684 1576 5728; x_wconf 94' lang='lat' dir='ltr'><strong>ut</strong></span> <span class='ocrx_word' id='word_1_455' title='bbox 1605 5673 1726 5727; x_wconf 92' lang='lat' dir='ltr'><strong>inde</strong></span> <span class='ocrx_word' id='word_1_456' title='bbox 1749 5671 1964 5726; x_wconf 90' lang='lat' dir='ltr'><strong>modum</strong></span> <span class='ocrx_word' id='word_1_457' title='bbox 1993 5672 2180 5742; x_wconf 89' lang='lat' dir='ltr'><strong>agendi</strong></span> <span class='ocrx_word' id='word_1_458' title='bbox 2211 5673 2266 5727; x_wconf 89' lang='lat' dir='ltr'><strong>in</strong></span> 
     </span>
    </p>
   </div>
   <div class='ocr_carea' id='block_1_60' title="bbox 691 5761 2265 5837">
    <p class='ocr_par' dir='ltr' id='par_1_60' title="bbox 691 5761 2265 5837">
     <span class='ocr_line' id='line_1_60' title="bbox 691 5761 2265 5837; baseline -0.001 -17"><span class='ocrx_word' id='word_1_459' title='bbox 691 5765 898 5820; x_wconf 68' lang='lat' dir='ltr'><strong>caeteris</strong></span> <span class='ocrx_word' id='word_1_460' title='bbox 926 5765 1268 5837; x_wconf 88' lang='lat' dir='ltr'><strong>proportione</strong></span> <span class='ocrx_word' id='word_1_461' title='bbox 1305 5764 1530 5836; x_wconf 87' lang='lat' dir='ltr'><strong>quadam</strong></span> <span class='ocrx_word' id='word_1_462' title='bbox 1557 5772 1883 5832; x_wconf 86' lang='lat' dir='ltr'><strong>mutuemur,</strong></span> <span class='ocrx_word' id='word_1_463' title='bbox 1910 5761 1988 5818; x_wconf 88' lang='lat' dir='ltr'><strong>sic</strong></span> <span class='ocrx_word' id='word_1_464' title='bbox 2014 5762 2265 5818; x_wconf 89' lang='lat' dir='ltr'><strong>miserum</strong></span> 
     </span>
    </p>
   </div>
   <div class='ocr_carea' id='block_1_61' title="bbox 1494 326 3322 432">
    <p class='ocr_par' dir='ltr' id='par_1_61' title="bbox 1494 326 3322 432">
     <span class='ocr_line' id='line_1_61' title="bbox 1494 326 3322 432; baseline 0.003 -9"><span class='ocrx_word' id='word_1_465' title='bbox 1494 368 1549 424; x_wconf 89' lang='lat' dir='ltr'><strong>S.</strong></span> <span class='ocrx_word' id='word_1_466' title='bbox 1592 364 1869 423; x_wconf 76' lang='lat' dir='ltr'><strong>JOANNIS</strong></span> <span class='ocrx_word' id='word_1_467' title='bbox 1905 326 2389 422; x_wconf 68' lang='lat' dir='ltr'><strong>CIIR\bOSTOhII</strong></span> <span class='ocrx_word' id='word_1_468' title='bbox 2429 366 2746 432; x_wconf 64' lang='lat' dir='ltr'><strong>ARCIIIIIP,</strong></span> <span class='ocrx_word' id='word_1_469' title='bbox 2788 370 3322 431; x_wconf 68' lang='lat' dir='ltr'><strong>CONSTANTINOP.</strong></span> 
     </span>
    </p>
   </div>
   <div class='ocr_carea' id='block_1_62' title="bbox 3927 382 4036 438">
    <p class='ocr_par' dir='ltr' id='par_1_62' title="bbox 3927 382 4036 438">
     <span class='ocr_line' id='line_1_62' title="bbox 3927 382 4036 438; baseline 0 0"><span class='ocrx_word' id='word_1_470' title='bbox 3927 382 4036 438; x_wconf 66' lang='grc'><strong>544</strong></span> 
     </span>
    </p>
   </div>
   <div class='ocr_carea' id='block_1_63' title="bbox 2444 496 4033 577">
    <p class='ocr_par' dir='ltr' id='par_1_63' title="bbox 2444 496 4033 577">
     <span class='ocr_line' id='line_1_63' title="bbox 2444 496 4033 577; baseline 0.011 -28"><span class='ocrx_word' id='word_1_471' title='bbox 2444 496 2590 565; x_wconf 85' lang='lat' dir='ltr'><strong>illum</strong></span> <span class='ocrx_word' id='word_1_472' title='bbox 2618 512 2648 554; x_wconf 89' lang='lat' dir='ltr'><strong>a</strong></span> <span class='ocrx_word' id='word_1_473' title='bbox 2669 515 2822 556; x_wconf 88' lang='lat' dir='ltr'><strong>sacro</strong></span> <span class='ocrx_word' id='word_1_474' title='bbox 2849 503 3031 560; x_wconf 90' lang='lat' dir='ltr'><strong>limine</strong></span> <span class='ocrx_word' id='word_1_475' title='bbox 3055 505 3268 574; x_wconf 87' lang='lat' dir='ltr'><strong>repulit.</strong></span> <span class='ocrx_word' id='word_1_476' title='bbox 3299 505 3620 577; x_wconf 72' lang='lat' dir='ltr'><strong>Videturque</strong></span> <span class='ocrx_word' id='word_1_477' title='bbox 3642 525 3806 564; x_wconf 88' lang='lat' dir='ltr'><strong>unum</strong></span> <span class='ocrx_word' id='word_1_478' title='bbox 3826 520 4033 568; x_wconf 84' lang='lat' dir='ltr'><strong>tantum</strong></span> 
     </span>
    </p>
   </div>
   <div class='ocr_carea' id='block_1_64' title="bbox 2439 591 4034 669">
    <p class='ocr_par' dir='ltr' id='par_1_64' title="bbox 2439 591 4034 669">
     <span class='ocr_line' id='line_1_64' title="bbox 2439 591 4034 669; baseline 0.011 -29"><span class='ocrx_word' id='word_1_479' title='bbox 2439 596 2564 642; x_wconf 89' lang='lat' dir='ltr'><strong>tunc</strong></span> <span class='ocrx_word' id='word_1_480' title='bbox 2592 591 2758 660; x_wconf 87' lang='lat' dir='ltr'><strong>probe</strong></span> <span class='ocrx_word' id='word_1_481' title='bbox 2784 603 2988 661; x_wconf 88' lang='lat' dir='ltr'><strong>gestum</strong></span> <span class='ocrx_word' id='word_1_482' title='bbox 3015 609 3151 664; x_wconf 80' lang='lat' dir='ltr'><strong>Opus</strong></span> <span class='ocrx_word' id='word_1_483' title='bbox 3179 595 3345 651; x_wconf 88' lang='lat' dir='ltr'><strong>fuisse</strong></span> <span class='ocrx_word' id='word_1_484' title='bbox 3369 613 3383 661; x_wconf 84' lang='lat'><strong>;</strong></span> <span class='ocrx_word' id='word_1_485' title='bbox 3412 597 3506 652; x_wconf 90' lang='lat' dir='ltr'><strong>sed</strong></span> <span class='ocrx_word' id='word_1_486' title='bbox 3530 599 3574 653; x_wconf 89' lang='lat' dir='ltr'><strong>si</strong></span> <span class='ocrx_word' id='word_1_487' title='bbox 3601 599 3717 669; x_wconf 88' lang='lat' dir='ltr'><strong>quis</strong></span> <span class='ocrx_word' id='word_1_488' title='bbox 3743 600 3872 655; x_wconf 85' lang='lat' dir='ltr'><strong>illud</strong></span> <span class='ocrx_word' id='word_1_489' title='bbox 3898 618 4034 656; x_wconf 78' lang='lat' dir='ltr'><strong>exa-</strong></span> 
     </span>
    </p>
   </div>
   <div class='ocr_carea' id='block_1_65' title="bbox 2437 679 4031 756">
    <p class='ocr_par' dir='ltr' id='par_1_65' title="bbox 2437 679 4031 756">
     <span class='ocr_line' id='line_1_65' title="bbox 2437 679 4031 756; baseline 0.011 -26"><span class='ocrx_word' id='word_1_490' title='bbox 2437 679 2599 734; x_wconf 90' lang='lat' dir='ltr'><strong>minet</strong></span> <span class='ocrx_word' id='word_1_491' title='bbox 2627 691 2679 734; x_wconf 92' lang='lat' dir='ltr'><strong>et</strong></span> <span class='ocrx_word' id='word_1_492' title='bbox 2707 682 2937 752; x_wconf 88' lang='lat' dir='ltr'><strong>undique</strong></span> <span class='ocrx_word' id='word_1_493' title='bbox 2953 695 3198 742; x_wconf 88' lang='lat' dir='ltr'><strong>accurate</strong></span> <span class='ocrx_word' id='word_1_494' title='bbox 3223 688 3532 756; x_wconf 87' lang='lat' dir='ltr'><strong>perpendat,</strong></span> <span class='ocrx_word' id='word_1_495' title='bbox 3556 699 3608 743; x_wconf 89' lang='lat' dir='ltr'><strong>et</strong></span> <span class='ocrx_word' id='word_1_496' title='bbox 3633 692 3948 756; x_wconf 88' lang='lat' dir='ltr'><strong>secundum,</strong></span> <span class='ocrx_word' id='word_1_497' title='bbox 3975 703 4031 747; x_wconf 89' lang='lat' dir='ltr'><strong>et</strong></span> 
     </span>
    </p>
   </div>
   <div class='ocr_carea' id='block_1_66' title="bbox 2435 770 4030 846">
    <p class='ocr_par' dir='ltr' id='par_1_66' title="bbox 2435 770 4030 846">
     <span class='ocr_line' id='line_1_66' title="bbox 2435 770 4030 846; baseline 0.008 -25"><span class='ocrx_word' id='word_1_498' title='bbox 2435 770 2648 824; x_wconf 92' lang='lat' dir='ltr'><strong>tertium</strong></span> <span class='ocrx_word' id='word_1_499' title='bbox 2683 770 2806 826; x_wconf 88' lang='lat' dir='ltr'><strong>huic</strong></span> <span class='ocrx_word' id='word_1_500' title='bbox 2851 772 3087 840; x_wconf 91' lang='lat' dir='ltr'><strong>insitum,</strong></span> <span class='ocrx_word' id='word_1_501' title='bbox 3120 791 3477 846; x_wconf 88' lang='lat' dir='ltr'><strong>magnumque</strong></span> <span class='ocrx_word' id='word_1_502' title='bbox 3520 779 3759 835; x_wconf 90' lang='lat' dir='ltr'><strong>utilitatis</strong></span> <span class='ocrx_word' id='word_1_503' title='bbox 3806 781 4030 836; x_wconf 82' lang='lat' dir='ltr'><strong>thesau-</strong></span> 
     </span>
    </p>
   </div>
   <div class='ocr_carea' id='block_1_67' title="bbox 2432 862 4028 936">
    <p class='ocr_par' dir='ltr' id='par_1_67' title="bbox 2432 862 4028 936">
     <span class='ocr_line' id='line_1_67' title="bbox 2432 862 4028 936; baseline 0.009 -23"><span class='ocrx_word' id='word_1_504' title='bbox 2432 875 2552 914; x_wconf 88' lang='lat' dir='ltr'><strong>rum</strong></span> <span class='ocrx_word' id='word_1_505' title='bbox 2602 863 2851 930; x_wconf 88' lang='lat' dir='ltr'><strong>reperiet.</strong></span> <span class='ocrx_word' id='word_1_506' title='bbox 2877 862 3009 917; x_wconf 80' lang='lat' dir='ltr'><strong>Nam</strong></span> <span class='ocrx_word' id='word_1_507' title='bbox 3054 865 3143 934; x_wconf 90' lang='lat' dir='ltr'><strong>qui</strong></span> <span class='ocrx_word' id='word_1_508' title='bbox 3176 873 3300 920; x_wconf 90' lang='lat' dir='ltr'><strong>tunc</strong></span> <span class='ocrx_word' id='word_1_509' title='bbox 3337 867 3694 936; x_wconf 84' lang='lat' dir='ltr'><strong>rejiciebatur,</strong></span> <span class='ocrx_word' id='word_1_510' title='bbox 3727 885 3865 925; x_wconf 89' lang='lat' dir='ltr'><strong>unus</strong></span> <span class='ocrx_word' id='word_1_511' title='bbox 3909 882 4028 928; x_wconf 88' lang='lat' dir='ltr'><strong>tan-</strong></span> 
     </span>
    </p>
   </div>
   <div class='ocr_carea' id='block_1_68' title="bbox 2433 953 4022 1030">
    <p class='ocr_par' dir='ltr' id='par_1_68' title="bbox 2433 953 4022 1030">
     <span class='ocr_line' id='line_1_68' title="bbox 2433 953 4022 1030; baseline 0.01 -28"><span class='ocrx_word' id='word_1_512' title='bbox 2433 957 2546 1003; x_wconf 91' lang='lat' dir='ltr'><strong>tum</strong></span> <span class='ocrx_word' id='word_1_513' title='bbox 2575 960 2729 1017; x_wconf 90' lang='lat' dir='ltr'><strong>erat;</strong></span> <span class='ocrx_word' id='word_1_514' title='bbox 2779 954 2870 1020; x_wconf 91' lang='lat' dir='ltr'><strong>qui</strong></span> <span class='ocrx_word' id='word_1_515' title='bbox 2922 953 3125 1007; x_wconf 88' lang='lat' dir='ltr'><strong>lucrum</strong></span> <span class='ocrx_word' id='word_1_516' title='bbox 3177 954 3300 1010; x_wconf 88' lang='lat' dir='ltr'><strong>inde</strong></span> <span class='ocrx_word' id='word_1_517' title='bbox 3353 967 3713 1028; x_wconf 90' lang='lat' dir='ltr'><strong>reportarunt,</strong></span> <span class='ocrx_word' id='word_1_518' title='bbox 3767 962 4022 1030; x_wconf 84' lang='lat' dir='ltr'><strong>plurimi:</strong></span> 
     </span>
    </p>
   </div>
   <div class='ocr_carea' id='block_1_69' title="bbox 2429 1039 4026 1121">
    <p class='ocr_par' dir='ltr' id='par_1_69' title="bbox 2429 1039 4026 1121">
     <span class='ocr_line' id='line_1_69' title="bbox 2429 1039 4026 1121; baseline 0.011 -30"><span class='ocrx_word' id='word_1_519' title='bbox 2429 1039 2694 1108; x_wconf 87' lang='lat' dir='ltr'><strong>siquidem</strong></span> <span class='ocrx_word' id='word_1_520' title='bbox 2726 1043 2777 1094; x_wconf 90' lang='lat' dir='ltr'><strong>in</strong></span> <span class='ocrx_word' id='word_1_521' title='bbox 2806 1043 3032 1112; x_wconf 87' lang='lat' dir='ltr'><strong>imperio</strong></span> <span class='ocrx_word' id='word_1_522' title='bbox 3057 1051 3191 1113; x_wconf 91' lang='lat' dir='ltr'><strong>ejus,</strong></span> <span class='ocrx_word' id='word_1_523' title='bbox 3220 1046 3360 1115; x_wconf 92' lang='lat' dir='ltr'><strong>quod</strong></span> <span class='ocrx_word' id='word_1_524' title='bbox 3398 1049 3682 1103; x_wconf 80' lang='lat' dir='ltr'><strong>maximam</strong></span> <span class='ocrx_word' id='word_1_525' title='bbox 3709 1051 3857 1107; x_wconf 88' lang='lat' dir='ltr'><strong>orbis</strong></span> <span class='ocrx_word' id='word_1_526' title='bbox 3898 1067 4026 1121; x_wconf 83' lang='lat' dir='ltr'><strong>par-</strong></span> 
     </span>
    </p>
   </div>
   <div class='ocr_carea' id='block_1_70' title="bbox 2427 1131 4051 1207">
    <p class='ocr_par' dir='ltr' id='par_1_70' title="bbox 2427 1131 4051 1207">
     <span class='ocr_line' id='line_1_70' title="bbox 2427 1131 4051 1207; baseline 0.012 -28"><span class='ocrx_word' id='word_1_527' title='bbox 2427 1135 2532 1181; x_wconf 91' lang='lat' dir='ltr'><strong>tem</strong></span> <span class='ocrx_word' id='word_1_528' title='bbox 2561 1131 3042 1198; x_wconf 90' lang='lat' dir='ltr'><strong>complectebatur,</strong></span> <span class='ocrx_word' id='word_1_529' title='bbox 3075 1143 3330 1203; x_wconf 90' lang='lat' dir='ltr'><strong>quotquot</strong></span> <span class='ocrx_word' id='word_1_530' title='bbox 3354 1136 3611 1192; x_wconf 89' lang='lat' dir='ltr'><strong>inereduli</strong></span> <span class='ocrx_word' id='word_1_531' title='bbox 3637 1148 3810 1207; x_wconf 88' lang='lat' dir='ltr'><strong>erant,</strong></span> <span class='ocrx_word' id='word_1_532' title='bbox 3833 1143 4051 1205; x_wconf 62' lang='lat' dir='ltr'><strong>obstu-~</strong></span> 
     </span>
    </p>
   </div>
   <div class='ocr_carea' id='block_1_71' title="bbox 2426 1217 4020 1298">
    <p class='ocr_par' dir='ltr' id='par_1_71' title="bbox 2426 1217 4020 1298">
     <span class='ocr_line' id='line_1_71' title="bbox 2426 1217 4020 1298; baseline 0.011 -28"><span class='ocrx_word' id='word_1_533' title='bbox 2426 1217 2619 1286; x_wconf 87' lang='lat' dir='ltr'><strong>pefacti</strong></span> <span class='ocrx_word' id='word_1_534' title='bbox 2646 1221 2924 1291; x_wconf 77' lang='lat' dir='ltr'><strong>miratique</strong></span> <span class='ocrx_word' id='word_1_535' title='bbox 2949 1232 3090 1289; x_wconf 90' lang='lat' dir='ltr'><strong>sunt,</strong></span> <span class='ocrx_word' id='word_1_536' title='bbox 3120 1224 3209 1278; x_wconf 90' lang='lat' dir='ltr'><strong>ubi</strong></span> <span class='ocrx_word' id='word_1_537' title='bbox 3244 1225 3541 1281; x_wconf 89' lang='lat' dir='ltr'><strong>didicerunt</strong></span> <span class='ocrx_word' id='word_1_538' title='bbox 3569 1239 3817 1298; x_wconf 88' lang='lat' dir='ltr'><strong>quantam</strong></span> <span class='ocrx_word' id='word_1_539' title='bbox 3844 1233 4020 1288; x_wconf 84' lang='lat' dir='ltr'><strong>servis</strong></span> 
     </span>
    </p>
   </div>
   <div class='ocr_carea' id='block_1_72' title="bbox 2422 1310 4018 1393">
    <p class='ocr_par' dir='ltr' id='par_1_72' title="bbox 2422 1310 4018 1393">
     <span class='ocr_line' id='line_1_72' title="bbox 2422 1310 4018 1393; baseline 0.008 -29"><span class='ocrx_word' id='word_1_540' title='bbox 2422 1311 2534 1365; x_wconf 89' lang='lat' dir='ltr'><strong>suis</strong></span> <span class='ocrx_word' id='word_1_541' title='bbox 2561 1310 2802 1367; x_wconf 87' lang='lat' dir='ltr'><strong>Christus</strong></span> <span class='ocrx_word' id='word_1_542' title='bbox 2827 1314 3074 1384; x_wconf 88' lang='lat' dir='ltr'><strong>loquendi</strong></span> <span class='ocrx_word' id='word_1_543' title='bbox 3104 1316 3346 1370; x_wconf 80' lang='lat' dir='ltr'><strong>fiduciam</strong></span> <span class='ocrx_word' id='word_1_544' title='bbox 3373 1318 3666 1388; x_wconf 90' lang='lat' dir='ltr'><strong>indidisset,</strong></span> <span class='ocrx_word' id='word_1_545' title='bbox 3691 1336 3841 1376; x_wconf 91' lang='lat' dir='ltr'><strong>suam</strong></span> <span class='ocrx_word' id='word_1_546' title='bbox 3871 1325 4018 1393; x_wconf 88' lang='lat' dir='ltr'><strong>ipso-</strong></span> 
     </span>
    </p>
   </div>
   <div class='ocr_carea' id='block_1_73' title="bbox 2421 1401 4012 1484">
    <p class='ocr_par' dir='ltr' id='par_1_73' title="bbox 2421 1401 4012 1484">
     <span class='ocr_line' id='line_1_73' title="bbox 2421 1401 4012 1484; baseline 0.011 -31"><span class='ocrx_word' id='word_1_547' title='bbox 2421 1415 2537 1455; x_wconf 88' lang='lat' dir='ltr'><strong>rum</strong></span> <span class='ocrx_word' id='word_1_548' title='bbox 2569 1401 2880 1456; x_wconf 86' lang='lat' dir='ltr'><strong>illiberalem</strong></span> <span class='ocrx_word' id='word_1_549' title='bbox 2924 1413 2980 1459; x_wconf 91' lang='lat' dir='ltr'><strong>et</strong></span> <span class='ocrx_word' id='word_1_550' title='bbox 3025 1406 3284 1475; x_wconf 91' lang='lat' dir='ltr'><strong>abjectam</strong></span> <span class='ocrx_word' id='word_1_551' title='bbox 3314 1410 3621 1476; x_wconf 85' lang='lat' dir='ltr'><strong>servitutem</strong></span> <span class='ocrx_word' id='word_1_552' title='bbox 3669 1413 4012 1484; x_wconf 88' lang='lat' dir='ltr'><strong>deriserunt,</strong></span> 
     </span>
    </p>
   </div>
   <div class='ocr_carea' id='block_1_74' title="bbox 2422 1491 4013 1562">
    <p class='ocr_par' dir='ltr' id='par_1_74' title="bbox 2422 1491 4013 1562">
     <span class='ocr_line' id='line_1_74' title="bbox 2422 1491 4013 1562; baseline 0.011 -20"><span class='ocrx_word' id='word_1_553' title='bbox 2422 1491 2669 1546; x_wconf 86' lang='lat' dir='ltr'><strong>viderunt</strong></span> <span class='ocrx_word' id='word_1_554' title='bbox 2695 1501 2948 1562; x_wconf 77' lang='lat' dir='ltr'><strong>quantum</strong></span> <span class='ocrx_word' id='word_1_555' title='bbox 2979 1495 3119 1551; x_wconf 89' lang='lat' dir='ltr'><strong>inter</strong></span> <span class='ocrx_word' id='word_1_556' title='bbox 3146 1497 3564 1562; x_wconf 79' lang='lat' dir='ltr'><strong>Christianorum</strong></span> <span class='ocrx_word' id='word_1_557' title='bbox 3597 1503 3928 1560; x_wconf 88' lang='lat' dir='ltr'><strong>nobilitatem</strong></span> <span class='ocrx_word' id='word_1_558' title='bbox 3957 1519 4013 1561; x_wconf 91' lang='lat' dir='ltr'><strong>et</strong></span> 
     </span>
    </p>
   </div>
   <div class='ocr_carea' id='block_1_75' title="bbox 2418 1582 4010 1651">
    <p class='ocr_par' dir='ltr' id='par_1_75' title="bbox 2418 1582 4010 1651">
     <span class='ocr_line' id='line_1_75' title="bbox 2418 1582 4010 1651; baseline 0.01 -18"><span class='ocrx_word' id='word_1_559' title='bbox 2418 1582 2694 1650; x_wconf 90' lang='lat' dir='ltr'><strong>gentilium</strong></span> <span class='ocrx_word' id='word_1_560' title='bbox 2739 1584 3118 1651; x_wconf 91' lang='lat' dir='ltr'><strong>turpitudinem</strong></span> <span class='ocrx_word' id='word_1_561' title='bbox 3161 1587 3480 1644; x_wconf 89' lang='lat' dir='ltr'><strong>discriminis</strong></span> <span class='ocrx_word' id='word_1_562' title='bbox 3526 1602 3686 1645; x_wconf 88' lang='lat' dir='ltr'><strong>esset.</strong></span> <span class='ocrx_word' id='word_1_563' title='bbox 3732 1592 3943 1648; x_wconf 86' lang='lat' dir='ltr'><strong>Etenim</strong></span> <span class='ocrx_word' id='word_1_564' title='bbox 3974 1597 4010 1650; x_wconf 93' lang='lat' dir='ltr'><strong>ii</strong></span> 
     </span>
    </p>
   </div>
   <div class='ocr_carea' id='block_1_76' title="bbox 2384 1671 4011 1754">
    <p class='ocr_par' dir='ltr' id='par_1_76' title="bbox 2384 1671 4011 1754">
     <span class='ocr_line' id='line_1_76' title="bbox 2384 1671 4011 1754; baseline 0.012 -33"><span class='ocrx_word' id='word_1_565' title='bbox 2384 1731 2387 1734; x_wconf 96' lang='lat'><em>_</em></span> <span class='ocrx_word' id='word_1_566' title='bbox 2426 1671 2566 1739; x_wconf 85' lang='lat' dir='ltr'><strong>apud</strong></span> <span class='ocrx_word' id='word_1_567' title='bbox 2595 1671 2733 1738; x_wconf 90' lang='lat' dir='ltr'><strong>illos,</strong></span> <span class='ocrx_word' id='word_1_568' title='bbox 2762 1673 2956 1742; x_wconf 92' lang='lat' dir='ltr'><strong>quibus</strong></span> <span class='ocrx_word' id='word_1_569' title='bbox 2980 1689 3249 1730; x_wconf 89' lang='lat' dir='ltr'><strong>sacrorum</strong></span> <span class='ocrx_word' id='word_1_570' title='bbox 3277 1693 3402 1732; x_wconf 89' lang='lat' dir='ltr'><strong>cura</strong></span> <span class='ocrx_word' id='word_1_571' title='bbox 3427 1681 3732 1736; x_wconf 90' lang='lat' dir='ltr'><strong>concredita</strong></span> <span class='ocrx_word' id='word_1_572' title='bbox 3755 1694 3860 1750; x_wconf 90' lang='lat' dir='ltr'><strong>est,</strong></span> <span class='ocrx_word' id='word_1_573' title='bbox 3889 1685 4011 1754; x_wconf 72' lang='lat' dir='ltr'><strong>plus</strong></span> 
     </span>
    </p>
   </div>
   <div class='ocr_carea' id='block_1_77' title="bbox 2416 1761 4009 1844">
    <p class='ocr_par' dir='ltr' id='par_1_77' title="bbox 2416 1761 4009 1844">
     <span class='ocr_line' id='line_1_77' title="bbox 2416 1761 4009 1844; baseline 0.011 -31"><span class='ocrx_word' id='word_1_574' title='bbox 2416 1775 2575 1828; x_wconf 88' lang='lat' dir='ltr'><strong>quam</strong></span> <span class='ocrx_word' id='word_1_575' title='bbox 2624 1761 2888 1829; x_wconf 89' lang='lat' dir='ltr'><strong>dominos,</strong></span> <span class='ocrx_word' id='word_1_576' title='bbox 2942 1766 3059 1834; x_wconf 89' lang='lat' dir='ltr'><strong>plus</strong></span> <span class='ocrx_word' id='word_1_577' title='bbox 3109 1782 3266 1836; x_wconf 89' lang='lat' dir='ltr'><strong>quam</strong></span> <span class='ocrx_word' id='word_1_578' title='bbox 3317 1769 3458 1823; x_wconf 89' lang='lat' dir='ltr'><strong>idola</strong></span> <span class='ocrx_word' id='word_1_579' title='bbox 3506 1786 3601 1825; x_wconf 86' lang='lat' dir='ltr'><strong>sua</strong></span> <span class='ocrx_word' id='word_1_580' title='bbox 3649 1772 4009 1844; x_wconf 74' lang='lat' dir='ltr'><strong>Imperatores</strong></span> 
     </span>
    </p>
   </div>
   <div class='ocr_carea' id='block_1_78' title="bbox 2415 1853 4005 1935">
    <p class='ocr_par' dir='ltr' id='par_1_78' title="bbox 2415 1853 4005 1935">
     <span class='ocr_line' id='line_1_78' title="bbox 2415 1853 4005 1935; baseline 0.013 -31"><span class='ocrx_word' id='word_1_581' title='bbox 2415 1853 2618 1917; x_wconf 92' lang='lat' dir='ltr'><strong>colunt,</strong></span> <span class='ocrx_word' id='word_1_582' title='bbox 2654 1853 2968 1925; x_wconf 91' lang='lat' dir='ltr'><strong>illorumque</strong></span> <span class='ocrx_word' id='word_1_583' title='bbox 2995 1867 3140 1912; x_wconf 91' lang='lat' dir='ltr'><strong>metu</strong></span> <span class='ocrx_word' id='word_1_584' title='bbox 3175 1859 3470 1916; x_wconf 84' lang='lat' dir='ltr'><strong>simulacris</strong></span> <span class='ocrx_word' id='word_1_585' title='bbox 3498 1864 3608 1918; x_wconf 85' lang='lat' dir='ltr'><strong>suis</strong></span> <span class='ocrx_word' id='word_1_586' title='bbox 3645 1867 3903 1935; x_wconf 88' lang='lat' dir='ltr'><strong>assident,</strong></span> <span class='ocrx_word' id='word_1_587' title='bbox 3929 1870 4005 1925; x_wconf 77' lang='lat' dir='ltr'><strong>ita</strong></span> 
     </span>
    </p>
   </div>
   <div class='ocr_carea' id='block_1_79' title="bbox 2414 1942 4007 2016">
    <p class='ocr_par' dir='ltr' id='par_1_79' title="bbox 2414 1942 4007 2016">
     <span class='ocr_line' id='line_1_79' title="bbox 2414 1942 4007 2016; baseline 0.013 -23"><span class='ocrx_word' id='word_1_588' title='bbox 2414 1949 2471 1994; x_wconf 93' lang='lat' dir='ltr'><strong>ut</strong></span> <span class='ocrx_word' id='word_1_589' title='bbox 2496 1942 2709 2013; x_wconf 85' lang='lat' dir='ltr'><strong>maligni</strong></span> <span class='ocrx_word' id='word_1_590' title='bbox 2731 1945 3004 2000; x_wconf 64' lang='lat' dir='ltr'><strong>daemones</strong></span> <span class='ocrx_word' id='word_1_591' title='bbox 3024 1947 3435 2016; x_wconf 89' lang='lat' dir='ltr'><strong>Imperatorihus</strong></span> <span class='ocrx_word' id='word_1_592' title='bbox 3459 1951 3558 2006; x_wconf 87' lang='lat' dir='ltr'><strong>sibi</strong></span> <span class='ocrx_word' id='word_1_593' title='bbox 3586 1954 3762 2008; x_wconf 89' lang='lat' dir='ltr'><strong>collati</strong></span> <span class='ocrx_word' id='word_1_594' title='bbox 3785 1956 4007 2013; x_wconf 88' lang='lat' dir='ltr'><strong>honoris</strong></span> 
     </span>
    </p>
   </div>
   <div class='ocr_carea' id='block_1_80' title="bbox 2411 2032 4004 2114">
    <p class='ocr_par' dir='ltr' id='par_1_80' title="bbox 2411 2032 4004 2114">
     <span class='ocr_line' id='line_1_80' title="bbox 2411 2032 4004 2114; baseline 0.013 -32"><span class='ocrx_word' id='word_1_595' title='bbox 2411 2032 2637 2100; x_wconf 89' lang='lat' dir='ltr'><strong>gratiam</strong></span> <span class='ocrx_word' id='word_1_596' title='bbox 2669 2033 2919 2088; x_wconf 87' lang='lat' dir='ltr'><strong>habeant.</strong></span> <span class='ocrx_word' id='word_1_597' title='bbox 2966 2036 3148 2106; x_wconf 89' lang='lat' dir='ltr'><strong>Itaque</strong></span> <span class='ocrx_word' id='word_1_598' title='bbox 3174 2039 3259 2092; x_wconf 93' lang='lat' dir='ltr'><strong>ubi</strong></span> <span class='ocrx_word' id='word_1_599' title='bbox 3286 2041 3543 2111; x_wconf 85' lang='lat' dir='ltr'><strong>contingit</strong></span> <span class='ocrx_word' id='word_1_600' title='bbox 3567 2047 3866 2114; x_wconf 90' lang='lat' dir='ltr'><strong>quempiam</strong></span> <span class='ocrx_word' id='word_1_601' title='bbox 3896 2033 4004 2102; x_wconf 68' lang='lat' dir='ltr'><strong>Iin-</strong></span> 
     </span>
    </p>
   </div>
   <div class='ocr_carea' id='block_1_81' title="bbox 2412 2125 4005 2200">
    <p class='ocr_par' dir='ltr' id='par_1_81' title="bbox 2412 2125 4005 2200">
     <span class='ocr_line' id='line_1_81' title="bbox 2412 2125 4005 2200; baseline 0.011 -27"><span class='ocrx_word' id='word_1_602' title='bbox 2412 2131 2707 2189; x_wconf 90' lang='lat' dir='ltr'><strong>pcratorcm</strong></span> <span class='ocrx_word' id='word_1_603' title='bbox 2737 2125 2926 2188; x_wconf 89' lang='lat' dir='ltr'><strong>creari,</strong></span> <span class='ocrx_word' id='word_1_604' title='bbox 2956 2127 3046 2194; x_wconf 91' lang='lat' dir='ltr'><strong>qui</strong></span> <span class='ocrx_word' id='word_1_605' title='bbox 3076 2141 3194 2182; x_wconf 93' lang='lat' dir='ltr'><strong>cum</strong></span> <span class='ocrx_word' id='word_1_606' title='bbox 3223 2129 3329 2184; x_wconf 87' lang='lat' dir='ltr'><strong>illis</strong></span> <span class='ocrx_word' id='word_1_607' title='bbox 3355 2131 3613 2200; x_wconf 88' lang='lat' dir='ltr'><strong>religione</strong></span> <span class='ocrx_word' id='word_1_608' title='bbox 3641 2149 3744 2187; x_wconf 89' lang='lat' dir='ltr'><strong>non</strong></span> <span class='ocrx_word' id='word_1_609' title='bbox 3773 2151 4005 2191; x_wconf 81' lang='lat' dir='ltr'><strong>consen-</strong></span> 
     </span>
    </p>
   </div>
   <div class='ocr_carea' id='block_1_82' title="bbox 2415 2212 4002 2292">
    <p class='ocr_par' dir='ltr' id='par_1_82' title="bbox 2415 2212 4002 2292">
     <span class='ocr_line' id='line_1_82' title="bbox 2415 2212 4002 2292; baseline 0.011 -26"><span class='ocrx_word' id='word_1_610' title='bbox 2415 2212 2530 2274; x_wconf 84' lang='lat' dir='ltr'><strong>tiat,</strong></span> <span class='ocrx_word' id='word_1_611' title='bbox 2563 2214 2606 2267; x_wconf 89' lang='lat' dir='ltr'><strong>si</strong></span> <span class='ocrx_word' id='word_1_612' title='bbox 2636 2213 2758 2283; x_wconf 91' lang='lat' dir='ltr'><strong>quis</strong></span> <span class='ocrx_word' id='word_1_613' title='bbox 2800 2216 3062 2271; x_wconf 90' lang='lat' dir='ltr'><strong>idolorum</strong></span> <span class='ocrx_word' id='word_1_614' title='bbox 3111 2220 3304 2288; x_wconf 91' lang='lat' dir='ltr'><strong>templa</strong></span> <span class='ocrx_word' id='word_1_615' title='bbox 3349 2221 3705 2292; x_wconf 76' lang='lat' dir='ltr'><strong>ingrediatur,</strong></span> <span class='ocrx_word' id='word_1_616' title='bbox 3736 2226 3788 2280; x_wconf 90' lang='lat' dir='ltr'><strong>in</strong></span> <span class='ocrx_word' id='word_1_617' title='bbox 3832 2230 4002 2284; x_wconf 89' lang='lat' dir='ltr'><strong>muris</strong></span> 
     </span>
    </p>
   </div>
   <div class='ocr_carea' id='block_1_83' title="bbox 2407 2306 4001 2389">
    <p class='ocr_par' dir='ltr' id='par_1_83' title="bbox 2407 2306 4001 2389">
     <span class='ocr_line' id='line_1_83' title="bbox 2407 2306 4001 2389; baseline 0.012 -32"><span class='ocrx_word' id='word_1_618' title='bbox 2407 2306 2603 2372; x_wconf 90' lang='lat' dir='ltr'><strong>passim</strong></span> <span class='ocrx_word' id='word_1_619' title='bbox 2648 2306 2847 2362; x_wconf 84' lang='lat' dir='ltr'><strong>videbit</strong></span> <span class='ocrx_word' id='word_1_620' title='bbox 2892 2319 3142 2366; x_wconf 89' lang='lat' dir='ltr'><strong>extensas</strong></span> <span class='ocrx_word' id='word_1_621' title='bbox 3189 2329 3501 2369; x_wconf 86' lang='lat' dir='ltr'><strong>aranearum</strong></span> <span class='ocrx_word' id='word_1_622' title='bbox 3547 2318 3699 2384; x_wconf 89' lang='lat' dir='ltr'><strong>telas,</strong></span> <span class='ocrx_word' id='word_1_623' title='bbox 3747 2328 4001 2389; x_wconf 90' lang='lat' dir='ltr'><strong>tantoque</strong></span> 
     </span>
    </p>
   </div>
   <div class='ocr_carea' id='block_1_84' title="bbox 2407 2397 4000 2480">
    <p class='ocr_par' dir='ltr' id='par_1_84' title="bbox 2407 2397 4000 2480">
     <span class='ocr_line' id='line_1_84' title="bbox 2407 2397 4000 2480; baseline 0.011 -31"><span class='ocrx_word' id='word_1_624' title='bbox 2407 2397 2623 2464; x_wconf 90' lang='lat' dir='ltr'><strong>pulvere</strong></span> <span class='ocrx_word' id='word_1_625' title='bbox 2648 2413 2990 2468; x_wconf 90' lang='lat' dir='ltr'><strong>conspersam</strong></span> <span class='ocrx_word' id='word_1_626' title='bbox 3022 2412 3269 2470; x_wconf 89' lang='lat' dir='ltr'><strong>statuam,</strong></span> <span class='ocrx_word' id='word_1_627' title='bbox 3317 2414 3373 2458; x_wconf 93' lang='lat' dir='ltr'><strong>ut</strong></span> <span class='ocrx_word' id='word_1_628' title='bbox 3414 2421 3585 2476; x_wconf 91' lang='lat' dir='ltr'><strong>neque</strong></span> <span class='ocrx_word' id='word_1_629' title='bbox 3613 2424 3794 2475; x_wconf 89' lang='lat' dir='ltr'><strong>nasus,</strong></span> <span class='ocrx_word' id='word_1_630' title='bbox 3822 2425 4000 2480; x_wconf 86' lang='lat' dir='ltr'><strong>neque</strong></span> 
     </span>
    </p>
   </div>
   <div class='ocr_carea' id='block_1_85' title="bbox 2411 2490 3996 2569">
    <p class='ocr_par' dir='ltr' id='par_1_85' title="bbox 2411 2490 3996 2569">
     <span class='ocr_line' id='line_1_85' title="bbox 2411 2490 3996 2569; baseline 0.009 -27"><span class='ocrx_word' id='word_1_631' title='bbox 2411 2490 2619 2557; x_wconf 90' lang='lat' dir='ltr'><strong>oculus,</strong></span> <span class='ocrx_word' id='word_1_632' title='bbox 2646 2507 2816 2561; x_wconf 91' lang='lat' dir='ltr'><strong>neque</strong></span> <span class='ocrx_word' id='word_1_633' title='bbox 2845 2493 2945 2547; x_wconf 88' lang='lat' dir='ltr'><strong>alia</strong></span> <span class='ocrx_word' id='word_1_634' title='bbox 2975 2496 3175 2565; x_wconf 72' lang='lat' dir='ltr'><strong>qumvis</strong></span> <span class='ocrx_word' id='word_1_635' title='bbox 3203 2512 3326 2566; x_wconf 89' lang='lat' dir='ltr'><strong>pars</strong></span> <span class='ocrx_word' id='word_1_636' title='bbox 3355 2499 3531 2554; x_wconf 81' lang='lat' dir='ltr'><strong>vultus</strong></span> <span class='ocrx_word' id='word_1_637' title='bbox 3559 2511 3829 2569; x_wconf 83' lang='lat' dir='ltr'><strong>appareat,</strong></span> <span class='ocrx_word' id='word_1_638' title='bbox 3856 2504 3996 2556; x_wconf 81' lang='lat' dir='ltr'><strong>alta-</strong></span> 
     </span>
    </p>
   </div>
   <div class='ocr_carea' id='block_1_86' title="bbox 2407 2583 3995 2660">
    <p class='ocr_par' dir='ltr' id='par_1_86' title="bbox 2407 2583 3995 2660">
     <span class='ocr_line' id='line_1_86' title="bbox 2407 2583 3995 2660; baseline 0.008 -24"><span class='ocrx_word' id='word_1_639' title='bbox 2407 2583 2544 2637; x_wconf 90' lang='lat' dir='ltr'><strong>rium</strong></span> <span class='ocrx_word' id='word_1_640' title='bbox 2572 2599 2702 2638; x_wconf 85' lang='lat' dir='ltr'><strong>vero</strong></span> <span class='ocrx_word' id='word_1_641' title='bbox 2728 2584 2963 2654; x_wconf 69' lang='lat' dir='ltr'><strong>reliquis:</strong></span> <span class='ocrx_word' id='word_1_642' title='bbox 2994 2586 3187 2654; x_wconf 92' lang='lat' dir='ltr'><strong>solum,</strong></span> <span class='ocrx_word' id='word_1_643' title='bbox 3232 2589 3420 2658; x_wconf 90' lang='lat' dir='ltr'><strong>majori</strong></span> <span class='ocrx_word' id='word_1_644' title='bbox 3447 2589 3667 2659; x_wconf 86' lang='lat' dir='ltr'><strong>abrupta</strong></span> <span class='ocrx_word' id='word_1_645' title='bbox 3698 2603 3866 2660; x_wconf 90' lang='lat' dir='ltr'><strong>parte,</strong></span> <span class='ocrx_word' id='word_1_646' title='bbox 3897 2609 3995 2647; x_wconf 84' lang='lat' dir='ltr'><strong>su-</strong></span> 
     </span>
    </p>
   </div>
   <div class='ocr_carea' id='block_1_87' title="bbox 2403 2677 3994 2749">
    <p class='ocr_par' dir='ltr' id='par_1_87' title="bbox 2403 2677 3994 2749">
     <span class='ocr_line' id='line_1_87' title="bbox 2403 2677 3994 2749; baseline 0.007 -21"><span class='ocrx_word' id='word_1_647' title='bbox 2403 2684 2644 2742; x_wconf 88' lang='lat' dir='ltr'><strong>persunt,</strong></span> <span class='ocrx_word' id='word_1_648' title='bbox 2682 2685 2735 2730; x_wconf 90' lang='lat' dir='ltr'><strong>et</strong></span> <span class='ocrx_word' id='word_1_649' title='bbox 2761 2677 2957 2746; x_wconf 92' lang='lat' dir='ltr'><strong>alioqui</strong></span> <span class='ocrx_word' id='word_1_650' title='bbox 2988 2687 3092 2731; x_wconf 93' lang='lat' dir='ltr'><strong>tam</strong></span> <span class='ocrx_word' id='word_1_651' title='bbox 3119 2679 3282 2734; x_wconf 87' lang='lat' dir='ltr'><strong>densa</strong></span> <span class='ocrx_word' id='word_1_652' title='bbox 3316 2682 3545 2749; x_wconf 88' lang='lat' dir='ltr'><strong>undique</strong></span> <span class='ocrx_word' id='word_1_653' title='bbox 3572 2682 3733 2737; x_wconf 89' lang='lat' dir='ltr'><strong>herba</strong></span> <span class='ocrx_word' id='word_1_654' title='bbox 3758 2685 3994 2739; x_wconf 85' lang='lat' dir='ltr'><strong>circum-</strong></span> 
     </span>
    </p>
   </div>
   <div class='ocr_carea' id='block_1_88' title="bbox 2402 2766 3992 2840">
    <p class='ocr_par' dir='ltr' id='par_1_88' title="bbox 2402 2766 3992 2840">
     <span class='ocr_line' id='line_1_88' title="bbox 2402 2766 3992 2840; baseline 0.008 -20"><span class='ocrx_word' id='word_1_655' title='bbox 2402 2766 2524 2820; x_wconf 91' lang='lat' dir='ltr'><strong>data</strong></span> <span class='ocrx_word' id='word_1_656' title='bbox 2557 2777 2698 2832; x_wconf 91' lang='lat' dir='ltr'><strong>sunt,</strong></span> <span class='ocrx_word' id='word_1_657' title='bbox 2732 2777 2789 2822; x_wconf 93' lang='lat' dir='ltr'><strong>ut</strong></span> <span class='ocrx_word' id='word_1_658' title='bbox 2818 2770 2907 2838; x_wconf 91' lang='lat' dir='ltr'><strong>qui</strong></span> <span class='ocrx_word' id='word_1_659' title='bbox 2952 2771 3138 2824; x_wconf 90' lang='lat' dir='ltr'><strong>altaria</strong></span> <span class='ocrx_word' id='word_1_660' title='bbox 3170 2787 3288 2826; x_wconf 89' lang='lat' dir='ltr'><strong>esse</strong></span> <span class='ocrx_word' id='word_1_661' title='bbox 3320 2774 3543 2840; x_wconf 87' lang='lat' dir='ltr'><strong>ignoret,</strong></span> <span class='ocrx_word' id='word_1_662' title='bbox 3577 2789 3822 2830; x_wconf 83' lang='lat' dir='ltr'><strong>acervum</strong></span> <span class='ocrx_word' id='word_1_663' title='bbox 3848 2784 3992 2833; x_wconf 80' lang='lat' dir='ltr'><strong>ster-</strong></span> 
     </span>
    </p>
   </div>
   <div class='ocr_carea' id='block_1_89' title="bbox 2399 2858 3992 2935">
    <p class='ocr_par' dir='ltr' id='par_1_89' title="bbox 2399 2858 3992 2935">
     <span class='ocr_line' id='line_1_89' title="bbox 2399 2858 3992 2935; baseline 0.01 -27"><span class='ocrx_word' id='word_1_664' title='bbox 2399 2858 2606 2925; x_wconf 89' lang='lat' dir='ltr'><strong>quilinii</strong></span> <span class='ocrx_word' id='word_1_665' title='bbox 2649 2873 2772 2913; x_wconf 89' lang='lat' dir='ltr'><strong>esse</strong></span> <span class='ocrx_word' id='word_1_666' title='bbox 2820 2869 2985 2928; x_wconf 91' lang='lat' dir='ltr'><strong>putet.</strong></span> <span class='ocrx_word' id='word_1_667' title='bbox 3040 2862 3206 2931; x_wconf 89' lang='lat' dir='ltr'><strong>IIujus</strong></span> <span class='ocrx_word' id='word_1_668' title='bbox 3247 2863 3321 2916; x_wconf 92' lang='lat' dir='ltr'><strong>rei</strong></span> <span class='ocrx_word' id='word_1_669' title='bbox 3351 2874 3507 2918; x_wconf 88' lang='lat' dir='ltr'><strong>causa</strong></span> <span class='ocrx_word' id='word_1_670' title='bbox 3537 2875 3638 2931; x_wconf 92' lang='lat' dir='ltr'><strong>est,</strong></span> <span class='ocrx_word' id='word_1_671' title='bbox 3680 2870 3820 2935; x_wconf 92' lang='lat' dir='ltr'><strong>quod</strong></span> <span class='ocrx_word' id='word_1_672' title='bbox 3859 2869 3992 2925; x_wconf 88' lang='lat' dir='ltr'><strong>olim</strong></span> 
     </span>
    </p>
   </div>
   <div class='ocr_carea' id='block_1_90' title="bbox 2397 2946 3991 3025">
    <p class='ocr_par' dir='ltr' id='par_1_90' title="bbox 2397 2946 3991 3025">
     <span class='ocr_line' id='line_1_90' title="bbox 2397 2946 3991 3025; baseline 0.008 -25"><span class='ocrx_word' id='word_1_673' title='bbox 2397 2947 2502 3000; x_wconf 91' lang='lat' dir='ltr'><strong>illis</strong></span> <span class='ocrx_word' id='word_1_674' title='bbox 2531 2946 2719 3001; x_wconf 91' lang='lat' dir='ltr'><strong>liceret</strong></span> <span class='ocrx_word' id='word_1_675' title='bbox 2748 2963 3096 3018; x_wconf 70' lang='lat' dir='ltr'><strong>qumcumque</strong></span> <span class='ocrx_word' id='word_1_676' title='bbox 3127 2952 3322 3006; x_wconf 86' lang='lat' dir='ltr'><strong>vellent</strong></span> <span class='ocrx_word' id='word_1_677' title='bbox 3363 2952 3617 3008; x_wconf 82' lang='lat' dir='ltr'><strong>sull&#39;urari</strong></span> <span class='ocrx_word' id='word_1_678' title='bbox 3654 2966 3709 3009; x_wconf 92' lang='lat' dir='ltr'><strong>et</strong></span> <span class='ocrx_word' id='word_1_679' title='bbox 3752 2972 3846 3025; x_wconf 89' lang='lat' dir='ltr'><strong>per</strong></span> <span class='ocrx_word' id='word_1_680' title='bbox 3873 2968 3991 3012; x_wconf 78' lang='lat' dir='ltr'><strong>sta-</strong></span> 
     </span>
    </p>
   </div>
   <div class='ocr_carea' id='block_1_91' title="bbox 2397 3039 3988 3116">
    <p class='ocr_par' dir='ltr' id='par_1_91' title="bbox 2397 3039 3988 3116">
     <span class='ocr_line' id='line_1_91' title="bbox 2397 3039 3988 3116; baseline 0.009 -26"><span class='ocrx_word' id='word_1_681' title='bbox 2397 3045 2605 3092; x_wconf 86' lang='lat' dir='ltr'><strong>tuarum</strong></span> <span class='ocrx_word' id='word_1_682' title='bbox 2635 3039 2834 3092; x_wconf 89' lang='lat' dir='ltr'><strong>cultum</strong></span> <span class='ocrx_word' id='word_1_683' title='bbox 2865 3043 3036 3095; x_wconf 89' lang='lat' dir='ltr'><strong>ventri</strong></span> <span class='ocrx_word' id='word_1_684' title='bbox 3081 3041 3355 3112; x_wconf 87' lang='lat' dir='ltr'><strong>indulgere</strong></span> <span class='ocrx_word' id='word_1_685' title='bbox 3383 3063 3395 3097; x_wconf 89' lang='lat'><strong>:</strong></span> <span class='ocrx_word' id='word_1_686' title='bbox 3427 3059 3567 3099; x_wconf 89' lang='lat' dir='ltr'><strong>nunc</strong></span> <span class='ocrx_word' id='word_1_687' title='bbox 3611 3054 3786 3100; x_wconf 89' lang='lat' dir='ltr'><strong>autem</strong></span> <span class='ocrx_word' id='word_1_688' title='bbox 3826 3063 3988 3116; x_wconf 85' lang='lat' dir='ltr'><strong>quam</strong></span> 
     </span>
    </p>
   </div>
   <div class='ocr_carea' id='block_1_92' title="bbox 2393 3128 3982 3194">
    <p class='ocr_par' dir='ltr' id='par_1_92' title="bbox 2393 3128 3982 3194">
     <span class='ocr_line' id='line_1_92' title="bbox 2393 3128 3982 3194; baseline 0.006 -12"><span class='ocrx_word' id='word_1_689' title='bbox 2393 3128 2462 3183; x_wconf 89' lang='lat' dir='ltr'><strong>ob</strong></span> <span class='ocrx_word' id='word_1_690' title='bbox 2485 3144 2696 3183; x_wconf 85' lang='lat' dir='ltr'><strong>causam</strong></span> <span class='ocrx_word' id='word_1_691' title='bbox 2723 3145 2840 3185; x_wconf 86' lang='lat' dir='ltr'><strong>sese</strong></span> <span class='ocrx_word' id='word_1_692' title='bbox 2859 3132 3251 3187; x_wconf 82' lang='lat' dir='ltr'><strong>cruciaverint‘i</strong></span> <span class='ocrx_word' id='word_1_693' title='bbox 3277 3135 3585 3190; x_wconf 82' lang='lat' dir='ltr'><strong>Assidentes</strong></span> <span class='ocrx_word' id='word_1_694' title='bbox 3605 3137 3746 3190; x_wconf 93' lang='lat' dir='ltr'><strong>enim</strong></span> <span class='ocrx_word' id='word_1_695' title='bbox 3768 3152 3831 3191; x_wconf 90' lang='lat' dir='ltr'><strong>ac</strong></span> <span class='ocrx_word' id='word_1_696' title='bbox 3856 3152 3982 3194; x_wconf 90' lang='lat' dir='ltr'><strong>sese</strong></span> 
     </span>
    </p>
   </div>
   <div class='ocr_carea' id='block_1_93' title="bbox 2395 3217 3988 3296">
    <p class='ocr_par' dir='ltr' id='par_1_93' title="bbox 2395 3217 3988 3296">
     <span class='ocr_line' id='line_1_93' title="bbox 2395 3217 3988 3296; baseline 0.006 -24"><span class='ocrx_word' id='word_1_697' title='bbox 2395 3217 2735 3274; x_wconf 79' lang='lat' dir='ltr'><strong>conﬁcientes</strong></span> <span class='ocrx_word' id='word_1_698' title='bbox 2775 3220 2841 3274; x_wconf 90' lang='lat' dir='ltr'><strong>ab</strong></span> <span class='ocrx_word' id='word_1_699' title='bbox 2871 3221 2973 3274; x_wconf 91' lang='lat' dir='ltr'><strong>illis</strong></span> <span class='ocrx_word' id='word_1_700' title='bbox 2999 3237 3065 3276; x_wconf 90' lang='lat' dir='ltr'><strong>ne</strong></span> <span class='ocrx_word' id='word_1_701' title='bbox 3105 3223 3383 3278; x_wconf 90' lang='lat' dir='ltr'><strong>minimum</strong></span> <span class='ocrx_word' id='word_1_702' title='bbox 3409 3224 3619 3293; x_wconf 89' lang='lat' dir='ltr'><strong>quidem</strong></span> <span class='ocrx_word' id='word_1_703' title='bbox 3650 3227 3856 3296; x_wconf 73' lang='lat' dir='ltr'><strong>prmmii</strong></span> <span class='ocrx_word' id='word_1_704' title='bbox 3884 3243 3988 3281; x_wconf 81' lang='lat' dir='ltr'><strong>ex-</strong></span> 
     </span>
    </p>
   </div>
   <div class='ocr_carea' id='block_1_94' title="bbox 2393 3313 4012 3387">
    <p class='ocr_par' dir='ltr' id='par_1_94' title="bbox 2393 3313 4012 3387">
     <span class='ocr_line' id='line_1_94' title="bbox 2393 3313 4012 3387; baseline 0.007 -24"><span class='ocrx_word' id='word_1_705' title='bbox 2393 3319 2634 3379; x_wconf 86' lang='lat' dir='ltr'><strong>spectant</strong></span> <span class='ocrx_word' id='word_1_706' title='bbox 2664 3328 2678 3365; x_wconf 90' lang='lat'><strong>:</strong></span> <span class='ocrx_word' id='word_1_707' title='bbox 2707 3320 2830 3365; x_wconf 89' lang='lat' dir='ltr'><strong>sunt</strong></span> <span class='ocrx_word' id='word_1_708' title='bbox 2871 3313 3016 3367; x_wconf 92' lang='lat' dir='ltr'><strong>enim</strong></span> <span class='ocrx_word' id='word_1_709' title='bbox 3059 3315 3202 3384; x_wconf 86' lang='lat' dir='ltr'><strong>ligna</strong></span> <span class='ocrx_word' id='word_1_710' title='bbox 3250 3327 3304 3370; x_wconf 89' lang='lat' dir='ltr'><strong>et</strong></span> <span class='ocrx_word' id='word_1_711' title='bbox 3346 3315 3548 3385; x_wconf 88' lang='lat' dir='ltr'><strong>lapides</strong></span> <span class='ocrx_word' id='word_1_712' title='bbox 3579 3335 3591 3370; x_wconf 91' lang='lat'><strong>:</strong></span> <span class='ocrx_word' id='word_1_713' title='bbox 3622 3319 3761 3387; x_wconf 90' lang='lat' dir='ltr'><strong>quod</strong></span> <span class='ocrx_word' id='word_1_714' title='bbox 3802 3320 4012 3374; x_wconf 81' lang='lat' dir='ltr'><strong>autem</strong></span> 
     </span>
    </p>
   </div>
   <div class='ocr_carea' id='block_1_95' title="bbox 2391 3400 3984 3480">
    <p class='ocr_par' dir='ltr' id='par_1_95' title="bbox 2391 3400 3984 3480">
     <span class='ocr_line' id='line_1_95' title="bbox 2391 3400 3984 3480; baseline 0.008 -27"><span class='ocrx_word' id='word_1_715' title='bbox 2391 3400 2511 3455; x_wconf 91' lang='lat' dir='ltr'><strong>illos</strong></span> <span class='ocrx_word' id='word_1_716' title='bbox 2537 3402 2604 3456; x_wconf 89' lang='lat' dir='ltr'><strong>ad</strong></span> <span class='ocrx_word' id='word_1_717' title='bbox 2633 3403 2985 3458; x_wconf 89' lang='lat' dir='ltr'><strong>simulandum</strong></span> <span class='ocrx_word' id='word_1_718' title='bbox 3025 3407 3222 3461; x_wconf 91' lang='lat' dir='ltr'><strong>cultum</strong></span> <span class='ocrx_word' id='word_1_719' title='bbox 3264 3407 3484 3477; x_wconf 89' lang='lat' dir='ltr'><strong>inducit,</strong></span> <span class='ocrx_word' id='word_1_720' title='bbox 3514 3419 3594 3464; x_wconf 88' lang='lat' dir='ltr'><strong>est</strong></span> <span class='ocrx_word' id='word_1_721' title='bbox 3623 3410 3794 3465; x_wconf 87' lang='lat' dir='ltr'><strong>honor</strong></span> <span class='ocrx_word' id='word_1_722' title='bbox 3821 3427 3984 3480; x_wconf 89' lang='lat' dir='ltr'><strong>quem</strong></span> 
     </span>
    </p>
   </div>
   <div class='ocr_carea' id='block_1_96' title="bbox 2390 3492 3985 3564">
    <p class='ocr_par' dir='ltr' id='par_1_96' title="bbox 2390 3492 3985 3564">
     <span class='ocr_line' id='line_1_96' title="bbox 2390 3492 3985 3564; baseline 0.006 -18"><span class='ocrx_word' id='word_1_723' title='bbox 2390 3492 2493 3547; x_wconf 86' lang='lat' dir='ltr'><strong>illis</strong></span> <span class='ocrx_word' id='word_1_724' title='bbox 2537 3493 2790 3549; x_wconf 74' lang='lat' dir='ltr'><strong>exhibent</strong></span> <span class='ocrx_word' id='word_1_725' title='bbox 2838 3495 3234 3564; x_wconf 90' lang='lat' dir='ltr'><strong>Imperatores;</strong></span> <span class='ocrx_word' id='word_1_726' title='bbox 3278 3514 3466 3554; x_wconf 89' lang='lat' dir='ltr'><strong>verum</strong></span> <span class='ocrx_word' id='word_1_727' title='bbox 3506 3509 3560 3554; x_wconf 91' lang='lat' dir='ltr'><strong>et</strong></span> <span class='ocrx_word' id='word_1_728' title='bbox 3604 3501 3694 3556; x_wconf 90' lang='lat' dir='ltr'><strong>ille</strong></span> <span class='ocrx_word' id='word_1_729' title='bbox 3739 3501 3985 3556; x_wconf 89' lang='lat' dir='ltr'><strong>sublatus</strong></span> 
     </span>
    </p>
   </div>
   <div class='ocr_carea' id='block_1_97' title="bbox 2389 3584 4047 3658">
    <p class='ocr_par' dir='ltr' id='par_1_97' title="bbox 2389 3584 4047 3658">
     <span class='ocr_line' id='line_1_97' title="bbox 2389 3584 4047 3658; baseline 0.007 -22"><span class='ocrx_word' id='word_1_730' title='bbox 2389 3591 2505 3648; x_wconf 90' lang='lat' dir='ltr'><strong>est,</strong></span> <span class='ocrx_word' id='word_1_731' title='bbox 2535 3584 2746 3652; x_wconf 92' lang='lat' dir='ltr'><strong>quando</strong></span> <span class='ocrx_word' id='word_1_732' title='bbox 2775 3585 3124 3655; x_wconf 90' lang='lat' dir='ltr'><strong>Imperatores</strong></span> <span class='ocrx_word' id='word_1_733' title='bbox 3155 3588 3399 3658; x_wconf 89' lang='lat' dir='ltr'><strong>sapiunt,</strong></span> <span class='ocrx_word' id='word_1_734' title='bbox 3443 3597 3497 3645; x_wconf 90' lang='lat' dir='ltr'><strong>et</strong></span> <span class='ocrx_word' id='word_1_735' title='bbox 3523 3591 3614 3646; x_wconf 87' lang='lat' dir='ltr'><strong>Dei</strong></span> <span class='ocrx_word' id='word_1_736' title='bbox 3659 3591 3851 3646; x_wconf 87' lang='lat' dir='ltr'><strong>Filium</strong></span> <span class='ocrx_word' id='word_1_737' title='bbox 3878 3592 3982 3647; x_wconf 88' lang='lat' dir='ltr'><strong>ad-</strong></span> <span class='ocrx_word' id='word_1_738' title='bbox 4044 3610 4047 3613; x_wconf 92' lang='grc'>·</span> 
     </span>
    </p>
   </div>
   <div class='ocr_carea' id='block_1_98' title="bbox 2389 3681 2564 3726">
    <p class='ocr_par' dir='ltr' id='par_1_98' title="bbox 2389 3681 2564 3726">
     <span class='ocr_line' id='line_1_98' title="bbox 2389 3681 2564 3726; baseline -0.006 -1"><span class='ocrx_word' id='word_1_739' title='bbox 2389 3681 2564 3726; x_wconf 85' lang='lat' dir='ltr'><strong>orant.</strong></span> 
     </span>
    </p>
   </div>
   <div class='ocr_carea' id='block_1_99' title="bbox 2457 3763 3979 3843">
    <p class='ocr_par' dir='ltr' id='par_1_99' title="bbox 2457 3763 3979 3843">
     <span class='ocr_line' id='line_1_99' title="bbox 2457 3763 3979 3843; baseline 0.007 -24"><span class='ocrx_word' id='word_1_740' title='bbox 2457 3764 2513 3819; x_wconf 88' lang='lat'><strong>8.</strong></span> <span class='ocrx_word' id='word_1_741' title='bbox 2543 3763 2645 3818; x_wconf 78' lang='lat' dir='ltr'><strong>Res</strong></span> <span class='ocrx_word' id='word_1_742' title='bbox 2670 3764 3072 3822; x_wconf 78' lang='lat' dir='ltr'><strong>Christianorum</strong></span> <span class='ocrx_word' id='word_1_743' title='bbox 3097 3770 3148 3822; x_wconf 79' lang='lat' dir='ltr'><strong>in</strong></span> <span class='ocrx_word' id='word_1_744' title='bbox 3175 3770 3559 3841; x_wconf 77' lang='lat' dir='ltr'><strong>persequutione</strong></span> <span class='ocrx_word' id='word_1_745' title='bbox 3581 3772 3764 3841; x_wconf 76' lang='lat' dir='ltr'><strong>ﬂorent</strong></span> <span class='ocrx_word' id='word_1_746' title='bbox 3792 3775 3979 3843; x_wconf 74' lang='lat' dir='ltr'><strong>magis.</strong></span> 
     </span>
    </p>
   </div>
   <div class='ocr_carea' id='block_1_100' title="bbox 2385 3856 3982 3933">
    <p class='ocr_par' dir='ltr' id='par_1_100' title="bbox 2385 3856 3982 3933">
     <span class='ocr_line' id='line_1_100' title="bbox 2385 3856 3982 3933; baseline 0.006 -25"><span class='ocrx_word' id='word_1_747' title='bbox 2385 3884 2458 3895; x_wconf 90' lang='lat'><strong>—-</strong></span> <span class='ocrx_word' id='word_1_748' title='bbox 2476 3856 2543 3909; x_wconf 88' lang='lat' dir='ltr'><strong>At</strong></span> <span class='ocrx_word' id='word_1_749' title='bbox 2569 3865 2751 3910; x_wconf 89' lang='lat' dir='ltr'><strong>nostra</strong></span> <span class='ocrx_word' id='word_1_750' title='bbox 2781 3872 2885 3912; x_wconf 94' lang='lat' dir='ltr'><strong>non</strong></span> <span class='ocrx_word' id='word_1_751' title='bbox 2914 3858 3015 3914; x_wconf 90' lang='lat' dir='ltr'><strong>hoc</strong></span> <span class='ocrx_word' id='word_1_752' title='bbox 3038 3874 3096 3914; x_wconf 90' lang='lat' dir='ltr'><strong>se</strong></span> <span class='ocrx_word' id='word_1_753' title='bbox 3130 3860 3333 3916; x_wconf 90' lang='lat' dir='ltr'><strong>habent</strong></span> <span class='ocrx_word' id='word_1_754' title='bbox 3352 3860 3532 3926; x_wconf 90' lang='lat' dir='ltr'><strong>modo,</strong></span> <span class='ocrx_word' id='word_1_755' title='bbox 3555 3861 3647 3916; x_wconf 87' lang='lat' dir='ltr'><strong>sed</strong></span> <span class='ocrx_word' id='word_1_756' title='bbox 3673 3863 3828 3933; x_wconf 90' lang='lat' dir='ltr'><strong>plane</strong></span> <span class='ocrx_word' id='word_1_757' title='bbox 3847 3879 3982 3919; x_wconf 83' lang='lat' dir='ltr'><strong>cou-</strong></span> 
     </span>
    </p>
   </div>
   <div class='ocr_carea' id='block_1_101' title="bbox 2387 3945 3980 4022">
    <p class='ocr_par' dir='ltr' id='par_1_101' title="bbox 2387 3945 3980 4022">
     <span class='ocr_line' id='line_1_101' title="bbox 2387 3945 3980 4022; baseline 0.008 -22"><span class='ocrx_word' id='word_1_758' title='bbox 2387 3947 2569 4002; x_wconf 90' lang='lat' dir='ltr'><strong>trario.</strong></span> <span class='ocrx_word' id='word_1_759' title='bbox 2587 3945 2719 4002; x_wconf 91' lang='lat' dir='ltr'><strong>Cum</strong></span> <span class='ocrx_word' id='word_1_760' title='bbox 2746 3950 2886 4004; x_wconf 90' lang='lat' dir='ltr'><strong>enim</strong></span> <span class='ocrx_word' id='word_1_761' title='bbox 2913 3951 3032 4021; x_wconf 89' lang='lat' dir='ltr'><strong>quis</strong></span> <span class='ocrx_word' id='word_1_762' title='bbox 3057 3952 3312 4022; x_wconf 85' lang='lat' dir='ltr'><strong>religione</strong></span> <span class='ocrx_word' id='word_1_763' title='bbox 3339 3954 3614 4008; x_wconf 89' lang='lat' dir='ltr'><strong>nobiscum</strong></span> <span class='ocrx_word' id='word_1_764' title='bbox 3634 3956 3980 4012; x_wconf 88' lang='lat' dir='ltr'><strong>consentiens</strong></span> 
     </span>
    </p>
   </div>
   <div class='ocr_carea' id='block_1_102' title="bbox 2387 4037 3979 4108">
    <p class='ocr_par' dir='ltr' id='par_1_102' title="bbox 2387 4037 3979 4108">
     <span class='ocr_line' id='line_1_102' title="bbox 2387 4037 3979 4108; baseline 0.008 -19"><span class='ocrx_word' id='word_1_765' title='bbox 2387 4037 2784 4104; x_wconf 89' lang='lat' dir='ltr'><strong>imperatorium</strong></span> <span class='ocrx_word' id='word_1_766' title='bbox 2831 4039 2942 4095; x_wconf 91' lang='lat' dir='ltr'><strong>adit</strong></span> <span class='ocrx_word' id='word_1_767' title='bbox 2987 4041 3258 4108; x_wconf 91' lang='lat' dir='ltr'><strong>thronum,</strong></span> <span class='ocrx_word' id='word_1_768' title='bbox 3289 4041 3709 4097; x_wconf 90' lang='lat' dir='ltr'><strong>Christianorum</strong></span> <span class='ocrx_word' id='word_1_769' title='bbox 3757 4061 3844 4099; x_wconf 90' lang='lat' dir='ltr'><strong>res</strong></span> <span class='ocrx_word' id='word_1_770' title='bbox 3888 4061 3979 4101; x_wconf 84' lang='lat' dir='ltr'><strong>se-</strong></span> 
     </span>
    </p>
   </div>
   <div class='ocr_carea' id='block_1_103' title="bbox 2386 4127 3978 4195">
    <p class='ocr_par' dir='ltr' id='par_1_103' title="bbox 2386 4127 3978 4195">
     <span class='ocr_line' id='line_1_103' title="bbox 2386 4127 3978 4195; baseline 0.008 -17"><span class='ocrx_word' id='word_1_771' title='bbox 2386 4127 2598 4195; x_wconf 89' lang='lat' dir='ltr'><strong>gniores</strong></span> <span class='ocrx_word' id='word_1_772' title='bbox 2625 4128 2860 4183; x_wconf 87' lang='lat' dir='ltr'><strong>evadunt</strong></span> <span class='ocrx_word' id='word_1_773' title='bbox 2894 4147 2907 4183; x_wconf 93' lang='lat'>:</span> <span class='ocrx_word' id='word_1_774' title='bbox 2942 4137 3144 4184; x_wconf 90' lang='lat' dir='ltr'><strong>tantum</strong></span> <span class='ocrx_word' id='word_1_775' title='bbox 3167 4132 3318 4186; x_wconf 89' lang='lat' dir='ltr'><strong>abest</strong></span> <span class='ocrx_word' id='word_1_776' title='bbox 3339 4141 3395 4185; x_wconf 93' lang='lat' dir='ltr'><strong>ut</strong></span> <span class='ocrx_word' id='word_1_777' title='bbox 3415 4131 3660 4187; x_wconf 90' lang='lat' dir='ltr'><strong>humanis</strong></span> <span class='ocrx_word' id='word_1_778' title='bbox 3684 4133 3978 4191; x_wconf 82' lang='lat' dir='ltr'><strong>honoribus</strong></span> 
     </span>
    </p>
   </div>
   <div class='ocr_carea' id='block_1_104' title="bbox 2387 4216 3978 4294">
    <p class='ocr_par' dir='ltr' id='par_1_104' title="bbox 2387 4216 3978 4294">
     <span class='ocr_line' id='line_1_104' title="bbox 2387 4216 3978 4294; baseline 0.008 -25"><span class='ocrx_word' id='word_1_779' title='bbox 2387 4216 2694 4286; x_wconf 87' lang='lat' dir='ltr'><strong>erigantur;</strong></span> <span class='ocrx_word' id='word_1_780' title='bbox 2725 4232 2846 4272; x_wconf 91' lang='lat' dir='ltr'><strong>cum</strong></span> <span class='ocrx_word' id='word_1_781' title='bbox 2889 4228 3066 4275; x_wconf 93' lang='lat' dir='ltr'><strong>autem</strong></span> <span class='ocrx_word' id='word_1_782' title='bbox 3097 4221 3216 4290; x_wconf 91' lang='lat' dir='ltr'><strong>quis</strong></span> <span class='ocrx_word' id='word_1_783' title='bbox 3247 4222 3443 4291; x_wconf 90' lang='lat' dir='ltr'><strong>impius</strong></span> <span class='ocrx_word' id='word_1_784' title='bbox 3472 4223 3625 4278; x_wconf 90' lang='lat' dir='ltr'><strong>nobis</strong></span> <span class='ocrx_word' id='word_1_785' title='bbox 3661 4224 3813 4294; x_wconf 89' lang='lat' dir='ltr'><strong>plane</strong></span> <span class='ocrx_word' id='word_1_786' title='bbox 3841 4227 3978 4282; x_wconf 88' lang='lat' dir='ltr'><strong>infe-</strong></span> 
     </span>
    </p>
   </div>
   <div class='ocr_carea' id='block_1_105' title="bbox 2385 4309 3972 4383">
    <p class='ocr_par' dir='ltr' id='par_1_105' title="bbox 2385 4309 3972 4383">
     <span class='ocr_line' id='line_1_105' title="bbox 2385 4309 3972 4383; baseline 0.007 -22"><span class='ocrx_word' id='word_1_787' title='bbox 2385 4317 2499 4362; x_wconf 87' lang='lat' dir='ltr'><strong>stus</strong></span> <span class='ocrx_word' id='word_1_788' title='bbox 2525 4309 2921 4379; x_wconf 84' lang='lat' dir='ltr'><strong>innumerisque</strong></span> <span class='ocrx_word' id='word_1_789' title='bbox 2947 4326 3045 4366; x_wconf 91' lang='lat' dir='ltr'><strong>nos</strong></span> <span class='ocrx_word' id='word_1_790' title='bbox 3065 4314 3217 4367; x_wconf 91' lang='lat' dir='ltr'><strong>malis</strong></span> <span class='ocrx_word' id='word_1_791' title='bbox 3237 4313 3473 4369; x_wconf 78' lang='lat' dir='ltr'><strong>afﬁciens</strong></span> <span class='ocrx_word' id='word_1_792' title='bbox 3501 4313 3778 4383; x_wconf 88' lang='lat' dir='ltr'><strong>imperium</strong></span> <span class='ocrx_word' id='word_1_793' title='bbox 3803 4325 3972 4383; x_wconf 88' lang='lat' dir='ltr'><strong>tenet,</strong></span> 
     </span>
    </p>
   </div>
   <div class='ocr_carea' id='block_1_106' title="bbox 2386 4401 3974 4474">
    <p class='ocr_par' dir='ltr' id='par_1_106' title="bbox 2386 4401 3974 4474">
     <span class='ocr_line' id='line_1_106' title="bbox 2386 4401 3974 4474; baseline 0.008 -22"><span class='ocrx_word' id='word_1_794' title='bbox 2386 4407 2510 4454; x_wconf 92' lang='lat' dir='ltr'><strong>tunc</strong></span> <span class='ocrx_word' id='word_1_795' title='bbox 2553 4401 2746 4456; x_wconf 82' lang='lat' dir='ltr'><strong>florent</strong></span> <span class='ocrx_word' id='word_1_796' title='bbox 2772 4411 2951 4456; x_wconf 90' lang='lat' dir='ltr'><strong>nostra</strong></span> <span class='ocrx_word' id='word_1_797' title='bbox 2990 4418 3052 4458; x_wconf 88' lang='lat' dir='ltr'><strong>ac</strong></span> <span class='ocrx_word' id='word_1_798' title='bbox 3089 4404 3446 4473; x_wconf 86' lang='lat' dir='ltr'><strong>splendidiora</strong></span> <span class='ocrx_word' id='word_1_799' title='bbox 3485 4407 3812 4474; x_wconf 77' lang='lat' dir='ltr'><strong>efficiuntur,</strong></span> <span class='ocrx_word' id='word_1_800' title='bbox 3847 4417 3974 4465; x_wconf 81' lang='lat' dir='ltr'><strong>tunc</strong></span> 
     </span>
    </p>
   </div>
   <div class='ocr_carea' id='block_1_107' title="bbox 2385 4491 3972 4567">
    <p class='ocr_par' dir='ltr' id='par_1_107' title="bbox 2385 4491 3972 4567">
     <span class='ocr_line' id='line_1_107' title="bbox 2385 4491 3972 4567; baseline 0.007 -24"><span class='ocrx_word' id='word_1_801' title='bbox 2385 4491 2724 4558; x_wconf 70' lang='lat' dir='ltr'><strong>prazmiorum</strong></span> <span class='ocrx_word' id='word_1_802' title='bbox 2751 4501 2804 4546; x_wconf 77' lang='grc' dir='ltr'>ει</span> <span class='ocrx_word' id='word_1_803' title='bbox 2826 4501 3144 4562; x_wconf 70' lang='lat' dir='ltr'><strong>tropmornm</strong></span> <span class='ocrx_word' id='word_1_804' title='bbox 3191 4503 3421 4567; x_wconf 85' lang='lat' dir='ltr'><strong>tempus,</strong></span> <span class='ocrx_word' id='word_1_805' title='bbox 3450 4505 3574 4550; x_wconf 89' lang='lat' dir='ltr'><strong>tunc</strong></span> <span class='ocrx_word' id='word_1_806' title='bbox 3609 4512 3929 4554; x_wconf 86' lang='lat' dir='ltr'><strong>coronarum</strong></span> <span class='ocrx_word' id='word_1_807' title='bbox 3953 4541 3972 4566; x_wconf 60' lang='grc' dir='ltr'><strong><em>ν</em></strong></span> 
     </span>
    </p>
   </div>
   <div class='ocr_carea' id='block_1_108' title="bbox 2384 4582 3974 4657">
    <p class='ocr_par' dir='ltr' id='par_1_108' title="bbox 2384 4582 3974 4657">
     <span class='ocr_line' id='line_1_108' title="bbox 2384 4582 3974 4657; baseline 0.008 -22"><span class='ocrx_word' id='word_1_808' title='bbox 2384 4582 2792 4651; x_wconf 82' lang='lat' dir='ltr'><strong>praeconiorum,</strong></span> <span class='ocrx_word' id='word_1_809' title='bbox 2814 4599 2874 4637; x_wconf 89' lang='lat' dir='ltr'><strong>ac</strong></span> <span class='ocrx_word' id='word_1_810' title='bbox 2891 4584 3214 4640; x_wconf 86' lang='lat' dir='ltr'><strong>fortitudinis</strong></span> <span class='ocrx_word' id='word_1_811' title='bbox 3233 4587 3544 4642; x_wconf 66' lang='lat' dir='ltr'><strong>exhibendae</strong></span> <span class='ocrx_word' id='word_1_812' title='bbox 3564 4591 3793 4644; x_wconf 91' lang='lat' dir='ltr'><strong>occasio.</strong></span> <span class='ocrx_word' id='word_1_813' title='bbox 3807 4590 3974 4657; x_wconf 89' lang='lat' dir='ltr'><strong>Quod</strong></span> 
     </span>
    </p>
   </div>
   <div class='ocr_carea' id='block_1_109' title="bbox 2383 4674 3973 4751">
    <p class='ocr_par' dir='ltr' id='par_1_109' title="bbox 2383 4674 3973 4751">
     <span class='ocr_line' id='line_1_109' title="bbox 2383 4674 3973 4751; baseline 0.007 -22"><span class='ocrx_word' id='word_1_814' title='bbox 2383 4676 2425 4729; x_wconf 88' lang='lat' dir='ltr'><strong>si</strong></span> <span class='ocrx_word' id='word_1_815' title='bbox 2453 4675 2573 4744; x_wconf 89' lang='lat' dir='ltr'><strong>quis</strong></span> <span class='ocrx_word' id='word_1_816' title='bbox 2603 4674 2745 4730; x_wconf 90' lang='lat' dir='ltr'><strong>dicat</strong></span> <span class='ocrx_word' id='word_1_817' title='bbox 2787 4677 2946 4730; x_wconf 89' lang='lat' dir='ltr'><strong>etiam</strong></span> <span class='ocrx_word' id='word_1_818' title='bbox 2979 4693 3118 4732; x_wconf 92' lang='lat' dir='ltr'><strong>nunc</strong></span> <span class='ocrx_word' id='word_1_819' title='bbox 3163 4693 3444 4747; x_wconf 87' lang='lat' dir='ltr'><strong>superesse</strong></span> <span class='ocrx_word' id='word_1_820' title='bbox 3485 4679 3643 4736; x_wconf 87' lang='lat' dir='ltr'><strong>urbes</strong></span> <span class='ocrx_word' id='word_1_821' title='bbox 3679 4697 3796 4751; x_wconf 67' lang='lat' dir='ltr'><strong>qua:</strong></span> <span class='ocrx_word' id='word_1_822' title='bbox 3826 4683 3973 4740; x_wconf 72' lang='lat' dir='ltr'><strong>circa</strong></span> 
     </span>
    </p>
   </div>
   <div class='ocr_carea' id='block_1_110' title="bbox 2382 4765 3974 4841">
    <p class='ocr_par' dir='ltr' id='par_1_110' title="bbox 2382 4765 3974 4841">
     <span class='ocr_line' id='line_1_110' title="bbox 2382 4765 3974 4841; baseline 0.008 -24"><span class='ocrx_word' id='word_1_823' title='bbox 2382 4765 2645 4818; x_wconf 91' lang='lat' dir='ltr'><strong>idolorum</strong></span> <span class='ocrx_word' id='word_1_824' title='bbox 2689 4765 2947 4820; x_wconf 91' lang='lat' dir='ltr'><strong>insaniam</strong></span> <span class='ocrx_word' id='word_1_825' title='bbox 2992 4773 3173 4836; x_wconf 83' lang='lat' dir='ltr'><strong>parem</strong></span> <span class='ocrx_word' id='word_1_826' title='bbox 3220 4769 3469 4824; x_wconf 86' lang='lat' dir='ltr'><strong>exhibent</strong></span> <span class='ocrx_word' id='word_1_827' title='bbox 3510 4770 3747 4838; x_wconf 87' lang='lat' dir='ltr'><strong>cultum,</strong></span> <span class='ocrx_word' id='word_1_828' title='bbox 3796 4775 3974 4841; x_wconf 90' lang='lat' dir='ltr'><strong>primo</strong></span> 
     </span>
    </p>
   </div>
   <div class='ocr_carea' id='block_1_111' title="bbox 2382 4854 3970 4934">
    <p class='ocr_par' dir='ltr' id='par_1_111' title="bbox 2382 4854 3970 4934">
     <span class='ocr_line' id='line_1_111' title="bbox 2382 4854 3970 4934; baseline 0.008 -28"><span class='ocrx_word' id='word_1_829' title='bbox 2382 4854 2596 4920; x_wconf 86' lang='lat' dir='ltr'><strong>quidem</strong></span> <span class='ocrx_word' id='word_1_830' title='bbox 2639 4870 2833 4924; x_wconf 86' lang='lat' dir='ltr'><strong>paucas</strong></span> <span class='ocrx_word' id='word_1_831' title='bbox 2863 4858 3179 4921; x_wconf 88' lang='lat' dir='ltr'><strong>numerabit,</strong></span> <span class='ocrx_word' id='word_1_832' title='bbox 3212 4867 3578 4914; x_wconf 85' lang='lat' dir='ltr'><strong>verumtamen</strong></span> <span class='ocrx_word' id='word_1_833' title='bbox 3617 4877 3682 4915; x_wconf 89' lang='lat' dir='ltr'><strong>ne</strong></span> <span class='ocrx_word' id='word_1_834' title='bbox 3721 4861 3821 4916; x_wconf 88' lang='lat' dir='ltr'><strong>hac</strong></span> <span class='ocrx_word' id='word_1_835' title='bbox 3846 4865 3970 4934; x_wconf 88' lang='lat' dir='ltr'><strong>qui-</strong></span> 
     </span>
    </p>
   </div>
   <div class='ocr_carea' id='block_1_112' title="bbox 2381 4944 3969 5012">
    <p class='ocr_par' dir='ltr' id='par_1_112' title="bbox 2381 4944 3969 5012">
     <span class='ocr_line' id='line_1_112' title="bbox 2381 4944 3969 5012; baseline 0.008 -12"><span class='ocrx_word' id='word_1_836' title='bbox 2381 4944 2502 5002; x_wconf 90' lang='lat' dir='ltr'><strong>dem</strong></span> <span class='ocrx_word' id='word_1_837' title='bbox 2535 4949 2740 5002; x_wconf 89' lang='lat' dir='ltr'><strong>ratione</strong></span> <span class='ocrx_word' id='word_1_838' title='bbox 2766 4948 2943 5002; x_wconf 88' lang='lat' dir='ltr'><strong>verbis</strong></span> <span class='ocrx_word' id='word_1_839' title='bbox 2971 4949 3104 5002; x_wconf 89' lang='lat' dir='ltr'><strong>meis</strong></span> <span class='ocrx_word' id='word_1_840' title='bbox 3130 4950 3330 5005; x_wconf 86' lang='lat' dir='ltr'><strong>ofliciet</strong></span> <span class='ocrx_word' id='word_1_841' title='bbox 3363 4968 3376 5004; x_wconf 93' lang='lat'><strong>:</strong></span> <span class='ocrx_word' id='word_1_842' title='bbox 3406 4961 3587 5006; x_wconf 89' lang='lat' dir='ltr'><strong>manet</strong></span> <span class='ocrx_word' id='word_1_843' title='bbox 3611 4952 3752 5006; x_wconf 89' lang='lat' dir='ltr'><strong>enim</strong></span> <span class='ocrx_word' id='word_1_844' title='bbox 3777 4955 3969 5012; x_wconf 88' lang='lat' dir='ltr'><strong>eadem</strong></span> 
     </span>
    </p>
   </div>
   <div class='ocr_carea' id='block_1_113' title="bbox 2382 5037 3970 5115">
    <p class='ocr_par' dir='ltr' id='par_1_113' title="bbox 2382 5037 3970 5115">
     <span class='ocr_line' id='line_1_113' title="bbox 2382 5037 3970 5115; baseline 0.005 -26"><span class='ocrx_word' id='word_1_845' title='bbox 2382 5038 2710 5106; x_wconf 86' lang='lat' dir='ltr'><strong>hypothesis,</strong></span> <span class='ocrx_word' id='word_1_846' title='bbox 2741 5053 2805 5092; x_wconf 89' lang='lat' dir='ltr'><strong>ac</strong></span> <span class='ocrx_word' id='word_1_847' title='bbox 2828 5053 2926 5108; x_wconf 91' lang='lat' dir='ltr'><strong>pro</strong></span> <span class='ocrx_word' id='word_1_848' title='bbox 2951 5037 3274 5108; x_wconf 89' lang='lat' dir='ltr'><strong>Imperatore</strong></span> <span class='ocrx_word' id='word_1_849' title='bbox 3312 5042 3456 5096; x_wconf 89' lang='lat' dir='ltr'><strong>cives</strong></span> <span class='ocrx_word' id='word_1_850' title='bbox 3485 5041 3701 5107; x_wconf 89' lang='lat' dir='ltr'><strong>habent,</strong></span> <span class='ocrx_word' id='word_1_851' title='bbox 3733 5044 3821 5112; x_wconf 89' lang='lat' dir='ltr'><strong>qui</strong></span> <span class='ocrx_word' id='word_1_852' title='bbox 3871 5060 3970 5115; x_wconf 82' lang='lat' dir='ltr'><strong>pa-</strong></span> 
     </span>
    </p>
   </div>
   <div class='ocr_carea' id='block_1_114' title="bbox 2381 5130 3968 5203">
    <p class='ocr_par' dir='ltr' id='par_1_114' title="bbox 2381 5130 3968 5203">
     <span class='ocr_line' id='line_1_114' title="bbox 2381 5130 3968 5203; baseline 0.005 -20"><span class='ocrx_word' id='word_1_853' title='bbox 2381 5145 2496 5185; x_wconf 88' lang='lat' dir='ltr'><strong>rem</strong></span> <span class='ocrx_word' id='word_1_854' title='bbox 2523 5130 2626 5185; x_wconf 90' lang='lat' dir='ltr'><strong>illis</strong></span> <span class='ocrx_word' id='word_1_855' title='bbox 2648 5139 2900 5198; x_wconf 74' lang='lat' dir='ltr'><strong>prtestent</strong></span> <span class='ocrx_word' id='word_1_856' title='bbox 2924 5130 3202 5186; x_wconf 90' lang='lat' dir='ltr'><strong>honorem.</strong></span> <span class='ocrx_word' id='word_1_857' title='bbox 3226 5133 3399 5203; x_wconf 88' lang='lat' dir='ltr'><strong>Atque</strong></span> <span class='ocrx_word' id='word_1_858' title='bbox 3418 5133 3572 5200; x_wconf 89' lang='lat' dir='ltr'><strong>hujus</strong></span> <span class='ocrx_word' id='word_1_859' title='bbox 3594 5133 3768 5188; x_wconf 91' lang='lat' dir='ltr'><strong>cultus</strong></span> <span class='ocrx_word' id='word_1_860' title='bbox 3788 5149 3968 5191; x_wconf 57' lang='lat' dir='ltr'><strong>causa:</strong></span> 
     </span>
    </p>
   </div>
   <div class='ocr_carea' id='block_1_115' title="bbox 2381 5222 3969 5290">
    <p class='ocr_par' dir='ltr' id='par_1_115' title="bbox 2381 5222 3969 5290">
     <span class='ocr_line' id='line_1_115' title="bbox 2381 5222 3969 5290; baseline 0.003 -16"><span class='ocrx_word' id='word_1_861' title='bbox 2381 5229 2507 5274; x_wconf 91' lang='lat' dir='ltr'><strong>sunt</strong></span> <span class='ocrx_word' id='word_1_862' title='bbox 2532 5223 2760 5290; x_wconf 76' lang='lat' dir='ltr'><strong>crapula:</strong></span> <span class='ocrx_word' id='word_1_863' title='bbox 2806 5229 2862 5276; x_wconf 91' lang='lat' dir='ltr'><strong>et</strong></span> <span class='ocrx_word' id='word_1_864' title='bbox 2899 5222 3314 5278; x_wconf 88' lang='lat' dir='ltr'><strong>comessationes</strong></span> <span class='ocrx_word' id='word_1_865' title='bbox 3359 5234 3469 5277; x_wconf 91' lang='lat' dir='ltr'><strong>tum</strong></span> <span class='ocrx_word' id='word_1_866' title='bbox 3496 5224 3698 5277; x_wconf 75' lang='lat' dir='ltr'><strong>diurna:</strong></span> <span class='ocrx_word' id='word_1_867' title='bbox 3725 5231 3835 5278; x_wconf 89' lang='lat' dir='ltr'><strong>tum</strong></span> <span class='ocrx_word' id='word_1_868' title='bbox 3867 5241 3969 5278; x_wconf 87' lang='lat' dir='ltr'><strong>no-</strong></span> 
     </span>
    </p>
   </div>
   <div class='ocr_carea' id='block_1_116' title="bbox 2381 5312 3970 5383">
    <p class='ocr_par' dir='ltr' id='par_1_116' title="bbox 2381 5312 3970 5383">
     <span class='ocr_line' id='line_1_116' title="bbox 2381 5312 3970 5383; baseline 0.001 -18"><span class='ocrx_word' id='word_1_869' title='bbox 2381 5321 2604 5376; x_wconf 63' lang='lat' dir='ltr'><strong>cturnae,</strong></span> <span class='ocrx_word' id='word_1_870' title='bbox 2652 5312 2813 5377; x_wconf 67' lang='lat' dir='ltr'><strong>tibias,</strong></span> <span class='ocrx_word' id='word_1_871' title='bbox 2846 5321 3116 5383; x_wconf 88' lang='lat' dir='ltr'><strong>tympana,</strong></span> <span class='ocrx_word' id='word_1_872' title='bbox 3146 5313 3362 5368; x_wconf 88' lang='lat' dir='ltr'><strong>libertas</strong></span> <span class='ocrx_word' id='word_1_873' title='bbox 3403 5314 3859 5383; x_wconf 90' lang='lat' dir='ltr'><strong>impudentissime</strong></span> <span class='ocrx_word' id='word_1_874' title='bbox 3890 5316 3970 5370; x_wconf 83' lang='lat' dir='ltr'><strong>lo-</strong></span> 
     </span>
    </p>
   </div>
   <div class='ocr_carea' id='block_1_117' title="bbox 2379 5401 3970 5474">
    <p class='ocr_par' dir='ltr' id='par_1_117' title="bbox 2379 5401 3970 5474">
     <span class='ocr_line' id='line_1_117' title="bbox 2379 5401 3970 5474; baseline 0.003 -19"><span class='ocrx_word' id='word_1_875' title='bbox 2379 5401 2573 5471; x_wconf 90' lang='lat' dir='ltr'><strong>quendi</strong></span> <span class='ocrx_word' id='word_1_876' title='bbox 2602 5401 2794 5472; x_wconf 78' lang='lat' dir='ltr'><strong>turpia,</strong></span> <span class='ocrx_word' id='word_1_877' title='bbox 2823 5402 3016 5471; x_wconf 85' lang='lat' dir='ltr'><strong>agendi</strong></span> <span class='ocrx_word' id='word_1_878' title='bbox 3044 5405 3298 5472; x_wconf 90' lang='lat' dir='ltr'><strong>turpiora,</strong></span> <span class='ocrx_word' id='word_1_879' title='bbox 3323 5419 3439 5458; x_wconf 86' lang='lat' dir='ltr'><strong>sese</strong></span> <span class='ocrx_word' id='word_1_880' title='bbox 3454 5404 3585 5458; x_wconf 87' lang='lat' dir='ltr'><strong>cibis</strong></span> <span class='ocrx_word' id='word_1_881' title='bbox 3608 5403 3970 5474; x_wconf 86' lang='lat' dir='ltr'><strong>ingurgitandi</strong></span> 
     </span>
    </p>
   </div>
   <div class='ocr_carea' id='block_1_118' title="bbox 2379 5492 3970 5563">
    <p class='ocr_par' dir='ltr' id='par_1_118' title="bbox 2379 5492 3970 5563">
     <span class='ocr_line' id='line_1_118' title="bbox 2379 5492 3970 5563; baseline 0.003 -16"><span class='ocrx_word' id='word_1_882' title='bbox 2379 5492 2550 5548; x_wconf 91' lang='lat' dir='ltr'><strong>donec</strong></span> <span class='ocrx_word' id='word_1_883' title='bbox 2595 5494 2967 5563; x_wconf 90' lang='lat' dir='ltr'><strong>dirumpantur</strong></span> <span class='ocrx_word' id='word_1_884' title='bbox 3015 5509 3123 5563; x_wconf 75' lang='lat' dir='ltr'><strong>pne</strong></span> <span class='ocrx_word' id='word_1_885' title='bbox 3166 5495 3442 5561; x_wconf 86' lang='lat' dir='ltr'><strong>ebrietate,</strong></span> <span class='ocrx_word' id='word_1_886' title='bbox 3485 5493 3869 5557; x_wconf 89' lang='lat' dir='ltr'><strong>debacchandi,</strong></span> <span class='ocrx_word' id='word_1_887' title='bbox 3906 5506 3970 5551; x_wconf 84' lang='lat' dir='ltr'><strong>et</strong></span> 
     </span>
    </p>
   </div>
   <div class='ocr_carea' id='block_1_119' title="bbox 2381 5581 3969 5653">
    <p class='ocr_par' dir='ltr' id='par_1_119' title="bbox 2381 5581 3969 5653">
     <span class='ocr_line' id='line_1_119' title="bbox 2381 5581 3969 5653; baseline 0.003 -17"><span class='ocrx_word' id='word_1_888' title='bbox 2381 5582 2432 5636; x_wconf 90' lang='lat' dir='ltr'><strong>in</strong></span> <span class='ocrx_word' id='word_1_889' title='bbox 2481 5581 2830 5637; x_wconf 72' lang='lat' dir='ltr'><strong>fmdissimam</strong></span> <span class='ocrx_word' id='word_1_890' title='bbox 2875 5583 3130 5637; x_wconf 89' lang='lat' dir='ltr'><strong>insaniam</strong></span> <span class='ocrx_word' id='word_1_891' title='bbox 3185 5584 3464 5641; x_wconf 79' lang='lat' dir='ltr'><strong>delabendi</strong></span> <span class='ocrx_word' id='word_1_892' title='bbox 3513 5602 3527 5639; x_wconf 90' lang='lat'><strong>:</strong></span> <span class='ocrx_word' id='word_1_893' title='bbox 3569 5584 3622 5639; x_wconf 89' lang='lat' dir='ltr'><strong>hi</strong></span> <span class='ocrx_word' id='word_1_894' title='bbox 3669 5584 3969 5653; x_wconf 85' lang='lat' dir='ltr'><strong>turpissimi</strong></span> 
     </span>
    </p>
   </div>
   <div class='ocr_carea' id='block_1_120' title="bbox 2371 5673 3966 5743">
    <p class='ocr_par' dir='ltr' id='par_1_120' title="bbox 2371 5673 3966 5743">
     <span class='ocr_line' id='line_1_120' title="bbox 2371 5673 3966 5743; baseline 0.002 -16"><span class='ocrx_word' id='word_1_895' title='bbox 2371 5681 2619 5741; x_wconf 79' lang='lat' dir='ltr'><strong>sumptus</strong></span> <span class='ocrx_word' id='word_1_896' title='bbox 2657 5674 2765 5742; x_wconf 88' lang='lat' dir='ltr'><strong>jam</strong></span> <span class='ocrx_word' id='word_1_897' title='bbox 2804 5673 3065 5728; x_wconf 87' lang='lat' dir='ltr'><strong>labentem</strong></span> <span class='ocrx_word' id='word_1_898' title='bbox 3110 5689 3347 5729; x_wconf 88' lang='lat' dir='ltr'><strong>errorem</strong></span> <span class='ocrx_word' id='word_1_899' title='bbox 3396 5675 3634 5731; x_wconf 90' lang='lat' dir='ltr'><strong>detinent</strong></span> <span class='ocrx_word' id='word_1_900' title='bbox 3671 5683 3726 5729; x_wconf 91' lang='lat' dir='ltr'><strong>et</strong></span> <span class='ocrx_word' id='word_1_901' title='bbox 3749 5673 3966 5743; x_wconf 69' lang='lat' dir='ltr'><strong>fovent.</strong></span> 
     </span>
    </p>
   </div>
   <div class='ocr_carea' id='block_1_121' title="bbox 2379 5761 3964 5842">
    <p class='ocr_par' dir='ltr' id='par_1_121' title="bbox 2379 5761 3964 5842">
     <span class='ocr_line' id='line_1_121' title="bbox 2379 5761 3964 5842; baseline 0.003 -23"><span class='ocrx_word' id='word_1_902' title='bbox 2379 5761 2757 5833; x_wconf 89' lang='lat' dir='ltr'><strong>Opulentiorcs</strong></span> <span class='ocrx_word' id='word_1_903' title='bbox 2799 5762 2940 5818; x_wconf 89' lang='lat' dir='ltr'><strong>enim</strong></span> <span class='ocrx_word' id='word_1_904' title='bbox 2986 5778 3080 5820; x_wconf 90' lang='lat' dir='ltr'><strong>eos</strong></span> <span class='ocrx_word' id='word_1_905' title='bbox 3122 5766 3210 5836; x_wconf 90' lang='lat' dir='ltr'><strong>qui</strong></span> <span class='ocrx_word' id='word_1_906' title='bbox 3258 5766 3326 5822; x_wconf 92' lang='lat' dir='ltr'><strong>ob</strong></span> <span class='ocrx_word' id='word_1_907' title='bbox 3373 5765 3631 5841; x_wconf 83' lang='lat' dir='ltr'><strong>ignaviam</strong></span> <span class='ocrx_word' id='word_1_908' title='bbox 3652 5761 3798 5821; x_wconf 89' lang='lat' dir='ltr'><strong>fame</strong></span> <span class='ocrx_word' id='word_1_909' title='bbox 3821 5782 3964 5842; x_wconf 44' lang='lat' dir='ltr'><strong>per-I</strong></span> 
     </span>
    </p>
   </div>
  </div>
