4220 6300
283 458 440 514 eunt.
473 446 526 504 in
603 441 848 505 ordinem
895 445 1246 515 parasitorum
1298 439 1552 504 adscitos,
1604 446 1871 505 tamquam

280 543 619 597 caneseirca
668 553 882 596 mensas
931 539 1227 592 victitantes
1269 535 1559 595 enutriunt,
1590 527 1875 600 impudens

282 644 361 691 tes
390 643 606 689 ventres
631 633 930 703 iniquarum
962 633 1237 701 epularum
1266 630 1505 700 reliquiis
1540 626 1870 691 distendunt,

281 738 334 784 et
373 741 476 798 pro
526 726 694 780 lubito
744 727 811 780 iis
854 735 1093 779 utuntur.
1152 723 1260 778 Nos
1306 736 1434 777 vero
1477 722 1568 792 qui
1614 719 1873 788 insipien-

281 802 409 875 tiam
469 819 908 887 iniquitatemque
966 827 1196 871 vestram
1243 830 1589 881 aversamur,
1639 827 1734 868 eos
1783 813 1874 890 qui

283 924 394 981 pro:
439 909 645 979 ignavia
679 909 818 962 fame
865 908 1131 972 laborant,
1175 922 1279 962 non
1323 906 1550 972 alimus,
1598 905 1693 960 sed
1744 907 1876 976 ipsis

279 998 593 1063 suademus,
619 1006 675 1051 ut
699 998 1003 1051 laborantes
1025 1008 1077 1050 et
1102 996 1201 1050 sibi
1223 1008 1273 1051 et
1300 997 1420 1050 aliis
1439 997 1635 1051 victum
1666 1006 1872 1066 parent;

278 1105 372 1145 eos
398 1100 602 1157 autem,
632 1091 721 1160 qui
765 1091 952 1144 mutilo
978 1099 1100 1144 sunt
1128 1104 1352 1158 corpore
1371 1131 1384 1153 ,
1413 1089 1482 1144 ab
1526 1091 1590 1144 iis
1615 1091 1702 1159 qui
1747 1091 1876 1147 sub-

279 1168 590 1236 ministrare
609 1191 846 1250 possunt,
873 1181 1224 1236 necessariam
1243 1176 1413 1236 solum
1436 1175 1610 1238 escam
1633 1184 1876 1251 accipere

279 1273 629 1328 concedimus
663 1292 677 1327 :
705 1275 1118 1328 comessationes
1143 1317 1158 1340 ,
1190 1275 1476 1330 ebrietates
1500 1317 1515 1341 ,
1569 1290 1632 1330 ac
1671 1277 1875 1347 reliqua

279 1368 460 1419 omnis
489 1365 694 1418 insania
718 1373 773 1418 et
804 1365 1072 1433 turpitudo
1098 1380 1126 1417 a
1158 1365 1312 1420 nobis
1337 1366 1606 1420 eliminata
1635 1376 1736 1433 est,
1784 1383 1880 1422 eo-

281 1470 510 1524 rumque
550 1455 669 1510 loco
712 1454 922 1509 inducta
953 1464 1078 1509 sunt
1103 1470 1452 1526 quaecumque
1488 1457 1703 1527 gravia,
1733 1473 1879 1527 qua:-

280 1559 514 1614 cumque
538 1555 705 1612 casta,
739 1560 1084 1616 qumcumque
1127 1546 1292 1616 justa,
1321 1563 1670 1619 quaecumque
1697 1549 1880 1603 lauda;

281 1635 434 1701 bilia,
462 1636 506 1690 si
533 1651 638 1706 qua
670 1637 857 1701 virtus,
889 1637 933 1690 si
981 1653 1082 1706 qua
1131 1637 1264 1692 laus.
1289 1623 1490 1693 Cetera
1531 1654 1710 1709 porro,
1758 1655 1879 1710 qua:

282 1729 351 1785 de
401 1729 736 1799 philosophis
764 1728 875 1782 suis
914 1727 1224 1796 jactabundi
1261 1727 1524 1791 dictitant.
1559 1745 1747 1784 vanam
1772 1731 1882 1799 glo-

284 1823 445 1886 riam,
487 1820 762 1882 audaciam
790 1829 843 1874 ct
869 1819 1088 1889 puerilis
1118 1820 1278 1874 animi
1300 1834 1463 1890 opera
1488 1820 1876 1876 demonstrant.

282 1912 403 1969 Non
438 1913 545 1968 illic
575 1911 754 1983 (apud
782 1911 1146 1982 Christianos)
1175 1912 1320 1967 dolio
1347 1912 1464 1983 quis
1494 1921 1714 1982 accepto
1757 1927 1882 1969 sese

286 2006 504 2060 inclusit
533 2006 633 2076 (a),
661 2022 765 2060 non
795 2004 985 2060 laceris
1030 2002 1220 2075 pannis
1249 2006 1472 2061 vestitus
1498 2005 1671 2060 forum
1709 2007 1885 2061 cireu-

286 2097 400 2151 ivit.
457 2097 582 2151 llaec
609 2096 801 2166 quippe
829 2096 951 2171 licet
975 2096 1234 2151 mirabilia
1265 2111 1384 2152 esse
1422 2096 1718 2163 videantur,
1747 2098 1885 2152 mul-

287 2196 509 2256 tumque
537 2187 739 2242 laboris
768 2194 823 2240 et
850 2203 1103 2241 mrumnm
1153 2188 1406 2255 habeant,
1466 2188 1682 2259 indigna
1727 2189 1884 2244 laude

286 2288 437 2332 sunt.
467 2277 563 2332 Est
591 2287 767 2332 autem
825 2277 1020 2331 diaboli
1066 2279 1276 2334 astutia:
1324 2293 1452 2346 eos,
1498 2279 1587 2348 qui
1640 2279 1738 2334 sibi
1770 2294 1886 2334 ser-

287 2369 460 2433 viunt,
499 2349 772 2422 laboribus
810 2368 1116 2437 hujusmodi
1145 2367 1413 2436 addicere,
1459 2371 1548 2440 qui
1576 2379 1630 2425 et
1651 2385 1681 2425 a
1709 2385 1768 2426 se
1793 2371 1889 2426 de-

285 2458 881 2529 ceptos_discruciept,
944 2469 1000 2513 et
1059 2461 1290 2515 maxime
1337 2460 1576 2514 omnium
1634 2461 1887 2520 ridiculos

288 2549 600 2606 exhibeant.
631 2550 806 2606 Labor
833 2553 973 2606 enim
1000 2553 1065 2617 is,
1093 2567 1158 2608 ex
1181 2568 1288 2622 quo
1315 2553 1520 2608 nullum
1543 2553 1749 2610 lucrum
1776 2570 1889 2609 ma-

289 2648 405 2706 nat,
433 2641 580 2694 omni
611 2656 833 2710 prorsus
878 2642 1035 2698 laude
1055 2654 1220 2697 caret.
1423 2695 1427 2699 .

361 2734 739 2788 Circulatorum
769 2735 1107 2804 quarumdam
1146 2745 1395 2805 gesta.—
1422 2735 1695 2807 Siquidem
1724 2738 1888 2794 etiam

289 2836 442 2880 nunc
463 2833 588 2878 sunt
619 2825 864 2880 homines
896 2827 1108 2893 perditi,
1138 2827 1442 2888 innumeris
1475 2829 1622 2899 pleni»
1655 2827 1887 2900 ﬂagitiis,

291 2915 380 2983 qui
405 2913 584 2985 plura,
602 2929 760 2984 quam
787 2915 1132 2984 philosophus
1159 2917 1268 2982 ille,
1286 2919 1604 2985 exhibuere;
1636 2921 1724 2975 alii
1747 2922 1889 2975 enim

291 3006 480 3061 clavos
501 3007 842 3062 acutissimos
869 2991 1202 3079 deglutiunt,
1251 3011 1338 3064 alii
1382 3012 1590 3067 calceos
1635 3011 1892 3068 mandunt

293 3107 348 3154 et
370 3098 674 3165 devorant,
693 3099 782 3153 alii
801 3100 869 3154 ad
898 3101 1000 3155 alia
1034 3101 1374 3156 sceleratiora
1406 3105 1543 3157 male
1580 3104 1806 3160 consulti
1833 3120 1892 3161 se

292 3188 614 3244 conferunt:
640 3192 786 3260 atqui
829 3191 943 3246 haec
982 3193 1138 3263 longe
1191 3203 1316 3248 sunt
1353 3195 1701 3261 mirabiliora,
1732 3212 1890 3266 quam

293 3280 500 3336 dolium
524 3288 582 3336 et
609 3283 769 3351 panni
796 3299 811 3337 :
842 3298 1026 3338 verum
1073 3299 1248 3355 neque
1278 3285 1394 3340 inec
1431 3302 1605 3356 neque
1652 3287 1741 3342 illa
1769 3302 1896 3358 pro-

294 3369 510 3436 bamus,
542 3372 637 3426 sed
665 3373 883 3441 perinde
904 3373 1302 3445 philosophum,
1329 3385 1487 3446 atque
1516 3377 1614 3432 hos
1633 3386 1688 3433 et
1708 3394 1894 3435 omnes

295 3473 568 3534 quotquot
617 3474 927 3533 portentosa
979 3464 1280 3535 hujusmodi
1333 3467 1624 3534 exhibent,
1670 3471 1896 3526 miseros

294 3554 663 3624 prmdicmnus
696 3565 750 3610 et
779 3555 1139 3625 deploramus.
1186 3557 1292 3612 Sed
1337 3559 1525 3626 multa,
1570 3558 1738 3627 dices,
1769 3577 1897 3617 usus

295 3653 379 3700 est
408 3645 555 3715 apud
587 3661 768 3716 regem
797 3647 1043 3716 loquendi
1089 3649 1354 3706 libertate.
1387 3649 1677 3708 Videamus
1719 3653 1899 3726 itaque

298 3740 571 3811 egregiam
613 3731 862 3807 loquendi
913 3740 1231 3809 libertatem,
1288 3759 1418 3798 num
1447 3752 1500 3799 et
1544 3746 1657 3815 ipsa
1703 3747 1774 3801 sit
1813 3748 1899 3803 vel

233 3845 236 3849 '
299 3837 620 3900 portentosa
646 3829 792 3885 dolio
820 3831 1064 3898 ineptior.
1089 3834 1341 3902 Qumnam
1365 3835 1452 3890 illa
1480 3835 1740 3892 libertas?
1763 3837 1899 3893 Cum

302 3917 367 3974 ad
394 3920 592 3984 Persas
617 3931 857 3987 moveret
883 3920 1122 3989 Macedo,
1154 3923 1281 3977 dum
1312 3926 1408 3995 ipsi
1438 3925 1694 3993 adstaret,
1745 3943 1900 3998 roga-

303 4021 496 4082 retque
521 4027 590 4066 an
617 4014 867 4082 quapiam
912 4029 969 4068 re
993 4029 1126 4084 opus
1154 4015 1408 4082 haberet,
1457 4017 1631 4084 Nulla,
1684 4021 1897 4089 inquit:

305 4106 483 4162 solum
507 4121 578 4160 ne
602 4103 731 4159 mihi
774 4120 869 4160 rex
897 4106 1137 4160 umbram
1164 4100 1321 4162 faciat
1354 4126 1366 4160 :
1396 4118 1519 4164 tunc
1544 4111 1686 4165 enim
1729 4113 1904 4182 philo-

306 4196 512 4267 sophus
565 4195 923 4268 apricahatur.
977 4199 1170 4251 Annon
1227 4198 1433 4268 pudore
1481 4201 1903 4258 sud’undemiui?

309 4301 487 4342 annon
527 4301 626 4342 vos
671 4286 976 4356 obtegetis?
1002 4301 1182 4343 annon
1225 4289 1350 4343 hinc
1393 4289 1716 4345 facessentes
1762 4301 1902 4347 terra

313 4390 406 4431 vos
428 4375 691 4440 obruetis,
719 4376 787 4430 de
833 4377 899 4431 iis
927 4377 1090 4430 altum
1135 4378 1423 4447 sapientes,
1472 4379 1541 4434 de
1567 4381 1759 4449 quibus
1801 4397 1903 4452 pu-

311 4465 442 4521 dore
462 4465 603 4520 afﬁci
629 4476 900 4535 oporteret
921 4467 945 4520 ’ἒ
971 4467 1179 4532 Quanto
1199 4469 1342 4522 enim
1363 4470 1529 4524 satius
1556 4469 1740 4526 fuisset
1758 4481 1907 4528 veste

312 4559 557 4614 indutum
583 4559 958 4623 crassiuscula,
991 4559 1142 4630 operi
1183 4571 1486 4626 vacantem,
1514 4562 1733 4631 aliquid,
1764 4565 1904 4632 quod

312 4646 429 4706 uSui
457 4646 618 4714 foret,
647 4665 678 4704 a
704 4664 832 4719 rege
859 4649 1094 4719 petiisse,
1135 4665 1295 4720 quam
1326 4649 1502 4706 lacero
1541 4652 1700 4721 pallio
1744 4653 1906 4708 vesti-

312 4752 425 4797 tum
454 4741 667 4796 sedisse
689 4741 1036 4812 apricantem,
1069 4740 1236 4794 instar
1259 4741 1569 4796 lactentium
1599 4755 1905 4812 puerorum,

312 4846 449 4903 quos
493 4831 633 4886 lotos
658 4840 712 4886 et
740 4822 929 4885 unc'tos
957 4831 1188 4886 nutrices
1216 4830 1344 4886 inibi
1366 4832 1430 4885 ad
1461 4848 1580 4887 eam
1612 4848 1722 4888 rem
1745 4834 1910 4889 collo-

314 4933 460 4992 cant,
490 4925 563 4978 ob
592 4939 753 4993 quam
782 4933 907 4980 tunc
929 4922 1281 4993 philosophus
1306 4924 1529 4979 sedebat
1553 4925 1776 4981 infelicis
1795 4927 1909 4981 ani-

313 5015 450 5070 culae
477 5015 704 5084 gratiam
745 5013 1026 5085 flagitans?
1056 5013 1162 5069 Sed
1207 5013 1518 5068 admiranda
1561 5015 1786 5080 fortasse
1819 5026 1910 5086 est

316 5106 404 5161 illa
451 5104 704 5174 loquendi
750 5105 1014 5160 libertas?
1043 5105 1157 5160 imo
1185 5120 1312 5160 vero
1348 5106 1480 5160 nihil
1527 5107 1614 5161 illa
1643 5109 1910 5179 prodigio-

317 5196 451 5252 sins.
506 5196 712 5250 Bonum
759 5194 904 5250 enim
935 5197 1106 5250 virum
1151 5205 1364 5266 oportet
1414 5195 1550 5252 facta
1590 5214 1684 5254 sua
1731 5201 1906 5254 omnia

320 5280 530 5357 publica
557 5286 788 5342 utilitate
815 5287 1013 5348 metiri,
1041 5287 1375 5358 aliorumque
1396 5287 1556 5342 vitam
1584 5290 1906 5357 emendare;

317 5377 592 5451 postulare
618 5387 796 5435 autem
829 5393 895 5435 ne
934 5370 1036 5435 sibi
1065 5380 1309 5434 umbram
1356 5380 1572 5445 faceret,
1614 5397 1775 5454 quam
1813 5397 1906 5438 ur-

320 5473 464 5543 hem,
508 5487 669 5544 quam
697 5465 940 5537 domum,
971 5487 1129 5543 quem
1169 5474 1367 5539 virum,
1418 5487 1576 5544 quam
1628 5475 1907 5532 mulierem

375 5754 450 5820 (α)
485 5749 550 5805 Ad
572 5759 846 5815 nugonem
865 5749 1087 5819 cynicum
1109 5743 1296 5801 alludit.

1060 326 1160 383 DE
1189 318 1248 381 Β.
1291 319 1586 389 BABYLA,
1627 313 1900 373 CONTRA
1931 310 2277 371 JULIANUH
2313 310 2405 372 ET
2443 308 2813 372 GENTILES.

3457 313 3564 374 διο

1981 430 2362 486 conservavit?
2405 428 2584 486 Indica
2628 429 2771 499 quod
2813 444 2878 485 cx
2925 428 3179 502 loquendi
3209 428 3455 487 libertate
3482 433 3568 486 lu-

1977 537 2127 578 crum
2156 538 2173 578 :
2203 535 2324 575 nam
2353 519 2558 575 lucrum
2580 534 2610 574 a
2631 519 2798 576 libera
2831 519 3083 591 martyris
3105 535 3238 576 voce
3264 529 3447 577 natum
3469 536 3570 577 nos

1980 613 2352 682 ostendimus,
2408 623 2464 669 et
2516 615 2739 670 ulterius
2804 613 3072 685 progressi
3121 615 3316 671 clarius
3360 615 3571 687 aperio-

1980 721 2119 761 mus.

2052 797 2105 851 9.
2147 796 2362 850 interim
2404 796 2494 851 ille
2540 796 2788 865 iujurium
2834 796 2979 852 illum
3026 797 3270 867 punivit,
3304 804 3570 868 quatenus

1981 885 2246 941 sacerdoti
2277 886 2356 940 fas
2382 897 2496 942 erat
2517 927 2532 952 ,
2566 887 2863 957 principum
2895 888 3036 942 altos
3064 887 3285 956 spiritus
3309 889 3568 956 coercuit,

1983 978 2191 1030 violatis
2222 976 2313 1034 Dci
2343 966 2549 1049 legibus
2573 993 2729 1048 opem
2758 979 2913 1046 tulit,
2941 979 3273 1050 supplicium
3304 993 3405 1050 pro
3429 989 3577 1037 caeso

1976 1072 2174 1142 juvene
2213 1074 2431 1142 exegit,
2460 1074 2698 1126 omnium
2741 1060 3126 1142 suppliciorum
3155 1073 3528 1147 gravissimum
3554 1109 3572 1139 ,

1984 1163 2047 1217 iis
2072 1172 2218 1218 certe
2243 1165 2329 1236 qui
2363 1173 2542 1218 mente
2567 1165 2765 1219 valent.
2789 1163 3103 1218 Meministis
3128 1164 3286 1233 plane
3306 1205 3321 1230 ,
3352 1179 3472 1219 cum
3506 1163 3577 1221 de

1984 1255 2130 1310 crede
2156 1256 2316 1310 verba
2359 1255 2693 1331 faceremus,
2725 1257 2994 1326 quomodo
3036 1258 3229 1328 singuli
3269 1258 3574 1313 auditorum

1985 1345 2468 1410 inﬂammarentur,
2500 1356 2551 1402 et
2582 1349 2876 1417 principem
2905 1349 3150 1404 manibus
3188 1358 3371 1422 tenere
3407 1363 3576 1419 cupa.

1985 1445 2140 1501 rent,
2178 1447 2339 1506 atque
2381 1438 2607 1492 ultorem
2651 1439 2897 1495 alicunde
2939 1439 3101 1495 caedis
3141 1455 3422 1510 apparere.
3465 1439 3577 1496 lloc

1984 1524 2162 1594 itaque
2191 1524 2376 1580 beatus
2402 1526 2494 1582 ille
2525 1527 2607 1581 vir
2632 1526 2774 1594 fecit,
2801 1542 3123 1599 poenamque
3144 1529 3243 1598 ipsi
3271 1543 3576 1600 congruene

1986 1623 2091 1668 tem
2119 1617 2369 1685 imposuit
2393 1659 2408 1682 ,
2436 1632 2555 1687 qua:
2584 1628 2765 1688 posset
2789 1620 2935 1673 illum
2963 1628 3278 1674 convertere
3300 1654 3317 1685 ,
3343 1619 3387 1674 si
3417 1619 3579 1676 modo

1985 1707 2228 1776 stupidus
2265 1708 2551 1764 admodum
2599 1726 2704 1765 non
2739 1710 2965 1777 fuisset,
2996 1727 3101 1766 non
3143 1713 3213 1767 ab
3251 1713 3579 1784 Imperatore

1987 1802 2262 1870 postulans
2302 1811 2362 1857 ut
2397 1818 2427 1856 a
2469 1804 2584 1860 sole
2627 1819 2686 1860 se
2724 1804 3070 1860 ealefaciente
3109 1803 3451 1874 deflecteret,
3483 1806 3580 1863 sed

1988 1892 2324 1962 impudenter
2381 1895 2436 1949 in
2487 1909 2638 1950 sacra
2701 1905 2852 1966 septa
2913 1896 3234 1953 insilientem
3292 1900 3579 1970 omniaque
3622 1888 3625 1890 ’

1988 1984 2443 2051 confundentem,
2495 2001 2595 2041 ceu
2653 2002 2840 2042 canem
2897 1997 2988 2042 aut
3043 1987 3350 2057 improbum
3410 1989 3607 2046 famur

1991 2083 2099 2129 tum
2128 2091 2158 2130 a
2187 2076 2468 2131 dominicis
2501 2077 2654 2132 atriis
2675 2119 2690 2143 ,
2722 2077 3016 2147 depellens.
3048 2079 3207 2134 Vides
3245 2095 3333 2134 me
3363 2095 3468 2136 non
3493 2080 3582 2151 jaa

1989 2167 2252 2222 ctabunde
2287 2168 2519 2234 dixisse,
2553 2169 2773 2238 puerilis
2816 2171 3010 2224 animae
3050 2179 3202 2241 gesta
3230 2185 3351 2227 esse
3373 2183 3583 2228 vestro-

1991 2275 2108 2314 rum
2131 2261 2572 2331 pliilosophorum
2599 2261 2854 2317 miracula
2888 2278 2917 2316 a
2955 2263 3153 2335 Bahyla
3188 2263 3585 2322 demonstrari?

1989 2349 2060 2404 At
2089 2361 2390 2419 temperans
2432 2350 2562 2418 fuit,
2602 2354 3069 2424 continentemque
3095 2355 3257 2410 vitam
3286 2357 3394 2428 egit
3429 2359 3587 2414 Sino-

1991 2441 2173 2511 pensis
2198 2441 2303 2507 ille,
2339 2443 2518 2513 quine
2540 2444 2808 2513 legitimas
2827 2444 3042 2515 quidem
3069 2449 3281 2518 nuptias
3301 2457 3588 2506 contraxe-

1993 2531 2082 2584 rit;
2111 2530 2216 2586 Sed
2241 2530 2381 2587 adde
2404 2533 2674 2604 quomodo
2707 2529 2761 2589 et
2800 2550 2903 2605 qua
2941 2537 3168 2592 ratione.
3213 2537 3292 2593 Tu
3322 2555 3450 2595 vero
3479 2557 3586 2597 non

1993 2622 2180 2691 addes,
2203 2624 2330 2693 quin
2358 2624 2610 2679 libentius
2631 2642 2752 2680 cum
2781 2627 3125 2684 continentia:
3143 2628 3387 2687 laudibus
3414 2633 3594 2703 priva-

1994 2713 2098 2791 hjs,
2115 2730 2272 2784 quam
2301 2718 2669 2785 temperantiae
2693 2718 2910 2774 modum
2932 2719 3146 2786 efferas,
3166 2721 3238 2776 ita
3260 2737 3452 2793 nempe
3473 2733 3590 2781 ture

1996 2807 2079 2876 pis
2099 2821 2162 2861 ac
2186 2807 2452 2864 dedecore
2473 2810 2662 2879 plenus
2677 2819 2778 2866 est.
2809 2812 2891 2867 Ad
2909 2813 3134 2868 aliorum
3157 2830 3370 2887 quoque
3392 2833 3587 2888 nugas,

1995 2910 2190 2953 vanum
2228 2901 2461 2956 studium
2508 2912 2564 2958 et
2608 2905 2989 2974 turpitudinem
3011 2907 3242 2964 libenter
3261 2911 3588 2967 transirem:

1997 3005 2120 3043 nam
2149 2990 2257 3056 ubi,
2286 3006 2502 3062 qurrso,
2528 2995 2655 3048 utile
2684 3004 2767 3050 est
2813 2994 3103 3052 humanum
3138 3013 3323 3055 semen
3349 3013 3586 3073 gustare,

1997 3091 2055 3134 ut
2084 3080 2311 3136 faciebat
2354 3084 2635 3154 Stagirites
2661 3084 2784 3156 (a)?
2812 3103 2932 3158 quae
2959 3088 3158 3144 utilitas
3181 3106 3303 3146 cum
3333 3094 3595 3150 matribus

1999 3184 2053 3228 et
2078 3175 2351 3230 sororibus
2378 3177 2612 3244 misceri,
2641 3186 2699 3233 ut
2719 3179 2884 3246 Sto:e,
2901 3182 3015 3236 sive
3038 3184 3292 3252 porticus,
3311 3186 3597 3256 prmfeetus

2003 3263 2357 3334 philosophus
2376 3267 2492 3336 lege
2522 3268 2698 3322 sanxit
2729 3269 2844 3340 (b)?
2870 3270 3172 3332 Academiae
3199 3257 3412 3347 quoque
3444 3279 3595 3347 prin-

2000 3355 2197 3425 cipem,
2229 3357 2450 3427 ejusque
2478 3359 2809 3430 magistrum,
2845 3362 3079 3434 itemque
3103 3365 3260 3433 alios,
3291 3369 3380 3436 qui
3404 3371 3596 3441 majori

2002 3447 2338 3504 admirationi
2369 3449 2665 3518 habentur,
2699 3452 2785 3508 bis
2822 3455 3186 3513 obsereniores
3221 3459 3384 3516 fuisse
3408 3471 3594 3518 osteno

2001 3540 2204 3605 derem,
2234 3541 2595 3613 infamemque
2629 3559 2918 3615 puerorum
2957 3564 3214 3615 amorem,
3241 3567 3400 3622 quem
3429 3553 3601 3612 hone-

2003 3640 2144 3684 stum
2172 3643 2225 3686 et
2262 3642 2464 3700 partem
2494 3635 2848 3705 philosOpbim
2876 3653 2997 3694 esse
3037 3649 3312 3711 statuunt,
3336 3647 3482 3701 omni
3506 3661 3597 3702 re-

2005 3729 2142 3776 tecta
2168 3719 2420 3793 allegoria
2449 3724 2778 3783 denudarem
2805 3768 2819 3791 ,
2849 3729 2951 3784 nisi
2998 3731 3150 3786 nobis
3176 3733 3243 3787 ad
3273 3735 3372 3790 alia
3403 3753 3598 3808 prope‘

2005 3813 2247 3868 rantibus
2276 3816 2446 3886 oratio
2476 3814 2686 3886 longius
2714 3819 3142 3889 protraheretur,
3171 3838 3236 3879 ac
3264 3825 3365 3879 nisi
3395 3843 3461 3882 ex
3492 3844 3600 3885 uno

2006 3921 2162 3977 quam
2192 3907 2406 3963 ridiculi
2436 3911 2619 3965 ceteri
2648 3910 2756 3966 sint
2785 3912 2916 3966 satis
2944 3925 3273 3983 argueretur.

2079 3996 2266 4051 Contra
2302 3997 2593 4054 Platonem.
2627 4030 2700 4041 —
2739 4001 2963 4068 Quando
3007 4004 3148 4059 enim
3182 4007 3480 4078 praecipuus
3505 4014 3597 4082 qui

2008 4089 2334 4144 severiorem
2365 4090 2714 4162 philosophia:
2746 4091 2950 4163 partem
2977 4097 3125 4164 sequi
3156 4097 3456 4167 videbatur,
3488 4112 3600 4158 tum

2008 4195 2073 4233 ex
2104 4180 2356 4251 loquendi
2384 4181 2595 4249 fiducia,
2627 4192 2737 4238 tum
2760 4199 2824 4241 ex
2855 4189 3224 4257 temperantia,
3249 4190 3383 4246 adeo
3406 4195 3599 4263 turpis,

2010 4275 2144 4330 adeo
2164 4275 2430 4331 absurdus
2450 4285 2505 4331 et
2524 4277 2735 4347 ineptus
2760 4292 2877 4333 esse
2897 4279 3265 4349 deprehensus
3282 4294 3384 4352 est,
3407 4287 3604 4357 quippe

2010 4365 2100 4435 qui
2147 4365 2394 4420 humanis
2417 4368 2561 4422 vesci
2600 4368 2848 4424 carnibus
2888 4369 3195 4427 indifferens
3229 4388 3348 4428 esse
3372 4374 3602 4444 dixerit,

2011 4472 2268 4527 quorsum
2293 4458 2484 4514 attinet
2503 4469 2691 4515 contra
2713 4469 2942 4517 ceteros
2962 4463 3121 4518 verba
3150 4463 3346 4533 facere,
3370 4482 3491 4522 cum
3515 4469 3606 4526 ille

2011 4549 2101 4617 qui
2130 4549 2195 4603 ad
2238 4549 2502 4620 fastigium
2540 4551 2767 4607 instituti
2812 4555 3018 4623 positus
3047 4570 3159 4625 prae
3187 4557 3306 4613 aliis
3332 4557 3603 4630 fulgebat,

2013 4651 2119 4697 tam
2143 4641 2419 4711 ridiculus,
2444 4645 2662 4715 puerilis
2685 4654 2742 4701 et
2769 4648 2966 4702 stultus
2992 4637 3299 4718 apparuerit
3318 4653 3605 4708 omnibus?

2013 4734 2370 4802 Quamobrem
2399 4751 2466 4792 eo
2495 4737 2778 4794 redeamus
2801 4778 2816 4804 ,
2858 4740 2999 4795 unde
3023 4740 3088 4795 ad
3115 4741 3231 4798 haec
3267 4743 3492 4801 dicenda
3518 4745 3608 4802 di-

2011 4827 2181 4896 gressi
2222 4841 2428 4882 sumus.
2473 4828 2783 4884 incredulos
2823 4831 3002 4902 itaque
3031 4832 3220 4887 beatus
3249 4833 3336 4890 ille
3363 4834 3432 4888 ita
3459 4849 3611 4891 com-

2013 4919 2242 4988 pescuit,
2269 4917 2454 4974 ﬁdeles
2474 4929 2652 4974 autem
2678 4921 3038 4991 religiosiores
3064 4922 3336 4979 reddidit:
3362 4940 3466 4980 non
3494 4927 3608 5011 pri-

2015 5018 2167 5063 vatos
2196 5008 2378 5070 modo.
2409 5011 2506 5066 sed
2531 5012 2691 5067 etiam
2719 5012 2920 5068 milites
2940 5049 2957 5082 ,
2989 5015 3254 5083 tribunos,
3287 5008 3571 5090 prmfectus
3589 5061 3606 5086 ,

2015 5100 2304 5157 ostendens
2329 5101 2709 5173 imperatorem
2738 5114 2793 5160 et
2815 5106 3052 5161 omnium
3093 5110 3438 5166 novissimum
3466 5113 3609 5184 apud

2017 5191 2286 5247 Christum
2313 5208 2460 5248 mera
2491 5194 2706 5251 nomina
2731 5211 2870 5260 esse,
2899 5206 2955 5253 et
2973 5197 3278 5256 diademate
3300 5201 3609 5259 redimitum

2017 5297 2125 5337 non
2149 5283 2339 5353 potiori
2361 5298 2484 5340 esse
2510 5283 2649 5351 loco,
2672 5285 2886 5357 quando
2911 5288 3182 5358 punitione
3202 5299 3258 5346 et
3275 5291 3614 5349 correctione

2019 5374 2275 5431 utendum
2307 5385 2410 5432 est.
2450 5376 2530 5433 Ad
2559 5376 2676 5434 haec
2701 5394 2830 5436 vero
2861 5379 3201 5451 impudentes
3230 5383 3381 5448 illos,
3415 5386 3503 5456 qui
3531 5386 3608 5441 die

2017 5476 2203 5522 cerent
2235 5477 2416 5524 nostra
2446 5484 2555 5526 non
2580 5467 2725 5527 aliud
2756 5484 2877 5527 esse
2902 5487 3059 5543 quam
3089 5470 3270 5550 fucum
3305 5483 3362 5532 et
3383 5474 3611 5546 ﬁgmen-

2079 5627 2159 5753 (αξ
2190 5626 2496 5681 Aristoteles.
2574 5633 2579 5637 ’
3397 5693 3408 5704 .
3554 5691 3595 5702 ,ι

2085 5691 2134 5752 (b
2167 5695 2318 5753 ,Zeno
2358 5690 2542 5742 ciuem
2561 5703 2746 5743 uxores
2777 5703 3062 5743 commune
3107 5702 3220 5742 esse
3262 5697 3446 5746 statuit.
3499 5692 3591 5744 για

2358 5690 2542 5742 ciuem
2561 5703 2746 5743 uxores
2777 5703 3062 5743 commune
3107 5702 3220 5742 esse
3262 5693 3446 5746 statuit
3499 5691 3626 5744 Vide
