4220 6316
623 341 726 400 M7

626 466 758 519 tum,
781 446 1091 512 refrenavit,
1115 441 1476 515 apostolorum
1506 437 1748 494 fiduciam
1771 434 2186 505 operibus-eom-

625 544 884 614 probans,
913 529 1213 604 decensque
1253 531 1444 587 talibus
1478 528 1608 585 olim
1639 521 1772 582 'viris
1811 535 1946 594 opus
1989 522 2148 614 fuisse
2171 561 2188 584 ,

624 611 841 708 quando
877 632 1148 700 signorum
1190 621 1426 679 ostensio
1466 618 1722 690 majorem
1755 615 1882 708 ipsis
1921 611 2193 708 prtebebat

626 704 959 797 potestatem.
989 715 1224 773 Tertium
1261 725 1469 783 quoque
1508 708 1816 781 prmclarum
1853 704 2057 758 facinus
2089 716 2195 758 non

629 823 746 877 leve
769 812 1198 887 deprehenditur,
1229 809 1526 863 futurorum
1566 803 1758 874 quippe
1775 799 2114 856 sacerdotum
2141 805 2197 852 et

626 924 809 980 regunt
835 905 1058 965 animos,
1082 902 1271 956 horum
1293 895 1504 967 quidem
1530 891 1808 962 depressit,
1834 889 2046 943 illorum
2070 899 2197 940 vero

628 999 851 1062 extulit,
877 994 1154 1050 declarans
1177 988 1508 1044 sacerdotem
1535 997 1655 1038 cum
1687 990 1842 1036 terra:
1874 988 1982 1032 tum
2013 989 2195 1032 eorum

629 1106 747 1161 qua:
772 1089 822 1142 in
853 1096 995 1141 terra
1019 1089 1303 1154 geruntur,
1333 1079 1508 1133 verius
1537 1073 1841 1143 prafectum
1867 1084 2006 1131 esse,
2037 1081 2197 1137 quam

629 1195 749 1236 eum
788 1177 876 1246 qui
918 1186 1146 1244 purpura
1195 1169 1458 1231 induitur,
1484 1173 1842 1235 oportereque
1885 1168 2200 1231 potestatem

632 1273 772 1328 illam
804 1284 907 1323 non
937 1268 1196 1328 minuere,
1225 1260 1314 1317 sed
1344 1258 1571 1312 animam
1600 1255 1773 1326 potius
1801 1264 2017 1316 exuere,
2042 1263 2200 1317 quam

633 1373 946 1436 potestatem
972 1399 988 1426 ,
1020 1371 1177 1429 quam
1208 1354 1346 1408 Deus
1372 1347 1601 1420 superne
1638 1347 1736 1418 ipsi
1773 1345 2035 1436 attribuit.
2069 1342 2226 1397 Nam.

634 1435 699 1521 is,
727 1454 815 1523 qui
858 1451 934 1506 sic
971 1448 1258 1509 moriatur,
1298 1443 1453 1498 etiam
1483 1448 1602 1511 post
1641 1447 1863 1492 mortem
1897 1435 2064 1506 possit
2091 1448 2206 1489 om-

635 1559 732 1603 nes
756 1543 976 1613 juvare;
1008 1536 1096 1607 qui
1130 1551 1256 1590 vero
1295 1533 1433 1586 hunc
1473 1529 1708 1584 ordinem
1747 1526 2057 1596 dereliquit,
2098 1539 2203 1578 non

636 1638 794 1694 modo
838 1643 957 1704 post
998 1639 1226 1686 mortem
1270 1624 1465 1681 nemini
1504 1621 1734 1692 profuit,
1780 1620 1872 1675 sed
1927 1619 2084 1674 etiam
2127 1617 2205 1704 vis

635 1745 765 1786 veos
806 1703 999 1782 multos
1043 1739 1109 1778 ex
1147 1720 1371 1774 subditis
1414 1715 1685 1771 molliores
1726 1710 1933 1776 efi‘ecit,
1976 1719 2029 1763 et
2067 1703 2205 1776 apud

636 1831 846 1877 exteros
908 1812 1270 1883 vituperabilis
1317 1807 1671 1874 ridiculusque
1712 1811 1834 1857 est:
1888 1801 2207 1868 insuperque

637 1913 762 1967 hinc
799 1905 1090 1964 abscedens
1127 1901 1293 1954 multo
1332 1912 1454 1952 cum
1501 1893 1761 1949 dedecore
1784 1904 1846 1945 ac
1873 1904 2104 1944 maerore
2141 1885 2206 1940 ad

636 2000 830 2059 Christi
882 1993 1108 2051 tribunal
1154 1992 1398 2053 sistetur,
1432 1985 1569 2039 unde
1618 1983 1788 2053 ipsum
1844 1982 1897 2035 in
1942 1981 2207 2033 fornacem

637 2093 898 2148 abducent
927 2094 1215 2157 potestates
1241 2081 1307 2135 ad
1339 2081 1387 2133 id
1419 2079 1702 2146 deputatur.
1735 2071 2090 2140 Quamobrem
2120 2084 2210 2124 sa-

640 2185 793 2254 piens
820 2180 1031 2250 quidam
1068 2183 1280 2239 monet,
1310 2171 1392 2225 Ne
1418 2170 1637 2238 accipias
1664 2167 1843 2238 facient
1867 2175 2042 2219 contra
2069 2175 2211 2217 tatam

639 2280 857 2332 muniam
890 2268 1085 2345 (Eccli.
1115 2270 1170 2324 4.
1212 2268 1282 2322 26
1306 2268 1346 2337 ).
1385 2265 1539 2332 Quod
1569 2265 1613 2318 si
1642 2263 1754 2317 viro
1796 2261 1986 2332 injuria
2021 2258 2212 2314 aﬂ'ecto

642 2385 746 2424 non
778 2375 944 2422 tutum
979 2371 1062 2418 est
1081 2359 1452 2420 dissimulare,
1484 2354 1595 2424 qui,
1623 2352 1830 2407 violatis
1868 2351 1956 2404 Dei
1988 2349 2208 2418 legibus,

641 2469 778 2516 tacet
802 2473 864 2512 ae
893 2454 1128 2525 negligit,
1146 2465 1253 2521 quo
1278 2448 1535 2518 supplicio
1563 2445 1754 2514 dignus
1783 2442 1890 2497 non
1917 2441 2052 2496 erit?
2078 2439 2212 2494 Cum

643 2552 725 2607 his
752 2547 909 2606 etiam
939 2543 1079 2599 aliud
1103 2585 1118 2608 ,
1144 2542 1232 2596 his
1271 2556 1375 2594 non
1414 2538 1588 2592 minus
1618 2535 1814 2589 bonum
1838 2574 1853 2598 ,
1881 2547 1978 2586 nos
2002 2530 2178 2585 docuit
2195 2569 2213 2597 ,

640 2650 886 2712 oportere
917 2637 1118 2692 scilicet
1160 2644 1423 2703 quemque
1465 2642 1562 2681 suo
1600 2626 1744 2696 iungi
1785 2623 1981 2686 officio,
2009 2621 2215 2676 etiamsi

641 2735 844 2790 nullam
868 2730 988 2785 inde
1009 2729 1214 2781 luerunt
1243 2723 1305 2777 ad
1335 2722 1465 2775 alios
1485 2726 1700 2774 emanet
1731 2733 1743 2771 :
1775 2730 1943 2784 neque
1963 2714 2104 2769 enim
2129 2713 2216 2767 ille

640 2823 907 2895 quidpiam
928 2835 994 2874 ex
1022 2814 1271 2886 loquendi
1293 2813 1541 2866 libertate
1568 2808 1633 2862 ad
1664 2805 2001 2875 Imperatoris
2023 2803 2216 2856 utilita-

642 2928 746 2978 tem
773 2916 1006 2971 lucratus
1027 2919 1153 2972 est;
1181 2914 1409 2961 attamen
1440 2902 1582 2972 quod
1622 2913 1784 2971 penes
1811 2913 1869 2953 se
1893 2905 2010 2952 erat
2049 2904 2216 2950 totum

643 3005 898 3077 implevit,
922 3018 984 3056 ac
1005 2999 1135 3054 nihil
1160 2998 1422 3067 reliquero
1448 2993 1592 3048 fecit.

713 3075 1018 3166 dfartyrium
1041 3090 1201 3147 sancti
1227 3087 1452 3158 Babgfte.
1485 3114 1557 3126 υ-
1591 3084 1690 3150 Qui
1718 3091 1892 3135 autem
1928 3076 2113 3133 morbo
2143 3075 2220 3130 la-

643 3189 883 3252 borabat,
908 3182 1205 3253 arrogantia
1223 3193 1315 3233 sua
1337 3175 1551 3232 artificis
1577 3173 1815 3243 peritiam
1838 3169 2074 3224 inutilem
2099 3167 2223 3222 red-

643 3279 776 3335 didit
798 3318 812 3343 ,
842 3259 1036 3345 ingenti
1073 3283 1193 3327 cum
1242 3268 1419 3322 furore
1459 3264 1904 3320 medicamentum
1942 3274 1974 3314 e
2003 3258 2222 3314 vulnere

646 3381 946 3427 removens.
976 3367 1050 3420 Ac
1071 3364 1114 3417 si
1133 3361 1280 3417 enim
1305 3356 1560 3413 nonsatis
1585 3361 1725 3410 esset
1751 3367 1935 3407 necem
1961 3359 2220 3421 patrasse,

645 3471 700 3518 et
723 3463 777 3516 in
805 3457 1056 3525 templum
1087 3453 1178 3509 Dei
1205 3449 1540 3519 impudenter
1565 3445 1833 3510 insiliisse,
1861 3441 1996 3497 credi
2020 3439 2222 3496 eaedem

646 3552 866 3606 alteram
908 3545 1133 3614 adjecit,
1166 3550 1221 3597 et
1261 3554 1323 3594 ac
1365 3539 1408 3592 si
1446 3535 1796 3592 contenderet
1836 3531 2222 3604 posterioribus

648 3643 824 3712 priora
850 3649 1100 3705 superare
1123 3674 1136 3695 ,
1166 3647 1229 3686 ac
1267 3628 1629 3700 praecedentes
1656 3624 1871 3678 morbos
1896 3621 2223 3690 subsequeno

647 3737 779 3792 tium
815 3727 1172 3800 magnitudine
1198 3724 1483 3779 obscurare
1510 3717 1670 3788 (talis
1691 3716 1890 3786 quippe
1910 3723 1993 3769 est
2029 3712 2222 3767 diaboli

649 3824 874 3887 insania,
900 3831 958 3876 ut
990 3816 1258 3874 contraria
1286 3813 1442 3868 simul
1485 3809 1669 3880 paret)
1702 3807 1827 3863 z-sic
1853 3807 2066 3875 utrique
2089 3805 2219 3859 cadi

653 3916 704 3971 id
726 3912 976 3970 eximium
1006 3906 1187 3970 dedit,
1218 3912 1276 3959 ut
1309 3899 1712 3972 congruentiam
1733 3896 2018 3968 quamdam
2041 3906 2226 3949 mutuo

653 3988 1025 4062 haberent.’Et
1059 4006 1176 4055 erat
1199 3997 1414 4066 quidem
1445 3992 1590 4061 prior
1617 3990 1765 4060 pueri
1789 3987 1965 4043 caedes
2001 3987 2224 4040 misera-

653 4098 810 4155 bilior
829 4091 1083 4156 secunda,
1103 4087 1340 4146 secunda
1363 4100 1490 4163 vero.
1503 4081 1809 4138 sceleratior
1825 4080 2018 4149 priore,
2039 4088 2230 4145 nempe

654 4189 821 4246 sancti
852 4183 1087 4255 Babylon
1125 4178 1313 4235 Anima
1354 4175 1551 4246 quippe
1587 4188 1707 4243 quae
1746 4171 1916 4225 semei
1954 4177 2228 4240 peccatum

654 4276 948 4350 degustarit
977 4276 992 4305 ¹
1015 4287 1083 4327 ac
1103 4285 1262 4325 sensu
1291 4274 1457 4332 caret,
1486 4264 1707 4319 multum
1731 4262 1911 4331 adjicit
1937 4259 2124 4315 morbo
2152 4259 2232 4314 in-

655 4376 1005 4424 crementum.
1029 4361 1097 4417 Et
1124 4357 1571 4432 quemadmodum
1594 4354 1820 4411 scintilla
1843 4353 1896 4408 in
1914 4354 2228 4407 immensam

657 4459 937 4516 materiam
968 4454 1208 4510 incidens
1236 4450 1376 4521 quod
1398 4449 1631 4504 occurrit
1651 4446 1828 4502 statim
1855 4443 2105 4507 incendit,
2135 4457 2232 4498 ne-

658 4566 763 4622 que
782 4550 867 4604 hic
888 4558 1066 4603 tamen
1088 4543 1352 4608 consistit,
1375 4541 1468 4596 sed
1498 4538 1637 4611 quod
1664 4537 1926 4607 reliquum
1948 4545 2028 4592 est
2050 4535 2229 4590 statim

659 4641 961 4706 consumit,
997 4647 1054 4692 et
1097 4643 1296 4706 quanto
1333 4633 1482 4703 plura
1527 4633 1736 4685 ﬂamma
1780 4627 2229 4698 apprehenderit,

662 4742 810 4788 tanto
834 4729 1089 4799 majorem
1121 4727 1227 4781 vim
1263 4724 1454 4794 accipit
1477 4721 1543 4777 ad
1569 4721 1892 4791 reliquorum
1920 4718 2230 4789 perniciem,

661 4821 1216 4892 depudtenaorumque
1257 4813 1518 4884 lignomm
1555 4811 1708 4881 copia
1747 4810 1812 4865 iis
1854 4824 1972 4880 quae
2000 4823 2124 4863 mox
2153 4807 2234 4863 in-

663 4910 981 4969 ﬂammanda
1005 4918 1130 4964 sunt
1157 4906 1409 4962 insidiosa
1429 4903 1624 4971 evadit,
1655 4901 1868 4957 ﬂamma
1892 4900 1960 4955 iis
1982 4909 2100 4970 qua:
2121 4899 2231 4970 jam

661 5012 906 5074 οοιτοβιο
934 5008 1058 5056 εεηι
1080 5011 1292 5070 semper
1315 5012 1372 5052 se
1387 5003 1626 5050 armante
1653 5003 1838 5049 contra
1867 5007 1930 5048 ea
1964 5005 2083 5062 qua:
2111 5005 2235 5046 mox

662 5094 1017 5164 corripientur
1037 5109 1050 5143 :
1074 5093 1152 5146 sic
1171 5105 1232 5145 se
1251 5087 1410 5143 habet
1426 5095 1482 5142 et
1501 5085 1704 5156 peccati
1725 5095 1934 5147 natura,
1951 5082 2039 5137 ubi
2060 5097 2235 5152 quam-

661 5189 783 5240 dam
813 5184 1004 5238 animat
1033 5183 1405 5252 «agitationem
1435 5176 1772 5246 occupaverit
1795 5216 1810 5242 ,
1835 5189 1933 5230 nec
1957 5179 2234 5245 quisquam

663 5284 747 5331 est
769 5275 865 5347 qui
893 5274 1091 5331 malum
1119 5273 1416 5341 exstinguat
1435 5311 1450 5336 ,
1481 5268 1700 5323 ulterius
1729 5280 2002 5336 progressa
2027 5267 2236 5334 gravior

665 5376 718 5422 et
747 5365 916 5434 magis
946 5363 1207 5418 indomita
1251 5359 1476 5415 efﬁcitur
1506 5375 1519 5412 :
1549 5357 1774 5425 ideoque
1802 5355 2090 5424 posteriora
2122 5355 2235 5423 ple-

666 5469 888 5525 rumque
907 5461 1124 5524 peccata
1148 5451 1402 5506 validiora
1424 5449 1570 5505 fuere
1591 5446 1878 5519 prioribus,
1897 5446 2069 5498 anima
2091 5457 2235 5498 sem-

671 5563 765 5619 per
787 5547 1137 5616 posteriorum
1167 5544 1468 5600 accessione
1494 5542 1560 5597 ad
1597 5540 1854 5612 majorem
1883 5538 2235 5607 arrogantiam

733 5662 749 5691 ι
787 5655 1055 5722 ψεμιεηοοᾱ.
1085 5664 1136 5708 et
1148 5656 1292 5722 ,Savil.
1314 5657 1361 5705 in
1398 5667 1571 5717 marg,
1594 5653 1755 5705 anima
1772 5649 1948 5715 quippe
1971 5651 2034 5699 ad
2053 5648 2234 5699 malum

665 5719 813 5772 semei
834 5717 1077 5768 inclinata.

1357 329 1411 384 S.
1449 323 1725 384 JOANNIS
1747 318 2224 382 CHRYSOSTOMI-
2255 318 2574 377 ARCIIIEP.
2613 317 3153 378 CONSTANTINOP.

3758 323 3861 382 558

2296 440 2350 487 et
2377 440 2739 503 contemptum
2779 434 2913 489 elata
2936 474 2952 499 ,
2981 448 3044 489 ac
3085 449 3179 505 per
3208 433 3322 490 haec
3349 435 3454 490 vim
3492 451 3643 492 suam
3668 439 3865 500 dissol-

2295 530 2453 578 vente
2477 565 2492 589 ,
2522 525 2723 594 peccati
2749 540 2875 580 vero
2901 525 3064 580 robur
3086 526 3282 582 alente.
3313 528 3401 582 Sic
3428 530 3606 598 itaque
3633 530 3784 584 multi
3817 531 3867 585 in

2297 631 2457 671 omne
2505 625 2837 686 peccatorum
2886 632 3053 688 genus
3104 634 3209 674 non
3251 619 3590 676 advertentes
3636 621 3868 692 prolapsi

2299 717 2444 775 sunt,
2466 711 2588 778 quia
2613 710 2880 766 ﬂammam
2900 711 3049 766 initio
3073 727 3178 767 non
3203 716 3594 770 restinxerant:
3616 716 3685 770 ita
3713 717 3872 772 miser

2301 798 2392 854 ille
2416 801 2656 868 graviora
2681 802 2948 870 prioribus
2973 804 3267 873 posteriora
3294 805 3553 874 adjunxit.
3581 807 3871 877 Postquam

2301 891 2441 946 enim
2464 891 2713 960 juvenem
2745 893 2889 947 illum
2927 904 3259 964 peremerat,
3292 910 3321 947 a
3350 897 3496 950 caede
3537 897 3604 951 ad
3632 898 3874 954 inferen-

2301 980 2422 1036 dam
2452 983 2647 1052 templo
2675 981 2919 1053 injuriam
2960 1000 3271 1054 progressus
3308 996 3426 1051 est,
3457 1001 3521 1042 ac
3559 1003 3745 1044 rursus
3777 989 3876 1046 hac

2305 1071 2386 1125 via
2428 1073 2752 1140 procedens,
2798 1075 2863 1128 ad
2897 1077 3253 1145 arrOgantiam
3294 1086 3480 1132 contra
3517 1078 3876 1136 sacerdotium

2303 1160 2656 1217 exhibendam
2683 1178 2742 1218 se
2765 1165 2999 1221 accinxit
3027 1168 3067 1232 ⁸,
3097 1178 3443 1239 sanctumque
3472 1170 3614 1226 ferro
3641 1174 3876 1228 vinctum

2303 1261 2356 1305 et
2374 1251 2425 1306 in
2446 1266 2713 1310 carcerem
2730 1256 3026 1326 conjectum
3049 1258 3126 1313 sic
3152 1260 3291 1314 ultus
3309 1269 3410 1326 est,
3431 1261 3670 1318 beneficii
3690 1276 3878 1335 prunas

2306 1351 2550 1409 repetens
2574 1384 2590 1408 ,
2617 1358 2846 1414 cumque
2882 1361 3002 1400 eum
3049 1347 3172 1403 ideo
3210 1349 3497 1415 admirari,
3526 1365 3790 1408 coronare
3826 1364 3879 1408 et

2308 1429 2425 1497 plus
2447 1472 2461 1497 ,
2488 1447 2644 1500 quam
2690 1445 2964 1503 parentes,
3006 1437 3268 1503 honorare
3287 1450 3574 1508 oporteret,
3608 1445 3879 1498 malefico-

2307 1536 2424 1574 rum
2460 1539 2595 1602 eum
2654 1527 2837 1582 subire
2887 1530 3091 1584 vincula
3149 1531 3583 1604 vinculorumque
3638 1535 3881 1591 miserias

2307 1615 2497 1683 coegit.

2384 1707 2470 1762 l0.
2502 1711 2589 1765 Sic
2612 1751 2628 1772 ,
2667 1705 3112 1781 quemadmodum
3140 1715 3414 1784 dicebam,
3443 1720 3717 1775 subortum
3751 1737 3880 1791 pec-

2311 1813 2484 1855 catum
2505 1844 2519 1868 ,
2553 1805 2762 1859 nemine
2787 1806 3100 1874 prohibente
3131 1822 3197 1863 ne
3223 1810 3290 1863 ad
3318 1812 3562 1868 ulteriora
3594 1814 3884 1884 progrede-

2313 1902 2477 1958 retur,
2498 1893 2734 1950 cohiberi
2776 1906 2957 1966 postea
2982 1903 3346 1972 continerique
3374 1919 3478 1958 non
3508 1915 3681 1975 potest
3712 1925 3727 1960 :
3760 1918 3884 1976 per-

2315 1983 2437 2038 inde
2471 1994 2629 2054 atque
2671 1988 2789 2058 equi
2822 1988 3093 2055 furentes,
3127 1993 3337 2060 rejectis
3372 2010 3405 2048 e
3431 2010 3657 2064 corpore
3684 1997 3884 2064 frenis,

2314 2074 2655 2144 excussisque
2681 2079 2981 2139 sessonibus
3010 2096 3071 2136 ac
3094 2084 3301 2151 supinis
3337 2085 3480 2138 ltumi
3521 2088 3718 2142 relictis
3739 2129 3755 2154 ,
3792 2104 3890 2143 oc-

2314 2169 2645 2222 currentibus
2669 2171 2953 2226 admodum
2981 2175 3184 2228 molesti
3215 2185 3370 2240 sunt,
3397 2178 3717 2248 nemineqne
3742 2181 3891 2234 cohi-

2316 2255 2475 2314 bente
2493 2299 2510 2325 ,
2545 2260 2740 2331 impetu
2766 2278 2884 2318 sese
2905 2267 2955 2319 iu
2982 2266 3268 2335 praecipitia
3291 2269 3598 2337 conjiciunt.
3629 2271 3755 2327 ideo
3776 2275 3891 2327 ani-

2314 2364 2431 2404 mas
2467 2349 2768 2420 hnjusmodi
2796 2356 2984 2412 salutis
3010 2367 3206 2414 nostrze
3244 2361 3489 2418 inimicus
3531 2365 3587 2427 iu
3627 2363 3892 2421 insaniam

2316 2441 2548 2512 conjicit.
2578 2459 2635 2500 ut
2652 2461 2748 2500 eas
2776 2447 3016 2505 desertas
3036 2493 3049 2512 ,
3079 2453 3289 2508 nemine
3313 2466 3530 2512 curante
3551 2497 3569 2523 ,
3597 2459 3894 2528 corripiens

2316 2532 2620 2603 disperdat,
2644 2547 2700 2592 et
2722 2539 3016 2596 innumeris
3034 2543 3333 2600 circumdet
3359 2548 3528 2601 malis.
3561 2549 3772 2604 Etenim
3801 2553 3893 2622 qui

2317 2637 2543 2692 corpore
2568 2627 2842 2695 laborant,
2873 2632 3039 2688 donec
3070 2634 3305 2690 medicos
3334 2652 3393 2692 se
3419 2639 3566 2695 adire
3590 2643 3893 2710 patiuntur,

2319 2728 2561 2785 magnam
2587 2719 2772 2776 salutis
2795 2736 2940 2792 spem
2969 2724 3196 2791 habent;
3230 2743 3349 2783 cum
3383 2747 3507 2785 vero
3535 2734 3585 2786 in
3609 2735 3896 2802 phrenesin

2322 2805 2456 2874 lapsi
2495 2808 2731 2864 calcibus
2771 2811 3030 2881 impetunt
3071 2818 3426 2888 mordentque
3463 2837 3556 2876 eos
3583 2865 3597 2888 ,
3641 2825 3727 2893 qui
3771 2841 3829 2880 se
3867 2842 3898 2881 a

2321 2895 2507 2951 morbo
2544 2913 2734 2954 eruere
2759 2903 2968 2968 volunt,
3009 2913 3118 2960 tum
3164 2922 3292 2964 sane
3332 2911 3689 2970 incura‘biliter
3724 2932 3898 2985 :egro—

2321 2992 2433 3073 tant
2452 2997 2600 3053 ,'non
2626 2997 2731 3044 tam
2758 2992 2830 3046 ob
2855 2996 3026 3049 morbi
3054 3007 3299 3053 naturam
3324 3043 3339 3065 ,
3367 3016 3523 3071 quam
3549 3006 3669 3073 quia
3697 3007 3900 3065 deserti

2323 3071 2538 3131 fuerunt
2559 3077 2626 3132 ab
2655 3079 2719 3134 iis
2739 3120 2754 3142 ,
2782 3082 2869 3150 qui
2899 3082 3044 3150 ipsos
3068 3101 3097 3137 a
3122 3086 3300 3144 furore
3329 3089 3554 3146 liberare
3567 3071 3899 3162 potuissent.

2322 3163 2379 3218 In
2419 3182 2579 3236 quem
2622 3168 2856 3225 furorem
2896 3171 3018 3240 hic,
3058 3177 3126 3230 de
3149 3193 3253 3246 quo
3292 3180 3592 3251 loquimur,
3626 3199 3685 3240 se
3714 3191 3902 3257 conje-

2323 3256 2396 3311 cit
2419 3275 2433 3311 :
2457 3261 2840 3329 comprehenso
2860 3279 3088 3336 namque
3107 3269 3313 3324 medico
3327 3314 3343 3338 ,
3369 3272 3496 3328 dum
3517 3276 3708 3331 vulnus
3728 3256 3904 3336 adhuc

2326 3362 2533 3415 scca'ret
2551 3403 2567 3428 ,
2596 3377 2718 3418 eum
2747 3365 2925 3420 statim
2964 3368 3204 3436 expulit,
3235 3379 3289 3425 et
3313 3384 3342 3425 a
3371 3373 3529 3428 domo
3549 3389 3704 3445 quam
3735 3381 3906 3446 potuit

2325 3453 2633 3526 longissime
2661 3461 2855 3530 exegit.
2884 3460 3205 3533 Licebatque
3225 3464 3312 3520 hic
3339 3466 3564 3524 Herodis
3589 3470 3772 3525 drama
3798 3489 3904 3528 non

2325 3552 2527 3600 tantum
2556 3548 2772 3603 auribus
2798 3551 3094 3620 percipere,
3123 3554 3217 3608 sed
3238 3569 3419 3611 coram
3447 3558 3632 3628 majori
3659 3575 3781 3614 cum
3805 3578 3902 3631 pe-

2329 3635 2548 3690 tulantia
2599 3649 2808 3707 gestum
2858 3651 3147 3711 spectare:
3180 3646 3301 3715 quia
3357 3646 3486 3701 illud
3542 3649 3730 3717 majori
3780 3667 3905 3706 cum

2326 3730 2684 3785 ostentatione
2711 3744 2767 3786 et
2792 3745 3046 3802 apparatu
3072 3734 3317 3791 diabolus
3347 3737 3397 3792 in
3423 3739 3604 3794 mundi
3637 3740 3904 3798 theatrum

2329 3821 2518 3875 iterum
2547 3821 2757 3878 induxit
2774 3865 2789 3889 ,
2816 3840 2913 3894 pro
2939 3827 3206 3881 tetrarclta
3233 3843 3513 3896 personam
3554 3830 3898 3900 imperatoris
3965 3828 3984 3838 ’

2328 3913 2678 3979 constituens,
2700 3925 2756 3969 et
2780 3930 2876 3984 pro
2899 3931 2999 3970 una
3020 3932 3179 3973 causa
3197 3919 3390 3988 duplex
3416 3921 3493 3975 rei
3511 3932 3906 3992 argumentum,

2331 4001 2421 4057 illo
2448 4003 2603 4073 longe
2633 4005 2836 4074 turpius
2858 4046 2873 4070 ,
2903 4007 3176 4076 praebens;
3213 4010 3284 4062 ita
3313 4019 3497 4066 utnon
3529 4029 3753 4070 numero
3782 4024 3906 4069 tan-

2333 4102 2442 4146 tum
2469 4134 2486 4159 ,
2517 4094 2611 4148 sed
2636 4095 2750 4164 ipsa
2779 4110 2992 4167 quoque
3015 4112 3194 4153 rerum
3225 4109 3412 4155 natura
3443 4102 3698 4172 tragmdia
3739 4105 3911 4161 multo

2333 4185 2588 4256 insignior
2616 4196 2780 4241 esset.
2798 4186 2913 4242 Non
2940 4188 3082 4242 enim
3112 4187 3198 4244 hic
3215 4191 3353 4246 sicut
3378 4190 3488 4246 illic
3515 4193 3711 4261 nuptize
3737 4194 3911 4250 viola-

2333 4276 2526 4332 bantur
2547 4319 2562 4341 ,
2591 4292 2759 4347 neque
2783 4294 2849 4332 ex
2874 4278 3148 4349 illegitimo
3167 4281 3310 4334 coitu
3335 4322 3350 4346 ,
3379 4281 3474 4336 sed
3511 4296 3579 4337 ex
3614 4284 3912 4347 scelestiori

2335 4370 2551 4438 puerilis
2582 4369 2744 4424 caedis
2773 4369 3176 4438 inquinamento
3199 4410 3214 4434 ,
3241 4384 3306 4425 ex
3337 4372 3616 4443 tyrannide
3643 4374 3911 4430 crudelis-

2336 4460 2491 4526 sima,
2519 4469 2576 4514 et
2601 4474 2673 4523 ex,
2703 4461 3003 4529 iniquitate,
3035 4475 3143 4514 non
3181 4461 3234 4515 in
3263 4471 3510 4530 uxorem,
3538 4461 3632 4518 sed
3662 4463 3715 4518 in
3740 4465 3913 4534 ipsam

2335 4552 2735 4606 sanctimoniam
2766 4553 3028 4619 exhibita,
3055 4551 3192 4607 hanc
3217 4551 3494 4607 historiam
3530 4554 3797 4625 malignus
3821 4556 3915 4614 ille

2339 4641 2532 4696 texuit.
2559 4641 2848 4711 Conjectus
2872 4642 3079 4712 ergoin
3106 4655 3379 4697 carcerem
3408 4641 3597 4698 beatus
3626 4644 3714 4699 ille
3735 4685 3752 4708 ,
3783 4661 3917 4716 gau-

2335 4733 2495 4789 debat
2521 4733 2733 4803 quidem
2757 4733 2824 4788 de
2858 4733 3100 4798 vinculis,
3134 4732 3235 4788 sed
3249 4733 3462 4790 dolebat
3484 4735 3552 4790 de
3581 4735 3916 4793 vinculorum

2337 4827 2570 4882 auctoris
2615 4825 2852 4898 pernicie
2880 4843 2894 4880 :
2938 4840 3109 4896 neque
3140 4825 3283 4880 enim
3322 4835 3501 4895 pater,
3531 4841 3702 4897 neque
3727 4829 3914 4898 paedo-

2340 4917 2498 4984 triba,
2519 4932 2641 4973 cum
2668 4917 2757 4972 ille
2776 4917 2843 4972 de
2869 4915 2959 4971 lilii
2979 4956 2994 4984 ,
3023 4915 3112 4972 hic
3137 4916 3206 4972 de
3231 4907 3474 4986 discipuli
3497 4915 3695 4988 ﬂagitio
3715 4918 3800 4973 vel
3823 4933 3920 4975 ca-

2341 5009 2575 5064 lamitate
2597 5008 2853 5063 clariores
2882 5007 3133 5074 evadunt,
3164 5019 3396 5062 interere
3419 5021 3640 5062 vacuam
3668 5009 3918 5079 volupta-

2341 5111 2450 5155 tem
2472 5115 2538 5154 ex
2561 5099 2646 5152 illa
2667 5098 2905 5153 claritate
2925 5097 3157 5167 capiunt.
3181 5097 3536 5165 Quamobrem
3562 5098 3751 5155 beatus
3777 5099 3917 5154 Pau-

2343 5190 2424 5244 lus
2460 5188 2747 5244 Corintbiis
2787 5189 2997 5243 dicebat
3026 5206 3040 5241 :
3069 5187 3288 5242 Oramus
3332 5199 3502 5243 autem
3532 5199 3589 5242 ut
3632 5190 3761 5244 nihil
3791 5192 3917 5245 mali

2342 5281 2560 5353 faciatis,
2606 5298 2704 5335 non
2733 5291 2788 5335 ut
2827 5297 2919 5336 nos
2959 5282 3156 5350 probati
3193 5297 3528 5352 appareamua
3549 5321 3566 5348 ,
3610 5282 3698 5337 sed
3738 5293 3794 5337 ut
3830 5299 3918 5338 nos

2342 5372 2476 5440 quod
2506 5372 2694 5426 bonum
2722 5381 2793 5425 est
2823 5372 3020 5442 faciatis
3049 5386 3067 5424 :
3097 5387 3187 5426 nos
3228 5381 3399 5425 autem
3423 5382 3478 5425 ut
3515 5372 3713 5442 reprobi
3752 5373 3919 5431 simus

2343 5466 2418 5539 (2.
2447 5465 2571 5523 Cor.
2593 5466 2676 5521 l3.
2706 5463 2784 5535 7).
2808 5465 2895 5520 Sic
2917 5465 3093 5534 itaque
3111 5464 3425 5520 admirando
3454 5464 3530 5519 illi
3553 5465 3666 5520 viro
3685 5467 3919 5536 optatior

2406 5644 2423 5675 ί
2459 5641 2714 5704 Unuscod.
2752 5648 2876 5703 post,
2916 5639 3144 5702 accinxit,
3169 5641 3327 5701 addit,
3371 5653 3522 5704 neque
3551 5654 3607 5693 eo
3632 5642 3787 5703 stetit,
3826 5648 3912 5695 sed

2343 5712 2557 5757 tantum
2577 5703 2732 5770 ferro,
2750 5712 2844 5752 etc.
