4220 6316
247 411 352 472 543

251 533 366 580 erat
393 518 640 590 discipuli
669 520 840 587 salus,
876 530 1035 588 quam
1065 514 1297 571 carceris
1335 524 1575 575 merces;
1605 508 1836 580 Optatius

249 615 399 677 item,
431 622 489 668 ut
516 612 811 681 discipulus
838 610 1160 680 resipiscens
1187 605 1270 659 his
1305 620 1424 659 eum
1460 602 1704 657 laudibus
1732 600 1842 671 pri-

247 714 462 769 vasset;
491 705 598 757 imo
627 705 824 770 potius,
855 712 914 755 ut
942 713 1162 769 prorsus
1188 697 1243 751 in
1272 697 1408 749 hanc
1436 691 1840 762 perversitatem

249 797 433 864 lapsus
483 809 588 848 non
639 801 800 847 esset.
842 791 1039 846 Nolunt
1076 788 1217 844 enim
1263 786 1431 840 sancti
1471 797 1697 838 coronas
1738 782 1838 836 sibi

247 889 391 941 necti
412 902 479 940 ex
507 885 696 939 alienis
721 883 1113 938 calamitatibus
1146 899 1159 935 :
1192 878 1332 951 quod
1359 878 1405 932 si
1431 877 1497 930 ab
1523 876 1712 931 alienis
1737 890 1837 928 no-

244 976 366 1035 lint.
393 975 566 1029 multo
590 990 718 1029 sane
740 974 912 1028 minus
933 988 962 1026 a
985 971 1404 1026 domesticorum
1430 968 1700 1021 aerumnis.
1729 965 1841 1032 Qua

248 1067 317 1121 de
339 1081 502 1121 causa
527 1068 714 1121 beatus
743 1065 908 1119 David
936 1075 1055 1134 post
1084 1074 1279 1131 trepaea
1313 1069 1367 1114 et
1398 1059 1671 1114 victoriam
1703 1059 1843 1129 luge-

247 1157 341 1212 bat
362 1167 416 1212 et
436 1158 848 1228 lacrymabatur,
872 1155 1013 1227 quod
1038 1170 1099 1210 ea
1121 1169 1242 1209 cum
1267 1153 1356 1207 filii
1381 1153 1686 1208 calamitate
1711 1168 1842 1206 eon-

245 1251 435 1320 juncta
472 1259 616 1306 esset
649 1268 661 1305 :
694 1251 819 1320 quin
849 1260 904 1305 et
931 1249 1248 1305 exeuntibus
1286 1247 1508 1302 ducibus
1549 1247 1712 1300 multa
1749 1262 1842 1314 pro

252 1344 464 1414 tyranni
489 1343 656 1396 salute
683 1343 1045 1412 przecipiebat,
1067 1351 1122 1396 et
1149 1356 1262 1407 eos,
1286 1341 1374 1408 qui
1399 1340 1570 1405 ipsum
1599 1340 1843 1394 occidere

252 1434 576 1502 cupiebant,
608 1435 689 1488 his
719 1434 894 1488 verbis
919 1433 1200 1488 cohibebat
1235 1450 1247 1485 :
1281 1431 1485 1486 Parcite
1514 1449 1668 1500 puero
1691 1431 1843 1485 Abes-

252 1524 416 1578 salom
464 1523 537 1594 (2.
574 1524 700 1595 Reg.
735 1525 820 1579 i8.
849 1511 904 1596 5)
936 1541 949 1577 :
978 1533 1032 1578 et
1056 1532 1377 1592 prostratum
1404 1523 1633 1592 lugebat,
1663 1523 1841 1598 inimi-

253 1627 484 1683 cumque
522 1629 642 1668 cum
683 1613 968 1685 gemitibus
1006 1623 1058 1667 et
1085 1615 1282 1667 amaris
1319 1613 1569 1683 lacrymis
1601 1614 1841 1683 compel-

254 1702 416 1756 labat.

298 1791 457 1848 Pater
467 1794 745 1863 spiritualis
757 1794 1009 1848 amantior
1025 1793 1357 1862 prolis,quam
1377 1793 1842 1861 carnalis—Quod

255 1883 296 1935 si
324 1884 584 1937 naturalis
612 1895 766 1961 pater
790 1883 861 1938 ita
901 1884 1068 1954 prolis
1094 1898 1280 1937 amans
1311 1895 1392 1938 est
1418 1926 1433 1949 ,
1478 1884 1646 1938 multo
1677 1885 1843 1953 magis

255 1975 543 2042 spiritualis
578 1993 589 2028 :
619 1975 759 2045 quod
802 1977 944 2029 enim
985 1975 1280 2030 secundum
1309 1975 1556 2046 spiritum
1594 1985 1842 2044 parentes

253 2066 456 2135 prolem
481 2068 646 2134 magis
675 2075 880 2130 curent,
907 2082 1065 2136 quam
1093 2067 1125 2119 ii
1152 2067 1239 2134 qui
1263 2066 1556 2120 secundum
1587 2080 1833 2131 carnem,

253 2158 373 2212 andi
397 2158 616 2212 Paulum
642 2158 928 2223 dicentem,
962 2159 1086 2222 Quis
1112 2159 1421 2225 inﬁrmatur,
1450 2168 1493 2210 et
1521 2174 1611 2226 ego
1642 2173 1740 2210 non
1762 2157 1843 2209 in-

252 2249 468 2317 ﬁrmor?
486 2251 597 2319 quis
625 2250 1022 2314 scandalizatur,
1055 2259 1102 2302 et
1129 2265 1218 2319 ego
1248 2265 1348 2302 non
1379 2265 1498 2302 uror
1524 2248 1600 2318 (9..
1626 2249 1773 2302 Cor.l
1792 2249 1836 2302 l.

251 2341 519 2413 29)?Sed
561 2343 664 2396 hoc
703 2342 914 2411 quidem
957 2343 1314 2412 aequalitatem
1352 2342 1505 2396 nobis
1544 2356 1841 2409 repracsen-

253 2441 325 2486 tat
354 2449 366 2484 :
401 2433 548 2502 atqui
581 2433 664 2486 vix
694 2441 872 2502 patres
901 2432 1036 2486 hanc
1063 2448 1248 2487 vocem
1285 2432 1561 2496 emittant,
1594 2432 1689 2487 scd
1715 2447 1842 2486 con-

250 2524 470 2579 cedatur
516 2532 694 2579 tamen
749 2539 984 2594 eousque
1031 2525 1148 2578 illos
1198 2524 1454 2578 accedere
1499 2542 1511 2575 :
1549 2523 1658 2592 jam
1699 2524 1838 2592 quod

253 2616 425 2684 majus
452 2625 534 2670 est
555 2616 810 2671 exhibere
831 2625 912 2670 est
938 2631 1093 2683 opus.
1122 2615 1402 2693 Undenam
1434 2613 1841 2669 exhibebimus?

252 2705 329 2763 Ex
360 2708 489 2775 ipsis
520 2709 714 2762 iterum
742 2709 1056 2772 visceribus,
1091 2715 1250 2775 atque
1277 2723 1340 2762 cx
1372 2707 1688 2777 legislatoris
1718 2722 1839 2760 ver-

252 2798 353 2852 bis.
378 2800 470 2854 llle
490 2816 618 2854 vero
648 2799 772 2870 quid
797 2800 972 2854 dicit?
999 2799 1060 2854 Si
1089 2800 1314 2852 remittas
1345 2801 1417 2853 eis
1447 2809 1727 2865 peccatum.
1755 2816 1839 2852 re-

250 2893 429 2956 mitte;
473 2895 551 2946 sin
606 2894 793 2958 minus,
845 2893 955 2947 dele
984 2911 1082 2946 eme
1125 2893 1188 2947 de
1229 2893 1355 2947 libro
1403 2911 1549 2963 quem
1595 2893 1841 2954 scripsisti

252 2983 447 3052 (Exod.
480 2984 568 3038 52.
591 2987 679 3039 5|.
708 2985 821 3056 52).
853 2985 1041 3038 Nullus
1074 3000 1200 3040 vero
1234 2995 1402 3053 pater,
1434 2988 1518 3040 cui
1545 2986 1840 3040 innumeris

252 3074 351 3128 frui
382 3076 536 3128 bonis
567 3076 796 3130 liberum
824 3077 926 3139 sit,
960 3090 1079 3129 cum
1109 3076 1288 3129 liberis
1319 3077 1633 3145 supplieimn
1662 3077 1841 3132 subire

250 3165 481 3220 voluerit
504 3185 517 3221 :
538 3167 828 3235 Apostolus
854 3182 983 3221 vero
1003 3209 1017 3230 ,
1047 3175 1231 3236 utpote
1272 3168 1324 3222 in
1355 3170 1525 3237 gratia
1558 3179 1799 3223 versatus
1825 3212 1837 3233 ,

252 3265 529 3327 paternum
554 3258 857 3328 hujusmodi
881 3259 1149 3320 affectum,
1179 3270 1395 3329 propter
1415 3262 1705 3324 Christum,
1731 3278 1840 3316 ma-

250 3346 419 3417 jorem
442 3349 674 3403 exhibet.
704 3349 818 3404 Non
852 3350 994 3402 enim
1023 3364 1140 3403 cum
1165 3351 1294 3419 ipsis
1322 3367 1507 3420 pcenas
1537 3354 1664 3407 dare
1697 3356 1842 3409 vole-

253 3440 342 3496 bat
365 3451 422 3496 ut
449 3442 568 3507 ille;
599 3442 691 3497 sed
722 3450 780 3496 ut
805 3443 893 3495 alii
918 3443 1143 3496 salutem
1175 3445 1428 3512 consequi
1460 3455 1698 3513 possent,
1731 3447 1842 3516 ipse

253 3535 354 3589 sibi
397 3535 692 3604 perniciem
721 3533 1038 3604 precabatur
1074 3537 1154 3588 his
1185 3536 1360 3590 verbis
1391 3556 1401 3588 :
1437 3537 1685 3607 Optabam
1712 3556 1841 3591 ana-

255 3631 424 3680 tltema
450 3643 557 3681 esse
596 3644 626 3678 a
657 3625 856 3679 Christo
881 3643 971 3696 pro
996 3628 1238 3697 fratribus
1271 3629 1392 3680 meis
1415 3672 1427 3692 ,
1461 3632 1688 3699 cognatis
1722 3632 1842 3684 meis

255 3719 530 3773 secundum
572 3736 772 3772 carnem
803 3718 978 3791 (Rom.
1023 3720 1072 3774 9.
1111 3718 1188 3789 5).
1235 3720 1401 3774 Tanta
1435 3723 1795 3775 misericordia
1824 3766 1838 3787 ,

255 3820 433 3866 tantus
474 3810 699 3865 affectus
738 3826 902 3881 penes
937 3821 1152 3865 sanctos
1188 3822 1288 3866 est.
1331 3813 1507 3879 Quare
1546 3824 1600 3867 et
1631 3814 1841 3886 Bahyl:e

253 3904 456 3957 viscera
484 3904 652 3974 magis
675 3905 1150 3969 excruciabantur,
1183 3905 1323 3976 quod
1355 3907 1694 3976 Imperatoris
1726 3909 1838 3961 exi-

255 3993 383 4048 tium
413 3995 546 4049 ultra
571 4010 784 4066 semper
809 3995 1009 4050 intendi
1035 4006 1297 4050 cerneret.
1327 3995 1509 4065 Neque
1529 3999 1669 4050 enim
1705 4007 1841 4050 tem-

256 4085 324 4155 pli
351 4087 522 4146 solum
551 4102 708 4141 causa
734 4086 923 4162 dolens
953 4087 1068 4163 hate
1092 4087 1311 4154 agebat;
1345 4086 1438 4141 sed
1468 4087 1624 4140 etiam
1651 4087 1841 4142 affectu

255 4196 378 4250 erga
416 4180 790 4249 imperatorem
820 4180 1249 4235 inductus..Nam
1281 4179 1370 4250 qui
1408 4179 1644 4233 divinum
1692 4181 1843 4234 mini-

254 4273 476 4327 sterium
509 4273 826 4328 contumelia
849 4273 1032 4336 afficit,
1061 4273 1232 4342 ipsum
1263 4272 1478 4342 quidem
1510 4272 1639 4326 nihil
1664 4272 1805 4326 laedit
1825 4313 1840 4337 ,

255 4364 490 4432 seipsum
521 4379 651 4418 vero
677 4365 972 4418 innumeris
999 4364 1285 4432 complicat
1312 4361 1486 4417 malis.

327 4454 646 4526 1|.Babylns
665 4457 1009 4520 obtruncatur;
1026 4453 1168 4524 jubet
1180 4465 1378 4507 catenas
1400 4470 1511 4506 cum
1525 4470 1732 4523 corpore
1753 4471 1844 4507 suo

263 4545 499 4618 sepeliri:
536 4548 862 4616 reliquiarum
889 4548 1071 4599 cultus.
1105 4576 1175 4585 —
1199 4545 1536 4614 Quapropter
1580 4556 1728 4614 pater
1758 4547 1844 4599 ille

261 4641 427 4711 prolis
447 4656 651 4702 amans,
670 4639 1115 4694 contumeliosum
1141 4639 1286 4692 illum
1320 4640 1508 4691 iratum
1541 4654 1633 4703 per
1655 4640 1843 4706 pra-ci-

261 4734 386 4804 pitia
425 4733 548 4789 ferri
575 4748 819 4797 cernens,
853 4732 1066 4786 brutum
1112 4733 1365 4801 impetum
1408 4747 1658 4785 coercere
1699 4748 1846 4784 cura-

260 4824 370 4884 bat.
402 4840 501 4879 ceu
525 4823 808 4895 quemdam
841 4824 1093 4877 eiTrenem
1117 4839 1309 4891 equum
1340 4839 1368 4875 a
1398 4839 1545 4889 tergo
1573 4823 1845 4876 deterrere

259 4917 626 4982 satagens.At
655 4930 758 4991 non
807 4915 1057 4969 sustinuit
1097 4915 1276 4968 infelix
1326 4915 1446 4977 ille,
1495 4915 1588 4968 sed
1635 4913 1844 4969 fremun

259 5008 547 5069 mordens,
591 5016 645 5063 ct
674 5007 938 5062 obsistens
962 5048 974 5070 ,
1009 5022 1235 5075 seseque
1291 5008 1451 5061 furori
1499 5017 1553 5061 et
1591 5008 1843 5072 insaniae,

260 5099 426 5152 misso
449 5107 611 5152 recta:
644 5099 865 5151 rationis
889 5098 1088 5166 judicio
1110 5139 1123 5161 ,
1149 5097 1373 5161 dedcrs,
1400 5099 1449 5150 in
1477 5097 1726 5154 barathra
1751 5115 1846 5151 ex.-

269 5206 454 5246 tremze
484 5190 737 5260 perniciei
769 5206 888 5245 sese
918 5190 1166 5257 Conjecit,
1201 5200 1552 5258 sanetumquc
1581 5205 1610 5244 c
1635 5205 1847 5243 carcere

260 5283 548 5344 eductum,
579 5281 643 5338 ad
675 5282 873 5334 caulem
925 5283 1156 5334 vinctum
1203 5279 1360 5349 jussit
1410 5280 1620 5333 abduci.
1679 5282 1848 5349 Atque

261 5373 348 5425 hic
378 5389 459 5435 ea,
490 5389 607 5442 quae
635 5371 990 5428 cernebantur
1018 5415 1032 5439 ,
1081 5374 1145 5426 iis
1190 5389 1310 5442 qua:
1353 5372 1547 5427 fiebant
1583 5375 1848 5428 contraria

262 5475 435 5522 erant.
468 5465 556 5519 Ille
585 5464 797 5535 quidem
826 5466 1033 5521 vinctus
1062 5465 1310 5520 omnibus
1336 5465 1489 5519 simul
1520 5467 1744 5520 vinculis
1765 5483 1851 5519 so-

262 5559 406 5613 lutus
432 5565 546 5611 erat
569 5598 584 5622 ,
629 5567 733 5611 tam
762 5557 970 5624 ferreis,
999 5573 1156 5627 quam
1193 5558 1310 5612 aliis
1359 5559 1715 5627 gravioribus,
1746 5559 1849 5614 sol-

261 5649 624 5706 licitudinibus
651 5651 852 5706 scilicet
880 5662 1038 5720 atque
1065 5651 1336 5705 laboribus
1360 5692 1375 5716 ,
1419 5652 1642 5721 aliisque
1674 5653 1850 5706 omni-

262 5742 386 5804 bus,
410 5757 528 5810 quae
559 5741 724 5795 nosin
756 5742 852 5794 hac
887 5743 1092 5796 mortali
1121 5743 1225 5796 vita
1257 5742 1690 5807 circumsistunt;
1725 5757 1852 5798 con-

264 5843 345 5888 tra
396 5833 484 5903 qui
526 5831 732 5888 solutus
781 5834 922 5889 ferro
971 5847 1022 5889 ct
1075 5834 1353 5889 adamante
1384 5835 1660 5890 videbatur
1689 5875 1706 5903 ,
1735 5835 1853 5890 aliis

1073 399 1158 458 DE
1193 399 1251 457 S.
1284 396 1576 464 BABYLA,
1613 392 1890 451 CONTRA
1930 389 2267 450 JULIANUM
2308 391 2395 448 ΕΤ
2435 389 2790 450 GENTILES.

3431 372 3536 428 550

1955 506 2112 577 longe
2153 507 2484 578 gravioribus
2529 507 2759 562 vinculis
2798 509 3121 563 constrictus
3157 516 3308 576 erat,
3334 510 3538 566 catenis

1951 607 2289 667 peccatorum
2318 598 2543 653 vinctus.
2571 598 2716 653 Gardi
2764 599 3033 668 proximus
3079 599 3161 654 vir
3204 599 3390 656 beatus
3414 616 3538 656 cum

1950 688 2093 742 ferro
2114 703 2310 756 corpus
2339 703 2493 754 suum
2523 689 2736 756 sepeliri
2764 688 3052 755 mandavit,
3082 690 3281 746 docens
3301 706 3386 758 ca,
3419 706 3539 761 qua:

1953 778 2299 848 ignominiosa
2326 779 2604 844 videntur,
2634 795 2754 840 cum
2800 789 3017 854 propter
3056 778 3325 836 Christum
3372 782 3534 845 fiunt,

1955 867 2248 923 honoriﬁca
2289 877 2352 924 et»
2396 869 2670 938 splendida
2706 884 2824 926 esse
2848 912 2861 934 ,
2894 872 3289 942 patientemque
3343 873 3538 927 nedum

1947 957 2229 1029 pudorem,
2257 958 2381 1014 hinc
2406 961 2628 1030 gloriam
2662 970 2976 1029 reportare:
3006 961 3103 1015 hac
3137 962 3264 1017 item
3302 963 3355 1017 in
3389 972 3540 1033 parte

1950 1050 2162 1104 beatum
2204 1051 2424 1105 Paulum
2461 1051 2718 1115 imitatus,
2743 1056 2832 1121 qui
2863 1052 2999 1106 ultro
3014 1052 3255 1124 citroque
3271 1055 3536 1123 stigmata,

1950 1141 2163 1194 vincula
2192 1181 2208 1207 ,
2256 1151 2501 1196 catenam
2533 1143 2817 1210 versabat,
2845 1143 3226 1213 gloriabundus
3271 1145 3538 1215 altumque

1948 1234 2160 1303 sapiens
2192 1236 2245 1289 in
2284 1235 2367 1300 iis,
2396 1251 2620 1307 quorum
2649 1238 2782 1291 alios
2814 1237 3052 1305 puderet.
3089 1238 3238 1306 Quod
3275 1249 3451 1295 autem
3481 1258 3542 1295 a-

1949 1328 2049 1383 lios
2083 1329 2343 1397 puderet,
2401 1331 2573 1400 palam
2629 1331 2782 1385 nobis
2824 1331 2945 1386 fecit
2987 1347 3046 1386 ea
3075 1333 3408 1400 defensione,
3438 1345 3543 1405 qua‘

1947 1421 2086 1488 apud
2118 1422 2404 1492 Agrippam
2434 1439 2561 1478 usus
2602 1434 2704 1478 est.
2752 1423 2848 1477 lllo
2890 1440 3120 1496 namque
3167 1425 3416 1492 dicente,
3473 1427 3541 1482 In

1952 1515 2150 1568 modico
2199 1517 2382 1570 suades
2426 1534 2506 1572 me
2535 1517 2880 1574 Christianum
2919 1520 3032 1587 ﬁeri
3060 1560 3076 1584 ,
3131 1520 3322 1575 Paulus
3365 1521 3538 1588 dixit,

1953 1604 2087 1676 Opto
2109 1607 2248 1678 apud
2271 1606 2432 1662 Deum
2458 1618 2504 1662 et
2529 1610 2580 1663 in
2600 1611 2797 1666 modico
2822 1622 2868 1666 et
2895 1613 2947 1665 in
2976 1629 3182 1682 magno,
3219 1630 3318 1666 non
3343 1621 3538 1666 tantum

1949 1707 2015 1762 te,
2047 1699 2137 1752 sed
2183 1701 2331 1753 etiam
2367 1718 2451 1756 eos
2498 1704 2583 1771 qui
2615 1703 2802 1757 adsunt
2832 1721 3003 1758 omnes
3052 1707 3163 1774 fieri
3205 1705 3536 1773 Christianos,

1947 1793 2167 1860 exceptis
2207 1792 2417 1847 vinculis
2440 1793 2517 1846 Itis
2541 1793 2559 1865 (
2581 1793 2691 1848 Act.
2725 1795 2814 1849 26.
2846 1795 2937 1850 28.
2968 1795 3098 1866 29);
3139 1797 3280 1865 quod
3311 1813 3412 1851 non
3437 1797 3537 1853 ad-

1947 1880 2189 1951 iecisset,
2239 1883 2341 1937 nisi
2382 1885 2434 1938 id
2473 1886 2884 1954 ignominiosum
2927 1887 3109 1941 multis
3134 1887 3303 1942 visum
3333 1888 3536 1944 fuisset.

1960 1972 2148 2028 Sancti
2178 1975 2322 2028 enim
2354 1974 2635 2030 Dominum
2683 1987 2927 2032 amantes
2950 2019 2965 2044 ,
2998 1992 3260 2033 :erumnas
3302 1995 3400 2050 pro
3447 1980 3541 2034 illo

1949 2077 2139 2133 magna
2169 2078 2290 2118 cum
2319 2063 2593 2120 alacritate
2635 2067 2998 2136 suscipiebant
3031 2110 3046 2134 ,
3081 2064 3174 2137 per
3200 2084 3334 2139 quas
3377 2071 3538 2126 etiam

1947 2154 2180 2210 liUIlOI'eS
2221 2157 2536 2212 evadebant.
2597 2158 2749 2214 Unde
2781 2160 2865 2213 hic
2911 2158 3124 2229 quidem
3186 2162 3293 2225 ait,
3327 2159 3538 2216 Gaudeo

1946 2246 1998 2298 in
2033 2247 2380 2317 amictionibus
2416 2250 2538 2304 meis
2567 2248 2586 2319 ί
2615 2250 2723 2303 Col.
2757 2251 2807 2303 ι.
2837 2250 2907 2304 ‘24
2930 2251 2947 2320 )
2971 2269 2984 2316 ;
3013 2251 3184 2306 Lucas
3207 2267 3337 2306 vero
3361 2252 3428 2308 de
3454 2270 3542 2308 re-

1947 2341 2090 2408 liquo
2170 2343 2532 2410 apostolorum
2609 2352 2749 2398 coetu
2817 2343 3003 2398 cadem
3067 2345 3178 2414 ipsa
3247 2344 3538 2415 loquitur:

1947 2448 2067 2486 nam
2097 2443 2215 2502 post
2242 2435 2404 2488 multa
2432 2435 2635 2504 flagella
2656 2436 2997 2502 recedebant,
3014 2438 3203 2506 inquit,
3227 2439 3537 2506 gaudentes,

1946 2527 2198 2594 quoniam
2228 2527 2372 2596 digni
2405 2528 2567 2582 habiti
2597 2536 2779 2581 essent
2807 2544 2901 2597 pro
2929 2528 3148 2582 nomine
3177 2529 3377 2583 Christi
3405 2545 3538 2584 con—

1948 2619 2216 2674 tumeliam
2248 2621 2352 2689 pati
2385 2621 2402 2690 (
2439 2621 2550 2673 Act.
2581 2621 2633 2676 5.
2666 2622 2727 2674 41
2765 2621 2808 2690 ).
2841 2621 2915 2674 Ne
2945 2621 3063 2689 quis
3100 2636 3228 2690 ergo
3255 2604 3533 2690 gentilium

1949 2722 2176 2780 putaret,
2202 2714 2495 2768 certamina
2527 2730 2622 2783 per
2643 2716 2748 2767 vim
2772 2730 2832 2768 ae
2859 2715 3228 2769 necessitatem
3251 2715 3534 2780 committi,

1947 2809 2060 2873 ipsa
2103 2807 2457 2859 certaminum
2511 2806 2751 2877 symbola
2789 2821 2908 2858 cum
2951 2821 3175 2875 corpore
3205 2821 3301 2860 suo
3325 2806 3538 2876 sepeliri

1943 2896 2122 2966 jussit,
2157 2898 2452 2952 ostendens
2477 2914 2537 2952 ea
2576 2899 2674 2951 sibi
2706 2896 2990 2952 admodum
3031 2908 3180 2968 grata
3211 2908 3265 2953 et
3291 2898 3536 2954 amabilia

1946 3002 2088 3052 esse,
2118 2989 2259 3057 quod
2310 2997 2455 3043 totus
2485 2988 2745 3058 penderet
2780 3004 2806 3041 a
2857 2989 3078 3044 caritate
3107 2989 3326 3044 Christi.
3363 2989 3428 3044 Et
3457 2990 3539 3060 ja-

1945 3090 2070 3134 cent
2116 3082 2277 3135 etiam
2321 3098 2459 3136 nunc
2483 3098 2603 3135 eum
2655 3083 2924 3137 cineribus
2962 3083 3289 3153 compedes,
3340 3093 3395 3137 ut
3425 3100 3538 3138 mo-

1947 3182 2108 3227 neant
2136 3188 2324 3227 omnes
2378 3173 2740 3228 Ecclesiarum
2798 3173 3080 3244 pra-fectus
3108 3216 3123 3239 ,
3156 3174 3251 3228 etsi
3283 3173 3487 3228 vincula
3520 3217 3535 3240 ,

1945 3263 2147 3318 caedem
2178 3271 2231 3318 et
2269 3264 2524 3333 qmelibet
2552 3264 2652 3318 alia
2682 3264 2789 3333 pati
2817 3275 3062 3332 oporteat
3090 3306 3105 3330 ,
3139 3266 3315 3318 omnia
3347 3264 3538 3319 alacri-

1949 3364 2029 3409 ter
2053 3370 2116 3410 ac
2145 3371 2264 3409 cum
2297 3356 2569 3424 voluptate
2611 3357 2776 3410 multa
2826 3355 3132 3410 sustinenda
3173 3371 3292 3410 esse
3323 3399 3337 3420 ,
3382 3357 3452 3411 ita
3483 3367 3538 3410 ut

1947 3448 2313 3502 concreditum
2355 3450 2509 3502 nobis
2541 3449 2842 3503 libertatem
2891 3465 2958 3504 ne
3008 3450 3286 3504 minimum
3319 3451 3532 3519 quidem

1949 3539 2235 3607 prodamus
2261 3550 2349 3592 aut
2379 3538 2786 3594 dedecoremus.
2812 3540 2877 3594 Et
2901 3540 3113 3609 quidem
3138 3541 3226 3594 ille
3244 3541 3323 3594 vir
3351 3541 3540 3597 beatus

1948 3630 2016 3682 ita
2039 3629 2316 3698 splendide
2342 3631 2502 3684 vitam
2533 3631 2742 3684 clausit.
2781 3631 2936 3685 Putat
2984 3631 3118 3686 forte
3153 3633 3414 3702 quispiam
3440 3649 3539 3690 nos

1950 3721 2032 3773 his
2062 3721 2250 3775 orandi
2292 3723 2448 3775 tinem
2496 3721 2728 3775 facturos
2759 3737 2900 3786 esse,
2930 3737 3048 3776 cum
3079 3733 3196 3792 post
3228 3725 3347 3777 vita:
3378 3725 3536 3780 tinem

1950 3811 2086 3863 milia
2114 3812 2184 3864 sit
2215 3812 2641 3881 reliquaivirtutis
2671 3827 3001 3882 operumque
3028 3814 3260 3879 occasio,
3281 3816 3536 3884 quemad-

1949 3901 2163 3954 modum
2194 3917 2290 3954 nec
2319 3902 2535 3956 athletis
2578 3913 2766 3956 exacto
2795 3904 3148 3958 certaminum
3186 3913 3426 3975 tempore
3443 3924 3539 3962 co-

1947 4007 2108 4046 ronas
2138 4003 2351 4047 nectere
2383 3993 2521 4046 lieet.
2571 3993 2761 4047 Verum
2824 3994 2873 4047 id
2904 3995 3130 4063 gentiles
3175 3997 3390 4066 quidem
3431 4013 3538 4054 n0u

1949 4082 2044 4134 abs
2070 4097 2128 4135 re
2161 4082 2518 4146 arbiLrantur,
2547 4082 2669 4151 quia
2715 4097 2865 4152 spem
2897 4097 3047 4136 suam
3099 4085 3170 4138 illi
3219 4086 3356 4140 intra
3381 4086 3541 4156 hujus

1952 4174 2070 4226 vitm
2101 4174 2358 4227 terminos
2403 4175 2732 4229 incluserunt
2770 4194 2781 4228 :
2813 4191 2911 4230 nus
2945 4191 3076 4231 vero
3105 4219 3119 4241 ,
3147 4179 3341 4247 quibus
3365 4180 3542 4239 obitus

1949 4267 2171 4320 alterius
2221 4267 2631 4336 illustriorisque
2669 4269 2790 4321 vita:
2824 4267 3030 4322 initium
3059 4279 3164 4334 est,
3199 4270 3267 4325 ab
3295 4270 3396 4327 hac
3426 4275 3542 4345 opi-

1951 4359 2116 4412 nioue‘
2140 4367 2298 4426 atque
2339 4361 2602 4414 sententia
2642 4361 2795 4430 longe
2839 4361 3138 4426 absumus;
3169 4365 3310 4432 quod
3357 4377 3538 4422 autem

1951 4451 2000 4506 id
2029 4453 2148 4521 jure
2189 4438 2251 4506 a'c
2297 4455 2512 4518 merito,
2545 4455 2594 4507 in
2623 4454 2723 4506 alia
2761 4455 3004 4510 oratione
3054 4455 3367 4525 probabitur
3403 4476 3418 4514 :
3451 4461 3532 4514 in-

1952 4544 2102 4597 terim
2154 4557 2284 4596 vero
2333 4558 2393 4596 ea
2425 4585 2439 4608 ,
2491 4560 2609 4612 qtae
2655 4552 2776 4612 post
2806 4554 3032 4600 mortem
3077 4562 3106 4600 a
3145 4559 3409 4616 generoso
3449 4550 3543 4605 illo

1951 4633 2149 4703 Babyla
2205 4628 2462 4703 prteclare
2493 4644 2643 4703 gesta
2694 4645 2854 4698 sunt,
2888 4652 3136 4708 magnam
3184 4638 3330 4693 verbi
3384 4640 3542 4695 fidem

1953 4734 2210 4793 pra-stare
2279 4735 2522 4793 possunt.
2575 4726 2707 4793 Quia
2771 4728 2912 4781 enim
2959 4745 3128 4798 usque
3185 4730 3251 4784 ad
3317 4742 3543 4787 mortem

1951 4833 2048 4887 pro
2079 4818 2302 4872 veritate
2343 4819 2566 4872 certavit
2599 4859 2614 4883 ,
2663 4829 2718 4873 et
2758 4835 2926 4889 usque
2974 4822 3040 4876 ad
3093 4825 3404 4892 sanguinem
3453 4842 3541 4879 re-

1951 4909 2084 4964 stitit
2133 4918 2318 4962 contra
2367 4919 2636 4978 peccatum
2687 4911 3032 4980 depugnans,
3071 4924 3124 4968 et
3175 4923 3229 4968 ut
3277 4915 3536 4983 ordinem,

1951 5019 2109 5072 quem
2129 5005 2224 5074 ipsi
2248 5004 2595 5058 ennstitnecat
2618 5003 2724 5058 Rex
2746 5005 2833 5058 illc
2857 5022 3098 5075 magnus,
3124 5023 3226 5062 non
3246 5007 3538 5070 desereret.

1952 5095 2182 5151 animam
2207 5084 2381 5165 ipsam
2411 5096 2677 5165 deposuit,
2713 5099 2964 5168 omnique
2991 5099 3186 5153 athleta
3216 5101 3548 5171 splendidius

1954 5191 2242 5244 occubuit':
2276 5190 2421 5243 illum
2449 5190 2661 5257 quidem
2694 5189 2944 5260 deinceps
2964 5193 3152 5247 caelum
3179 5193 3384 5263 habuit,
3421 5211 3544 5249 cor-

1957 5299 2053 5353 pus
2106 5291 2307 5347 autem,
2341 5283 2481 5352 quad
2535 5283 2599 5336 ad
2632 5292 2904 5338 certamen
2957 5285 3375 5352 ministraverat,
3406 5297 3547 5344 terra

1955 5385 2199 5444 occupat,
2232 5377 2298 5428 ita
2324 5385 2381 5428 nt
2411 5386 2659 5428 creatura
2685 5375 2941 5429 athletam
2970 5376 3228 5432 diviserit.
3267 5381 3425 5451 Atqui
3456 5399 3547 5452 po.

1958 5478 2092 5523 terat
2119 5469 2207 5523 ille
2224 5478 2276 5522 et
2306 5468 2580 5523 transferri
2607 5479 2663 5522 ut
2692 5469 2896 5534 Enoch,
2930 5479 2982 5524 et
3004 5473 3115 5540 rapi
3144 5483 3199 5525 ιιι
3229 5472 3428 5538 Helias,
3457 5479 3545 5546 qui

1959 5561 2233 5628 utriusque
2257 5560 2536 5614 tumulatur
2565 5560 2737 5615 fuerat
2762 5578 2774 5613 :
2804 5572 2858 5615 at
2892 5562 3031 5616 Deus
3058 5563 3144 5618 ille
3171 5565 3428 5629 clemens,
3459 5570 3547 5637 qui

1960 5652 2191 5707 infinitas
2215 5653 2369 5706 nobis
2385 5652 2571 5707 salutis
2586 5653 2898 5707 occasiones
2920 5655 3164 5719 contulit,
3191 5655 3546 5728 hane‘quuque

1960 5745 2113 5800 nobis
2139 5759 2255 5799 cum
2290 5744 2408 5798 aliis
2442 5744 2651 5813 aperuit
2683 5759 2846 5810 vtam,
2896 5759 3014 5818 qua:
3043 5761 3140 5801 nos
3166 5751 3334 5816 possit
3359 5750 3421 5802 ad
3447 5750 3541 5802 vir~

1962 5846 2128 5891 tutcm
2161 5851 2403 5901 evocare,
2437 5846 2742 5892 sanctorum
2765 5833 3015 5909 reliquias
3038 5837 3178 5910 apud
3211 5855 3307 5895 nos
3332 5839 3547 5898 interim
