4220 6300
674 369 768 425 831
1388 353 1448 410 S.
1486 346 1762 408 JOANNIS
1788 336 2264 404 CHRYSOSTOIII

2369 335 2620 396 ιοιιιειτ.
2655 335 3192 401 CONSTANTINOP.

676 485 1005 554 relinquens.
1032 475 1165 534 Nam
1209 479 1330 545 post
1357 467 1621 525 sermonis
1661 466 1909 554 virtutem
1960 455 2252 554 secundum

675 549 859 634 tenent
885 570 1126 628 ordinem
1151 574 1457 621 sanctorum
1507 558 1776 630 sepulcra,
1825 553 1892 610 ad
1919 551 2125 607 animos
2173 549 2255 604 in-

616 675 620 678 ’
675 665 944 722 tuentium
973 659 1248 715 hominum
1278 653 1344 709 ad
1388 650 1735 708 imitationem
1763 641 2131 702 concitandos.
2177 640 2256 695 Ac

672 755 841 813 sicubi
861 753 978 824 quis
991 746 1258 820 ejusmodi
1285 758 1458 814 capsze
1485 740 1680 806 adstet,
1713 736 1888 793 statim
1934 733 2050 804 ejus
2077 731 2256 824 effice.

677 847 814 901 ciam
840 823 1001 898 sensu
1031 837 1274 911 percipit.
1307 834 1512 890 Etenim
1543 844 1716 900 capsa:
1742 833 1989 895 aspectus
2018 823 2255 876 animum

673 949 963 1004 occupans,
998 932 1174 1003 ipsum
1216 925 1455 1001 percellit
1477 932 1531 979 et
1557 923 1773 986 excitat,
1804 927 1963 988 atque
2000 915 2150 971 illum
2176 915 2256 969 sic

673 1027 856 1091 aflicit,
881 1039 946 1081 ac
971 1024 1016 1080 si
1049 1023 1137 1079 ille
1162 1021 1253 1093 qui
1296 1020 1438 1085 jacet
1475 1014 1633 1072 simul
1667 1018 1992 1084 precaretur,
2020 1005 2252 1071 adesset,

673 1117 959 1173 videretur.
994 1114 1130 1176 [line
1157 1109 1430 1165 alacritate
1462 1107 1649 1177 plenus
1671 1103 1780 1168 ille,
1807 1101 1897 1172 qui
1929 1101 2006 1153 sic
2032 1097 2255 1152 affectus

673 1217 794 1274 est,
840 1208 894 1262 in
949 1206 1286 1273 alterumque
1331 1200 1505 1254 virum
1558 1204 1790 1251 mutatus
1819 1235 1836 1260 ,
1879 1193 1959 1247 ita
2008 1188 2252 1246 discedit.

674 1302 846 1358 Probe
871 1310 1049 1354 autem
1076 1296 1466 1354 animadvertet
1507 1292 1879 1348 defunctorum
1922 1285 2255 1358 phantasiam

674 1406 742 1449 ex
771 1391 902 1463 ipsis
946 1391 1080 1447 locis
1122 1390 1174 1445 in
1205 1388 1495 1444 viventium
1542 1384 1736 1442 animis
1771 1381 1991 1438 excitari
2023 1423 2037 1444 ,
2065 1380 2112 1435 si
2137 1377 2256 1449 quis

677 1481 891 1553 cogitet,
914 1477 1185 1550 quomodo
1211 1478 1245 1532 ii
1286 1478 1374 1547 qui
1411 1475 1624 1546 iungendi
1658 1488 1817 1530 causa
1850 1472 2110 1537 veniunt,
2141 1478 2254 1524 sta-

679 1573 773 1627 tim
799 1580 958 1642 atquc
985 1566 1050 1624 ad
1097 1568 1338 1640 sepulcra
1382 1574 1718 1621 accesserunt
1739 1603 1757 1630 ,
1788 1578 1849 1618 ac
1878 1562 1925 1617 si
1966 1562 2080 1617 vice
2109 1574 2257 1616 urna‘.

675 1675 772 1716 eos
801 1661 888 1731 qui
923 1659 975 1713 in
1004 1670 1134 1713 urna
1156 1662 1335 1727 jaceat
1355 1665 1558 1711 stantes
1586 1654 1846 1718 viderent,
1870 1653 1956 1732 sic
1983 1651 2105 1706 illos
2136 1665 2165 1705 e
2195 1649 2257 1704 li-

673 1752 818 1807 mine
844 1751 1018 1806 statim
1039 1749 1383 1820 compellent.
1412 1748 1555 1802 Multi
1574 1743 2048 1811 vero,intolcrabili
2080 1740 2256 1796 affeCti

671 1840 892 1909 dolore,
920 1858 1086 1912 prope
1107 1843 1349 1911 sepulcra
1401 1849 1730 1894 mortuorum
1783 1835 2108 1890 domicilium
2156 1831 2257 1887 sibi

673 1942 904 2003 perenne
925 1933 1315 1988 constituerunt
1339 1971 1355 1998 ,
1386 1931 1437 1985 id
1460 1943 1792 2000 nequaquam
1817 1925 2036 1992 facturi,
2064 1922 2167 1980 nisi
2193 1938 2257 1978 ex

676 2026 778 2081 loci
819 2033 1112 2095 conspectu
1147 2014 1416 2096 quidpiam
1466 2021 1848 2077 consolationis
1874 2018 2256 2088 pereepissent.

675 2115 882 2187 Ecquid
907 2117 974 2172 de
1000 2118 1117 2172 loco
1142 2125 1197 2172 et
1224 2116 1473 2186 sepulcro
1501 2110 1729 2183 loquor?
1756 2127 1875 2168 cum
1905 2111 2070 2165 vestis
2117 2124 2260 2178 saepe

680 2207 792 2269 sola
836 2216 1166 2263 mortuorum
1191 2207 1325 2272 visa,
1359 2216 1449 2262 aut
1490 2205 1707 2261 verbum
1727 2219 1888 2259 unum
1918 2211 2096 2258 mente
2116 2216 2262 2272 repe-

664 2300 850 2362 titum,
879 2301 1114 2354 animum
1142 2298 1408 2365 excitarit,
1439 2308 1492 2352 et
1522 2297 1788 2352 labentem
1826 2294 2139 2350 memoriam
2171 2308 2259 2348 re-

676 2388 901 2445 duxerit.
927 2386 1052 2445 Ideo
1100 2389 1351 2459 reliquias
1377 2396 1679 2444 sanctorum
1700 2387 1853 2442 nobis
1868 2386 2010 2441 Deus
2034 2384 2257 2440 dimisit.

749 2479 837 2534 12.
859 2479 965 2536 SS.
988 2480 1272 2552 Martyrum
1289 2478 1706 2533 miracula.—-Me
1720 2489 1898 2533 autem
1913 2493 2015 2531 non
2035 2477 2148 2532 hanc
2162 2476 2262 2531 fru-

676 2577 783 2624 stra
805 2569 1049 2639 jactitare
1070 2613 1084 2635 ,
1112 2570 1204 2624 sed
1226 2569 1291 2624 ad
1323 2570 1603 2624 utilitatem
1633 2578 1866 2624 nostram
1899 2569 1966 2622 ita
1990 2568 2258 2641 provisum

676 2675 795 2716 esse
817 2702 833 2727 ,
883 2658 1037 2715 fldem
1072 2659 1247 2716 facere
1279 2667 1502 2729 possunt
1531 2659 1784 2714 miracula
1811 2701 1826 2725 ,
1854 2675 1972 2728 quae
1999 2640 2033 2711 7a
2064 2640 2262 2712 sanctis

675 2752 911 2824 quotidie
948 2752 1268 2823 martyribus
1311 2750 1541 2807 eduntur
1572 2792 1587 2816 ,
1617 2764 1825 2805 necnon
1867 2748 2150 2804 multitudo
2189 2750 2261 2802 ita

675 2843 1107 2898 concurrentium
1138 2839 1394 2908 vii-orum,
1424 2857 1521 2897 nec
1547 2841 1719 2896 minus
1747 2883 1762 2906 ,
1786 2856 1943 2909 quam
1975 2840 2059 2894 illa
2080 2880 2096 2906 ,
2121 2839 2261 2894 beati

679 2933 836 3004 hujus
863 2931 962 2988 viri
991 2935 1151 2989 etiam
1197 2942 1317 3002 post
1353 2933 1554 2988 obitum
1608 2933 1860 3002 prmclara
1903 2941 2072 3003 gesta.
2104 2931 2260 2986 Post-

676 3040 833 3094 quam
863 3025 1005 3078 enim
1034 3025 1100 3078 ita
1131 3033 1186 3077 ut
1226 3023 1568 3078 mandaverat
1597 3024 1836 3093 sepultus
1862 3031 1979 3086 est,
2016 3023 2263 3093 longum-

675 3132 779 3186 que
837 3127 1044 3184 tempus
1101 3123 1221 3184 post
1271 3116 1593 3185 sepulturam
1644 3114 1890 3180 efﬂuxit,
1925 3116 1993 3168 ita
2043 3125 2102 3170 ut
2140 3129 2262 3169 ossa

679 3218 880 3262 tantum
912 3219 962 3262 et
984 3209 1156 3279 pulvis
1177 3208 1230 3262 in
1253 3207 1454 3262 tumulo
1482 3216 1810 3274 remaneant,
1842 3209 2014 3262 visum
2043 3216 2128 3262 est
2153 3207 2265 3262 cui-

677 3299 799 3352 dam
826 3314 889 3352 ex
921 3298 984 3352 iis
1004 3339 1019 3362 ,
1051 3299 1139 3367 qni
1173 3312 1354 3368 pOStea
1386 3298 1776 3367 imperaverunt
1809 3338 1823 3360 ,
1860 3297 1910 3351 in
1941 3298 2043 3353 hoc
2067 3297 2262 3352 subur-

678 3386 822 3442 bium
853 3387 1110 3458 Daphnen
1135 3403 1350 3459 capsam
1378 3389 1602 3443 adduci:
1625 3389 1782 3459 idque
1807 3390 1980 3444 visum
2010 3398 2122 3453 est,
2151 3389 2262 3444 Deo

679 3476 1016 3548 Imperatoris
1042 3481 1274 3534 animum
1306 3480 1371 3534 ad
1403 3495 1518 3535 eam
1548 3495 1660 3534 rem
1684 3487 1954 3535 movente.
1975 3479 2104 3535 Cum
2119 3480 2260 3535 enim

678 3569 883 3626 videret
914 3572 1088 3627 locum
1131 3572 1550 3627 adolescentium
1581 3573 1791 3626 lascivia
1823 3614 1837 3637 ,
1890 3587 1989 3627 ceu
2036 3572 2262 3644 quadam

681 3659 958 3731 tyrannide
984 3702 998 3726 ,
1022 3661 1300 3716 obsessum
1334 3701 1348 3725 ,
1382 3661 1452 3715 ita
1475 3671 1532 3714 ut
1564 3661 1853 3730 periculum
1883 3670 2023 3716 esset
2049 3702 2063 3726 ,
2093 3678 2160 3717 ne
2195 3662 2265 3716 ab

680 3749 1096 3813 honestioribns,
1127 3750 1295 3819 iisque
1316 3750 1401 3819 qui
1432 3750 1596 3819 probe
1623 3750 1803 3805 vivere
1833 3751 2028 3806 vellent
2058 3791 2074 3818 ,
2108 3766 2261 3820 pror-

679 3857 768 3893 stts
788 3840 1128 3895 desereretur
1154 3882 1167 3904 ,
1201 3842 1564 3896 misericordia
1586 3851 1760 3896 motus
1781 3856 1940 3911 super
1965 3842 2266 3912 hnjusmodi

679 3935 893 3996 damno,
928 3933 1071 3987 misit
1099 3933 1186 4002 qui
1213 3935 1588 3988 contumeliam
1616 3934 1927 3988 vindicaret.
1957 3934 2094 3988 Dens
2123 3935 2263 3991 enim

680 4024 855 4077 locum
881 4023 1026 4076 illum
1049 4039 1316 4078 ammnnm
1347 4034 1400 4078 et
1426 4025 1705 4079 amabilem
1731 4025 1959 4079 reddidit
1982 4067 1996 4088 ,
2025 4035 2078 4079 et
2099 4040 2265 4095 aqua-

681 4132 798 4170 rum
832 4116 982 4184 cepia
1009 4131 1071 4170 ae
1101 4117 1281 4185 specie
1307 4159 1320 4181 ,
1369 4125 1424 4172 et
1454 4126 1642 4171 natura
1669 4118 1766 4171 soli
1793 4126 1950 4188 atque
1980 4127 2266 4188 tempesta-

682 4214 793 4259 tum
823 4209 1095 4276 temperie,
1117 4224 1219 4261 non
1252 4209 1421 4261 solum
1449 4217 1505 4261 ut
1528 4194 1648 4262 inde
1677 4223 2060 4273 recrearcmnr,
2087 4210 2179 4264 sed
2214 4219 2270 4264 ιιι

681 4301 840 4354 etiam
871 4315 930 4354 ea
959 4300 1027 4356 de
1053 4320 1110 4356 re
1139 4303 1392 4371 Optimum
1421 4301 1675 4371 Opificem
1720 4302 2136 4357 celebraremus.
2169 4303 2269 4358 Sa—

683 4391 809 4445 lutis
837 4407 996 4462 porro
1029 4401 1228 4446 nostra:
1251 4393 1495 4447 inimicus
1517 4437 1529 4457 ,
1555 4394 1643 4462 qni
1673 4393 1764 4447 Dei
1791 4393 1945 4447 donis
1977 4409 2190 4462 semper
2217 4398 2268 4448 in

682 4486 1009 4540 contrarium
1068 4486 1308 4540 abutitur
1342 4528 1355 4548 ,
1411 4495 1782 4554 corruptorum
1809 4486 2062 4555 juvenum
2101 4488 2271 4542 turba:

685 4576 1094 4644 dtemonumque
1138 4575 1420 4630 domiciliis
1450 4585 1764 4644 occupatum
1794 4577 1861 4630 ab
1886 4593 1944 4631 se
1973 4578 2146 4632 locum
2178 4579 2273 4632 ad-

686 4668 869 4722 dicens
897 4707 912 4732 ,
936 4668 1075 4737 turpi
1133 4669 1304 4722 fabula
1351 4668 1545 4723 famam
1577 4669 1692 4738 ejus
1731 4668 2135 4732 dehonestavit,
2168 4685 2271 4739 qua

687 4759 861 4815 fabula
892 4760 1128 4815 suburhii
1156 4762 1322 4830 gratia
1353 4761 1579 4817 dmmoni
1610 4764 2038 4818 consecrabatur.
2073 4763 2270 4818 Fabula

682 4859 865 4906 autem
898 4852 1198 4920 hujusmodi
1230 4863 1330 4907 est.

757 4939 1003 5010 Daphnes
1055 4943 1280 4997 historia.
1346 4974 1415 4984 --
1468 4944 1689 5013 Daphne
1736 4946 1915 5014 puclla.
1958 4955 2113 5009 erat,
2167 4947 2271 5000 filia

688 5032 1090 5091 Ladonileuvii
1124 5051 1282 5089 :nam
1329 5037 1610 5091 erronibus
1651 5038 1753 5090 illis
1801 5053 1914 5090 nios
1938 5054 2147 5108 semper
2178 5039 2274 5094 fuit

688 5125 880 5180 fluvios
918 5127 1192 5196 gignentes
1219 5126 1490 5192 inducere,
1521 5129 1724 5198 prolem
1750 5143 1932 5182 eorum
1958 5129 2006 5182 in
2037 5145 2122 5183 res
2149 5147 2274 5185 sen-

690 5239 752 5278 su
802 5232 1051 5278 carentes
1074 5231 1281 5276 mutare
1316 5263 1330 5284 ,
1363 5230 1417 5275 et
1446 5223 1608 5276 multa
1641 5221 1942 5290 hujusmodi
1971 5235 2273 5291 portentosa

692 5319 913 5387 fingere.
968 5317 1114 5372 lianc
1161 5331 1322 5386 porro
1377 5316 1607 5384 puellam
1651 5315 1936 5370 admodum
1988 5315 2274 5372 formosam

699 5411 992 5478 Apollinem
1021 5400 1289 5480 quondam
1319 5407 1514 5462 vidisse
1559 5416 1810 5472 narrant,
1843 5407 2063 5477 ejusque
2093 5426 2277 5465 amore

694 5512 905 5572 captum
930 5503 1090 5558 fuisse
1115 5520 1128 5569 ;
1160 5502 1528 5570 insequentem
1556 5509 1614 5554 ut
1640 5509 1873 5570 caperet,
1901 5499 2097 5571 fugisse
2124 5505 2277 5572 puel-

695 5595 820 5657 lam,
849 5594 973 5649 etin
1003 5593 1105 5650 hoc
1125 5593 1380 5649 suburbio
1404 5593 1726 5649 Substitisse.
1756 5591 1888 5645 Tum
1915 5604 2137 5649 matrem
2161 5596 2278 5664 ejus

696 5703 852 5759 opem
883 5688 1067 5744 tulisse
1087 5687 1229 5755 lilire,
1261 5703 1329 5743 ne
1358 5687 1601 5757 inju-riam
1627 5694 1923 5756 pateretur,
1945 5695 2100 5757 atque
2123 5703 2279 5758 aper-

697 5789 750 5835 to
785 5781 960 5837 statim
1013 5781 1216 5851 gremio
1246 5780 1502 5852 virginem
1531 5779 1803 5850 excepisse
1834 5821 1848 5848 ,
1880 5796 1938 5837 ac
1970 5797 2064 5852 pro
2097 5781 2269 5851 puclla

3843 335 3946 393 εδει

2364 454 2597 524 plantam
2619 452 2857 525 ejusdem
2881 455 3110 510 nominis
3121 453 3390 519 edidisse;
3414 452 3786 518 lascivummte
3803 469 3950 510 ama-

2363 557 2531 602 torem
2556 546 2827 628 sjnoribus
2856 546 2965 600 suis
2992 544 3312 609 fraudatum,
3339 547 3585 600 arborem
3606 543 3949 614 complexum

2359 655 2478 696 esse
2500 680 2515 704 ,
2545 655 2609 695 ac
2637 647 2747 694 tum
2784 639 3016 708 plantam
3040 677 3057 700 ,
3091 644 3204 692 tum
3249 638 3422 692 locum
3471 638 3641 706 ipsum
3685 634 3788 689 sibi
3822 649 3950 704 pro.

2361 733 2533 802 prium
2564 731 2840 788 eti‘ecisse:
2873 731 2994 786 hinc
3021 730 3368 796 considerein
3394 731 3513 786 loco
3527 743 3761 801 semper,
3793 741 3951 782 eum-

2359 839 2462 895 que
2490 825 2717 889 caeteris,
2746 840 2864 894 quae
2886 838 2981 893 per
3005 822 3192 891 orbem
3219 830 3378 889 sunt,
3409 819 3678 875 anteferre
3705 861 3719 884 ,
3745 832 3812 874 ac
3841 831 3951 886 pra

2360 917 2609 972 omnibus
2634 915 2878 985 diligere.
2931 916 3097 970 Aiunt
3140 916 3269 970 item
3299 928 3483 984 regem
3511 914 3600 983 qui
3629 921 3757 966 tunc
3782 913 3952 980 impe-

2359 1010 2557 1077 rabat,
2603 1009 2860 1079 templum
2904 1017 2958 1063 et
2986 1023 3134 1063 aram
3180 1006 3546 1067 construxisse
3571 1041 3589 1071 ,
3632 1019 3740 1074 quo
3767 1011 3952 1073 poss:-t

2360 1101 2570 1158 dmmon
2603 1086 2859 1156 insaniam
2881 1116 3035 1156 suam
3052 1115 3286 1170 peream
3310 1099 3484 1163 locum
3505 1096 3796 1154 consolari.
3827 1095 3952 1150 [hec

2360 1201 2443 1249 cst
2467 1192 2666 1258 fabula,
2697 1193 2948 1250 damnum
2983 1197 3109 1247 vero
3138 1207 3207 1250 ex
3236 1189 3407 1245 fabula
3433 1193 3677 1245 exortum
3704 1203 3814 1242 non
3837 1188 3950 1257 jam

2359 1283 2536 1340 fabula
2587 1283 2705 1339 fuit.
2759 1285 3046 1355 Postquam
3073 1285 3216 1338 enim
3238 1284 3468 1352 juvenes
3493 1282 3675 1337 laseivi
3703 1280 3950 1335 suhurbii

2363 1376 2806 1448 pulchritudinem
2835 1376 3289 1438 contaminarunt,
3309 1382 3368 1429 ut
3390 1376 3590 1431 dictum
3616 1384 3719 1438 est,
3748 1372 3951 1427 ibidem

2364 1471 2418 1521 in
2455 1467 2940 1522 comessationibns
2979 1475 3033 1522 et
3075 1465 3334 1520 ebrietate
3361 1465 3664 1519 victitantes
3695 1505 3710 1527 ,
3746 1472 3802 1517 ut
3850 1461 3953 1517 hoc

2360 1559 2560 1614 malum
2601 1561 2653 1613 in
2689 1558 2804 1614 dies
2845 1568 3226 1628 propagaretur
3256 1600 3272 1624 ,
3311 1557 3558 1612 diabolus
3585 1556 3841 1610 .fabulam
3874 1554 3952 1610 ef-

2361 1649 2513 1704 flnxit
2544 1692 2558 1711 ,
2587 1650 2991 1720 dmmonemque
3041 1648 3110 1704 ibi
3151 1650 3422 1704 constituit
3451 1687 3467 1712 ,
3501 1656 3559 1702 ut
3588 1647 3701 1701 haec
3731 1648 3952 1701 historia

2361 1739 2534 1808 majus
2573 1740 2678 1794 illis
2701 1740 2931 1794 lascivia;
2959 1749 3012 1793 et
3035 1740 3321 1809 impietatis
3381 1738 3685 1793 incendium
3715 1746 3951 1807 pararet.

2362 1828 2442 1883 Ad
2472 1838 2615 1886 tanta
2671 1829 2829 1898 igitur
2881 1829 3112 1885 tollenda
3151 1831 3289 1885 mala
3319 1829 3462 1884 hunc
3491 1829 3950 1899 sapientissimum

2363 1919 2579 1975 modum
2629 1921 2949 1991 excogitavit
2998 1921 3288 1990 Imperator
3317 1961 3334 1987 ,
3386 1928 3445 1974 ut
3504 1928 3749 1974 sanetum
3803 1919 3953 1972 illum

2364 2010 2714 2075 transferret,
2742 2019 2796 2065 et
2823 2011 3089 2066 medicum
3120 2011 3278 2082 aegris
3306 2013 3557 2066 mitteret.
3603 2010 3734 2064 Nam
3768 2011 3814 2063 si
3840 2011 3956 2078 jus-

2364 2102 2517 2158 sione
2541 2112 2593 2158 et
2620 2105 2936 2158 auctoritate
2984 2102 3326 2172 imperatoria
3357 2102 3567 2156 civibus
3599 2101 3701 2155 iter
3727 2100 3793 2153 ad
3823 2100 3957 2154 sub-

2364 2196 2575 2250 urbium
2607 2196 2992 2261 interdixisset,
3022 2195 3071 2249 id
3103 2197 3456 2266 tyrannicnm,
3491 2196 3598 2250 imo
3623 2195 3958 2250 crudelitatis

2363 2287 2693 2358 feritatisque
2719 2289 2932 2358 plenum
2981 2289 3156 2344 visum
3186 2297 3332 2344 esset
3360 2306 3375 2356 ;
3421 2290 3503 2346 sin
3539 2291 3733 2360 probos
3766 2289 3958 2344 mode-

2362 2389 2580 2451 Stosque
2619 2381 2788 2438 solum
2827 2382 2974 2438 adire
3004 2384 3371 2454 permisisset,
3416 2384 3628 2439 lascivis
3671 2393 3854 2438 autem
3880 2385 3963 2438 in-

2361 2475 2892 2545 temperantibusque
2915 2475 3118 2530 aditum
3145 2475 3536 2532 interclusisset
3561 2515 3577 2541 ,
3622 2474 3960 2530 difficultatis

2365 2563 2582 2633 plenum
2604 2564 2788 2621 fuisset
2817 2565 3090 2621 decretum
3117 2607 3134 2632 ,
3166 2567 3306 2622 unde
3328 2566 3568 2638 quotidie
3604 2566 3726 2623 lites
3755 2568 3960 2623 oboriri

2364 2672 2590 2714 necesse
2613 2668 2745 2724 erat,
2768 2658 2895 2713 dum
2931 2661 3262 2730 singulorum
3291 2661 3397 2714 vita
3421 2659 3828 2730 disquireretnr.
3862 2660 3964 2716 Ita.

2365 2765 2470 2819 que
2499 2751 2666 2806 sancti
2692 2751 2794 2806 viri
2813 2752 3151 2820 praesentiam
3174 2751 3320 2808 hisce
3341 2754 3498 2807 malis
3537 2755 3800 2833 optimum
3840 2755 3963 2809 exi-

2367 2851 2477 2897 tum
2528 2844 2806 2898 allaturam
2853 2859 2974 2900 esse
2998 2847 3229 2914 putavit:
3263 2856 3550 2919 martyrem
3592 2848 3789 2917 quippe
3844 2850 3963 2905 sol-

2365 2935 2553 2991 vendat
2577 2933 2836 2991 daemonis
2861 2939 3113 3006 potentia:
3137 2937 3659 3008 juvenumqueluxui
3675 2940 3962 2994 emendau-

2364 3027 2436 3082 do
2482 3043 2663 3097 parem
2710 3043 2832 3084 esse
2885 3030 3247 3099 inteiligebat:
3301 3047 3472 3100 neque
3520 3047 3618 3101 spe
3647 3033 3826 3102 lapsus
3854 3044 3961 3087 est.

2367 3119 2556 3174 Statim
2583 3123 2723 3176 enim
2750 3131 2909 3191 atque
2928 3123 3185 3191 Daphnen
3211 3123 3327 3193 quis
3353 3125 3566 3179 advenit
3589 3167 3603 3190 ,
3632 3135 3684 3179 et
3710 3140 3740 3179 a
3765 3125 3965 3191 suber-

2365 3210 2438 3265 bii
2466 3211 2647 3265 limine
2667 3213 2976 3284 martyrium
2999 3215 3304 3284 conspicit,
3335 3216 3413 3270 sic
3449 3217 3758 3285 reprimitur
3786 3259 3800 3283 ,
3831 3232 3892 3279 ac
3916 3219 3965 3273 si

2367 3303 2485 3373 quis
2510 3305 2720 3374 juvenis
2765 3306 2817 3360 in
2871 3307 3116 3362 convivio
3167 3310 3509 3380 paedagogum
3541 3309 3841 3364 adstantem
3875 3291 3971 3366 Iin-

2368 3403 2553 3462 tuens,
2582 3405 2739 3466 atque
2764 3399 2918 3452 oculo
2947 3399 3344 3469 prmcipientem
3375 3441 3389 3465 ,
3420 3409 3477 3455 ut
3503 3399 3698 3456 decore
3746 3411 3966 3457 servato

2367 3485 2535 3552 bibat,
2568 3488 2831 3552 comedat,
2862 3488 3112 3559 loquatur
3143 3532 3157 3558 ,
3199 3490 3369 3545 rideat
3401 3532 3416 3555 ,
3444 3502 3735 3561 eaveatque
3763 3509 3832 3549 ne
3849 3510 3971 3548 mo-

2368 3579 2494 3634 dum
2572 3583 2836 3637 excedens
2890 3583 3338 3639 existimationem
3409 3600 3560 3640 suam
3608 3585 3964 3642 dehonestet:

2369 3675 2693 3747 aspectuque
2733 3678 2821 3731 tali
2867 3678 3169 3748 religiosior
3207 3678 3376 3734 factus
3399 3723 3413 3746 ,
3447 3675 3766 3751 beatumque
3811 3680 3966 3736 illum

2369 3765 2549 3821 animo
2570 3767 2668 3821 sibi
2696 3779 3086 3838 reprmsentans
3115 3811 3128 3833 ,
3155 3770 3220 3824 ad
3252 3786 3466 3840 capsam
3487 3772 3666 3826 statim
3685 3783 3964 3842 properat;

2370 3875 2476 3929 quo
2518 3876 2640 3916 cum
2695 3863 2998 3930 pervenerit
3027 3904 3041 3926 ,
3072 3863 3275 3931 majore
3332 3864 3565 3920 afficitur
3604 3875 3788 3930 metu;
3840 3882 3968 3921 mox

2372 3949 2579 4020 ignavia
2607 3951 2790 4020 procul
2813 3952 3001 4006 abacta
3025 3993 3038 4016 ,
3087 3968 3186 4007 ceu
3215 3954 3445 4009 volatilis
3480 3955 3709 4022 faetus‘,
3756 3957 3824 4011 ita
3855 3956 3970 4012 dis-

2372 4041 2533 4096 cedit.
2558 4043 2730 4113 Atque
2761 4058 2874 4110 eos,
2902 4060 3037 4114 quos
3067 4062 3132 4100 ex
3163 4047 3293 4100 urbe
3315 4047 3663 4103 ascendentes
3688 4049 3738 4102 in
3769 4050 3852 4104 via
3881 4052 3967 4104 of-

2374 4133 2561 4202 fcndit,
2589 4135 2698 4203 pari
2735 4149 2855 4189 cum
2885 4139 3234 4206 temperantia
3263 4137 3518 4208 Daphnen
3547 4149 3843 4193 recreatum
3877 4157 3967 4196 re-

2375 4227 2556 4291 mittit,
2591 4236 2792 4281 tantum
2822 4243 2925 4280 non
2955 4243 3139 4282 vocent
3169 4229 3309 4282 illam
3334 4231 3649 4294 inclamans,
3694 4231 3968 4290 Exsultale

2378 4316 2594 4371 Domino
2620 4319 2671 4371 in
2699 4318 3095 4390 tremore(Psal.
3127 4319 3181 4372 2.
3209 4318 3317 4392 ll),
3348 4321 3588 4391 illudque
3607 4324 3965 4390 apostolicum

2375 4409 2649 4478 adjicieus,
2671 4406 2791 4464 Sive
2819 4413 3135 4465 manducetis
3156 4454 3169 4475 ,
3198 4414 3299 4465 sive
3327 4413 3517 4477 bibitis,
3553 4415 3654 4468 sive
3677 4416 3822 4468 aliud
3844 4419 3970 4486 quid

2378 4499 2740 4570 facitis,aamia
2769 4501 2836 4553 ad
2863 4502 3076 4570 gloriam
3100 4500 3194 4554 Dei
3220 4503 3466 4572 facile“.
3503 4503 3832 4575 Cor.10.31).
3861 4505 3971 4561 Eos

2377 4602 2552 4646 autem
2579 4593 2908 4664 quisumpto
2931 4596 3053 4648 cibo
3091 4596 3141 4648 in
3175 4597 3360 4650 urbem
3396 4596 3748 4661 descendunt,
3769 4600 3812 4654 si
3835 4615 3968 4654 con-

2377 4685 2542 4755 tingat
2568 4701 2792 4741 cxcusso
2823 4687 2971 4741 freno
2993 4689 3208 4758 segnius
3223 4690 3412 4758 egisse,
3443 4692 3668 4762 atquein
3696 4693 3971 4762 crapulam

2379 4777 2741 4848 absurdasqne
2761 4779 2978 4834 delicias
2996 4780 3245 4849 delapsos
3266 4795 3404 4845 esse,
3426 4797 3541 4847 eos,
3573 4785 3784 4853 inquam
3825 4787 3972 4838 ebri-

2378 4885 2441 4925 os
2463 4872 2511 4924 in
2530 4871 2824 4926 diversorio
2845 4887 2941 4926 suo
2953 4883 3202 4941 exceptos
3220 4888 3323 4927 non
3343 4875 3469 4926 sinit
3488 4875 3757 4929 ebrietatis
3773 4875 3976 4931 damno

2381 4963 2599 5018 affectos
2634 4964 2849 5019 domum
2883 4964 3046 5028 abire,
3071 4965 3163 5019 sed
3199 4966 3412 5021 incusso
3440 4967 3630 5021 timore
3645 4967 3707 5019 ad
3723 4968 3974 5022 eamdem

2385 5056 2794 5124 temperantiam
2825 5056 3073 5120 adducit,
3107 5072 3262 5125 quam
3292 5058 3878 5126 servabantantequam
3919 5061 3972 5114 iu

2383 5147 2692 5203 ebrietatem
2725 5147 3183 5218 demergerentur.
3210 5148 3419 5201 Etenim
3449 5149 3598 5219 quasi
3630 5151 3803 5204 tenuis
3824 5169 3976 5220 quzc-

2383 5239 2502 5292 dam
2532 5254 2658 5293 aura
2678 5238 2890 5308 eos,qui
2920 5242 2970 5292 in
2994 5242 3252 5311 martyrio
3266 5234 3500 5305 fuerunt,
3518 5241 3746 5311 undique
3764 5243 3977 5311 perflat;

2395 5348 2544 5399 aura,
2580 5332 2831 5402 inquam,
2864 5349 2966 5385 non
2990 5334 3257 5388 sensibilis
3300 5375 3314 5399 ,
3369 5349 3467 5388 nec
3492 5335 3736 5403 augendo
3757 5340 3981 5404 corpori

2387 5435 2506 5493 apta
2543 5465 2555 5488 ,
2609 5424 2702 5478 sed
2756 5440 2873 5494 quat
2901 5425 2951 5478 in
2987 5425 3152 5495 ipsam
3171 5426 3402 5479 animam
3437 5435 3680 5495 penetret
3709 5469 3724 5492 ,
3749 5441 3982 5494 eamque

2387 5516 2620 5585 undique
2649 5517 2901 5573 decenter
2917 5527 3234 5586 componat,
3255 5533 3468 5573 omnem
3495 5528 3760 5573 terrenam
3781 5519 3982 5574 molem

2388 5609 2707 5679 prtuscittdat
2735 5652 2749 5674 ,
2778 5625 3001 5679 eamque
3031 5621 3370 5681 aggravatam
3403 5619 3454 5666 et
3479 5609 3744 5665 labentem
3769 5620 3985 5666 recreet

2387 5713 2448 5749 ac
2475 5697 2733 5750 leviorem
2765 5696 2973 5751 reddat.

2458 5787 2474 5816 ι
2513 5781 2661 5846 Aliqui
2686 5783 2743 5832 ad
2767 5795 2938 5845 marg,
2964 5781 3157 5833 htmtt’lt's
3176 5784 3368 5856 factas.
