4220 6300
243 409 346 467 εδδ

312 539 399 594 15.
429 535 500 591 Et
525 536 744 607 quidem
777 533 1027 605 Daphnes
1067 529 1408 602 pulchritudo
1428 528 1513 585 vel
1557 527 1836 599 segniores

239 629 310 684 ad
352 644 412 684 se
451 628 651 684 illicit:
697 638 901 698 martyr
944 638 1073 679 vero
1119 639 1220 679 ceu
1259 623 1311 677 in
1358 620 1564 690 piscatu
1606 619 1837 688 quodam

241 720 458 780 sedens,
486 733 551 792 ac
586 716 1009 788 ingredientibus
1050 713 1268 769 insidias
1317 727 1530 782 parans,
1559 725 1654 765 eos
1698 709 1838 763 intc-

242 815 344 879 riin
381 814 608 875 detinet,
638 812 757 866 illos
779 809 928 878 prius
952 808 1204 863 decenter
1227 806 1465 872 allectos,
1488 805 1565 859 sic
1593 800 1836 888 remittit,

244 915 302 960 ut
323 917 502 960 amata
519 918 624 958 non
657 901 1063 963 contumeliose,
1087 898 1182 953 sed
1208 906 1566 966 temperanter
1583 897 1633 949 iu
1655 903 1839 964 poste-

243 1003 363 1053 rum
392 1006 629 1051 utantur.
659 995 793 1060 Quia
807 994 947 1048 enim
965 1009 1030 1049 ex
1054 985 1356 1046 hominibus
1374 989 1460 1043 alii
1479 988 1722 1059 segnitie,
1751 987 1841 1042 alii

246 1085 598 1141 saecularibus
641 1085 784 1140 curis
832 1083 1068 1147 abducti,
1111 1082 1303 1136 nolunt
1345 1081 1636 1151 martyrum
1659 1078 1841 1132 thecas

247 1179 419 1245 adire,
451 1178 570 1233 ideo
607 1177 834 1247 providit
881 1176 1023 1230 Deus
1049 1183 1106 1229 ut
1132 1174 1236 1229 hoc
1280 1173 1617 1233 irretireutur
1659 1170 1837 1236 modo,

247 1278 298 1326 et
326 1270 522 1323 anima:
544 1269 819 1323 curatione
843 1266 1158 1336 medelaque
1182 1264 1507 1321 fruerentur.
1527 1264 1596 1318 Et
1622 1262 1844 1334 perinde

247 1359 445 1415 accidit
472 1375 536 1415 ae
559 1361 602 1414 si
632 1361 749 1430 quis
769 1374 970 1428 :egrum
1017 1356 1363 1428 congruentia
1383 1355 1618 1411 remedia
1644 1354 1840 1409 admit-

251 1463 365 1507 tere
397 1453 668 1507 nolentem
699 1492 717 1518 ,
747 1451 1095 1519 pharmaeum
1125 1449 1264 1503 dulei
1292 1447 1633 1502 condimento
1678 1446 1846 1501 obdu-

251 1553 395 1599 ctum
424 1544 675 1608 offerens,
708 1544 999 1614 deciperet.
1027 1543 1117 1598 Sic
1142 1543 1300 1611 igitur
1325 1542 1574 1611 paulatim
1603 1540 1668 1595 ad
1699 1541 1845 1594 sani-

253 1644 417 1690 tatem
442 1635 667 1700 reducti,
701 1651 765 1690 eo
793 1635 1128 1704 perveniunt,
1160 1642 1217 1687 ut
1238 1648 1343 1688 non
1380 1633 1489 1704 jam
1518 1633 1726 1689 delicize
1755 1647 1844 1686 so-

253 1728 386 1793 lum,
421 1727 516 1782 scd
544 1729 702 1782 etiam
727 1729 893 1782 sancti
924 1727 1244 1784 desiderium
1271 1727 1582 1783 suburbium
1617 1725 1847 1781 adeundi

251 1819 468 1875 occasio
494 1820 563 1872 sit
592 1819 802 1881 multis;
828 1820 1083 1873 imovero
1105 1819 1195 1888 qui
1218 1817 1567 1872 modestiores
1583 1829 1725 1883 sunt,
1750 1815 1852 1873 hac

255 1925 359 1964 una
380 1910 450 1964 de
471 1924 629 1964 causa
660 1909 751 1964 illo
777 1910 1066 1974 accedunt;
1094 1909 1182 1980 qui
1212 1910 1264 1963 in
1295 1909 1485 1963 minori
1507 1908 1696 1979 gradu,
1716 1909 1851 1962 utri-

253 2014 423 2069 usque
447 2000 522 2053 rei
544 2013 698 2053 causa
717 2017 730 2062 ;
750 1999 835 2069 qui
857 2015 985 2054 vero
999 1999 1250 2054 bisetiam
1273 1998 1691 2069 imperfectiores
1707 2007 1852 2069 Sunt,

253 2092 322 2146 ob
349 2090 572 2144 delicias
610 2099 813 2144 tantum
839 2106 905 2144 co
933 2091 1227 2145 ascendunt
1259 2107 1271 2142 :
1305 2104 1424 2144 cum
1461 2100 1639 2145 autem
1669 2105 1734 2146 eo
1761 2090 1854 2144 ad-

254 2184 523 2247 venerint,
551 2181 750 2236 accitos
788 2190 990 2252 martyr
1034 2197 1154 2236 cum
1197 2183 1308 2235 suis
1344 2182 1516 2250 epulis
1558 2183 1851 2251 exceperit,

254 2274 456 2342 optima
485 2274 722 2327 munitos
769 2283 1061 2340 armatura,
1088 2289 1190 2328 non
1241 2274 1366 2327 sinit
1404 2274 1676 2344 quidpiam
1728 2274 1854 2329 mali

257 2365 362 2433 pati
396 2365 766 2435 :periudeque
811 2367 1006 2419 mirum
1060 2375 1176 2430 est,
1222 2368 1435 2421 mollem
1480 2376 1533 2422 et
1571 2365 1854 2422 socordem

255 2456 486 2526 aliquem
533 2465 918 2526 temperantem
963 2457 1221 2523 reddere,
1273 2468 1329 2513 et
1372 2459 1525 2529 quasi
1567 2474 1631 2514 ex
1680 2459 1854 2514 media

257 2544 465 2600 insania
491 2546 768 2612 reducere,
802 2558 857 2602 ut
879 2549 988 2603 illic
1007 2548 1258 2614 efﬁcitur,
1290 2565 1351 2604 ac
1373 2552 1416 2603 si
1439 2551 1558 2619 quis
1588 2551 1639 2603 in
1681 2550 1858 2604 forna-

255 2653 373 2695 cem
396 2639 620 2708 illapsus
643 2641 772 2694 nihil
800 2655 865 2694 cx
897 2641 1017 2710 igne
1039 2642 1218 2695 damni
1258 2650 1546 2711 pateretur.
1571 2642 1704 2696 Nam
1731 2643 1855 2698 dum

252 2730 531 2799 juventus,
563 2730 810 2799 petulans
851 2731 1092 2796 audacia,
1122 2733 1326 2798 vinum,
1365 2734 1584 2788 satietas
1621 2733 1859 2804 qualibet

256 2823 474 2877 ﬂamma
519 2823 894 2878 vehementius
939 2825 1314 2894 cogitationem
1361 2827 1649 2893 invadunt,
1691 2843 1781 2882 ros
1825 2843 1857 2882 a

259 2917 421 2972 beato
471 2917 587 2970 viro
634 2917 924 2983 immissus,
961 2933 1058 2987 per
1096 2919 1280 2973 oculos
1321 2921 1372 2973 in
1415 2920 1585 2989 ipsum
1628 2921 1855 2976 desceno

254 3009 393 3064 dens
422 3007 681 3073 animam,
707 3006 977 3062 flammam
1018 3008 1178 3078 sopit,
1207 3009 1514 3064 incendium
1545 3013 1854 3082 exstinguit,

255 3114 615 3170 magnamque
663 3100 914 3168 pietatem
948 3102 1000 3154 in
1024 3102 1259 3157 animum
1306 3103 1543 3157 instillat.
1568 3103 1660 3160 Sic
1701 3105 1860 3173 igitur

254 3197 474 3244 sanctus
517 3190 606 3244 ille
645 3189 881 3244 lascivia:
922 3192 1258 3262 tyrannidem
1303 3193 1480 3248 solvit.
1522 3193 1639 3262 Quo
1677 3203 1856 3249 autem

257 3289 418 3350 pacto
443 3280 709 3336 dtemonis
736 3289 1052 3349 potestatem
1081 3285 1376 3338 exstinxit?
1419 3285 1597 3340 Primo
1639 3287 1854 3356 quidem

255 3382 370 3426 tum
398 3373 586 3427 sedem
615 3388 800 3428 eorum
832 3374 1000 3442 illam,
1041 3385 1149 3430 tmn
1175 3375 1368 3432 fabula!
1394 3394 1587 3434 noxam
1615 3380 1856 3436 inutilem

256 3463 510 3528 reddidit,
537 3464 839 3534 deindeque
859 3465 1159 3522 dmmonem
1191 3484 1411 3538 prorsus
1438 3473 1630 3540 exegit.
1653 3472 1853 3528 Verum

257 3563 545 3623 antequam
574 3555 854 3624 ejectionis
879 3556 1097 3612 modum
1122 3559 1316 3624 dicam,
1338 3561 1464 3616 illud
1495 3578 1589 3616 vos
1617 3565 1861 3619 animad-

230 3653 472 3699 vertere
498 3660 649 3716 rogo,
679 3661 803 3700 eum
831 3649 1032 3703 scilicet
1072 3666 1179 3705 non
1219 3652 1400 3706 statim
1445 3663 1605 3724 atque
1642 3655 1859 3711 advenit

257 3734 561 3791 dazmonem
604 3739 907 3810 expulisse,
949 3740 1046 3795 sed
1085 3752 1392 3798 manentem
1443 3744 1590 3805 illum
1637 3747 1857 3817 agendis

257 3826 421 3881 rebus
453 3828 693 3897 ineptum
726 3828 1043 3896 reddidisse,
1074 3846 1241 3903 osque
1263 3834 1339 3887 illi
1371 3835 1674 3904 obturasse,
1705 3839 1775 3892 ita
1799 3848 1858 3894 ut

258 3921 538 3989 plusquam
568 3910 772 3990 lapides
793 3933 996 3977 mutum
1029 3925 1201 3994 ipsum
1232 3927 1482 3983 redderet
1513 3947 1524 3981 :
1555 3945 1654 3985 nec
1681 3933 1857 3987 minus

256 4023 377 4066 erat
419 4025 726 4070 manentem
773 4030 1052 4087 superare,
1099 4034 1258 4089 quam
1300 4021 1593 4090 expellere.
1645 4026 1723 4078 Ac
1766 4026 1856 4094 qui

257 4103 408 4172 prius
439 4120 629 4159 omnes
657 4106 852 4176 ubique
883 4108 1128 4182 homines
1173 4109 1493 4181 decipiebat,
1523 4129 1591 4168 ne
1618 4114 1855 4170 cinerem

255 4195 474 4266 quidem
519 4195 658 4251 beati
706 4198 921 4270 Babyla:
973 4201 1243 4270 respicere
1283 4203 1513 4259 audebat
1543 4222 1557 4261 :
1587 4214 1729 4260 tanta
1774 4213 1860 4260 est

254 4297 566 4345 sanctorum
607 4300 842 4360 potestas
867 4334 881 4359 ,
930 4309 1157 4363 quorum
1199 4295 1487 4350 viventium
1529 4313 1598 4352 ne
1642 4298 1858 4354 umbras

257 4381 477 4451 quidem
503 4397 676 4452 neque
717 4383 1036 4439 vesﬁmenta
1083 4385 1297 4453 ferunt,
1338 4396 1671 4443 mortuorum
1729 4405 1858 4446 vero

254 4486 448 4543 capsas
494 4481 749 4527 tremunt.
777 4473 960 4546 Itaque
981 4477 1028 4530 si
1055 4478 1175 4548 quis
1214 4480 1580 4547 apostolorum
1606 4482 1774 4551 gestis
1795 4481 1858 4537 ﬁ-

253 4560 382 4615 dem
413 4578 521 4616 non
556 4563 732 4629 habet,
763 4563 847 4620 his
887 4567 1078 4622 saltem
1122 4555 1424 4639 conépeetis
1467 4573 1853 4642 impudentiam

255 4655 477 4710 tandem
523 4669 702 4725 ponat.
731 4657 863 4711 Nam
889 4661 978 4726 qui
1003 4661 1200 4726 omnia,
1231 4677 1349 4731 qua:
1374 4665 1648 4733 gentilium
1674 4676 1852 4729 erant,

252 4747 385 4801 olim
431 4747 651 4811 vicerat,
680 4764 709 4801 a
736 4760 971 4821 martyre
1014 4759 1260 4821 tanquam
1285 4753 1352 4808 ab
1379 4753 1511 4809 hero
1554 4755 1858 4826 increpatus

257 4837 491 4890 latrandi
519 4835 679 4891 ﬁnem
715 4839 859 4904 fecit,
894 4854 993 4895 nec
1015 4841 1150 4895 ultra
1196 4842 1445 4911 loquutus
1471 4853 1570 4900 est.
1606 4848 1650 4900 A
1683 4848 1856 4916 primo

251 4927 475 4998 quidem
504 4928 800 4995 videbatur,
821 4930 962 5000 quod
995 4932 1378 4988 sacriﬁciorum
1424 4938 1710 5006 cmterique
1737 4939 1854 4992 cul~

254 5029 345 5073 tus
393 5019 662 5089 particeps
707 5037 813 5074 non
853 5031 1016 5084 esset,
1051 5022 1101 5077 id
1129 5023 1326 5080 facere.
1360 5027 1456 5082 llic
1481 5029 1624 5082 enim
1655 5029 1856 5084 daemo—

255 5125 387 5164 num
415 5125 533 5164 mos
558 5119 641 5166 est
670 5129 684 5164 :
715 5127 836 5167 cum
869 5113 1112 5170 homines
1141 5116 1348 5183 nidore,
1382 5119 1526 5175 fumo
1569 5124 1856 5193 sanguine-

255 5215 364 5268 que
395 5201 540 5270 ipsos
561 5203 764 5268 colunt,
797 5213 1047 5275 tanquam
1075 5221 1236 5262 canes
1263 5212 1588 5280 sanguinarii
1616 5224 1669 5269 et
1697 5232 1854 5271 vora-

254 5305 350 5346 ces
377 5291 642 5348 lambendi
672 5309 831 5350 causa
866 5295 1088 5362 adsunt;
1118 5314 1238 5353 cum
1271 5313 1449 5355 autem
1478 5320 1662 5360 rursus
1696 5323 1855 5362 nemo

255 5381 550 5453 quidquam
599 5386 800 5454 prmbet
844 5386 1147 5456 ltujusmodi
1175 5432 1190 5456 ,
1239 5393 1388 5462 quasi
1427 5393 1564 5450 fame
1603 5409 1848 5467 pereunt.

257 5475 395 5528 Dum
417 5474 672 5530 sacriﬁcia
693 5475 1009 5544 offeruntur,
1029 5480 1154 5534 dum
1185 5485 1354 5552 turpia
1375 5486 1719 5544 celebrantur
1738 5507 1856 5562 my-

255 5568 457 5634 steria;
508 5569 637 5623 nihil
685 5570 828 5625 enim
873 5572 1015 5628 aliud
1060 5583 1186 5630 sunt
1232 5579 1508 5647 gentilium
1555 5588 1804 5655 mysteria
1831 5630 1847 5653 ,

255 5675 419 5730 quam
458 5660 696 5717 obsceni
726 5677 958 5731 amores,
990 5680 1272 5749 puerorum
1302 5675 1662 5744 contumelias,
1690 5680 1848 5734 adui-

257 5755 411 5822 teria,
441 5752 726 5810 domorum
769 5754 1182 5816 subversiones:
1223 5762 1378 5818 mitto
1427 5780 1567 5822 nunc
1615 5773 1844 5832 ciuilium

1067 402 1154 458 DE
1191 401 1249 458 S.
1291 401 1593 468 BABYLA,
1630 396 1902 457 CONTRA
1943 394 2286 455 JU’LIANUM
2327 398 2418 458 ET
2457 401 2805 463 GENTILES

3434 409 3537 466 558

1945 509 2193 570 sinistros
2221 529 2400 572 mores
2422 516 2462 584 ί,
2486 531 2548 570 ac
2574 517 2704 587 ipsis
2730 517 2966 576 caedibus
2997 520 3290 592 iniquiores
3313 541 3535 586 canas:

1943 599 2071 656 dum
2097 601 2501 674 lt:ec,linquatn,
2544 607 2902 675 celebrantur,
2949 611 3145 671 adsunt
3166 625 3221 672 et
3247 616 3538 678 laztantur:

1943 696 2152 749 etiamsi
2181 695 2430 763 maleﬁci,
2463 699 2669 754 etiamsi
2716 703 3152 773 prmstigiatores,
3189 707 3399 764 etiamsi
3440 727 3539 783 pe.

1943 797 2050 841 stes
2073 789 2200 856 sint,
2223 790 2311 859 qui
2339 791 2462 845 talia
2507 805 2766 864 peragunt
2804 795 3087 867 mySteria;
3115 803 3225 855 imo
3263 816 3393 858 vero
3433 821 3540 861 non

1943 879 2031 933 alii
2080 889 2205 934 sunt
2239 882 2330 950 qui
2377 881 2492 936 lucc
2533 884 2930 942 administrant.
2981 888 3208 960 Sapiens
3247 893 3390 947 enim
3435 896 3536 962 vir,

1943 973 2144 1041 probus
2170 984 2331 1045 atque
2359 980 2633 1037 modestus
2659 997 2759 1039 nec
2783 983 3224 1042 comessatihncm
3249 1003 3348 1044 nec
3366 990 3542 1050 ebrie-

1945 1071 2105 1118 tatem
2134 1066 2384 1137 admittit,
2415 1088 2513 1127 nec
2542 1075 2855 1131 obscmnum
2881 1079 3103 1154 verbium
3123 1083 3338 1145 emittit,
3367 1099 3540 1153 neque

1944 1154 2105 1209 alium
2135 1159 2256 1213 talia
2286 1161 2644 1228 proferentem
2668 1165 2856 1223 audire
2880 1168 3013 1224 vult.
3044 1172 3204 1242 Atqui
3227 1175 3534 1243 oportebat,

1945 1247 1990 1300 si
2015 1247 2082 1304 de
2123 1251 2397 1307 hominum
2445 1258 2641 1313 virtute
2680 1260 2948 1316 sollicitus
2994 1273 3160 1332 esset,
3194 1275 3250 1320 et
3277 1265 3324 1321 si
3349 1283 3541 1338 sequa-

1944 1339 2085 1393 cium
2116 1357 2335 1398 suorum
2382 1344 2688 1409 felicitatem
2723 1352 2804 1407 vel
2829 1354 3094 1409 tantillum
3137 1366 3373 1422 curaret,
3408 1359 3541 1415 nihil

1946 1434 2124 1504 potius
2161 1437 2454 1506 requirere,
2500 1455 2658 1511 quam
2705 1445 2866 1500 vitam
2920 1450 3180 1518 Optimam
3226 1465 3547 1522 morumque

1950 1525 2291 1594 probitatem,
2319 1537 2480 1600 atque
2514 1532 2631 1588 illas
2655 1549 2846 1594 omnes
2887 1539 3225 1609 turpissimas
3271 1542 3436 1614 dapes
3457 1561 3546 1598 re-

1948 1616 2208 1687 linquere.
2241 1620 2349 1675 Sed
2372 1624 2493 1692 quia
2526 1623 2800 1682 hominum
2823 1630 3059 1698 pernicie
3085 1633 3217 1687 nihil
3243 1635 3371 1703 ipsis
3392 1651 3546 1705 opta-

1952 1709 2058 1765 tius
2082 1719 2183 1777 est,
2218 1712 2282 1768 iis
2320 1714 2571 1770 laetantur
2616 1731 2841 1789 seseque
2889 1720 3140 1776 honorari
3189 1723 3392 1791 dicunt,
3423 1743 3543 1798 que

1951 1801 2113 1856 vitam
2139 1812 2375 1859 nostram
2420 1808 2756 1877 subvertere,
2785 1813 3071 1883 omniaque
3121 1814 3259 1870 bona
3306 1816 3547 1874 funditus

1951 1893 2182 1949 evellere
2202 1896 2394 1952 solent.

2025 1987 2112 2042 M.
2155 1986 2368 2043 Damton
2394 1992 2497 2045 sive
2519 1996 2780 2053 oraculum
2808 1997 3060 2068 Apollinis
3087 2011 3217 2058 tacet
3245 2006 3308 2060 ob
3332 2021 3548 2078 prama-

1951 2079 2075 2130 tiam
2101 2077 2450 2150 Reliquiarum
2475 2083 2536 2139 S.
2557 2084 2785 2157 Babylaa.
2815 2089 3056 2148 Julianus
3085 2077 3549 2165 Apostalarcultum

1953 2168 2162 2222 deorum
2188 2171 2454 2226 instaurat.
2473 2176 2743 2233 —Printo
2767 2181 2980 2251 quidem
3009 2184 3286 2242 videbatur
3305 2187 3392 2244 hic
3416 2206 3550 2262 quo-

1953 2277 2057 2330 que
2087 2261 2299 2342 darmon
2330 2265 2449 2321 ideo
2486 2276 2696 2334 tacere;
2725 2274 2817 2327 sed
2850 2283 2908 2329 ut
2937 2285 3120 2344 postea
3149 2281 3324 2351 palam
3349 2261 3548 2339 factum

1953 2362 2038 2406 est
2061 2393 2074 2415 ,
2104 2354 2334 2410 violenta
2358 2362 2671 2416 necessitate
2693 2366 3016 2436 prn~peditus
3037 2380 3188 2425 erat:
3212 2381 3387 2428 metus
3407 2376 3549 2430 cuitu

1956 2444 2243 2501 imminens
2270 2447 2437 2504 instar
2463 2451 2619 2516 freni,
2648 2470 2714 2510 ne
2740 2457 2897 2514 solita
2923 2471 3108 2515 contra
3138 2461 3383 2520 homines
3408 2465 3545 2522 frau-

1955 2537 2023 2593 de
2054 2549 2293 2595 uteretnr
2316 2583 2331 2609 ,
2363 2542 2702 2613 impediebat.
2755 2548 2908 2605 Unde
2938 2551 3049 2607 "hoc
3089 2554 3291 2625 liquet?
3323 2558 3444 2614 .Sed
3483 2577 3550 2616 ne

1961 2631 2279 2700 turbemiui;
2320 2651 2440 2690 nam
2471 2637 2536 2692 ad
2570 2638 2620 2692 id
2649 2639 3122 2699 demonstrandum
3142 2651 3554 2717 propero’,post-

1956 2737 2020 2776 ea
2061 2739 2191 2779 vero
2253 2741 2318 2780 ne
2348 2726 2411 2783 iis
2431 2729 2676 2799 quidem,
2710 2733 2799 2800 qui
2829 2733 3168 2804 impudenter
3194 2753 3352 2808 agere
3383 2742 3548 2796 medi-

1926 2872 1928 2874 ,
1957 2825 2139 2872 tantur
2161 2858 2178 2884 ,
2217 2818 2272 2874 id
2315 2819 2532 2889 licebit;
2567 2839 2672 2877 non
2709 2826 2849 2880 circa
2882 2837 3062 2883 vetera
3092 2831 3180 2884 illa
3211 2831 3264 2886 id
3295 2842 3552 2902 przestare

1956 2915 2238 2976 poterunt,
2270 2925 2374 2964 non
2415 2911 2558 2968 circa
2590 2917 2839 2987 martyris
2879 2929 3197 2987 petestatem
3223 2964 3238 2990 ,
3273 2939 3377 2977 non
3410 2926 3551 2981 circa

1955 2998 2258 3055 dmmonum
2292 3002 2676 3060 inﬁrmitatem.
2712 3007 2825 3081 Non
2857 3010 3200 3080 coniecturis,
3229 3015 3334 3069 neu
3362 3017 3546 3071 verisi-

1956 3091 2255 3149 militudine
2298 3095 2363 3148 ad
2410 3096 2462 3149 id
2507 3097 2984 3156 demonstrandum
3031 3120 3166 3174 opus
3210 3106 3420 3175 habeo,
3455 3109 3551 3164 sed

1959 3181 2130 3251 ipsum
2156 3183 2416 3239 daemonis
2438 3201 2598 3256 super
2619 3189 2702 3246 his
2727 3192 3093 3248 testimonium
3116 3196 3405 3253 exhibebo.
3435 3199 3552 3270 Ipse

1956 3274 2099 3328 enim
2129 3276 2379 3332 lethalcm
2412 3281 2562 3335 vobis
2588 3282 2795 3354 plagam
2823 3284 3036 3354 inﬂixit,
3062 3296 3403 3362 vestramque
3437 3309 3551 3349 om-

1957 3383 2080 3421 nem
2118 3368 2364 3424 ﬁduciam
2394 3373 2652 3442 prmcidit.
2691 3377 2756 3432 At
2799 3393 2894 3433 vos
2929 3395 2997 3434 ne
3029 3381 3103 3435 illi
3144 3387 3544 3441 succenseatis:

1959 3473 2065 3512 non
2094 3461 2237 3514 enim
2269 3470 2458 3531 sponte
2487 3480 2574 3518 res
2600 3480 2726 3522 suas
2758 3474 3062 3538 prostravit,
3091 3476 3183 3529 sed
3211 3477 3399 3546 majori
3430 3494 3558 3533 coa—

1955 3561 2072 3606 ctus
2100 3553 2294 3614 virtute
2318 3555 2370 3608 id
2391 3555 2584 3612 effecit.
2615 3558 2673 3613 ld
2697 3575 2823 3616 vero
2843 3579 2949 3633 quo
2969 3565 3126 3620 modo
3149 3577 3200 3622 et
3222 3583 3326 3639 qua
3347 3571 3557 3625 ratione

1956 3641 2153 3699 factum
2196 3645 2315 3699 est?
2362 3647 2571 3703 Mortuo
2614 3666 2680 3706 eo
2720 3651 3079 3724 lmpcratore,
3124 3661 3213 3728 qui
3262 3673 3552 3735 martyrem

1957 3737 2339 3802 transtulerat,
2370 3739 2586 3797 fratrem
2621 3743 2738 3812 ejus
2775 3746 3057 3817 imperium
3097 3762 3470 3822 suscepturum
3500 3757 3552 3811 in

1956 3827 2191 3882 medium
2217 3829 2466 3898 produxit
2486 3833 2548 3898 is,
2574 3836 2666 3904 qui
2689 3837 2762 3890 illi
2782 3837 2921 3894 hunc
2939 3841 3195 3896 honorent
3219 3847 3548 3901 contulerat:

1953 3921 2101 3990 atqui
2130 3922 2216 3977 hic
2243 3923 2360 3979 sine
2385 3925 2686 3983 diademate
2712 3929 2992 4001 imperium
3020 3935 3213 4005 accipit
3241 3955 3254 3990 :
3285 3952 3379 4006 par
3407 3940 3550 3994 enim

1953 4023 2070 4068 erat
2098 4015 2258 4070 etia‘m
2299 4016 2550 4074 defuncto
2592 4020 2744 4075 fratri
2785 4023 3060 4092 dignitatis
3097 4043 3366 4084 mensura.
3417 4030 3551 4086 Cum

1953 4116 2130 4162 autem
2159 4107 2245 4163 hic
2273 4111 2630 4182 przrstigiator
2657 4130 2721 4170 ac
2750 4116 3006 4173 scelestus
3037 4130 3200 4188 esset,
3233 4125 3403 4191 primo
3433 4125 3553 4196 qni-

1953 4197 2077 4253 dem
2107 4199 2222 4269 ejus
2249 4202 2417 4271 gratia
2448 4208 2536 4273 qui
2580 4205 2678 4260 sibi
2713 4208 3063 4276 principatum
3095 4211 3356 4280 dederat,
3388 4213 3516 4269 Ghri
3543 4246 3556 4260 -

1953 4290 2186 4344 stiauum
2228 4308 2288 4348 se
2326 4307 2444 4348 esse
2477 4296 2777 4363 simulavit;
2833 4300 2923 4353 illo
2970 4311 3147 4357 autem
3196 4304 3303 4358 vita
3348 4305 3548 4377 functo,

1954 4381 2160 4452 abjecta
2187 4384 2328 4438 larva
2349 4428 2364 4451 ,
2397 4386 2646 4456 perfrieta
2673 4388 2847 4445 fronte
2867 4434 2880 4457 ,
2913 4408 3075 4463 quam
3107 4404 3264 4451 antea
3293 4397 3437 4454 intus
3466 4404 3550 4456 ce-

1954 4474 2160 4531 laverat
2188 4481 2626 4549 superstitionem
2658 4484 2709 4538 in
2740 4486 2971 4541 medium
3006 4490 3319 4558 productam
3351 4495 3552 4551 nemini

1953 4581 2059 4622 non
2088 4570 2420 4625 manifestam
2455 4571 2578 4627 fecit
2605 4591 2618 4628 :
2649 4585 2758 4630 tum
2787 4579 3035 4634 mandata
3064 4581 3257 4653 ubique
3287 4593 3553 4643 terrarum

1953 4659 2318 4727 mittebantur,
2354 4674 2408 4717 ut
2439 4665 2702 4721 idolorum
2729 4670 2923 4737 templa
2957 4673 3410 4745 instaurarentur,
3446 4696 3556 4738 arae

1953 4752 2333 4819 excitarentur,
2351 4756 2554 4824 pristini
2572 4757 2905 4817 daemonibus
2924 4764 3154 4822 honores
3178 4769 3551 4844 redderentur,

1953 4844 2104 4897 multi
2130 4844 2198 4898 ad
2228 4845 2349 4902 illos
2373 4862 2668 4905 concursus
2697 4854 2856 4909 variis
2877 4871 2942 4911 ex
2971 4859 3104 4916 locis
3134 4860 3322 4918 ﬁerent
3342 4866 3382 4919 ³.
3417 4865 3553 4921 llinc

1952 4938 2111 5006 magi,
2131 4939 2560 5009 przestigiatores,
2576 4953 2744 5010 vates,
2765 4950 3095 5020 haruspices,
3117 4962 3546 5032 menagyrtm(a),

1951 5043 2244 5100 omnesque
2269 5034 2655 5104 przestigiarum
2682 5040 2913 5098 ofﬁcina:
2942 5046 3173 5115 undique
3196 5065 3259 5104 ex
3289 5061 3400 5105 toto
3421 5056 3553 5110 orbe

1951 5122 2378 5187 concurrebant;
2407 5126 2693 5198 vidercque
2715 5141 2829 5186 erat
2850 5135 3048 5205 regiam
3073 5139 3240 5208 ipsam
3266 5142 3552 5201 infamibus

1953 5208 2290 5282 fugitivisque
2322 5215 2447 5271 viris
2477 5218 2746 5276 refertam.
2778 5223 2908 5278 Nam
2948 5231 3036 5298 qui
3077 5231 3216 5288 fame
3251 5236 3376 5289 olim
3411 5238 3554 5307 peri-

1953 5301 2077 5357 bant
2101 5345 2115 5366 ,
2145 5306 2234 5374 qui
2265 5308 2315 5362 in
2356 5311 2633 5367 maleﬁciis
2663 5319 3042 5390 veneﬁciisque
3070 5301 3431 5395 deprehensi:
3463 5337 3552 5404 qui

1951 5395 2153 5448 carceri
2191 5402 2518 5473 mancipati,
2554 5406 2642 5473 qui
2674 5409 2738 5462 ad
2778 5413 2990 5468 metalla
3031 5415 3266 5474 damnati
3301 5421 3549 5491 fuerant;

1950 5485 2035 5538 alii
2057 5502 2267 5559 quoque
2287 5493 2376 5563 qui
2397 5495 2627 5553 sordidis
2646 5501 2852 5556 artibus
2874 5507 3070 5561 victum
3091 5525 3282 5580 parare
3304 5516 3388 5570 vix
3410 5485 3554 5587 pote;

2015 5619 2033 5700 ξ
2066 5619 2208 5700 savii:
2228 5622 2451 5700 intextu
2477 5629 2690 5700 etalitts,
2717 5635 2927 5688 aedium
2950 5654 3108 5693 mores
3130 5642 3362 5700 insolitos.

2013 5681 2034 5760 ξ
2044 5684 2421 5760 forte-melius,
2445 5691 2587 5742 multi
2609 5681 2706 5760 illis

2014 5740 2418 5838 mihi???
2440 5740 3347 5838 ἐξεπέέῌίιὲἶδῖέξὲἷιῖίξῈὲἕιέἷὺῖξίιέῗὲῐ
3365 5788 3560 5838 mgnas

2150 5804 2412 5870 cogebant.
2441 5821 2507 5865 De
