  <div class='ocr_page' id='page_1' title='image "/cluster/home/n/w/nwhite01/storage/ocr_20150623/50/pst.000005712496/151.png"; bbox 0 0 4220 6316; ppageno 0'>
   <div class='ocr_carea' id='block_1_1' title="bbox 658 393 759 452">
    <p class='ocr_par' dir='ltr' id='par_1_1' title="bbox 658 393 759 452">
     <span class='ocr_line' id='line_1_1' title="bbox 658 393 759 452; baseline 0 -2"><span class='ocrx_word' id='word_1_1' title='bbox 658 393 759 452; x_wconf 68' lang='grc' dir='ltr'><strong>δεε</strong></span> 
     </span>
    </p>
   </div>
   <div class='ocr_carea' id='block_1_2' title="bbox 661 523 2238 597">
    <p class='ocr_par' dir='ltr' id='par_1_2' title="bbox 661 523 2238 597">
     <span class='ocr_line' id='line_1_2' title="bbox 661 523 2238 597; baseline -0.004 -13"><span class='ocrx_word' id='word_1_2' title='bbox 661 536 798 592; x_wconf 85' lang='lat' dir='ltr'><strong>rant,</strong></span> <span class='ocrx_word' id='word_1_3' title='bbox 817 523 1120 582; x_wconf 86' lang='lat' dir='ltr'><strong>sacerdotes</strong></span> <span class='ocrx_word' id='word_1_4' title='bbox 1145 525 1358 593; x_wconf 83' lang='lat' dir='ltr'><strong>et_&#39;sacri</strong></span> <span class='ocrx_word' id='word_1_5' title='bbox 1388 535 1534 581; x_wconf 87' lang='lat' dir='ltr'><strong>vates</strong></span> <span class='ocrx_word' id='word_1_6' title='bbox 1561 525 1740 596; x_wconf 83' lang='lat' dir='ltr'><strong>statim</strong></span> <span class='ocrx_word' id='word_1_7' title='bbox 1769 525 1942 583; x_wconf 71' lang='lat' dir='ltr'><strong>effecti</strong></span> <span class='ocrx_word' id='word_1_8' title='bbox 1970 541 2162 597; x_wconf 85' lang='lat' dir='ltr'><strong>magno</strong></span> <span class='ocrx_word' id='word_1_9' title='bbox 2188 527 2238 580; x_wconf 88' lang='lat' dir='ltr'><strong>in</strong></span> 
     </span>
    </p>
   </div>
   <div class='ocr_carea' id='block_1_3' title="bbox 657 615 2241 687">
    <p class='ocr_par' dir='ltr' id='par_1_3' title="bbox 657 615 2241 687">
     <span class='ocr_line' id='line_1_3' title="bbox 657 615 2241 687; baseline -0.001 -15"><span class='ocrx_word' id='word_1_10' title='bbox 657 619 860 678; x_wconf 78' lang='lat' dir='ltr'><strong>honore</strong></span> <span class='ocrx_word' id='word_1_11' title='bbox 875 633 1046 672; x_wconf 72' lang='lat' dir='ltr'><strong>erant.</strong></span> <span class='ocrx_word' id='word_1_12' title='bbox 1072 616 1141 671; x_wconf 86' lang='lat' dir='ltr'><strong>Et</strong></span> <span class='ocrx_word' id='word_1_13' title='bbox 1164 615 1456 687; x_wconf 89' lang='lat' dir='ltr'><strong>lmperator</strong></span> <span class='ocrx_word' id='word_1_14' title='bbox 1477 617 1691 687; x_wconf 87' lang='lat' dir='ltr'><strong>quidem</strong></span> <span class='ocrx_word' id='word_1_15' title='bbox 1710 617 1870 672; x_wconf 91' lang='lat' dir='ltr'><strong>duces</strong></span> <span class='ocrx_word' id='word_1_16' title='bbox 1887 632 1949 672; x_wconf 86' lang='lat' dir='ltr'><strong>ac</strong></span> <span class='ocrx_word' id='word_1_17' title='bbox 1964 618 2241 686; x_wconf 73' lang='lat' dir='ltr'><strong>prmfectos</strong></span> 
     </span>
    </p>
   </div>
   <div class='ocr_carea' id='block_1_4' title="bbox 658 705 2236 777">
    <p class='ocr_par' dir='ltr' id='par_1_4' title="bbox 658 705 2236 777">
     <span class='ocr_line' id='line_1_4' title="bbox 658 705 2236 777; baseline -0.001 -14"><span class='ocrx_word' id='word_1_18' title='bbox 658 711 850 763; x_wconf 86' lang='lat' dir='ltr'><strong>missos</strong></span> <span class='ocrx_word' id='word_1_19' title='bbox 869 705 1115 769; x_wconf 84' lang='lat' dir='ltr'><strong>faciebat,</strong></span> <span class='ocrx_word' id='word_1_20' title='bbox 1130 706 1367 777; x_wconf 86' lang='lat' dir='ltr'><strong>nihilque</strong></span> <span class='ocrx_word' id='word_1_21' title='bbox 1387 706 1583 762; x_wconf 81' lang='lat' dir='ltr'><strong>duceha</strong></span> <span class='ocrx_word' id='word_1_22' title='bbox 1593 717 1630 773; x_wconf 89' lang='lat' dir='ltr'><strong>t,</strong></span> <span class='ocrx_word' id='word_1_23' title='bbox 1647 709 1874 762; x_wconf 80' lang='lat' dir='ltr'><strong>amasios</strong></span> <span class='ocrx_word' id='word_1_24' title='bbox 1887 717 2061 762; x_wconf 90' lang='lat' dir='ltr'><strong>autem</strong></span> <span class='ocrx_word' id='word_1_25' title='bbox 2074 709 2236 772; x_wconf 86' lang='lat' dir='ltr'><strong>viros,</strong></span> 
     </span>
    </p>
   </div>
   <div class='ocr_carea' id='block_1_5' title="bbox 656 796 2240 868">
    <p class='ocr_par' dir='ltr' id='par_1_5' title="bbox 656 796 2240 868">
     <span class='ocr_line' id='line_1_5' title="bbox 656 796 2240 868; baseline -0.001 -15"><span class='ocrx_word' id='word_1_26' title='bbox 656 799 1071 868; x_wconf 83' lang='lat' dir='ltr'><strong>meretriecsque</strong></span> <span class='ocrx_word' id='word_1_27' title='bbox 1091 812 1122 852; x_wconf 90' lang='lat' dir='ltr'><strong>e</strong></span> <span class='ocrx_word' id='word_1_28' title='bbox 1143 797 1430 852; x_wconf 74' lang='lat' dir='ltr'><strong>fornicibus</strong></span> <span class='ocrx_word' id='word_1_29' title='bbox 1453 796 1876 868; x_wconf 78' lang='lat' dir='ltr'><strong>ubi‘prostabant</strong></span> <span class='ocrx_word' id='word_1_30' title='bbox 1895 797 2134 862; x_wconf 80' lang='lat' dir='ltr'><strong>eductas,</strong></span> <span class='ocrx_word' id='word_1_31' title='bbox 2155 813 2240 852; x_wconf 84' lang='lat' dir='ltr'><strong>se-</strong></span> 
     </span>
    </p>
   </div>
   <div class='ocr_carea' id='block_1_6' title="bbox 655 886 2238 958">
    <p class='ocr_par' dir='ltr' id='par_1_6' title="bbox 655 886 2238 958">
     <span class='ocr_line' id='line_1_6' title="bbox 655 886 2238 958; baseline -0.003 -14"><span class='ocrx_word' id='word_1_32' title='bbox 655 906 777 944; x_wconf 90' lang='lat' dir='ltr'><strong>cuin</strong></span> <span class='ocrx_word' id='word_1_33' title='bbox 800 905 894 958; x_wconf 91' lang='lat' dir='ltr'><strong>per</strong></span> <span class='ocrx_word' id='word_1_34' title='bbox 915 891 1098 944; x_wconf 85' lang='lat' dir='ltr'><strong>urbem</strong></span> <span class='ocrx_word' id='word_1_35' title='bbox 1121 895 1284 943; x_wconf 87' lang='lat' dir='ltr'><strong>totam</strong></span> <span class='ocrx_word' id='word_1_36' title='bbox 1302 897 1356 941; x_wconf 89' lang='lat' dir='ltr'><strong>et</strong></span> <span class='ocrx_word' id='word_1_37' title='bbox 1392 887 1598 943; x_wconf 86' lang='lat' dir='ltr'><strong>viculos</strong></span> <span class='ocrx_word' id='word_1_38' title='bbox 1638 886 2100 952; x_wconf 87' lang='lat' dir='ltr'><strong>circumducebat;</strong></span> <span class='ocrx_word' id='word_1_39' title='bbox 2137 887 2238 940; x_wconf 91' lang='lat' dir='ltr'><strong>im-</strong></span> 
     </span>
    </p>
   </div>
   <div class='ocr_carea' id='block_1_7' title="bbox 657 978 2239 1052">
    <p class='ocr_par' dir='ltr' id='par_1_7' title="bbox 657 978 2239 1052">
     <span class='ocr_line' id='line_1_7' title="bbox 657 978 2239 1052; baseline -0.002 -17"><span class='ocrx_word' id='word_1_40' title='bbox 657 978 954 1052; x_wconf 81' lang='lat' dir='ltr'><strong>peratOrius</strong></span> <span class='ocrx_word' id='word_1_41' title='bbox 975 991 1155 1035; x_wconf 89' lang='lat' dir='ltr'><strong>autem</strong></span> <span class='ocrx_word' id='word_1_42' title='bbox 1183 994 1374 1050; x_wconf 77' lang='lat' dir='ltr'><strong>equus,</strong></span> <span class='ocrx_word' id='word_1_43' title='bbox 1407 991 1460 1034; x_wconf 92' lang='lat' dir='ltr'><strong>et</strong></span> <span class='ocrx_word' id='word_1_44' title='bbox 1488 978 1790 1051; x_wconf 75' lang='lat' dir='ltr'><strong>prmtoriani</strong></span> <span class='ocrx_word' id='word_1_45' title='bbox 1818 993 2004 1034; x_wconf 91' lang='lat' dir='ltr'><strong>omnes</strong></span> <span class='ocrx_word' id='word_1_46' title='bbox 2029 993 2058 1032; x_wconf 89' lang='lat' dir='ltr'><strong>a</strong></span> <span class='ocrx_word' id='word_1_47' title='bbox 2091 987 2239 1048; x_wconf 87' lang='lat' dir='ltr'><strong>tergo</strong></span> 
     </span>
    </p>
   </div>
   <div class='ocr_carea' id='block_1_8' title="bbox 658 1071 2240 1141">
    <p class='ocr_par' dir='ltr' id='par_1_8' title="bbox 658 1071 2240 1141">
     <span class='ocr_line' id='line_1_8' title="bbox 658 1071 2240 1141; baseline 0 -17"><span class='ocrx_word' id='word_1_48' title='bbox 658 1072 836 1141; x_wconf 79' lang='lat' dir='ltr'><strong>procul</strong></span> <span class='ocrx_word' id='word_1_49' title='bbox 866 1072 1251 1140; x_wconf 77' lang='lat' dir='ltr'><strong>sequebantur;</strong></span> <span class='ocrx_word' id='word_1_50' title='bbox 1274 1071 1493 1126; x_wconf 86' lang='lat' dir='ltr'><strong>lenones</strong></span> <span class='ocrx_word' id='word_1_51' title='bbox 1513 1081 1567 1126; x_wconf 83' lang='lat' dir='ltr'><strong>et</strong></span> <span class='ocrx_word' id='word_1_52' title='bbox 1587 1071 1720 1125; x_wconf 68' lang='lat' dir='ltr'><strong>lente</strong></span> <span class='ocrx_word' id='word_1_53' title='bbox 1745 1078 1989 1140; x_wconf 88' lang='lat' dir='ltr'><strong>totusque</strong></span> <span class='ocrx_word' id='word_1_54' title='bbox 2010 1071 2240 1124; x_wconf 88' lang='lat' dir='ltr'><strong>amasio-</strong></span> 
     </span>
    </p>
   </div>
   <div class='ocr_carea' id='block_1_9' title="bbox 655 1163 2239 1233">
    <p class='ocr_par' dir='ltr' id='par_1_9' title="bbox 655 1163 2239 1233">
     <span class='ocr_line' id='line_1_9' title="bbox 655 1163 2239 1233; baseline -0.001 -14"><span class='ocrx_word' id='word_1_55' title='bbox 655 1179 773 1219; x_wconf 90' lang='lat' dir='ltr'><strong>rum</strong></span> <span class='ocrx_word' id='word_1_56' title='bbox 787 1164 1170 1233; x_wconf 71' lang='lat' dir='ltr'><strong>cmtuslmpera</strong></span> <span class='ocrx_word' id='word_1_57' title='bbox 1180 1173 1344 1218; x_wconf 88' lang='lat' dir='ltr'><strong>torem</strong></span> <span class='ocrx_word' id='word_1_58' title='bbox 1357 1165 1410 1220; x_wconf 91' lang='lat' dir='ltr'><strong>in</strong></span> <span class='ocrx_word' id='word_1_59' title='bbox 1426 1164 1597 1218; x_wconf 89' lang='lat' dir='ltr'><strong>medio</strong></span> <span class='ocrx_word' id='word_1_60' title='bbox 1610 1165 1836 1233; x_wconf 87' lang='lat' dir='ltr'><strong>positum</strong></span> <span class='ocrx_word' id='word_1_61' title='bbox 1849 1163 2239 1219; x_wconf 90' lang='lat' dir='ltr'><strong>circumdantes</strong></span> 
     </span>
    </p>
   </div>
   <div class='ocr_carea' id='block_1_10' title="bbox 655 1253 2236 1324">
    <p class='ocr_par' dir='ltr' id='par_1_10' title="bbox 655 1253 2236 1324">
     <span class='ocr_line' id='line_1_10' title="bbox 655 1253 2236 1324; baseline -0.001 -16"><span class='ocrx_word' id='word_1_62' title='bbox 655 1270 751 1324; x_wconf 89' lang='lat' dir='ltr'><strong>per</strong></span> <span class='ocrx_word' id='word_1_63' title='bbox 780 1253 952 1308; x_wconf 90' lang='lat' dir='ltr'><strong>forum</strong></span> <span class='ocrx_word' id='word_1_64' title='bbox 976 1254 1340 1321; x_wconf 78' lang='lat' dir='ltr'><strong>ambulabant,</strong></span> <span class='ocrx_word' id='word_1_65' title='bbox 1376 1255 1495 1308; x_wconf 87' lang='lat' dir='ltr'><strong>talia</strong></span> <span class='ocrx_word' id='word_1_66' title='bbox 1521 1254 1680 1308; x_wconf 88' lang='lat' dir='ltr'><strong>verba</strong></span> <span class='ocrx_word' id='word_1_67' title='bbox 1703 1253 1984 1323; x_wconf 88' lang='lat' dir='ltr'><strong>jactantes,</strong></span> <span class='ocrx_word' id='word_1_68' title='bbox 2005 1254 2137 1308; x_wconf 90' lang='lat' dir='ltr'><strong>tales</strong></span> <span class='ocrx_word' id='word_1_69' title='bbox 2157 1270 2236 1309; x_wconf 88' lang='lat' dir='ltr'><strong>ca-</strong></span> 
     </span>
    </p>
   </div>
   <div class='ocr_carea' id='block_1_11' title="bbox 658 1343 2236 1415">
    <p class='ocr_par' dir='ltr' id='par_1_11' title="bbox 658 1343 2236 1415">
     <span class='ocr_line' id='line_1_11' title="bbox 658 1343 2236 1415; baseline -0.001 -15"><span class='ocrx_word' id='word_1_70' title='bbox 658 1345 880 1402; x_wconf 84' lang='lat' dir='ltr'><strong>chinnos</strong></span> <span class='ocrx_word' id='word_1_71' title='bbox 893 1345 1244 1412; x_wconf 79' lang='lat' dir='ltr'><strong>eﬁ‘undentes,</strong></span> <span class='ocrx_word' id='word_1_72' title='bbox 1259 1346 1441 1415; x_wconf 82' lang='lat' dir='ltr'><strong>quales</strong></span> <span class='ocrx_word' id='word_1_73' title='bbox 1459 1360 1552 1414; x_wconf 88' lang='lat' dir='ltr'><strong>par</strong></span> <span class='ocrx_word' id='word_1_74' title='bbox 1566 1353 1680 1399; x_wconf 89' lang='lat' dir='ltr'><strong>erat</strong></span> <span class='ocrx_word' id='word_1_75' title='bbox 1694 1343 1993 1414; x_wconf 90' lang='lat' dir='ltr'><strong>hujusmodi</strong></span> <span class='ocrx_word' id='word_1_76' title='bbox 2009 1344 2236 1400; x_wconf 76' lang='lat' dir='ltr'><strong>ofﬁcina:</strong></span> 
     </span>
    </p>
   </div>
   <div class='ocr_carea' id='block_1_12' title="bbox 657 1436 2231 1508">
    <p class='ocr_par' dir='ltr' id='par_1_12' title="bbox 657 1436 2231 1508">
     <span class='ocr_line' id='line_1_12' title="bbox 657 1436 2231 1508; baseline -0.001 -17"><span class='ocrx_word' id='word_1_77' title='bbox 657 1436 921 1493; x_wconf 90' lang='lat' dir='ltr'><strong>homines.</strong></span> <span class='ocrx_word' id='word_1_78' title='bbox 945 1437 1150 1492; x_wconf 85' lang='lat' dir='ltr'><strong>Scimus</strong></span> <span class='ocrx_word' id='word_1_79' title='bbox 1170 1453 1330 1508; x_wconf 89' lang='lat' dir='ltr'><strong>porro</strong></span> <span class='ocrx_word' id='word_1_80' title='bbox 1349 1437 1460 1492; x_wconf 84' lang='lat' dir='ltr'><strong>haec</strong></span> <span class='ocrx_word' id='word_1_81' title='bbox 1482 1441 1725 1507; x_wconf 85' lang='lat' dir='ltr'><strong>posteros</strong></span> <span class='ocrx_word' id='word_1_82' title='bbox 1745 1437 2068 1491; x_wconf 87' lang='lat' dir='ltr'><strong>incredibilia</strong></span> <span class='ocrx_word' id='word_1_83' title='bbox 2090 1447 2231 1507; x_wconf 89' lang='lat' dir='ltr'><strong>puta-</strong></span> 
     </span>
    </p>
   </div>
   <div class='ocr_carea' id='block_1_13' title="bbox 655 1528 2232 1599">
    <p class='ocr_par' dir='ltr' id='par_1_13' title="bbox 655 1528 2232 1599">
     <span class='ocr_line' id='line_1_13' title="bbox 655 1528 2232 1599; baseline 0.001 -17"><span class='ocrx_word' id='word_1_84' title='bbox 655 1539 805 1583; x_wconf 85' lang='lat' dir='ltr'><strong>turos</strong></span> <span class='ocrx_word' id='word_1_85' title='bbox 822 1543 960 1592; x_wconf 86' lang='lat' dir='ltr'><strong>esse,</strong></span> <span class='ocrx_word' id='word_1_86' title='bbox 982 1529 1050 1582; x_wconf 93' lang='lat' dir='ltr'><strong>ob</strong></span> <span class='ocrx_word' id='word_1_87' title='bbox 1069 1528 1405 1583; x_wconf 85' lang='lat' dir='ltr'><strong>absurditatis</strong></span> <span class='ocrx_word' id='word_1_88' title='bbox 1428 1529 1877 1598; x_wconf 88' lang='lat' dir='ltr'><strong>magnitudinem:</strong></span> <span class='ocrx_word' id='word_1_89' title='bbox 1901 1543 2070 1599; x_wconf 89' lang='lat' dir='ltr'><strong>neque</strong></span> <span class='ocrx_word' id='word_1_90' title='bbox 2092 1531 2232 1583; x_wconf 89' lang='lat' dir='ltr'><strong>enim</strong></span> 
     </span>
    </p>
   </div>
   <div class='ocr_carea' id='block_1_14' title="bbox 656 1617 2231 1696">
    <p class='ocr_par' dir='ltr' id='par_1_14' title="bbox 656 1617 2231 1696">
     <span class='ocr_line' id='line_1_14' title="bbox 656 1617 2231 1696; baseline 0.002 -28"><span class='ocrx_word' id='word_1_91' title='bbox 656 1617 737 1672; x_wconf 90' lang='lat' dir='ltr'><strong>vel</strong></span> <span class='ocrx_word' id='word_1_92' title='bbox 771 1618 1003 1686; x_wconf 84' lang='lat' dir='ltr'><strong>privatus</strong></span> <span class='ocrx_word' id='word_1_93' title='bbox 1035 1617 1192 1671; x_wconf 91' lang='lat' dir='ltr'><strong>homo</strong></span> <span class='ocrx_word' id='word_1_94' title='bbox 1221 1632 1285 1696; x_wconf 80' lang='lat' dir='ltr'><strong>ex</strong></span> <span class='ocrx_word' id='word_1_95' title='bbox 1323 1617 1384 1670; x_wconf 91' lang='lat' dir='ltr'><strong>iis</strong></span> <span class='ocrx_word' id='word_1_96' title='bbox 1415 1618 1501 1686; x_wconf 92' lang='lat' dir='ltr'><strong>qui</strong></span> <span class='ocrx_word' id='word_1_97' title='bbox 1534 1618 1686 1672; x_wconf 82' lang='lat' dir='ltr'><strong>vilem</strong></span> <span class='ocrx_word' id='word_1_98' title='bbox 1729 1629 2040 1687; x_wconf 84' lang='lat' dir='ltr'><strong>turpemque</strong></span> <span class='ocrx_word' id='word_1_99' title='bbox 2073 1619 2231 1671; x_wconf 85' lang='lat' dir='ltr'><strong>vitam</strong></span> 
     </span>
    </p>
   </div>
   <div class='ocr_carea' id='block_1_15' title="bbox 646 1709 2229 1780">
    <p class='ocr_par' dir='ltr' id='par_1_15' title="bbox 646 1709 2229 1780">
     <span class='ocr_line' id='line_1_15' title="bbox 646 1709 2229 1780; baseline 0.002 -18"><span class='ocrx_word' id='word_1_100' title='bbox 646 1709 935 1774; x_wconf 85' lang='lat' dir='ltr'><strong>duxerunt,</strong></span> <span class='ocrx_word' id='word_1_101' title='bbox 960 1718 1066 1763; x_wconf 87' lang='lat' dir='ltr'><strong>tam</strong></span> <span class='ocrx_word' id='word_1_102' title='bbox 1091 1709 1338 1764; x_wconf 84' lang='lat' dir='ltr'><strong>indecore</strong></span> <span class='ocrx_word' id='word_1_103' title='bbox 1363 1711 1532 1779; x_wconf 80' lang='lat' dir='ltr'><strong>palam</strong></span> <span class='ocrx_word' id='word_1_104' title='bbox 1559 1725 1712 1780; x_wconf 85' lang='lat' dir='ltr'><strong>agerc</strong></span> <span class='ocrx_word' id='word_1_105' title='bbox 1736 1711 1879 1765; x_wconf 87' lang='lat' dir='ltr'><strong>velit.</strong></span> <span class='ocrx_word' id='word_1_106' title='bbox 1903 1710 2007 1764; x_wconf 87' lang='lat' dir='ltr'><strong>Sed</strong></span> <span class='ocrx_word' id='word_1_107' title='bbox 2030 1711 2094 1764; x_wconf 88' lang='lat' dir='ltr'><strong>ad</strong></span> <span class='ocrx_word' id='word_1_108' title='bbox 2117 1726 2229 1778; x_wconf 90' lang='lat' dir='ltr'><strong>eos,</strong></span> 
     </span>
    </p>
   </div>
   <div class='ocr_carea' id='block_1_16' title="bbox 648 1800 2228 1872">
    <p class='ocr_par' dir='ltr' id='par_1_16' title="bbox 648 1800 2228 1872">
     <span class='ocr_line' id='line_1_16' title="bbox 648 1800 2228 1872; baseline 0.003 -19"><span class='ocrx_word' id='word_1_109' title='bbox 648 1801 734 1870; x_wconf 83' lang='lat' dir='ltr'><strong>qui</strong></span> <span class='ocrx_word' id='word_1_110' title='bbox 764 1800 1053 1856; x_wconf 79' lang='lat' dir='ltr'><strong>etiamnum</strong></span> <span class='ocrx_word' id='word_1_111' title='bbox 1082 1804 1396 1870; x_wconf 83' lang='lat' dir='ltr'><strong>superstites</strong></span> <span class='ocrx_word' id='word_1_112' title='bbox 1426 1811 1580 1863; x_wconf 86' lang='lat' dir='ltr'><strong>sunt,</strong></span> <span class='ocrx_word' id='word_1_113' title='bbox 1609 1802 1749 1856; x_wconf 80' lang='lat' dir='ltr'><strong>nulla</strong></span> <span class='ocrx_word' id='word_1_114' title='bbox 1781 1817 1915 1872; x_wconf 88' lang='lat' dir='ltr'><strong>opus</strong></span> <span class='ocrx_word' id='word_1_115' title='bbox 1947 1803 2186 1858; x_wconf 87' lang='lat' dir='ltr'><strong>oratione</strong></span> <span class='ocrx_word' id='word_1_116' title='bbox 2215 1822 2228 1858; x_wconf 85' lang='lat'>:</span> 
     </span>
    </p>
   </div>
   <div class='ocr_carea' id='block_1_17' title="bbox 648 1892 2231 1962">
    <p class='ocr_par' dir='ltr' id='par_1_17' title="bbox 648 1892 2231 1962">
     <span class='ocr_line' id='line_1_17' title="bbox 648 1892 2231 1962; baseline 0.002 -17"><span class='ocrx_word' id='word_1_117' title='bbox 648 1908 768 1946; x_wconf 88' lang='lat' dir='ltr'><strong>nam</strong></span> <span class='ocrx_word' id='word_1_118' title='bbox 799 1893 886 1962; x_wconf 94' lang='lat' dir='ltr'><strong>qui</strong></span> <span class='ocrx_word' id='word_1_119' title='bbox 923 1902 1210 1961; x_wconf 75' lang='lat' dir='ltr'><strong>praesentes</strong></span> <span class='ocrx_word' id='word_1_120' title='bbox 1250 1893 1368 1946; x_wconf 82' lang='lat' dir='ltr'><strong>talia</strong></span> <span class='ocrx_word' id='word_1_121' title='bbox 1401 1892 1680 1958; x_wconf 87' lang='lat' dir='ltr'><strong>viderunt,</strong></span> <span class='ocrx_word' id='word_1_122' title='bbox 1715 1896 1828 1946; x_wconf 64' lang='lat' dir='ltr'><strong>hare</strong></span> <span class='ocrx_word' id='word_1_123' title='bbox 1863 1893 1971 1962; x_wconf 88' lang='lat' dir='ltr'><strong>jam</strong></span> <span class='ocrx_word' id='word_1_124' title='bbox 2003 1894 2231 1948; x_wconf 86' lang='lat' dir='ltr'><strong>audituri</strong></span> 
     </span>
    </p>
   </div>
   <div class='ocr_carea' id='block_1_18' title="bbox 647 1971 2229 2050">
    <p class='ocr_par' dir='ltr' id='par_1_18' title="bbox 647 1971 2229 2050">
     <span class='ocr_line' id='line_1_18' title="bbox 647 1971 2229 2050; baseline 0.001 -12"><span class='ocrx_word' id='word_1_125' title='bbox 647 1995 791 2038; x_wconf 86' lang='lat' dir='ltr'><strong>sunt.</strong></span> <span class='ocrx_word' id='word_1_126' title='bbox 831 1971 960 2039; x_wconf 28' lang='lat' dir='ltr'><strong>&#39;ldeo</strong></span> <span class='ocrx_word' id='word_1_127' title='bbox 983 1986 1124 2038; x_wconf 91' lang='lat' dir='ltr'><strong>enim</strong></span> <span class='ocrx_word' id='word_1_128' title='bbox 1154 1984 1286 2038; x_wconf 93' lang='lat' dir='ltr'><strong>vivis</strong></span> <span class='ocrx_word' id='word_1_129' title='bbox 1311 1985 1600 2038; x_wconf 86' lang='lat' dir='ltr'><strong>etiamnum</strong></span> <span class='ocrx_word' id='word_1_130' title='bbox 1632 1985 1852 2040; x_wconf 81' lang='lat' dir='ltr'><strong>testibus</strong></span> <span class='ocrx_word' id='word_1_131' title='bbox 1882 1985 1994 2039; x_wconf 72' lang='lat' dir='ltr'><strong>liiec</strong></span> <span class='ocrx_word' id='word_1_132' title='bbox 2023 1987 2198 2040; x_wconf 89' lang='lat' dir='ltr'><strong>scribo</strong></span> <span class='ocrx_word' id='word_1_133' title='bbox 2217 2028 2229 2050; x_wconf 92' lang='lat'><strong>,</strong></span> 
     </span>
    </p>
   </div>
   <div class='ocr_carea' id='block_1_19' title="bbox 651 2076 2230 2146">
    <p class='ocr_par' dir='ltr' id='par_1_19' title="bbox 651 2076 2230 2146">
     <span class='ocr_line' id='line_1_19' title="bbox 651 2076 2230 2146; baseline 0 -15"><span class='ocrx_word' id='word_1_134' title='bbox 651 2094 716 2132; x_wconf 88' lang='lat' dir='ltr'><strong>ne</strong></span> <span class='ocrx_word' id='word_1_135' title='bbox 746 2079 865 2146; x_wconf 86' lang='lat' dir='ltr'><strong>quis</strong></span> <span class='ocrx_word' id='word_1_136' title='bbox 907 2093 992 2131; x_wconf 90' lang='lat' dir='ltr'><strong>me</strong></span> <span class='ocrx_word' id='word_1_137' title='bbox 1031 2087 1212 2133; x_wconf 78' lang='lat' dir='ltr'><strong>vetera</strong></span> <span class='ocrx_word' id='word_1_138' title='bbox 1252 2076 1492 2146; x_wconf 65' lang='lat' dir='ltr'><strong>quaedam</strong></span> <span class='ocrx_word' id='word_1_139' title='bbox 1534 2077 1897 2144; x_wconf 82' lang='lat' dir='ltr'><strong>ignorantibus</strong></span> <span class='ocrx_word' id='word_1_140' title='bbox 1929 2091 2230 2131; x_wconf 84' lang='lat' dir='ltr'><strong>narrantem</strong></span> 
     </span>
    </p>
   </div>
   <div class='ocr_carea' id='block_1_20' title="bbox 648 2169 2226 2239">
    <p class='ocr_par' dir='ltr' id='par_1_20' title="bbox 648 2169 2226 2239">
     <span class='ocr_line' id='line_1_20' title="bbox 648 2169 2226 2239; baseline 0 -16"><span class='ocrx_word' id='word_1_141' title='bbox 648 2185 837 2239; x_wconf 88' lang='lat' dir='ltr'><strong>magna</strong></span> <span class='ocrx_word' id='word_1_142' title='bbox 865 2169 1077 2224; x_wconf 85' lang='lat' dir='ltr'><strong>licentia</strong></span> <span class='ocrx_word' id='word_1_143' title='bbox 1107 2170 1316 2224; x_wconf 90' lang='lat' dir='ltr'><strong>mentiri</strong></span> <span class='ocrx_word' id='word_1_144' title='bbox 1343 2170 1630 2224; x_wconf 78' lang='lat' dir='ltr'><strong>existimet.</strong></span> <span class='ocrx_word' id='word_1_145' title='bbox 1677 2170 1750 2223; x_wconf 80' lang='lat' dir='ltr'><strong>Ex</strong></span> <span class='ocrx_word' id='word_1_146' title='bbox 1784 2169 1848 2223; x_wconf 91' lang='lat' dir='ltr'><strong>iis</strong></span> <span class='ocrx_word' id='word_1_147' title='bbox 1884 2170 2024 2224; x_wconf 89' lang='lat' dir='ltr'><strong>enim</strong></span> <span class='ocrx_word' id='word_1_148' title='bbox 2053 2171 2140 2239; x_wconf 90' lang='lat' dir='ltr'><strong>qui</strong></span> <span class='ocrx_word' id='word_1_149' title='bbox 2166 2186 2226 2225; x_wconf 89' lang='lat' dir='ltr'><strong>ea</strong></span> 
     </span>
    </p>
   </div>
   <div class='ocr_carea' id='block_1_21' title="bbox 646 2259 2230 2336">
    <p class='ocr_par' dir='ltr' id='par_1_21' title="bbox 646 2259 2230 2336">
     <span class='ocr_line' id='line_1_21' title="bbox 646 2259 2230 2336; baseline 0.001 -23"><span class='ocrx_word' id='word_1_150' title='bbox 646 2261 891 2313; x_wconf 84' lang='lat' dir='ltr'><strong>viderunt</strong></span> <span class='ocrx_word' id='word_1_151' title='bbox 930 2269 982 2314; x_wconf 89' lang='lat' dir='ltr'><strong>et</strong></span> <span class='ocrx_word' id='word_1_152' title='bbox 1023 2275 1180 2316; x_wconf 77' lang='lat' dir='ltr'><strong>senes</strong></span> <span class='ocrx_word' id='word_1_153' title='bbox 1215 2270 1269 2314; x_wconf 91' lang='lat' dir='ltr'><strong>et</strong></span> <span class='ocrx_word' id='word_1_154' title='bbox 1293 2259 1517 2328; x_wconf 84' lang='lat' dir='ltr'><strong>juvenes</strong></span> <span class='ocrx_word' id='word_1_155' title='bbox 1539 2260 1712 2336; x_wconf 87' lang='lat' dir='ltr'><strong>adhuc</strong></span> <span class='ocrx_word' id='word_1_156' title='bbox 1742 2269 2064 2328; x_wconf 86' lang='lat' dir='ltr'><strong>supersunt,</strong></span> <span class='ocrx_word' id='word_1_157' title='bbox 2097 2277 2230 2330; x_wconf 85' lang='lat' dir='ltr'><strong>quos</strong></span> 
     </span>
    </p>
   </div>
   <div class='ocr_carea' id='block_1_22' title="bbox 646 2350 2229 2420">
    <p class='ocr_par' dir='ltr' id='par_1_22' title="bbox 646 2350 2229 2420">
     <span class='ocr_line' id='line_1_22' title="bbox 646 2350 2229 2420; baseline 0 -16"><span class='ocrx_word' id='word_1_158' title='bbox 646 2364 776 2420; x_wconf 87' lang='lat' dir='ltr'><strong>rogo</strong></span> <span class='ocrx_word' id='word_1_159' title='bbox 805 2365 1011 2416; x_wconf 87' lang='lat' dir='ltr'><strong>omnes,</strong></span> <span class='ocrx_word' id='word_1_160' title='bbox 1042 2359 1098 2403; x_wconf 92' lang='lat' dir='ltr'><strong>ut</strong></span> <span class='ocrx_word' id='word_1_161' title='bbox 1127 2352 1170 2404; x_wconf 91' lang='lat' dir='ltr'><strong>si</strong></span> <span class='ocrx_word' id='word_1_162' title='bbox 1197 2350 1320 2420; x_wconf 91' lang='lat' dir='ltr'><strong>quid</strong></span> <span class='ocrx_word' id='word_1_163' title='bbox 1346 2365 1374 2402; x_wconf 90' lang='lat' dir='ltr'><strong>a</strong></span> <span class='ocrx_word' id='word_1_164' title='bbox 1404 2366 1488 2405; x_wconf 86' lang='lat' dir='ltr'><strong>me</strong></span> <span class='ocrx_word' id='word_1_165' title='bbox 1513 2350 1748 2405; x_wconf 86' lang='lat' dir='ltr'><strong>additum</strong></span> <span class='ocrx_word' id='word_1_166' title='bbox 1777 2350 1950 2417; x_wconf 89' lang='lat' dir='ltr'><strong>fuerit,</strong></span> <span class='ocrx_word' id='word_1_167' title='bbox 1976 2352 2229 2407; x_wconf 87' lang='lat' dir='ltr'><strong>accedant</strong></span> 
     </span>
    </p>
   </div>
   <div class='ocr_carea' id='block_1_23' title="bbox 647 2442 2227 2514">
    <p class='ocr_par' dir='ltr' id='par_1_23' title="bbox 647 2442 2227 2514">
     <span class='ocr_line' id='line_1_23' title="bbox 647 2442 2227 2514; baseline 0.002 -18"><span class='ocrx_word' id='word_1_168' title='bbox 647 2458 837 2512; x_wconf 88' lang='lat' dir='ltr'><strong>meque</strong></span> <span class='ocrx_word' id='word_1_169' title='bbox 868 2442 1186 2512; x_wconf 76' lang='lat' dir='ltr'><strong>redarguunt</strong></span> <span class='ocrx_word' id='word_1_170' title='bbox 1213 2461 1227 2496; x_wconf 87' lang='lat'><strong>:</strong></span> <span class='ocrx_word' id='word_1_171' title='bbox 1258 2442 1354 2498; x_wconf 88' lang='lat' dir='ltr'><strong>sed</strong></span> <span class='ocrx_word' id='word_1_172' title='bbox 1384 2442 1524 2512; x_wconf 89' lang='lat' dir='ltr'><strong>quod</strong></span> <span class='ocrx_word' id='word_1_173' title='bbox 1554 2443 1749 2514; x_wconf 90' lang='lat' dir='ltr'><strong>aliquid</strong></span> <span class='ocrx_word' id='word_1_174' title='bbox 1777 2443 2069 2499; x_wconf 85' lang='lat' dir='ltr'><strong>addiderim</strong></span> <span class='ocrx_word' id='word_1_175' title='bbox 2093 2487 2106 2511; x_wconf 92' lang='lat'><strong>,</strong></span> <span class='ocrx_word' id='word_1_176' title='bbox 2140 2462 2227 2500; x_wconf 91' lang='lat' dir='ltr'><strong>me</strong></span> 
     </span>
    </p>
   </div>
   <div class='ocr_carea' id='block_1_24' title="bbox 645 2534 2225 2605">
    <p class='ocr_par' dir='ltr' id='par_1_24' title="bbox 645 2534 2225 2605">
     <span class='ocr_line' id='line_1_24' title="bbox 645 2534 2225 2605; baseline 0.003 -18"><span class='ocrx_word' id='word_1_177' title='bbox 645 2547 871 2603; x_wconf 79' lang='lat' dir='ltr'><strong>arguere</strong></span> <span class='ocrx_word' id='word_1_178' title='bbox 900 2548 1005 2587; x_wconf 87' lang='lat' dir='ltr'><strong>non</strong></span> <span class='ocrx_word' id='word_1_179' title='bbox 1047 2543 1301 2604; x_wconf 89' lang='lat' dir='ltr'><strong>possunt;</strong></span> <span class='ocrx_word' id='word_1_180' title='bbox 1332 2535 1472 2604; x_wconf 89' lang='lat' dir='ltr'><strong>quod</strong></span> <span class='ocrx_word' id='word_1_181' title='bbox 1504 2534 1806 2600; x_wconf 88' lang='lat' dir='ltr'><strong>omiserim,</strong></span> <span class='ocrx_word' id='word_1_182' title='bbox 1835 2547 2054 2605; x_wconf 87' lang='lat' dir='ltr'><strong>possunt</strong></span> <span class='ocrx_word' id='word_1_183' title='bbox 2086 2556 2096 2590; x_wconf 95' lang='lat'>:</span> <span class='ocrx_word' id='word_1_184' title='bbox 2129 2555 2225 2592; x_wconf 88' lang='lat' dir='ltr'><strong>ne-</strong></span> 
     </span>
    </p>
   </div>
   <div class='ocr_carea' id='block_1_25' title="bbox 643 2624 2228 2698">
    <p class='ocr_par' dir='ltr' id='par_1_25' title="bbox 643 2624 2228 2698">
     <span class='ocr_line' id='line_1_25' title="bbox 643 2624 2228 2698; baseline 0.003 -21"><span class='ocrx_word' id='word_1_185' title='bbox 643 2639 746 2693; x_wconf 90' lang='lat' dir='ltr'><strong>que</strong></span> <span class='ocrx_word' id='word_1_186' title='bbox 772 2624 912 2678; x_wconf 90' lang='lat' dir='ltr'><strong>enim</strong></span> <span class='ocrx_word' id='word_1_187' title='bbox 941 2625 1276 2696; x_wconf 82' lang='lat' dir='ltr'><strong>turpitudinis</strong></span> <span class='ocrx_word' id='word_1_188' title='bbox 1297 2639 1548 2680; x_wconf 83' lang='lat' dir='ltr'><strong>excessus</strong></span> <span class='ocrx_word' id='word_1_189' title='bbox 1577 2635 1750 2694; x_wconf 85' lang='lat' dir='ltr'><strong>potest</strong></span> <span class='ocrx_word' id='word_1_190' title='bbox 1769 2628 2008 2682; x_wconf 86' lang='lat' dir='ltr'><strong>oratione</strong></span> <span class='ocrx_word' id='word_1_191' title='bbox 2029 2644 2228 2698; x_wconf 65' lang='lat' dir='ltr'><strong>reprim-</strong></span> 
     </span>
    </p>
   </div>
   <div class='ocr_carea' id='block_1_26' title="bbox 643 2715 2222 2786">
    <p class='ocr_par' dir='ltr' id='par_1_26' title="bbox 643 2715 2222 2786">
     <span class='ocr_line' id='line_1_26' title="bbox 643 2715 2222 2786; baseline 0.001 -14"><span class='ocrx_word' id='word_1_192' title='bbox 643 2718 860 2772; x_wconf 68' lang='lat' dir='ltr'><strong>seiitari.</strong></span> <span class='ocrx_word' id='word_1_193' title='bbox 905 2716 1140 2772; x_wconf 76' lang='lat' dir='ltr'><strong>Posteris</strong></span> <span class='ocrx_word' id='word_1_194' title='bbox 1180 2730 1308 2771; x_wconf 78' lang='lat' dir='ltr'><strong>vero</strong></span> <span class='ocrx_word' id='word_1_195' title='bbox 1353 2731 1456 2770; x_wconf 92' lang='lat' dir='ltr'><strong>non</strong></span> <span class='ocrx_word' id='word_1_196' title='bbox 1497 2715 1776 2771; x_wconf 86' lang='lat' dir='ltr'><strong>creditoris</strong></span> <span class='ocrx_word' id='word_1_197' title='bbox 1814 2717 1916 2771; x_wconf 90' lang='lat' dir='ltr'><strong>hoc</strong></span> <span class='ocrx_word' id='word_1_198' title='bbox 1957 2718 2222 2786; x_wconf 77' lang='lat' dir='ltr'><strong>dixerim,</strong></span> 
     </span>
    </p>
   </div>
   <div class='ocr_carea' id='block_1_27' title="bbox 643 2807 2221 2878">
    <p class='ocr_par' dir='ltr' id='par_1_27' title="bbox 643 2807 2221 2878">
     <span class='ocr_line' id='line_1_27' title="bbox 643 2807 2221 2878; baseline 0.001 -15"><span class='ocrx_word' id='word_1_199' title='bbox 643 2809 940 2864; x_wconf 66' lang='lat' dir='ltr'><strong>diemouem</strong></span> <span class='ocrx_word' id='word_1_200' title='bbox 972 2809 1116 2862; x_wconf 91' lang='lat' dir='ltr'><strong>illum</strong></span> <span class='ocrx_word' id='word_1_201' title='bbox 1154 2807 1292 2877; x_wconf 89' lang='lat' dir='ltr'><strong>apud</strong></span> <span class='ocrx_word' id='word_1_202' title='bbox 1321 2823 1419 2863; x_wconf 89' lang='lat' dir='ltr'><strong>vos</strong></span> <span class='ocrx_word' id='word_1_203' title='bbox 1441 2849 1454 2874; x_wconf 93' lang='lat'><strong>,</strong></span> <span class='ocrx_word' id='word_1_204' title='bbox 1483 2823 1641 2878; x_wconf 90' lang='lat' dir='ltr'><strong>quem</strong></span> <span class='ocrx_word' id='word_1_205' title='bbox 1680 2810 1938 2864; x_wconf 75' lang='lat' dir='ltr'><strong>Venerem</strong></span> <span class='ocrx_word' id='word_1_206' title='bbox 1978 2810 2176 2865; x_wconf 83' lang='lat' dir='ltr'><strong>vocatis</strong></span> <span class='ocrx_word' id='word_1_207' title='bbox 2206 2854 2221 2875; x_wconf 92' lang='lat'><strong>,</strong></span> 
     </span>
    </p>
   </div>
   <div class='ocr_carea' id='block_1_28' title="bbox 642 2899 2221 2970">
    <p class='ocr_par' dir='ltr' id='par_1_28' title="bbox 642 2899 2221 2970">
     <span class='ocr_line' id='line_1_28' title="bbox 642 2899 2221 2970; baseline 0.001 -16"><span class='ocrx_word' id='word_1_208' title='bbox 642 2916 745 2970; x_wconf 86' lang='lat' dir='ltr'><strong>non</strong></span> <span class='ocrx_word' id='word_1_209' title='bbox 777 2900 976 2970; x_wconf 89' lang='lat' dir='ltr'><strong>pudere</strong></span> <span class='ocrx_word' id='word_1_210' title='bbox 1006 2900 1196 2953; x_wconf 86' lang='lat' dir='ltr'><strong>talibus</strong></span> <span class='ocrx_word' id='word_1_211' title='bbox 1226 2900 1299 2953; x_wconf 93' lang='lat' dir='ltr'><strong>uti</strong></span> <span class='ocrx_word' id='word_1_212' title='bbox 1329 2899 1606 2954; x_wconf 88' lang='lat' dir='ltr'><strong>ministris.</strong></span> <span class='ocrx_word' id='word_1_213' title='bbox 1636 2899 1777 2957; x_wconf 92' lang='lat' dir='ltr'><strong>Nihil</strong></span> <span class='ocrx_word' id='word_1_214' title='bbox 1813 2901 1992 2969; x_wconf 85' lang='lat' dir='ltr'><strong>itaque</strong></span> <span class='ocrx_word' id='word_1_215' title='bbox 2032 2903 2221 2956; x_wconf 89' lang='lat' dir='ltr'><strong>mirum</strong></span> 
     </span>
    </p>
   </div>
   <div class='ocr_carea' id='block_1_29' title="bbox 643 2990 2222 3069">
    <p class='ocr_par' dir='ltr' id='par_1_29' title="bbox 643 2990 2222 3069">
     <span class='ocr_line' id='line_1_29' title="bbox 643 2990 2222 3069; baseline 0.002 -25"><span class='ocrx_word' id='word_1_216' title='bbox 643 3001 726 3069; x_wconf 67' lang='lat' dir='ltr'><strong>est</strong></span> <span class='ocrx_word' id='word_1_217' title='bbox 753 2991 797 3044; x_wconf 91' lang='lat' dir='ltr'><strong>si</strong></span> <span class='ocrx_word' id='word_1_218' title='bbox 826 2992 988 3045; x_wconf 87' lang='lat' dir='ltr'><strong>miser</strong></span> <span class='ocrx_word' id='word_1_219' title='bbox 1008 2991 1096 3045; x_wconf 89' lang='lat' dir='ltr'><strong>ille</strong></span> <span class='ocrx_word' id='word_1_220' title='bbox 1115 3032 1129 3055; x_wconf 88' lang='lat'><strong>,</strong></span> <span class='ocrx_word' id='word_1_221' title='bbox 1157 2991 1244 3060; x_wconf 90' lang='lat' dir='ltr'><strong>qui</strong></span> <span class='ocrx_word' id='word_1_222' title='bbox 1270 2990 1569 3044; x_wconf 75' lang='lat' dir='ltr'><strong>dmmonum</strong></span> <span class='ocrx_word' id='word_1_223' title='bbox 1597 2990 1826 3044; x_wconf 90' lang='lat' dir='ltr'><strong>ludibrio</strong></span> <span class='ocrx_word' id='word_1_224' title='bbox 1855 3007 1974 3047; x_wconf 90' lang='lat' dir='ltr'><strong>sese</strong></span> <span class='ocrx_word' id='word_1_225' title='bbox 2004 3007 2222 3061; x_wconf 90' lang='lat' dir='ltr'><strong>prorsus</strong></span> 
     </span>
    </p>
   </div>
   <div class='ocr_carea' id='block_1_30' title="bbox 641 3080 2216 3151">
    <p class='ocr_par' dir='ltr' id='par_1_30' title="bbox 641 3080 2216 3151">
     <span class='ocr_line' id='line_1_30' title="bbox 641 3080 2216 3151; baseline 0.001 -17"><span class='ocrx_word' id='word_1_226' title='bbox 641 3083 919 3136; x_wconf 82' lang='lat' dir='ltr'><strong>addixerat</strong></span> <span class='ocrx_word' id='word_1_227' title='bbox 944 3122 957 3145; x_wconf 94' lang='lat'><strong>,</strong></span> <span class='ocrx_word' id='word_1_228' title='bbox 982 3097 1085 3147; x_wconf 84' lang='lat' dir='ltr'><strong>non</strong></span> <span class='ocrx_word' id='word_1_229' title='bbox 1123 3080 1321 3149; x_wconf 89' lang='lat' dir='ltr'><strong>pudore</strong></span> <span class='ocrx_word' id='word_1_230' title='bbox 1349 3082 1655 3135; x_wconf 73' lang='lat' dir='ltr'><strong>afﬁceretur</strong></span> <span class='ocrx_word' id='word_1_231' title='bbox 1679 3080 1745 3135; x_wconf 90' lang='lat' dir='ltr'><strong>de</strong></span> <span class='ocrx_word' id='word_1_232' title='bbox 1765 3081 1956 3150; x_wconf 88' lang='lat' dir='ltr'><strong>quibus</strong></span> <span class='ocrx_word' id='word_1_233' title='bbox 1983 3083 2080 3151; x_wconf 86' lang='lat' dir='ltr'><strong>ipsi</strong></span> <span class='ocrx_word' id='word_1_234' title='bbox 2111 3082 2216 3148; x_wconf 93' lang='lat' dir='ltr'><strong>dii,</strong></span> 
     </span>
    </p>
   </div>
   <div class='ocr_carea' id='block_1_31' title="bbox 640 3171 2220 3244">
    <p class='ocr_par' dir='ltr' id='par_1_31' title="bbox 640 3171 2220 3244">
     <span class='ocr_line' id='line_1_31' title="bbox 640 3171 2220 3244; baseline 0.001 -17"><span class='ocrx_word' id='word_1_235' title='bbox 640 3188 774 3244; x_wconf 86' lang='lat' dir='ltr'><strong>quos</strong></span> <span class='ocrx_word' id='word_1_236' title='bbox 789 3173 902 3242; x_wconf 84' lang='lat' dir='ltr'><strong>ipse</strong></span> <span class='ocrx_word' id='word_1_237' title='bbox 923 3173 1142 3237; x_wconf 86' lang='lat' dir='ltr'><strong>coleret,</strong></span> <span class='ocrx_word' id='word_1_238' title='bbox 1164 3171 1540 3241; x_wconf 75' lang='lat' dir='ltr'><strong>gloriabantur.</strong></span> <span class='ocrx_word' id='word_1_239' title='bbox 1565 3171 1680 3226; x_wconf 80' lang='lat' dir='ltr'><strong>Jam</strong></span> <span class='ocrx_word' id='word_1_240' title='bbox 1702 3173 1820 3241; x_wconf 91' lang='lat' dir='ltr'><strong>quis</strong></span> <span class='ocrx_word' id='word_1_241' title='bbox 1839 3183 2115 3228; x_wconf 90' lang='lat' dir='ltr'><strong>recenseat</strong></span> <span class='ocrx_word' id='word_1_242' title='bbox 2136 3191 2220 3229; x_wconf 89' lang='lat' dir='ltr'><strong>ne-</strong></span> 
     </span>
    </p>
   </div>
   <div class='ocr_carea' id='block_1_32' title="bbox 639 3262 2218 3334">
    <p class='ocr_par' dir='ltr' id='par_1_32' title="bbox 639 3262 2218 3334">
     <span class='ocr_line' id='line_1_32' title="bbox 639 3262 2218 3334; baseline -0.001 -15"><span class='ocrx_word' id='word_1_243' title='bbox 639 3265 958 3319; x_wconf 88' lang='lat' dir='ltr'><strong>cromantias</strong></span> <span class='ocrx_word' id='word_1_244' title='bbox 973 3277 1361 3334; x_wconf 90' lang='lat' dir='ltr'><strong>puerorumque</strong></span> <span class='ocrx_word' id='word_1_245' title='bbox 1373 3263 1580 3324; x_wconf 68' lang='lat' dir='ltr'><strong>cardes?</strong></span> <span class='ocrx_word' id='word_1_246' title='bbox 1596 3262 1720 3317; x_wconf 72' lang='lat' dir='ltr'><strong>H.130</strong></span> <span class='ocrx_word' id='word_1_247' title='bbox 1730 3265 1924 3334; x_wconf 87' lang='lat' dir='ltr'><strong>quippe</strong></span> <span class='ocrx_word' id='word_1_248' title='bbox 1940 3265 2072 3319; x_wconf 87' lang='lat' dir='ltr'><strong>sacri</strong></span> <span class='ocrx_word' id='word_1_249' title='bbox 2082 3267 2218 3334; x_wconf 82' lang='lat' dir='ltr'><strong>ficia,</strong></span> 
     </span>
    </p>
   </div>
   <div class='ocr_carea' id='block_1_33' title="bbox 638 3353 2216 3428">
    <p class='ocr_par' dir='ltr' id='par_1_33' title="bbox 638 3353 2216 3428">
     <span class='ocr_line' id='line_1_33' title="bbox 638 3353 2216 3428; baseline 0 -18"><span class='ocrx_word' id='word_1_250' title='bbox 638 3371 758 3427; x_wconf 75' lang='lat' dir='ltr'><strong>quae</strong></span> <span class='ocrx_word' id='word_1_251' title='bbox 778 3368 900 3410; x_wconf 85' lang='lat' dir='ltr'><strong>ante</strong></span> <span class='ocrx_word' id='word_1_252' title='bbox 914 3355 1110 3428; x_wconf 86' lang='lat' dir='ltr'><strong>Christi</strong></span> <span class='ocrx_word' id='word_1_253' title='bbox 1127 3353 1410 3408; x_wconf 87' lang='lat' dir='ltr'><strong>adventum</strong></span> <span class='ocrx_word' id='word_1_254' title='bbox 1430 3355 1672 3410; x_wconf 89' lang='lat' dir='ltr'><strong>homines</strong></span> <span class='ocrx_word' id='word_1_255' title='bbox 1700 3354 1893 3410; x_wconf 76' lang='lat' dir='ltr'><strong>offerre</strong></span> <span class='ocrx_word' id='word_1_256' title='bbox 1920 3356 2032 3410; x_wconf 88' lang='lat' dir='ltr'><strong>ausi</strong></span> <span class='ocrx_word' id='word_1_257' title='bbox 2061 3367 2182 3410; x_wconf 91' lang='lat' dir='ltr'><strong>sunt</strong></span> <span class='ocrx_word' id='word_1_258' title='bbox 2200 3398 2216 3422; x_wconf 88' lang='lat'><strong>,</strong></span> 
     </span>
    </p>
   </div>
   <div class='ocr_carea' id='block_1_34' title="bbox 637 3447 2220 3518">
    <p class='ocr_par' dir='ltr' id='par_1_34' title="bbox 637 3447 2220 3518">
     <span class='ocr_line' id='line_1_34' title="bbox 637 3447 2220 3518; baseline 0 -16"><span class='ocrx_word' id='word_1_259' title='bbox 637 3460 862 3518; x_wconf 69' lang='lat' dir='ltr'><strong>pomque</strong></span> <span class='ocrx_word' id='word_1_260' title='bbox 897 3447 1011 3516; x_wconf 91' lang='lat' dir='ltr'><strong>ejus</strong></span> <span class='ocrx_word' id='word_1_261' title='bbox 1044 3447 1327 3503; x_wconf 86' lang='lat' dir='ltr'><strong>adventum</strong></span> <span class='ocrx_word' id='word_1_262' title='bbox 1360 3454 1744 3514; x_wconf 84' lang='lat' dir='ltr'><strong>cessaverunt,</strong></span> <span class='ocrx_word' id='word_1_263' title='bbox 1775 3463 1988 3502; x_wconf 86' lang='lat' dir='ltr'><strong>rursum</strong></span> <span class='ocrx_word' id='word_1_264' title='bbox 2027 3449 2220 3504; x_wconf 88' lang='lat' dir='ltr'><strong>instau-</strong></span> 
     </span>
    </p>
   </div>
   <div class='ocr_carea' id='block_1_35' title="bbox 637 3538 2216 3609">
    <p class='ocr_par' dir='ltr' id='par_1_35' title="bbox 637 3538 2216 3609">
     <span class='ocr_line' id='line_1_35' title="bbox 637 3538 2216 3609; baseline 0.001 -16"><span class='ocrx_word' id='word_1_265' title='bbox 637 3554 758 3594; x_wconf 88' lang='lat' dir='ltr'><strong>rare</strong></span> <span class='ocrx_word' id='word_1_266' title='bbox 784 3553 1065 3609; x_wconf 78' lang='lat' dir='ltr'><strong>aggressus</strong></span> <span class='ocrx_word' id='word_1_267' title='bbox 1089 3539 1171 3593; x_wconf 84' lang='lat' dir='ltr'><strong>est</strong></span> <span class='ocrx_word' id='word_1_268' title='bbox 1189 3582 1202 3604; x_wconf 90' lang='lat'><strong>,</strong></span> <span class='ocrx_word' id='word_1_269' title='bbox 1228 3555 1331 3593; x_wconf 89' lang='lat' dir='ltr'><strong>non</strong></span> <span class='ocrx_word' id='word_1_270' title='bbox 1357 3538 1579 3609; x_wconf 87' lang='lat' dir='ltr'><strong>quidem</strong></span> <span class='ocrx_word' id='word_1_271' title='bbox 1600 3538 1772 3607; x_wconf 84' lang='lat' dir='ltr'><strong>palam</strong></span> <span class='ocrx_word' id='word_1_272' title='bbox 1801 3556 1813 3592; x_wconf 89' lang='lat'>:</span> <span class='ocrx_word' id='word_1_273' title='bbox 1839 3539 2044 3594; x_wconf 83' lang='lat' dir='ltr'><strong>etiamsi</strong></span> <span class='ocrx_word' id='word_1_274' title='bbox 2073 3542 2216 3594; x_wconf 89' lang='lat' dir='ltr'><strong>enim</strong></span> 
     </span>
    </p>
   </div>
   <div class='ocr_carea' id='block_1_36' title="bbox 639 3629 2215 3701">
    <p class='ocr_par' dir='ltr' id='par_1_36' title="bbox 639 3629 2215 3701">
     <span class='ocr_line' id='line_1_36' title="bbox 639 3629 2215 3701; baseline -0.001 -16"><span class='ocrx_word' id='word_1_275' title='bbox 639 3632 928 3701; x_wconf 85' lang='lat' dir='ltr'><strong>Imperator</strong></span> <span class='ocrx_word' id='word_1_276' title='bbox 943 3641 1083 3686; x_wconf 86' lang='lat' dir='ltr'><strong>esset</strong></span> <span class='ocrx_word' id='word_1_277' title='bbox 1101 3641 1152 3686; x_wconf 91' lang='lat' dir='ltr'><strong>et</strong></span> <span class='ocrx_word' id='word_1_278' title='bbox 1169 3633 1423 3686; x_wconf 90' lang='lat' dir='ltr'><strong>arbitratu</strong></span> <span class='ocrx_word' id='word_1_279' title='bbox 1444 3646 1540 3685; x_wconf 90' lang='lat' dir='ltr'><strong>suo</strong></span> <span class='ocrx_word' id='word_1_280' title='bbox 1557 3629 1733 3684; x_wconf 90' lang='lat' dir='ltr'><strong>omnia</strong></span> <span class='ocrx_word' id='word_1_281' title='bbox 1752 3629 1968 3694; x_wconf 89' lang='lat' dir='ltr'><strong>faceret,</strong></span> <span class='ocrx_word' id='word_1_282' title='bbox 1982 3640 2215 3686; x_wconf 89' lang='lat' dir='ltr'><strong>attamen</strong></span> 
     </span>
    </p>
   </div>
   <div class='ocr_carea' id='block_1_37' title="bbox 638 3723 2214 3792">
    <p class='ocr_par' dir='ltr' id='par_1_37' title="bbox 638 3723 2214 3792">
     <span class='ocr_line' id='line_1_37' title="bbox 638 3723 2214 3792; baseline 0 -16"><span class='ocrx_word' id='word_1_283' title='bbox 638 3723 888 3778; x_wconf 82' lang='lat' dir='ltr'><strong>facinoris</strong></span> <span class='ocrx_word' id='word_1_284' title='bbox 926 3724 1605 3792; x_wconf 87' lang='lat' dir='ltr'><strong>impietas-innnanitasque</strong></span> <span class='ocrx_word' id='word_1_285' title='bbox 1645 3723 1760 3792; x_wconf 82' lang='lat' dir='ltr'><strong>ejus</strong></span> <span class='ocrx_word' id='word_1_286' title='bbox 1788 3723 2061 3791; x_wconf 87' lang='lat' dir='ltr'><strong>potestatis</strong></span> <span class='ocrx_word' id='word_1_287' title='bbox 2099 3739 2214 3777; x_wconf 85' lang='lat' dir='ltr'><strong>ma-</strong></span> 
     </span>
    </p>
   </div>
   <div class='ocr_carea' id='block_1_38' title="bbox 634 3812 2169 3882">
    <p class='ocr_par' dir='ltr' id='par_1_38' title="bbox 634 3812 2169 3882">
     <span class='ocr_line' id='line_1_38' title="bbox 634 3812 2169 3882; baseline 0.001 -17"><span class='ocrx_word' id='word_1_288' title='bbox 634 3813 962 3882; x_wconf 76' lang='lat' dir='ltr'><strong>gnitudinem</strong></span> <span class='ocrx_word' id='word_1_289' title='bbox 992 3814 1294 3882; x_wconf 79' lang='lat' dir='ltr'><strong>superabat.</strong></span> <span class='ocrx_word' id='word_1_290' title='bbox 1326 3813 1452 3866; x_wconf 93' lang='lat' dir='ltr'><strong>lllud</strong></span> <span class='ocrx_word' id='word_1_291' title='bbox 1482 3821 1654 3866; x_wconf 85' lang='lat' dir='ltr'><strong>tamen</strong></span> <span class='ocrx_word' id='word_1_292' title='bbox 1685 3812 1858 3866; x_wconf 90' lang='lat' dir='ltr'><strong>facere</strong></span> <span class='ocrx_word' id='word_1_293' title='bbox 1881 3814 1994 3867; x_wconf 89' lang='lat' dir='ltr'><strong>ausi</strong></span> <span class='ocrx_word' id='word_1_294' title='bbox 2027 3823 2169 3867; x_wconf 88' lang='lat' dir='ltr'><strong>sunt.</strong></span> 
     </span>
    </p>
   </div>
   <div class='ocr_carea' id='block_1_39' title="bbox 705 3902 2214 3974">
    <p class='ocr_par' dir='ltr' id='par_1_39' title="bbox 705 3902 2214 3974">
     <span class='ocr_line' id='line_1_39' title="bbox 705 3902 2214 3974; baseline -0.001 -15"><span class='ocrx_word' id='word_1_295' title='bbox 705 3905 793 3959; x_wconf 78' lang='grc'><strong>15.</strong></span> <span class='ocrx_word' id='word_1_296' title='bbox 837 3903 1151 3974; x_wconf 78' lang='lat' dir='ltr'><strong>Responsum</strong></span> <span class='ocrx_word' id='word_1_297' title='bbox 1197 3903 1440 3958; x_wconf 66' lang='lat' dir='ltr'><strong>da’monis</strong></span> <span class='ocrx_word' id='word_1_298' title='bbox 1475 3902 1763 3956; x_wconf 76' lang='lat' dir='ltr'><strong>ridiculum.</strong></span> <span class='ocrx_word' id='word_1_299' title='bbox 1809 3933 1878 3942; x_wconf 91' lang='lat'><strong><em>—</em></strong></span> <span class='ocrx_word' id='word_1_300' title='bbox 1919 3903 2013 3957; x_wconf 90' lang='lat' dir='ltr'><strong>llic</strong></span> <span class='ocrx_word' id='word_1_301' title='bbox 2056 3905 2214 3972; x_wconf 82' lang='lat' dir='ltr'><strong>igitur</strong></span> 
     </span>
    </p>
   </div>
   <div class='ocr_carea' id='block_1_40' title="bbox 638 3995 2213 4065">
    <p class='ocr_par' dir='ltr' id='par_1_40' title="bbox 638 3995 2213 4065">
     <span class='ocr_line' id='line_1_40' title="bbox 638 3995 2213 4065; baseline 0.001 -16"><span class='ocrx_word' id='word_1_302' title='bbox 638 3995 936 4064; x_wconf 85' lang='lat' dir='ltr'><strong>Imperator</strong></span> <span class='ocrx_word' id='word_1_303' title='bbox 981 3996 1234 4065; x_wconf 86' lang='lat' dir='ltr'><strong>Daphnen</strong></span> <span class='ocrx_word' id='word_1_304' title='bbox 1280 3996 1582 4065; x_wconf 88' lang='lat' dir='ltr'><strong>frequenter</strong></span> <span class='ocrx_word' id='word_1_305' title='bbox 1618 4011 1738 4050; x_wconf 91' lang='lat' dir='ltr'><strong>cum</strong></span> <span class='ocrx_word' id='word_1_306' title='bbox 1769 3995 1947 4050; x_wconf 88' lang='lat' dir='ltr'><strong>multis</strong></span> <span class='ocrx_word' id='word_1_307' title='bbox 1976 3995 2213 4051; x_wconf 90' lang='lat' dir='ltr'><strong>donariis</strong></span> 
     </span>
    </p>
   </div>
   <div class='ocr_carea' id='block_1_41' title="bbox 633 4086 2213 4158">
    <p class='ocr_par' dir='ltr' id='par_1_41' title="bbox 633 4086 2213 4158">
     <span class='ocr_line' id='line_1_41' title="bbox 633 4086 2213 4158; baseline 0.002 -19"><span class='ocrx_word' id='word_1_308' title='bbox 633 4086 926 4141; x_wconf 86' lang='lat' dir='ltr'><strong>ascendens</strong></span> <span class='ocrx_word' id='word_1_309' title='bbox 946 4127 961 4151; x_wconf 90' lang='lat'><strong>,</strong></span> <span class='ocrx_word' id='word_1_310' title='bbox 992 4087 1229 4155; x_wconf 85' lang='lat' dir='ltr'><strong>plurimis</strong></span> <span class='ocrx_word' id='word_1_311' title='bbox 1269 4087 1459 4140; x_wconf 87' lang='lat' dir='ltr'><strong>oblatis</strong></span> <span class='ocrx_word' id='word_1_312' title='bbox 1501 4086 1811 4150; x_wconf 89' lang='lat' dir='ltr'><strong>sacriﬁciis,</strong></span> <span class='ocrx_word' id='word_1_313' title='bbox 1844 4096 2213 4158; x_wconf 89' lang='lat' dir='ltr'><strong>torrentesque</strong></span> 
     </span>
    </p>
   </div>
   <div class='ocr_carea' id='block_1_42' title="bbox 634 4177 2212 4249">
    <p class='ocr_par' dir='ltr' id='par_1_42' title="bbox 634 4177 2212 4249">
     <span class='ocr_line' id='line_1_42' title="bbox 634 4177 2212 4249; baseline 0.002 -18"><span class='ocrx_word' id='word_1_314' title='bbox 634 4178 906 4249; x_wconf 78' lang='lat' dir='ltr'><strong>sanguinis</strong></span> <span class='ocrx_word' id='word_1_315' title='bbox 924 4195 984 4232; x_wconf 81' lang='lat' dir='ltr'><strong>ex</strong></span> <span class='ocrx_word' id='word_1_316' title='bbox 1010 4179 1268 4249; x_wconf 86' lang='lat' dir='ltr'><strong>pecudum</strong></span> <span class='ocrx_word' id='word_1_317' title='bbox 1291 4179 1610 4232; x_wconf 90' lang='lat' dir='ltr'><strong>mactatione</strong></span> <span class='ocrx_word' id='word_1_318' title='bbox 1632 4177 1852 4241; x_wconf 86' lang='lat' dir='ltr'><strong>faciens,</strong></span> <span class='ocrx_word' id='word_1_319' title='bbox 1873 4181 2212 4234; x_wconf 85' lang='lat' dir='ltr'><strong>vehementer</strong></span> 
     </span>
    </p>
   </div>
   <div class='ocr_carea' id='block_1_43' title="bbox 639 4269 2213 4341">
    <p class='ocr_par' dir='ltr' id='par_1_43' title="bbox 639 4269 2213 4341">
     <span class='ocr_line' id='line_1_43' title="bbox 639 4269 2213 4341; baseline 0.003 -19"><span class='ocrx_word' id='word_1_320' title='bbox 639 4269 867 4323; x_wconf 80' lang='lat' dir='ltr'><strong>instabat</strong></span> <span class='ocrx_word' id='word_1_321' title='bbox 893 4270 1162 4324; x_wconf 87' lang='lat' dir='ltr'><strong>oraculum</strong></span> <span class='ocrx_word' id='word_1_322' title='bbox 1193 4285 1221 4322; x_wconf 90' lang='lat' dir='ltr'><strong>a</strong></span> <span class='ocrx_word' id='word_1_323' title='bbox 1249 4269 1492 4324; x_wconf 61' lang='lat' dir='ltr'><strong>dia-mone</strong></span> <span class='ocrx_word' id='word_1_324' title='bbox 1516 4285 1779 4338; x_wconf 78' lang='lat' dir='ltr'><strong>qumrcns,</strong></span> <span class='ocrx_word' id='word_1_325' title='bbox 1813 4285 2108 4341; x_wconf 80' lang='lat' dir='ltr'><strong>rogansque</strong></span> <span class='ocrx_word' id='word_1_326' title='bbox 2129 4287 2213 4327; x_wconf 90' lang='lat' dir='ltr'><strong>rc-</strong></span> 
     </span>
    </p>
   </div>
   <div class='ocr_carea' id='block_1_44' title="bbox 633 4360 2207 4433">
    <p class='ocr_par' dir='ltr' id='par_1_44' title="bbox 633 4360 2207 4433">
     <span class='ocr_line' id='line_1_44' title="bbox 633 4360 2207 4433; baseline 0.001 -16"><span class='ocrx_word' id='word_1_327' title='bbox 633 4360 758 4417; x_wconf 86' lang='lat' dir='ltr'><strong>ferri</strong></span> <span class='ocrx_word' id='word_1_328' title='bbox 776 4363 918 4417; x_wconf 88' lang='lat' dir='ltr'><strong>circa</strong></span> <span class='ocrx_word' id='word_1_329' title='bbox 941 4378 1022 4428; x_wconf 81' lang='lat' dir='ltr'><strong>ea,</strong></span> <span class='ocrx_word' id='word_1_330' title='bbox 1045 4372 1163 4433; x_wconf 70' lang='lat' dir='ltr'><strong>quze‘</strong></span> <span class='ocrx_word' id='word_1_331' title='bbox 1188 4363 1238 4416; x_wconf 90' lang='lat' dir='ltr'><strong>in</strong></span> <span class='ocrx_word' id='word_1_332' title='bbox 1263 4371 1437 4417; x_wconf 83' lang='lat' dir='ltr'><strong>mente</strong></span> <span class='ocrx_word' id='word_1_333' title='bbox 1455 4362 1718 4417; x_wconf 81' lang='lat' dir='ltr'><strong>versabat.</strong></span> <span class='ocrx_word' id='word_1_334' title='bbox 1738 4365 1808 4416; x_wconf 84' lang='lat' dir='ltr'><strong>At</strong></span> <span class='ocrx_word' id='word_1_335' title='bbox 1831 4373 2079 4419; x_wconf 88' lang='lat' dir='ltr'><strong>strenuus</strong></span> <span class='ocrx_word' id='word_1_336' title='bbox 2099 4364 2207 4431; x_wconf 87' lang='lat' dir='ltr'><strong>ille,</strong></span> 
     </span>
    </p>
   </div>
   <div class='ocr_carea' id='block_1_45' title="bbox 756 4475 2025 4535">
    <p class='ocr_par' dir='ltr' id='par_1_45' title="bbox 756 4475 2025 4535">
     <span class='ocr_line' id='line_1_45' title="bbox 756 4475 2025 4535; baseline 0.001 -13"><span class='ocrx_word' id='word_1_337' title='bbox 756 4475 837 4532; x_wconf 75' lang='lat' dir='ltr'><strong>Qui</strong></span> <span class='ocrx_word' id='word_1_338' title='bbox 855 4488 1018 4524; x_wconf 63' lang='lat' dir='ltr'><strong>arenae</strong></span> <span class='ocrx_word' id='word_1_339' title='bbox 1042 4486 1295 4535; x_wconf 84' lang='lat' dir='ltr'><strong>numerum</strong></span> <span class='ocrx_word' id='word_1_340' title='bbox 1317 4475 1450 4522; x_wconf 79' lang='lat' dir='ltr'><strong>novit</strong></span> <span class='ocrx_word' id='word_1_341' title='bbox 1469 4485 1844 4535; x_wconf 79' lang='lat' dir='ltr'><strong>mensuramque</strong></span> <span class='ocrx_word' id='word_1_342' title='bbox 1862 4476 2025 4534; x_wconf 87' lang='lat' dir='ltr'><strong>maris,</strong></span> 
     </span>
    </p>
   </div>
   <div class='ocr_carea' id='block_1_46' title="bbox 758 4533 1775 4597">
    <p class='ocr_par' dir='ltr' id='par_1_46' title="bbox 758 4533 1775 4597">
     <span class='ocr_line' id='line_1_46' title="bbox 758 4533 1775 4597; baseline 0 -13"><span class='ocrx_word' id='word_1_343' title='bbox 758 4542 813 4584; x_wconf 78' lang='lat' dir='ltr'><strong>Et</strong></span> <span class='ocrx_word' id='word_1_344' title='bbox 843 4537 1041 4584; x_wconf 88' lang='lat' dir='ltr'><strong>surdum</strong></span> <span class='ocrx_word' id='word_1_345' title='bbox 1064 4533 1313 4597; x_wconf 76' lang='lat' dir='ltr'><strong>intelligit.</strong></span> <span class='ocrx_word' id='word_1_346' title='bbox 1339 4543 1390 4584; x_wconf 87' lang='lat' dir='ltr'><strong>et</strong></span> <span class='ocrx_word' id='word_1_347' title='bbox 1412 4545 1596 4585; x_wconf 88' lang='lat' dir='ltr'><strong>mutum</strong></span> <span class='ocrx_word' id='word_1_348' title='bbox 1626 4533 1775 4593; x_wconf 69' lang='lat' dir='ltr'><strong>audit,</strong></span> 
     </span>
    </p>
   </div>
   <div class='ocr_carea' id='block_1_47' title="bbox 638 4638 2205 4710">
    <p class='ocr_par' dir='ltr' id='par_1_47' title="bbox 638 4638 2205 4710">
     <span class='ocr_line' id='line_1_47' title="bbox 638 4638 2205 4710; baseline 0 -16"><span class='ocrx_word' id='word_1_349' title='bbox 638 4649 697 4695; x_wconf 95' lang='lat' dir='ltr'><strong>ut</strong></span> <span class='ocrx_word' id='word_1_350' title='bbox 735 4640 849 4710; x_wconf 87' lang='lat' dir='ltr'><strong>ipse</strong></span> <span class='ocrx_word' id='word_1_351' title='bbox 890 4640 1002 4703; x_wconf 89' lang='lat' dir='ltr'><strong>ait,</strong></span> <span class='ocrx_word' id='word_1_352' title='bbox 1037 4639 1204 4692; x_wconf 89' lang='lat' dir='ltr'><strong>noluit</strong></span> <span class='ocrx_word' id='word_1_353' title='bbox 1229 4638 1440 4708; x_wconf 87' lang='lat' dir='ltr'><strong>quidem</strong></span> <span class='ocrx_word' id='word_1_354' title='bbox 1469 4647 1650 4706; x_wconf 86' lang='lat' dir='ltr'><strong>aperte</strong></span> <span class='ocrx_word' id='word_1_355' title='bbox 1681 4638 1959 4708; x_wconf 75' lang='lat' dir='ltr'><strong>palamque</strong></span> <span class='ocrx_word' id='word_1_356' title='bbox 1989 4638 2167 4694; x_wconf 86' lang='lat' dir='ltr'><strong>dicere</strong></span> <span class='ocrx_word' id='word_1_357' title='bbox 2191 4683 2205 4705; x_wconf 93' lang='lat'><strong>,</strong></span> 
     </span>
    </p>
   </div>
   <div class='ocr_carea' id='block_1_48' title="bbox 632 4731 2206 4802">
    <p class='ocr_par' dir='ltr' id='par_1_48' title="bbox 632 4731 2206 4802">
     <span class='ocr_line' id='line_1_48' title="bbox 632 4731 2206 4802; baseline -0.001 -14"><span class='ocrx_word' id='word_1_358' title='bbox 632 4751 693 4789; x_wconf 89' lang='lat' dir='ltr'><strong>se</strong></span> <span class='ocrx_word' id='word_1_359' title='bbox 718 4735 787 4788; x_wconf 89' lang='lat' dir='ltr'><strong>ob</strong></span> <span class='ocrx_word' id='word_1_360' title='bbox 817 4735 1027 4789; x_wconf 90' lang='lat' dir='ltr'><strong>beatum</strong></span> <span class='ocrx_word' id='word_1_361' title='bbox 1061 4732 1306 4802; x_wconf 80' lang='lat' dir='ltr'><strong>Babylam</strong></span> <span class='ocrx_word' id='word_1_362' title='bbox 1329 4773 1343 4793; x_wconf 84' lang='lat'><strong>,</strong></span> <span class='ocrx_word' id='word_1_363' title='bbox 1379 4731 1711 4801; x_wconf 74' lang='lat' dir='ltr'><strong>vicinumque</strong></span> <span class='ocrx_word' id='word_1_364' title='bbox 1743 4732 1885 4785; x_wconf 88' lang='lat' dir='ltr'><strong>illam</strong></span> <span class='ocrx_word' id='word_1_365' title='bbox 1916 4733 2163 4787; x_wconf 87' lang='lat' dir='ltr'><strong>virtutem</strong></span> <span class='ocrx_word' id='word_1_366' title='bbox 2191 4773 2206 4799; x_wconf 87' lang='lat'><strong>,</strong></span> 
     </span>
    </p>
   </div>
   <div class='ocr_carea' id='block_1_49' title="bbox 634 4821 2208 4890">
    <p class='ocr_par' dir='ltr' id='par_1_49' title="bbox 634 4821 2208 4890">
     <span class='ocr_line' id='line_1_49' title="bbox 634 4821 2208 4890; baseline 0 -13"><span class='ocrx_word' id='word_1_367' title='bbox 634 4826 904 4878; x_wconf 90' lang='lat' dir='ltr'><strong>obstructo</strong></span> <span class='ocrx_word' id='word_1_368' title='bbox 938 4838 1056 4877; x_wconf 90' lang='lat' dir='ltr'><strong>esse</strong></span> <span class='ocrx_word' id='word_1_369' title='bbox 1085 4837 1179 4876; x_wconf 86' lang='lat' dir='ltr'><strong>ore</strong></span> <span class='ocrx_word' id='word_1_370' title='bbox 1201 4863 1216 4887; x_wconf 89' lang='lat'><strong>,</strong></span> <span class='ocrx_word' id='word_1_371' title='bbox 1248 4838 1309 4875; x_wconf 88' lang='lat' dir='ltr'><strong>ac</strong></span> <span class='ocrx_word' id='word_1_372' title='bbox 1347 4821 1490 4890; x_wconf 89' lang='lat' dir='ltr'><strong>loqui</strong></span> <span class='ocrx_word' id='word_1_373' title='bbox 1535 4837 1640 4875; x_wconf 90' lang='lat' dir='ltr'><strong>non</strong></span> <span class='ocrx_word' id='word_1_374' title='bbox 1687 4837 1840 4890; x_wconf 89' lang='lat' dir='ltr'><strong>posse</strong></span> <span class='ocrx_word' id='word_1_375' title='bbox 1864 4864 1878 4888; x_wconf 92' lang='lat'><strong>,</strong></span> <span class='ocrx_word' id='word_1_376' title='bbox 1907 4824 2106 4877; x_wconf 89' lang='lat' dir='ltr'><strong>veritus</strong></span> <span class='ocrx_word' id='word_1_377' title='bbox 2143 4840 2208 4878; x_wconf 90' lang='lat' dir='ltr'><strong>ne</strong></span> 
     </span>
    </p>
   </div>
   <div class='ocr_carea' id='block_1_50' title="bbox 635 4901 2207 4982">
    <p class='ocr_par' dir='ltr' id='par_1_50' title="bbox 635 4901 2207 4982">
     <span class='ocr_line' id='line_1_50' title="bbox 635 4901 2207 4982; baseline -0.002 -11"><span class='ocrx_word' id='word_1_378' title='bbox 635 4901 924 4972; x_wconf 84' lang='lat' dir='ltr'><strong>cultoribus</strong></span> <span class='ocrx_word' id='word_1_379' title='bbox 950 4915 1060 4972; x_wconf 89' lang='lat' dir='ltr'><strong>suis</strong></span> <span class='ocrx_word' id='word_1_380' title='bbox 1088 4915 1249 4969; x_wconf 90' lang='lat' dir='ltr'><strong>risum</strong></span> <span class='ocrx_word' id='word_1_381' title='bbox 1281 4924 1518 4968; x_wconf 86' lang='lat' dir='ltr'><strong>moveret</strong></span> <span class='ocrx_word' id='word_1_382' title='bbox 1544 4955 1556 4978; x_wconf 90' lang='lat'><strong>,</strong></span> <span class='ocrx_word' id='word_1_383' title='bbox 1587 4930 1686 4968; x_wconf 91' lang='lat' dir='ltr'><strong>neu</strong></span> <span class='ocrx_word' id='word_1_384' title='bbox 1718 4914 1886 4968; x_wconf 90' lang='lat' dir='ltr'><strong>victus</strong></span> <span class='ocrx_word' id='word_1_385' title='bbox 1913 4915 2082 4982; x_wconf 84' lang='lat' dir='ltr'><strong>palam</strong></span> <span class='ocrx_word' id='word_1_386' title='bbox 2112 4914 2207 4968; x_wconf 91' lang='lat' dir='ltr'><strong>dc-</strong></span> 
     </span>
    </p>
   </div>
   <div class='ocr_carea' id='block_1_51' title="bbox 627 4995 2208 5084">
    <p class='ocr_par' dir='ltr' id='par_1_51' title="bbox 627 4995 2208 5084">
     <span class='ocr_line' id='line_1_51' title="bbox 627 4995 2208 5084; baseline -0.001 -23"><span class='ocrx_word' id='word_1_387' title='bbox 627 4995 1091 5084; x_wconf 75' lang='lat' dir='ltr'><strong>prehenileretur,</strong></span> <span class='ocrx_word' id='word_1_388' title='bbox 1139 5022 1352 5061; x_wconf 84' lang='lat' dir='ltr'><strong>causam</strong></span> <span class='ocrx_word' id='word_1_389' title='bbox 1401 5005 1597 5060; x_wconf 86' lang='lat' dir='ltr'><strong>silentii</strong></span> <span class='ocrx_word' id='word_1_390' title='bbox 1642 5005 1852 5074; x_wconf 88' lang='lat' dir='ltr'><strong>aperuit</strong></span> <span class='ocrx_word' id='word_1_391' title='bbox 1893 5021 1906 5056; x_wconf 91' lang='lat'><strong>:</strong></span> <span class='ocrx_word' id='word_1_392' title='bbox 1941 5005 2045 5058; x_wconf 92' lang='lat' dir='ltr'><strong>imo</strong></span> <span class='ocrx_word' id='word_1_393' title='bbox 2090 5019 2208 5060; x_wconf 81' lang='lat' dir='ltr'><strong>Sese</strong></span> 
     </span>
    </p>
   </div>
   <div class='ocr_carea' id='block_1_52' title="bbox 625 5094 2202 5170">
    <p class='ocr_par' dir='ltr' id='par_1_52' title="bbox 625 5094 2202 5170">
     <span class='ocr_line' id='line_1_52' title="bbox 625 5094 2202 5170; baseline -0.001 -18"><span class='ocrx_word' id='word_1_394' title='bbox 625 5100 800 5170; x_wconf 87' lang='lat' dir='ltr'><strong>magis</strong></span> <span class='ocrx_word' id='word_1_395' title='bbox 829 5097 1129 5164; x_wconf 90' lang='lat' dir='ltr'><strong>ridiculum,</strong></span> <span class='ocrx_word' id='word_1_396' title='bbox 1161 5113 1317 5165; x_wconf 88' lang='lat' dir='ltr'><strong>quam</strong></span> <span class='ocrx_word' id='word_1_397' title='bbox 1344 5097 1513 5165; x_wconf 82' lang='lat' dir='ltr'><strong>ipsum</strong></span> <span class='ocrx_word' id='word_1_398' title='bbox 1545 5095 1842 5158; x_wconf 80' lang='lat' dir='ltr'><strong>silentium,</strong></span> <span class='ocrx_word' id='word_1_399' title='bbox 1874 5094 2160 5150; x_wconf 86' lang='lat' dir='ltr'><strong>declaravit</strong></span> <span class='ocrx_word' id='word_1_400' title='bbox 2191 5115 2202 5149; x_wconf 93' lang='lat'><strong>:</strong></span> 
     </span>
    </p>
   </div>
   <div class='ocr_carea' id='block_1_53' title="bbox 634 5187 2206 5258">
    <p class='ocr_par' dir='ltr' id='par_1_53' title="bbox 634 5187 2206 5258">
     <span class='ocr_line' id='line_1_53' title="bbox 634 5187 2206 5258; baseline -0.003 -14"><span class='ocrx_word' id='word_1_401' title='bbox 634 5206 753 5244; x_wconf 85' lang='lat' dir='ltr'><strong>nam</strong></span> <span class='ocrx_word' id='word_1_402' title='bbox 793 5190 1006 5245; x_wconf 89' lang='lat' dir='ltr'><strong>silentio</strong></span> <span class='ocrx_word' id='word_1_403' title='bbox 1038 5188 1251 5258; x_wconf 87' lang='lat' dir='ltr'><strong>quidem</strong></span> <span class='ocrx_word' id='word_1_404' title='bbox 1296 5187 1654 5241; x_wconf 84' lang='lat' dir='ltr'><strong>infirmitatem</strong></span> <span class='ocrx_word' id='word_1_405' title='bbox 1699 5195 1899 5238; x_wconf 90' lang='lat' dir='ltr'><strong>tantum</strong></span> <span class='ocrx_word' id='word_1_406' title='bbox 1932 5201 2079 5240; x_wconf 90' lang='lat' dir='ltr'><strong>suam</strong></span> <span class='ocrx_word' id='word_1_407' title='bbox 2109 5187 2206 5247; x_wconf 80' lang='lat' dir='ltr'><strong>de-</strong></span> 
     </span>
    </p>
   </div>
   <div class='ocr_carea' id='block_1_54' title="bbox 630 5274 2206 5346">
    <p class='ocr_par' dir='ltr' id='par_1_54' title="bbox 630 5274 2206 5346">
     <span class='ocr_line' id='line_1_54' title="bbox 630 5274 2206 5346; baseline -0.002 -12"><span class='ocrx_word' id='word_1_408' title='bbox 630 5281 987 5342; x_wconf 87' lang='lat' dir='ltr'><strong>monstrabat,</strong></span> <span class='ocrx_word' id='word_1_409' title='bbox 1021 5274 1130 5332; x_wconf 86' lang='lat' dir='ltr'><strong>tum</strong></span> <span class='ocrx_word' id='word_1_410' title='bbox 1160 5292 1288 5332; x_wconf 92' lang='lat' dir='ltr'><strong>vero</strong></span> <span class='ocrx_word' id='word_1_411' title='bbox 1317 5276 1676 5331; x_wconf 83' lang='lat' dir='ltr'><strong>infirmitatem</strong></span> <span class='ocrx_word' id='word_1_412' title='bbox 1706 5276 1900 5343; x_wconf 80' lang='lat' dir='ltr'><strong>simul,</strong></span> <span class='ocrx_word' id='word_1_413' title='bbox 1933 5277 2206 5346; x_wconf 81' lang='lat' dir='ltr'><strong>turpitudi-</strong></span> 
     </span>
    </p>
   </div>
   <div class='ocr_carea' id='block_1_55' title="bbox 630 5367 2200 5440">
    <p class='ocr_par' dir='ltr' id='par_1_55' title="bbox 630 5367 2200 5440">
     <span class='ocr_line' id='line_1_55' title="bbox 630 5367 2200 5440; baseline 0.001 -15"><span class='ocrx_word' id='word_1_414' title='bbox 630 5386 752 5426; x_wconf 87' lang='lat' dir='ltr'><strong>nem</strong></span> <span class='ocrx_word' id='word_1_415' title='bbox 774 5381 827 5425; x_wconf 91' lang='lat' dir='ltr'><strong>et</strong></span> <span class='ocrx_word' id='word_1_416' title='bbox 842 5370 1217 5440; x_wconf 90' lang='lat' dir='ltr'><strong>impudentiam</strong></span> <span class='ocrx_word' id='word_1_417' title='bbox 1241 5385 1349 5439; x_wconf 73' lang='lat' dir='ltr'><strong>prie</strong></span> <span class='ocrx_word' id='word_1_418' title='bbox 1373 5383 1430 5423; x_wconf 89' lang='lat' dir='ltr'><strong>se</strong></span> <span class='ocrx_word' id='word_1_419' title='bbox 1457 5367 1676 5435; x_wconf 83' lang='lat' dir='ltr'><strong>ferebat,</strong></span> <span class='ocrx_word' id='word_1_420' title='bbox 1697 5368 1821 5422; x_wconf 89' lang='lat' dir='ltr'><strong>dum</strong></span> <span class='ocrx_word' id='word_1_421' title='bbox 1839 5384 1899 5422; x_wconf 88' lang='lat' dir='ltr'><strong>ea</strong></span> <span class='ocrx_word' id='word_1_422' title='bbox 1917 5369 2200 5436; x_wconf 89' lang='lat' dir='ltr'><strong>occultare,</strong></span> 
     </span>
    </p>
   </div>
   <div class='ocr_carea' id='block_1_56' title="bbox 630 5459 2208 5533">
    <p class='ocr_par' dir='ltr' id='par_1_56' title="bbox 630 5459 2208 5533">
     <span class='ocr_line' id='line_1_56' title="bbox 630 5459 2208 5533; baseline 0 -16"><span class='ocrx_word' id='word_1_423' title='bbox 630 5479 751 5533; x_wconf 70' lang='lat' dir='ltr'><strong>qua:</strong></span> <span class='ocrx_word' id='word_1_424' title='bbox 770 5464 1020 5519; x_wconf 86' lang='lat' dir='ltr'><strong>occultari</strong></span> <span class='ocrx_word' id='word_1_425' title='bbox 1044 5479 1144 5516; x_wconf 91' lang='lat' dir='ltr'><strong>non</strong></span> <span class='ocrx_word' id='word_1_426' title='bbox 1170 5471 1434 5532; x_wconf 91' lang='lat' dir='ltr'><strong>poterant,</strong></span> <span class='ocrx_word' id='word_1_427' title='bbox 1456 5471 1754 5516; x_wconf 89' lang='lat' dir='ltr'><strong>conaretur.</strong></span> <span class='ocrx_word' id='word_1_428' title='bbox 1776 5459 2024 5526; x_wconf 75' lang='lat' dir='ltr'><strong>Qumuam</strong></span> <span class='ocrx_word' id='word_1_429' title='bbox 2049 5462 2208 5532; x_wconf 79' lang='lat' dir='ltr'><strong>igitur</strong></span> 
     </span>
    </p>
   </div>
   <div class='ocr_carea' id='block_1_57' title="bbox 632 5550 2208 5620">
    <p class='ocr_par' dir='ltr' id='par_1_57' title="bbox 632 5550 2208 5620">
     <span class='ocr_line' id='line_1_57' title="bbox 632 5550 2208 5620; baseline -0.001 -12"><span class='ocrx_word' id='word_1_430' title='bbox 632 5554 745 5609; x_wconf 63' lang='lat' dir='ltr'><strong>hare</strong></span> <span class='ocrx_word' id='word_1_431' title='bbox 783 5552 976 5608; x_wconf 88' lang='lat' dir='ltr'><strong>silentii</strong></span> <span class='ocrx_word' id='word_1_432' title='bbox 1006 5551 1204 5606; x_wconf 81' lang='lat' dir='ltr'><strong>causa?</strong></span> <span class='ocrx_word' id='word_1_433' title='bbox 1235 5552 1453 5620; x_wconf 86' lang='lat' dir='ltr'><strong>Daphne</strong></span> <span class='ocrx_word' id='word_1_434' title='bbox 1477 5591 1492 5616; x_wconf 95' lang='lat'><strong>,</strong></span> <span class='ocrx_word' id='word_1_435' title='bbox 1527 5550 1730 5620; x_wconf 92' lang='lat' dir='ltr'><strong>inquit,</strong></span> <span class='ocrx_word' id='word_1_436' title='bbox 1762 5550 1908 5604; x_wconf 90' lang='lat' dir='ltr'><strong>locus</strong></span> <span class='ocrx_word' id='word_1_437' title='bbox 1937 5559 2020 5604; x_wconf 88' lang='lat' dir='ltr'><strong>est</strong></span> <span class='ocrx_word' id='word_1_438' title='bbox 2046 5552 2208 5606; x_wconf 89' lang='lat' dir='ltr'><strong>cada-</strong></span> 
     </span>
    </p>
   </div>
   <div class='ocr_carea' id='block_1_58' title="bbox 631 5640 2209 5712">
    <p class='ocr_par' dir='ltr' id='par_1_58' title="bbox 631 5640 2209 5712">
     <span class='ocr_line' id='line_1_58' title="bbox 631 5640 2209 5712; baseline 0.002 -17"><span class='ocrx_word' id='word_1_439' title='bbox 631 5644 844 5699; x_wconf 81' lang='lat' dir='ltr'><strong>veribus</strong></span> <span class='ocrx_word' id='word_1_440' title='bbox 874 5643 1058 5712; x_wconf 87' lang='lat' dir='ltr'><strong>plenus</strong></span> <span class='ocrx_word' id='word_1_441' title='bbox 1085 5684 1100 5710; x_wconf 96' lang='lat'><strong>,</strong></span> <span class='ocrx_word' id='word_1_442' title='bbox 1130 5641 1286 5712; x_wconf 88' lang='lat' dir='ltr'><strong>idque</strong></span> <span class='ocrx_word' id='word_1_443' title='bbox 1327 5641 1601 5696; x_wconf 89' lang='lat' dir='ltr'><strong>oraculum</strong></span> <span class='ocrx_word' id='word_1_444' title='bbox 1635 5640 1870 5710; x_wconf 87' lang='lat' dir='ltr'><strong>impedit.</strong></span> <span class='ocrx_word' id='word_1_445' title='bbox 1919 5644 1988 5695; x_wconf 84' lang='lat' dir='ltr'><strong>At</strong></span> <span class='ocrx_word' id='word_1_446' title='bbox 2015 5653 2209 5712; x_wconf 89' lang='lat' dir='ltr'><strong>quanto</strong></span> 
     </span>
    </p>
   </div>
   <div class='ocr_carea' id='block_1_59' title="bbox 633 5733 2205 5804">
    <p class='ocr_par' dir='ltr' id='par_1_59' title="bbox 633 5733 2205 5804">
     <span class='ocr_line' id='line_1_59' title="bbox 633 5733 2205 5804; baseline 0 -16"><span class='ocrx_word' id='word_1_447' title='bbox 633 5735 819 5789; x_wconf 73' lang='lat' dir='ltr'><strong>melius</strong></span> <span class='ocrx_word' id='word_1_448' title='bbox 869 5733 1074 5800; x_wconf 80' lang='lat' dir='ltr'><strong>fuisset,</strong></span> <span class='ocrx_word' id='word_1_449' title='bbox 1117 5734 1279 5787; x_wconf 91' lang='lat' dir='ltr'><strong>miser</strong></span> <span class='ocrx_word' id='word_1_450' title='bbox 1300 5770 1316 5797; x_wconf 89' lang='lat'><strong>,</strong></span> <span class='ocrx_word' id='word_1_451' title='bbox 1349 5733 1598 5804; x_wconf 87' lang='lat' dir='ltr'><strong>martyris</strong></span> <span class='ocrx_word' id='word_1_452' title='bbox 1633 5733 1881 5786; x_wconf 89' lang='lat' dir='ltr'><strong>virtutem</strong></span> <span class='ocrx_word' id='word_1_453' title='bbox 1921 5735 2161 5789; x_wconf 84' lang='lat' dir='ltr'><strong>confiteri</strong></span> <span class='ocrx_word' id='word_1_454' title='bbox 2190 5775 2205 5801; x_wconf 92' lang='lat'><strong>,</strong></span> 
     </span>
    </p>
   </div>
   <div class='ocr_carea' id='block_1_60' title="bbox 632 5825 2206 5898">
    <p class='ocr_par' dir='ltr' id='par_1_60' title="bbox 632 5825 2206 5898">
     <span class='ocr_line' id='line_1_60' title="bbox 632 5825 2206 5898; baseline 0.004 -22"><span class='ocrx_word' id='word_1_455' title='bbox 632 5841 788 5898; x_wconf 82' lang='lat' dir='ltr'><strong>quam</strong></span> <span class='ocrx_word' id='word_1_456' title='bbox 828 5827 940 5882; x_wconf 76' lang='lat' dir='ltr'><strong>hazc</strong></span> <span class='ocrx_word' id='word_1_457' title='bbox 980 5826 1314 5895; x_wconf 90' lang='lat' dir='ltr'><strong>impudenter</strong></span> <span class='ocrx_word' id='word_1_458' title='bbox 1342 5825 1670 5895; x_wconf 73' lang='lat' dir='ltr'><strong>praetexere?</strong></span> <span class='ocrx_word' id='word_1_459' title='bbox 1719 5825 1842 5881; x_wconf 72' lang='lat' dir='ltr'><strong>llmc</strong></span> <span class='ocrx_word' id='word_1_460' title='bbox 1882 5825 2088 5881; x_wconf 71' lang='lat' dir='ltr'><strong>dzcnion</strong></span> <span class='ocrx_word' id='word_1_461' title='bbox 2120 5844 2206 5883; x_wconf 88' lang='lat' dir='ltr'><strong>re-</strong></span> 
     </span>
    </p>
   </div>
   <div class='ocr_carea' id='block_1_61' title="bbox 1436 390 3246 455">
    <p class='ocr_par' dir='ltr' id='par_1_61' title="bbox 1436 390 3246 455">
     <span class='ocr_line' id='line_1_61' title="bbox 1436 390 3246 455; baseline 0.003 -6"><span class='ocrx_word' id='word_1_462' title='bbox 1436 391 1489 449; x_wconf 84' lang='lat' dir='ltr'><strong>S.</strong></span> <span class='ocrx_word' id='word_1_463' title='bbox 1531 391 1807 450; x_wconf 77' lang='lat' dir='ltr'><strong>JOANNIS</strong></span> <span class='ocrx_word' id='word_1_464' title='bbox 1842 390 2315 449; x_wconf 78' lang='lat' dir='ltr'><strong>CIIRYSOSTOMI</strong></span> <span class='ocrx_word' id='word_1_465' title='bbox 2355 396 2670 455; x_wconf 81' lang='lat' dir='ltr'><strong>ARClllEP.</strong></span> <span class='ocrx_word' id='word_1_466' title='bbox 2714 394 3246 455; x_wconf 68' lang='lat' dir='ltr'><strong>CONSTANTINOP.</strong></span> 
     </span>
    </p>
   </div>
   <div class='ocr_carea' id='block_1_62' title="bbox 3829 399 3933 457">
    <p class='ocr_par' dir='ltr' id='par_1_62' title="bbox 3829 399 3933 457">
     <span class='ocr_line' id='line_1_62' title="bbox 3829 399 3933 457; baseline -0.01 0"><span class='ocrx_word' id='word_1_467' title='bbox 3829 399 3933 457; x_wconf 69' lang='lat'><strong>556</strong></span> 
     </span>
    </p>
   </div>
   <div class='ocr_carea' id='block_1_63' title="bbox 2352 511 3926 587">
    <p class='ocr_par' dir='ltr' id='par_1_63' title="bbox 2352 511 3926 587">
     <span class='ocr_line' id='line_1_63' title="bbox 2352 511 3926 587; baseline 0.005 -23"><span class='ocrx_word' id='word_1_468' title='bbox 2352 511 2597 580; x_wconf 82' lang='lat' dir='ltr'><strong>spondit,</strong></span> <span class='ocrx_word' id='word_1_469' title='bbox 2627 511 2819 568; x_wconf 88' lang='lat' dir='ltr'><strong>stultus</strong></span> <span class='ocrx_word' id='word_1_470' title='bbox 2846 523 3023 570; x_wconf 84' lang='lat' dir='ltr'><strong>autem</strong></span> <span class='ocrx_word' id='word_1_471' title='bbox 3053 514 3344 587; x_wconf 80' lang='lat' dir='ltr'><strong>Imperator</strong></span> <span class='ocrx_word' id='word_1_472' title='bbox 3364 557 3380 582; x_wconf 90' lang='lat'><strong>,</strong></span> <span class='ocrx_word' id='word_1_473' title='bbox 3403 517 3556 587; x_wconf 90' lang='lat' dir='ltr'><strong>quasi</strong></span> <span class='ocrx_word' id='word_1_474' title='bbox 3583 518 3638 574; x_wconf 91' lang='lat' dir='ltr'><strong>in</strong></span> <span class='ocrx_word' id='word_1_475' title='bbox 3661 532 3820 575; x_wconf 85' lang='lat' dir='ltr'><strong>scena</strong></span> <span class='ocrx_word' id='word_1_476' title='bbox 3852 519 3926 573; x_wconf 84' lang='lat' dir='ltr'><strong>Iu-</strong></span> 
     </span>
    </p>
   </div>
   <div class='ocr_carea' id='block_1_64' title="bbox 2349 604 3929 683">
    <p class='ocr_par' dir='ltr' id='par_1_64' title="bbox 2349 604 3929 683">
     <span class='ocr_line' id='line_1_64' title="bbox 2349 604 3929 683; baseline 0.007 -25"><span class='ocrx_word' id='word_1_477' title='bbox 2349 605 2483 659; x_wconf 88' lang='lat' dir='ltr'><strong>dens</strong></span> <span class='ocrx_word' id='word_1_478' title='bbox 2524 604 2858 676; x_wconf 81' lang='lat' dir='ltr'><strong>fiibulamque</strong></span> <span class='ocrx_word' id='word_1_479' title='bbox 2895 622 3056 677; x_wconf 86' lang='lat' dir='ltr'><strong>agens</strong></span> <span class='ocrx_word' id='word_1_480' title='bbox 3079 648 3096 675; x_wconf 95' lang='lat'><strong>,</strong></span> <span class='ocrx_word' id='word_1_481' title='bbox 3124 606 3190 663; x_wconf 89' lang='lat' dir='ltr'><strong>ad</strong></span> <span class='ocrx_word' id='word_1_482' title='bbox 3218 607 3430 664; x_wconf 84' lang='lat' dir='ltr'><strong>beatum</strong></span> <span class='ocrx_word' id='word_1_483' title='bbox 3460 611 3635 664; x_wconf 87' lang='lat' dir='ltr'><strong>statim</strong></span> <span class='ocrx_word' id='word_1_484' title='bbox 3677 611 3929 683; x_wconf 84' lang='lat' dir='ltr'><strong>Babylam</strong></span> 
     </span>
    </p>
   </div>
   <div class='ocr_carea' id='block_1_65' title="bbox 2347 698 3931 769">
    <p class='ocr_par' dir='ltr' id='par_1_65' title="bbox 2347 698 3931 769">
     <span class='ocr_line' id='line_1_65' title="bbox 2347 698 3931 769; baseline 0.006 -19"><span class='ocrx_word' id='word_1_485' title='bbox 2347 699 2592 752; x_wconf 86' lang='lat' dir='ltr'><strong>accessit.</strong></span> <span class='ocrx_word' id='word_1_486' title='bbox 2619 698 2800 766; x_wconf 83' lang='lat' dir='ltr'><strong>Atqui,</strong></span> <span class='ocrx_word' id='word_1_487' title='bbox 2831 713 2862 752; x_wconf 92' lang='grc' dir='ltr'><strong>ο</strong></span> <span class='ocrx_word' id='word_1_488' title='bbox 2887 699 3129 754; x_wconf 80' lang='lat' dir='ltr'><strong>scelerati</strong></span> <span class='ocrx_word' id='word_1_489' title='bbox 3156 715 3221 754; x_wconf 90' lang='lat' dir='ltr'><strong>ac</strong></span> <span class='ocrx_word' id='word_1_490' title='bbox 3245 700 3677 769; x_wconf 89' lang='lat' dir='ltr'><strong>sceleratissimi,</strong></span> <span class='ocrx_word' id='word_1_491' title='bbox 3705 704 3808 757; x_wconf 88' lang='lat' dir='ltr'><strong>nisi</strong></span> <span class='ocrx_word' id='word_1_492' title='bbox 3837 719 3931 759; x_wconf 81' lang='lat' dir='ltr'><strong>vos</strong></span> 
     </span>
    </p>
   </div>
   <div class='ocr_carea' id='block_1_66' title="bbox 2348 788 3928 862">
    <p class='ocr_par' dir='ltr' id='par_1_66' title="bbox 2348 788 3928 862">
     <span class='ocr_line' id='line_1_66' title="bbox 2348 788 3928 862; baseline 0.003 -22"><span class='ocrx_word' id='word_1_493' title='bbox 2348 788 2533 841; x_wconf 73' lang='lat' dir='ltr'><strong>mutuo</strong></span> <span class='ocrx_word' id='word_1_494' title='bbox 2557 798 2850 858; x_wconf 78' lang='lat' dir='ltr'><strong>sponteque</strong></span> <span class='ocrx_word' id='word_1_495' title='bbox 2875 788 3193 859; x_wconf 89' lang='lat' dir='ltr'><strong>deciperetis</strong></span> <span class='ocrx_word' id='word_1_496' title='bbox 3217 798 3271 846; x_wconf 84' lang='lat' dir='ltr'><strong>et</strong></span> <span class='ocrx_word' id='word_1_497' title='bbox 3293 791 3358 845; x_wconf 84' lang='lat' dir='ltr'><strong>ad</strong></span> <span class='ocrx_word' id='word_1_498' title='bbox 3385 792 3611 854; x_wconf 85' lang='lat' dir='ltr'><strong>aliorum</strong></span> <span class='ocrx_word' id='word_1_499' title='bbox 3637 793 3928 862; x_wconf 88' lang='lat' dir='ltr'><strong>perniciem</strong></span> 
     </span>
    </p>
   </div>
   <div class='ocr_carea' id='block_1_67' title="bbox 2347 878 3929 950">
    <p class='ocr_par' dir='ltr' id='par_1_67' title="bbox 2347 878 3929 950">
     <span class='ocr_line' id='line_1_67' title="bbox 2347 878 3929 950; baseline 0.004 -20"><span class='ocrx_word' id='word_1_500' title='bbox 2347 878 2684 949; x_wconf 66' lang='lat' dir='ltr'><strong>simulatione</strong></span> <span class='ocrx_word' id='word_1_501' title='bbox 2718 880 2997 935; x_wconf 90' lang='lat' dir='ltr'><strong>uteremini</strong></span> <span class='ocrx_word' id='word_1_502' title='bbox 3021 921 3042 946; x_wconf 90' lang='lat'><strong>,</strong></span> <span class='ocrx_word' id='word_1_503' title='bbox 3068 895 3233 950; x_wconf 90' lang='lat' dir='ltr'><strong>quare</strong></span> <span class='ocrx_word' id='word_1_504' title='bbox 3262 889 3317 936; x_wconf 92' lang='lat' dir='ltr'><strong>tu</strong></span> <span class='ocrx_word' id='word_1_505' title='bbox 3347 879 3806 938; x_wconf 88' lang='lat' dir='ltr'><strong>indiscriminatim</strong></span> <span class='ocrx_word' id='word_1_506' title='bbox 3838 898 3929 937; x_wconf 84' lang='lat' dir='ltr'><strong>ca-</strong></span> 
     </span>
    </p>
   </div>
   <div class='ocr_carea' id='block_1_68' title="bbox 2344 968 3930 1040">
    <p class='ocr_par' dir='ltr' id='par_1_68' title="bbox 2344 968 3930 1040">
     <span class='ocr_line' id='line_1_68' title="bbox 2344 968 3930 1040; baseline 0.003 -19"><span class='ocrx_word' id='word_1_507' title='bbox 2344 968 2538 1023; x_wconf 90' lang='lat' dir='ltr'><strong>davera</strong></span> <span class='ocrx_word' id='word_1_508' title='bbox 2561 983 2845 1036; x_wconf 85' lang='lat' dir='ltr'><strong>memoras,</strong></span> <span class='ocrx_word' id='word_1_509' title='bbox 2866 978 2920 1024; x_wconf 91' lang='lat' dir='ltr'><strong>tu</strong></span> <span class='ocrx_word' id='word_1_510' title='bbox 2945 985 3091 1034; x_wconf 86' lang='lat' dir='ltr'><strong>vero,</strong></span> <span class='ocrx_word' id='word_1_511' title='bbox 3109 971 3261 1040; x_wconf 87' lang='lat' dir='ltr'><strong>quasi</strong></span> <span class='ocrx_word' id='word_1_512' title='bbox 3283 971 3594 1026; x_wconf 89' lang='lat' dir='ltr'><strong>nominatim</strong></span> <span class='ocrx_word' id='word_1_513' title='bbox 3611 981 3664 1027; x_wconf 92' lang='lat' dir='ltr'><strong>et</strong></span> <span class='ocrx_word' id='word_1_514' title='bbox 3680 972 3930 1027; x_wconf 85' lang='lat' dir='ltr'><strong>distincte</strong></span> 
     </span>
    </p>
   </div>
   <div class='ocr_carea' id='block_1_69' title="bbox 2343 1057 3929 1135">
    <p class='ocr_par' dir='ltr' id='par_1_69' title="bbox 2343 1057 3929 1135">
     <span class='ocr_line' id='line_1_69' title="bbox 2343 1057 3929 1135; baseline 0.003 -20"><span class='ocrx_word' id='word_1_515' title='bbox 2343 1057 2603 1129; x_wconf 83' lang='lat' dir='ltr'><strong>audisses,</strong></span> <span class='ocrx_word' id='word_1_516' title='bbox 2627 1062 2828 1118; x_wconf 89' lang='lat' dir='ltr'><strong>relictis</strong></span> <span class='ocrx_word' id='word_1_517' title='bbox 2852 1063 2968 1135; x_wconf 87' lang='lat' dir='ltr'><strong>aliis</strong></span> <span class='ocrx_word' id='word_1_518' title='bbox 2991 1073 3232 1118; x_wconf 88' lang='lat' dir='ltr'><strong>sanctum</strong></span> <span class='ocrx_word' id='word_1_519' title='bbox 3259 1063 3431 1119; x_wconf 90' lang='lat' dir='ltr'><strong>solum</strong></span> <span class='ocrx_word' id='word_1_520' title='bbox 3453 1067 3732 1122; x_wconf 80' lang='lat' dir='ltr'><strong>removes?</strong></span> <span class='ocrx_word' id='word_1_521' title='bbox 3756 1064 3929 1135; x_wconf 80' lang='lat' dir='ltr'><strong>Opor-</strong></span> 
     </span>
    </p>
   </div>
   <div class='ocr_carea' id='block_1_70' title="bbox 2345 1153 3928 1210">
    <p class='ocr_par' dir='ltr' id='par_1_70' title="bbox 2345 1153 3928 1210">
     <span class='ocr_line' id='line_1_70' title="bbox 2345 1153 3928 1210; baseline 0.001 -4"><span class='ocrx_word' id='word_1_522' title='bbox 2345 1154 2486 1207; x_wconf 85' lang='lat' dir='ltr'><strong>tebat</strong></span> <span class='ocrx_word' id='word_1_523' title='bbox 2533 1154 2673 1210; x_wconf 90' lang='lat' dir='ltr'><strong>cnim</strong></span> <span class='ocrx_word' id='word_1_524' title='bbox 2727 1156 3020 1210; x_wconf 84' lang='lat' dir='ltr'><strong>secundum</strong></span> <span class='ocrx_word' id='word_1_525' title='bbox 3066 1153 3324 1210; x_wconf 64' lang='lat' dir='ltr'><strong>daemonis</strong></span> <span class='ocrx_word' id='word_1_526' title='bbox 3359 1157 3676 1210; x_wconf 89' lang='lat' dir='ltr'><strong>sententiam</strong></span> <span class='ocrx_word' id='word_1_527' title='bbox 3741 1170 3928 1210; x_wconf 88' lang='lat' dir='ltr'><strong>omnes</strong></span> 
     </span>
    </p>
   </div>
   <div class='ocr_carea' id='block_1_71' title="bbox 2342 1229 3926 1314">
    <p class='ocr_par' dir='ltr' id='par_1_71' title="bbox 2342 1229 3926 1314">
     <span class='ocr_line' id='line_1_71' title="bbox 2342 1229 3926 1314; baseline 0.001 -16"><span class='ocrx_word' id='word_1_528' title='bbox 2342 1245 2395 1298; x_wconf 91' lang='lat' dir='ltr'><strong>in</strong></span> <span class='ocrx_word' id='word_1_529' title='bbox 2438 1229 2660 1314; x_wconf 83' lang='lat' dir='ltr'><strong>Daphne</strong></span> <span class='ocrx_word' id='word_1_530' title='bbox 2701 1245 2934 1301; x_wconf 88' lang='lat' dir='ltr'><strong>tumulos</strong></span> <span class='ocrx_word' id='word_1_531' title='bbox 2979 1245 3250 1312; x_wconf 73' lang='lat' dir='ltr'><strong>effodere,</strong></span> <span class='ocrx_word' id='word_1_532' title='bbox 3278 1253 3334 1302; x_wconf 88' lang='lat' dir='ltr'><strong>et</strong></span> <span class='ocrx_word' id='word_1_533' title='bbox 3377 1247 3684 1301; x_wconf 87' lang='lat' dir='ltr'><strong>terriculuin</strong></span> <span class='ocrx_word' id='word_1_534' title='bbox 3731 1247 3860 1302; x_wconf 92' lang='lat' dir='ltr'><strong>illud</strong></span> <span class='ocrx_word' id='word_1_535' title='bbox 3895 1264 3926 1300; x_wconf 84' lang='lat' dir='ltr'><strong>a</strong></span> 
     </span>
    </p>
   </div>
   <div class='ocr_carea' id='block_1_72' title="bbox 2341 1335 3926 1412">
    <p class='ocr_par' dir='ltr' id='par_1_72' title="bbox 2341 1335 3926 1412">
     <span class='ocr_line' id='line_1_72' title="bbox 2341 1335 3926 1412; baseline 0.001 -22"><span class='ocrx_word' id='word_1_536' title='bbox 2341 1335 2562 1390; x_wconf 89' lang='lat' dir='ltr'><strong>deorum</strong></span> <span class='ocrx_word' id='word_1_537' title='bbox 2591 1346 2806 1405; x_wconf 88' lang='lat' dir='ltr'><strong>aspectu</strong></span> <span class='ocrx_word' id='word_1_538' title='bbox 2834 1351 2994 1406; x_wconf 89' lang='lat' dir='ltr'><strong>quam</strong></span> <span class='ocrx_word' id='word_1_539' title='bbox 3026 1337 3332 1412; x_wconf 77' lang='lat' dir='ltr'><strong>longissime</strong></span> <span class='ocrx_word' id='word_1_540' title='bbox 3372 1353 3667 1393; x_wconf 89' lang='lat' dir='ltr'><strong>removere.</strong></span> <span class='ocrx_word' id='word_1_541' title='bbox 3718 1341 3789 1392; x_wconf 86' lang='lat' dir='ltr'><strong>At</strong></span> <span class='ocrx_word' id='word_1_542' title='bbox 3819 1356 3926 1392; x_wconf 91' lang='lat' dir='ltr'><strong>non</strong></span> 
     </span>
    </p>
   </div>
   <div class='ocr_carea' id='block_1_73' title="bbox 2339 1428 3928 1501">
    <p class='ocr_par' dir='ltr' id='par_1_73' title="bbox 2339 1428 3928 1501">
     <span class='ocr_line' id='line_1_73' title="bbox 2339 1428 3928 1501; baseline 0.002 -19"><span class='ocrx_word' id='word_1_543' title='bbox 2339 1429 2406 1482; x_wconf 91' lang='lat' dir='ltr'><strong>de</strong></span> <span class='ocrx_word' id='word_1_544' title='bbox 2434 1428 2678 1483; x_wconf 91' lang='lat' dir='ltr'><strong>omnibus</strong></span> <span class='ocrx_word' id='word_1_545' title='bbox 2699 1469 2714 1494; x_wconf 95' lang='lat'><strong>,</strong></span> <span class='ocrx_word' id='word_1_546' title='bbox 2744 1429 2947 1498; x_wconf 86' lang='lat' dir='ltr'><strong>inquies</strong></span> <span class='ocrx_word' id='word_1_547' title='bbox 2969 1471 2983 1491; x_wconf 85' lang='lat'><strong><em>.</em></strong></span> <span class='ocrx_word' id='word_1_548' title='bbox 3013 1429 3358 1488; x_wconf 87' lang='lat' dir='ltr'><strong>cadaveribus</strong></span> <span class='ocrx_word' id='word_1_549' title='bbox 3390 1436 3639 1501; x_wconf 83' lang='lat' dir='ltr'><strong>loquutus</strong></span> <span class='ocrx_word' id='word_1_550' title='bbox 3666 1440 3768 1486; x_wconf 90' lang='lat' dir='ltr'><strong>est.</strong></span> <span class='ocrx_word' id='word_1_551' title='bbox 3817 1431 3928 1486; x_wconf 83' lang='lat' dir='ltr'><strong>Cur</strong></span> 
     </span>
    </p>
   </div>
   <div class='ocr_carea' id='block_1_74' title="bbox 2340 1521 3924 1590">
    <p class='ocr_par' dir='ltr' id='par_1_74' title="bbox 2340 1521 3924 1590">
     <span class='ocr_line' id='line_1_74' title="bbox 2340 1521 3924 1590; baseline -0.002 -15"><span class='ocrx_word' id='word_1_552' title='bbox 2340 1535 2466 1590; x_wconf 85' lang='lat' dir='ltr'><strong>ergo</strong></span> <span class='ocrx_word' id='word_1_553' title='bbox 2497 1521 2547 1574; x_wconf 89' lang='lat' dir='ltr'><strong>id</strong></span> <span class='ocrx_word' id='word_1_554' title='bbox 2579 1537 2681 1574; x_wconf 88' lang='lat' dir='ltr'><strong>non</strong></span> <span class='ocrx_word' id='word_1_555' title='bbox 2711 1523 2979 1590; x_wconf 87' lang='lat' dir='ltr'><strong>professus</strong></span> <span class='ocrx_word' id='word_1_556' title='bbox 3008 1530 3089 1576; x_wconf 90' lang='lat' dir='ltr'><strong>est</strong></span> <span class='ocrx_word' id='word_1_557' title='bbox 3117 1522 3304 1576; x_wconf 85' lang='lat' dir='ltr'><strong>clare?</strong></span> <span class='ocrx_word' id='word_1_558' title='bbox 3329 1523 3468 1576; x_wconf 89' lang='lat' dir='ltr'><strong>Sane</strong></span> <span class='ocrx_word' id='word_1_559' title='bbox 3496 1521 3589 1576; x_wconf 88' lang='lat' dir='ltr'><strong>tibi</strong></span> <span class='ocrx_word' id='word_1_560' title='bbox 3619 1523 3753 1576; x_wconf 87' lang='lat' dir='ltr'><strong>hanc</strong></span> <span class='ocrx_word' id='word_1_561' title='bbox 3775 1539 3924 1578; x_wconf 83' lang='lat' dir='ltr'><strong>erro-</strong></span> 
     </span>
    </p>
   </div>
   <div class='ocr_carea' id='block_1_75' title="bbox 2341 1614 3924 1689">
    <p class='ocr_par' dir='ltr' id='par_1_75' title="bbox 2341 1614 3924 1689">
     <span class='ocr_line' id='line_1_75' title="bbox 2341 1614 3924 1689; baseline 0.003 -23"><span class='ocrx_word' id='word_1_562' title='bbox 2341 1615 2415 1667; x_wconf 90' lang='lat' dir='ltr'><strong>ris</strong></span> <span class='ocrx_word' id='word_1_563' title='bbox 2461 1614 2686 1668; x_wconf 85' lang='lat' dir='ltr'><strong>fabulam</strong></span> <span class='ocrx_word' id='word_1_564' title='bbox 2721 1617 2893 1685; x_wconf 85' lang='lat' dir='ltr'><strong>agenti</strong></span> <span class='ocrx_word' id='word_1_565' title='bbox 2925 1617 3024 1670; x_wconf 91' lang='lat' dir='ltr'><strong>hoc</strong></span> <span class='ocrx_word' id='word_1_566' title='bbox 3048 1617 3271 1686; x_wconf 84' lang='lat' dir='ltr'><strong>amigma</strong></span> <span class='ocrx_word' id='word_1_567' title='bbox 3298 1617 3529 1689; x_wconf 87' lang='lat' dir='ltr'><strong>reliquit.</strong></span> <span class='ocrx_word' id='word_1_568' title='bbox 3571 1617 3685 1687; x_wconf 88' lang='lat' dir='ltr'><strong>Ego</strong></span> <span class='ocrx_word' id='word_1_569' title='bbox 3709 1659 3724 1681; x_wconf 91' lang='lat'><strong>,</strong></span> <span class='ocrx_word' id='word_1_570' title='bbox 3755 1618 3924 1688; x_wconf 89' lang='lat' dir='ltr'><strong>inquit</strong></span> 
     </span>
    </p>
   </div>
   <div class='ocr_carea' id='block_1_76' title="bbox 2339 1705 3928 1778">
    <p class='ocr_par' dir='ltr' id='par_1_76' title="bbox 2339 1705 3928 1778">
     <span class='ocr_line' id='line_1_76' title="bbox 2339 1705 3928 1778; baseline 0.004 -22"><span class='ocrx_word' id='word_1_571' title='bbox 2339 1705 2567 1768; x_wconf 79' lang='lat' dir='ltr'><strong>ila-mon,</strong></span> <span class='ocrx_word' id='word_1_572' title='bbox 2595 1706 2853 1760; x_wconf 90' lang='lat' dir='ltr'><strong>cadavera</strong></span> <span class='ocrx_word' id='word_1_573' title='bbox 2883 1706 3037 1771; x_wconf 87' lang='lat' dir='ltr'><strong>dico,</strong></span> <span class='ocrx_word' id='word_1_574' title='bbox 3071 1723 3138 1762; x_wconf 91' lang='lat' dir='ltr'><strong>ne</strong></span> <span class='ocrx_word' id='word_1_575' title='bbox 3169 1722 3255 1762; x_wconf 89' lang='lat' dir='ltr'><strong>me</strong></span> <span class='ocrx_word' id='word_1_576' title='bbox 3281 1708 3481 1762; x_wconf 87' lang='lat' dir='ltr'><strong>victum</strong></span> <span class='ocrx_word' id='word_1_577' title='bbox 3509 1718 3691 1778; x_wconf 90' lang='lat' dir='ltr'><strong>aperte</strong></span> <span class='ocrx_word' id='word_1_578' title='bbox 3716 1711 3928 1774; x_wconf 76' lang='lat' dir='ltr'><strong>fatear,</strong></span> 
     </span>
    </p>
   </div>
   <div class='ocr_carea' id='block_1_77' title="bbox 2338 1797 3924 1870">
    <p class='ocr_par' dir='ltr' id='par_1_77' title="bbox 2338 1797 3924 1870">
     <span class='ocr_line' id='line_1_77' title="bbox 2338 1797 3924 1870; baseline 0.003 -19"><span class='ocrx_word' id='word_1_579' title='bbox 2338 1806 2391 1851; x_wconf 92' lang='lat' dir='ltr'><strong>ct</strong></span> <span class='ocrx_word' id='word_1_580' title='bbox 2418 1797 2649 1866; x_wconf 89' lang='lat' dir='ltr'><strong>alioquin</strong></span> <span class='ocrx_word' id='word_1_581' title='bbox 2693 1799 2853 1853; x_wconf 90' lang='lat' dir='ltr'><strong>timeo</strong></span> <span class='ocrx_word' id='word_1_582' title='bbox 2888 1811 3123 1854; x_wconf 87' lang='lat' dir='ltr'><strong>sanctum</strong></span> <span class='ocrx_word' id='word_1_583' title='bbox 3170 1801 3481 1855; x_wconf 84' lang='lat' dir='ltr'><strong>nominatim</strong></span> <span class='ocrx_word' id='word_1_584' title='bbox 3530 1801 3823 1870; x_wconf 78' lang='lat' dir='ltr'><strong>proferre:</strong></span> <span class='ocrx_word' id='word_1_585' title='bbox 3868 1813 3924 1855; x_wconf 89' lang='lat' dir='ltr'><strong>tu</strong></span> 
     </span>
    </p>
   </div>
   <div class='ocr_carea' id='block_1_78' title="bbox 2337 1887 3918 1960">
    <p class='ocr_par' dir='ltr' id='par_1_78' title="bbox 2337 1887 3918 1960">
     <span class='ocr_line' id='line_1_78' title="bbox 2337 1887 3918 1960; baseline 0.005 -20"><span class='ocrx_word' id='word_1_586' title='bbox 2337 1887 2473 1955; x_wconf 88' lang='lat' dir='ltr'><strong>quod</strong></span> <span class='ocrx_word' id='word_1_587' title='bbox 2501 1888 2697 1941; x_wconf 88' lang='lat' dir='ltr'><strong>dictum</strong></span> <span class='ocrx_word' id='word_1_588' title='bbox 2726 1899 2806 1942; x_wconf 89' lang='lat' dir='ltr'><strong>est</strong></span> <span class='ocrx_word' id='word_1_589' title='bbox 2834 1889 3065 1960; x_wconf 83' lang='lat' dir='ltr'><strong>intellige</strong></span> <span class='ocrx_word' id='word_1_590' title='bbox 3089 1932 3102 1955; x_wconf 89' lang='lat'><strong>,</strong></span> <span class='ocrx_word' id='word_1_591' title='bbox 3135 1900 3183 1945; x_wconf 92' lang='lat' dir='ltr'><strong>et</strong></span> <span class='ocrx_word' id='word_1_592' title='bbox 3211 1900 3449 1946; x_wconf 91' lang='lat' dir='ltr'><strong>sanctum</strong></span> <span class='ocrx_word' id='word_1_593' title='bbox 3479 1893 3648 1947; x_wconf 89' lang='lat' dir='ltr'><strong>solum</strong></span> <span class='ocrx_word' id='word_1_594' title='bbox 3674 1910 3863 1948; x_wconf 83' lang='lat' dir='ltr'><strong>amove</strong></span> <span class='ocrx_word' id='word_1_595' title='bbox 3905 1912 3918 1948; x_wconf 90' lang='lat'><strong>:</strong></span> 
     </span>
    </p>
   </div>
   <div class='ocr_carea' id='block_1_79' title="bbox 2339 1979 3923 2054">
    <p class='ocr_par' dir='ltr' id='par_1_79' title="bbox 2339 1979 3923 2054">
     <span class='ocr_line' id='line_1_79' title="bbox 2339 1979 3923 2054; baseline 0.006 -22"><span class='ocrx_word' id='word_1_596' title='bbox 2339 1979 2424 2034; x_wconf 90' lang='lat' dir='ltr'><strong>ille</strong></span> <span class='ocrx_word' id='word_1_597' title='bbox 2455 1981 2649 2049; x_wconf 82' lang='lat' dir='ltr'><strong>quippe</strong></span> <span class='ocrx_word' id='word_1_598' title='bbox 2677 1995 2736 2034; x_wconf 91' lang='lat' dir='ltr'><strong>os</strong></span> <span class='ocrx_word' id='word_1_599' title='bbox 2763 1981 2913 2035; x_wconf 91' lang='lat' dir='ltr'><strong>nobis</strong></span> <span class='ocrx_word' id='word_1_600' title='bbox 2940 1982 3228 2036; x_wconf 80' lang='lat' dir='ltr'><strong>obstruxit.</strong></span> <span class='ocrx_word' id='word_1_601' title='bbox 3280 1982 3500 2037; x_wconf 86' lang='lat' dir='ltr'><strong>Tantam</strong></span> <span class='ocrx_word' id='word_1_602' title='bbox 3535 2001 3722 2054; x_wconf 83' lang='lat' dir='ltr'><strong>nempe</strong></span> <span class='ocrx_word' id='word_1_603' title='bbox 3749 1985 3923 2041; x_wconf 84' lang='lat' dir='ltr'><strong>culto-</strong></span> 
     </span>
    </p>
   </div>
   <div class='ocr_carea' id='block_1_80' title="bbox 2335 2072 3919 2145">
    <p class='ocr_par' dir='ltr' id='par_1_80' title="bbox 2335 2072 3919 2145">
     <span class='ocr_line' id='line_1_80' title="bbox 2335 2072 3919 2145; baseline 0.004 -21"><span class='ocrx_word' id='word_1_604' title='bbox 2335 2087 2450 2124; x_wconf 84' lang='lat' dir='ltr'><strong>rum</strong></span> <span class='ocrx_word' id='word_1_605' title='bbox 2499 2087 2714 2125; x_wconf 84' lang='lat' dir='ltr'><strong>suorum</strong></span> <span class='ocrx_word' id='word_1_606' title='bbox 2757 2072 3075 2126; x_wconf 87' lang='lat' dir='ltr'><strong>dementiam</strong></span> <span class='ocrx_word' id='word_1_607' title='bbox 3118 2077 3369 2142; x_wconf 83' lang='lat' dir='ltr'><strong>agnovit,</strong></span> <span class='ocrx_word' id='word_1_608' title='bbox 3421 2086 3477 2130; x_wconf 91' lang='lat' dir='ltr'><strong>ut</strong></span> <span class='ocrx_word' id='word_1_609' title='bbox 3526 2085 3632 2130; x_wconf 91' lang='lat' dir='ltr'><strong>tam</strong></span> <span class='ocrx_word' id='word_1_610' title='bbox 3677 2089 3919 2145; x_wconf 85' lang='lat' dir='ltr'><strong>apertam</strong></span> 
     </span>
    </p>
   </div>
   <div class='ocr_carea' id='block_1_81' title="bbox 2337 2161 3919 2232">
    <p class='ocr_par' dir='ltr' id='par_1_81' title="bbox 2337 2161 3919 2232">
     <span class='ocr_line' id='line_1_81' title="bbox 2337 2161 3919 2232; baseline 0.007 -20"><span class='ocrx_word' id='word_1_611' title='bbox 2337 2161 2570 2218; x_wconf 89' lang='lat' dir='ltr'><strong>fraudem</strong></span> <span class='ocrx_word' id='word_1_612' title='bbox 2619 2161 2897 2216; x_wconf 84' lang='lat' dir='ltr'><strong>advertere</strong></span> <span class='ocrx_word' id='word_1_613' title='bbox 2945 2178 3050 2217; x_wconf 91' lang='lat' dir='ltr'><strong>non</strong></span> <span class='ocrx_word' id='word_1_614' title='bbox 3099 2173 3316 2232; x_wconf 88' lang='lat' dir='ltr'><strong>possent</strong></span> <span class='ocrx_word' id='word_1_615' title='bbox 3350 2183 3365 2218; x_wconf 86' lang='lat'><strong>:</strong></span> <span class='ocrx_word' id='word_1_616' title='bbox 3398 2165 3501 2219; x_wconf 80' lang='lat' dir='ltr'><strong>etsi</strong></span> <span class='ocrx_word' id='word_1_617' title='bbox 3543 2167 3681 2220; x_wconf 91' lang='lat' dir='ltr'><strong>enim</strong></span> <span class='ocrx_word' id='word_1_618' title='bbox 3729 2183 3919 2223; x_wconf 84' lang='lat' dir='ltr'><strong>omnes</strong></span> 
     </span>
    </p>
   </div>
   <div class='ocr_carea' id='block_1_82' title="bbox 2338 2254 3920 2328">
    <p class='ocr_par' dir='ltr' id='par_1_82' title="bbox 2338 2254 3920 2328">
     <span class='ocr_line' id='line_1_82' title="bbox 2338 2254 3920 2328; baseline 0.007 -24"><span class='ocrx_word' id='word_1_619' title='bbox 2338 2254 2690 2321; x_wconf 83' lang='lat' dir='ltr'><strong>mentecapti</strong></span> <span class='ocrx_word' id='word_1_620' title='bbox 2730 2254 3007 2325; x_wconf 88' lang='lat' dir='ltr'><strong>insanique</strong></span> <span class='ocrx_word' id='word_1_621' title='bbox 3046 2263 3225 2311; x_wconf 88' lang='lat' dir='ltr'><strong>essent</strong></span> <span class='ocrx_word' id='word_1_622' title='bbox 3248 2297 3262 2320; x_wconf 94' lang='lat'><strong>,</strong></span> <span class='ocrx_word' id='word_1_623' title='bbox 3295 2271 3362 2312; x_wconf 91' lang='lat' dir='ltr'><strong>ne</strong></span> <span class='ocrx_word' id='word_1_624' title='bbox 3391 2257 3469 2312; x_wconf 90' lang='lat' dir='ltr'><strong>sic</strong></span> <span class='ocrx_word' id='word_1_625' title='bbox 3506 2258 3720 2328; x_wconf 86' lang='lat' dir='ltr'><strong>quidem</strong></span> <span class='ocrx_word' id='word_1_626' title='bbox 3750 2260 3920 2316; x_wconf 88' lang='lat' dir='ltr'><strong>cladis</strong></span> 
     </span>
    </p>
   </div>
   <div class='ocr_carea' id='block_1_83' title="bbox 2333 2343 3920 2418">
    <p class='ocr_par' dir='ltr' id='par_1_83' title="bbox 2333 2343 3920 2418">
     <span class='ocr_line' id='line_1_83' title="bbox 2333 2343 3920 2418; baseline 0.006 -22"><span class='ocrx_word' id='word_1_627' title='bbox 2333 2359 2443 2396; x_wconf 74' lang='lat' dir='ltr'><strong>sua:</strong></span> <span class='ocrx_word' id='word_1_628' title='bbox 2476 2343 2718 2397; x_wconf 89' lang='lat' dir='ltr'><strong>notitiam</strong></span> <span class='ocrx_word' id='word_1_629' title='bbox 2760 2345 3009 2415; x_wconf 84' lang='lat' dir='ltr'><strong>obtegere</strong></span> <span class='ocrx_word' id='word_1_630' title='bbox 3049 2354 3292 2414; x_wconf 90' lang='lat' dir='ltr'><strong>poterant</strong></span> <span class='ocrx_word' id='word_1_631' title='bbox 3320 2364 3332 2400; x_wconf 93' lang='lat'>:</span> <span class='ocrx_word' id='word_1_632' title='bbox 3364 2347 3434 2402; x_wconf 88' lang='lat' dir='ltr'><strong>ita</strong></span> <span class='ocrx_word' id='word_1_633' title='bbox 3472 2363 3663 2418; x_wconf 86' lang='lat' dir='ltr'><strong>nempe</strong></span> <span class='ocrx_word' id='word_1_634' title='bbox 3692 2349 3836 2404; x_wconf 88' lang='lat' dir='ltr'><strong>clara</strong></span> <span class='ocrx_word' id='word_1_635' title='bbox 3865 2358 3920 2405; x_wconf 93' lang='lat' dir='ltr'><strong>et</strong></span> 
     </span>
    </p>
   </div>
   <div class='ocr_carea' id='block_1_84' title="bbox 2332 2437 3916 2510">
    <p class='ocr_par' dir='ltr' id='par_1_84' title="bbox 2332 2437 3916 2510">
     <span class='ocr_line' id='line_1_84' title="bbox 2332 2437 3916 2510; baseline 0.003 -19"><span class='ocrx_word' id='word_1_636' title='bbox 2332 2445 2511 2504; x_wconf 56' lang='lat' dir='ltr'><strong>aperta</strong></span> <span class='ocrx_word' id='word_1_637' title='bbox 2537 2437 2782 2494; x_wconf 83' lang='lat' dir='ltr'><strong>omnibus</strong></span> <span class='ocrx_word' id='word_1_638' title='bbox 2812 2447 2946 2492; x_wconf 89' lang='lat' dir='ltr'><strong>erat.</strong></span> <span class='ocrx_word' id='word_1_639' title='bbox 2993 2439 3123 2493; x_wconf 90' lang='lat' dir='ltr'><strong>Nam</strong></span> <span class='ocrx_word' id='word_1_640' title='bbox 3154 2440 3195 2492; x_wconf 88' lang='lat' dir='ltr'><strong>si</strong></span> <span class='ocrx_word' id='word_1_641' title='bbox 3229 2440 3426 2510; x_wconf 89' lang='lat' dir='ltr'><strong>polluta</strong></span> <span class='ocrx_word' id='word_1_642' title='bbox 3456 2441 3695 2510; x_wconf 70' lang='lat' dir='ltr'><strong>quzedam</strong></span> <span class='ocrx_word' id='word_1_643' title='bbox 3734 2452 3788 2496; x_wconf 92' lang='lat' dir='ltr'><strong>et</strong></span> <span class='ocrx_word' id='word_1_644' title='bbox 3815 2457 3882 2498; x_wconf 84' lang='lat' dir='ltr'><strong>ex</strong></span> <span class='ocrx_word' id='word_1_645' title='bbox 3901 2474 3916 2484; x_wconf 87' lang='lat'><strong>-</strong></span> 
     </span>
    </p>
   </div>
   <div class='ocr_carea' id='block_1_85' title="bbox 2329 2528 3916 2605">
    <p class='ocr_par' dir='ltr' id='par_1_85' title="bbox 2329 2528 3916 2605">
     <span class='ocr_line' id='line_1_85' title="bbox 2329 2528 3916 2605; baseline 0.004 -23"><span class='ocrx_word' id='word_1_646' title='bbox 2329 2528 2582 2583; x_wconf 88' lang='lat' dir='ltr'><strong>sccranda</strong></span> <span class='ocrx_word' id='word_1_647' title='bbox 2603 2544 2689 2584; x_wconf 89' lang='lat' dir='ltr'><strong>res</strong></span> <span class='ocrx_word' id='word_1_648' title='bbox 2709 2537 2853 2595; x_wconf 86' lang='lat' dir='ltr'><strong>sunt,</strong></span> <span class='ocrx_word' id='word_1_649' title='bbox 2873 2541 2930 2583; x_wconf 93' lang='lat' dir='ltr'><strong>ut</strong></span> <span class='ocrx_word' id='word_1_650' title='bbox 2951 2530 3095 2591; x_wconf 86' lang='lat' dir='ltr'><strong>dicis,</strong></span> <span class='ocrx_word' id='word_1_651' title='bbox 3127 2532 3398 2586; x_wconf 88' lang='lat' dir='ltr'><strong>hominum</strong></span> <span class='ocrx_word' id='word_1_652' title='bbox 3421 2533 3697 2600; x_wconf 87' lang='lat' dir='ltr'><strong>cadavera,</strong></span> <span class='ocrx_word' id='word_1_653' title='bbox 3715 2545 3916 2605; x_wconf 88' lang='lat' dir='ltr'><strong>quanto</strong></span> 
     </span>
    </p>
   </div>
   <div class='ocr_carea' id='block_1_86' title="bbox 2333 2620 3915 2696">
    <p class='ocr_par' dir='ltr' id='par_1_86' title="bbox 2333 2620 3915 2696">
     <span class='ocr_line' id='line_1_86' title="bbox 2333 2620 3915 2696; baseline 0.004 -24"><span class='ocrx_word' id='word_1_654' title='bbox 2333 2620 2497 2689; x_wconf 84' lang='lat' dir='ltr'><strong>magis</strong></span> <span class='ocrx_word' id='word_1_655' title='bbox 2529 2621 2825 2687; x_wconf 90' lang='lat' dir='ltr'><strong>brutoruin,</strong></span> <span class='ocrx_word' id='word_1_656' title='bbox 2857 2630 3006 2676; x_wconf 90' lang='lat' dir='ltr'><strong>tanto</strong></span> <span class='ocrx_word' id='word_1_657' title='bbox 3035 2623 3237 2677; x_wconf 88' lang='lat' dir='ltr'><strong>scilicet</strong></span> <span class='ocrx_word' id='word_1_658' title='bbox 3265 2632 3462 2691; x_wconf 81' lang='lat' dir='ltr'><strong>quanto</strong></span> <span class='ocrx_word' id='word_1_659' title='bbox 3491 2625 3591 2679; x_wconf 90' lang='lat' dir='ltr'><strong>hoc</strong></span> <span class='ocrx_word' id='word_1_660' title='bbox 3622 2641 3790 2696; x_wconf 87' lang='lat' dir='ltr'><strong>genus</strong></span> <span class='ocrx_word' id='word_1_661' title='bbox 3823 2628 3915 2681; x_wconf 84' lang='lat' dir='ltr'><strong>illo</strong></span> 
     </span>
    </p>
   </div>
   <div class='ocr_carea' id='block_1_87' title="bbox 2331 2712 3911 2782">
    <p class='ocr_par' dir='ltr' id='par_1_87' title="bbox 2331 2712 3911 2782">
     <span class='ocr_line' id='line_1_87' title="bbox 2331 2712 3911 2782; baseline 0.006 -19"><span class='ocrx_word' id='word_1_662' title='bbox 2331 2712 2484 2765; x_wconf 83' lang='lat' dir='ltr'><strong>vilius</strong></span> <span class='ocrx_word' id='word_1_663' title='bbox 2511 2721 2593 2767; x_wconf 91' lang='lat' dir='ltr'><strong>est</strong></span> <span class='ocrx_word' id='word_1_664' title='bbox 2627 2729 2639 2763; x_wconf 91' lang='lat'>:</span> <span class='ocrx_word' id='word_1_665' title='bbox 2672 2713 2834 2766; x_wconf 90' lang='lat' dir='ltr'><strong>multa</strong></span> <span class='ocrx_word' id='word_1_666' title='bbox 2871 2728 2998 2768; x_wconf 91' lang='lat' dir='ltr'><strong>vero</strong></span> <span class='ocrx_word' id='word_1_667' title='bbox 3032 2729 3222 2767; x_wconf 86' lang='lat' dir='ltr'><strong>canum</strong></span> <span class='ocrx_word' id='word_1_668' title='bbox 3247 2756 3260 2779; x_wconf 94' lang='lat'><strong>,</strong></span> <span class='ocrx_word' id='word_1_669' title='bbox 3295 2715 3568 2770; x_wconf 86' lang='lat' dir='ltr'><strong>simiaruin</strong></span> <span class='ocrx_word' id='word_1_670' title='bbox 3592 2759 3606 2782; x_wconf 94' lang='lat'><strong>,</strong></span> <span class='ocrx_word' id='word_1_671' title='bbox 3636 2719 3911 2774; x_wconf 85' lang='lat' dir='ltr'><strong>asinorum</strong></span> 
     </span>
    </p>
   </div>
   <div class='ocr_carea' id='block_1_88' title="bbox 2327 2804 3913 2879">
    <p class='ocr_par' dir='ltr' id='par_1_88' title="bbox 2327 2804 3913 2879">
     <span class='ocr_line' id='line_1_88' title="bbox 2327 2804 3913 2879; baseline 0.004 -22"><span class='ocrx_word' id='word_1_672' title='bbox 2327 2804 2581 2859; x_wconf 87' lang='lat' dir='ltr'><strong>cadavera</strong></span> <span class='ocrx_word' id='word_1_673' title='bbox 2612 2805 2853 2874; x_wconf 76' lang='lat' dir='ltr'><strong>proxime</strong></span> <span class='ocrx_word' id='word_1_674' title='bbox 2880 2805 3130 2876; x_wconf 90' lang='lat' dir='ltr'><strong>templum</strong></span> <span class='ocrx_word' id='word_1_675' title='bbox 3161 2805 3372 2862; x_wconf 88' lang='lat' dir='ltr'><strong>defossa</strong></span> <span class='ocrx_word' id='word_1_676' title='bbox 3400 2816 3560 2872; x_wconf 88' lang='lat' dir='ltr'><strong>sunt,</strong></span> <span class='ocrx_word' id='word_1_677' title='bbox 3588 2825 3705 2878; x_wconf 76' lang='lat' dir='ltr'><strong>qua:</strong></span> <span class='ocrx_word' id='word_1_678' title='bbox 3732 2812 3913 2879; x_wconf 89' lang='lat' dir='ltr'><strong>potius</strong></span> 
     </span>
    </p>
   </div>
   <div class='ocr_carea' id='block_1_89' title="bbox 2328 2897 3909 2965">
    <p class='ocr_par' dir='ltr' id='par_1_89' title="bbox 2328 2897 3909 2965">
     <span class='ocr_line' id='line_1_89' title="bbox 2328 2897 3909 2965; baseline 0.005 -16"><span class='ocrx_word' id='word_1_679' title='bbox 2328 2906 2690 2952; x_wconf 83' lang='lat' dir='ltr'><strong>transmovere</strong></span> <span class='ocrx_word' id='word_1_680' title='bbox 2728 2897 3041 2965; x_wconf 76' lang='lat' dir='ltr'><strong>Oportebat,</strong></span> <span class='ocrx_word' id='word_1_681' title='bbox 3072 2897 3169 2950; x_wconf 91' lang='lat' dir='ltr'><strong>nisi</strong></span> <span class='ocrx_word' id='word_1_682' title='bbox 3206 2897 3432 2953; x_wconf 86' lang='lat' dir='ltr'><strong>fortasse</strong></span> <span class='ocrx_word' id='word_1_683' title='bbox 3461 2899 3704 2955; x_wconf 87' lang='lat' dir='ltr'><strong>homines</strong></span> <span class='ocrx_word' id='word_1_684' title='bbox 3734 2901 3909 2957; x_wconf 90' lang='lat' dir='ltr'><strong>simiis</strong></span> 
     </span>
    </p>
   </div>
   <div class='ocr_carea' id='block_1_90' title="bbox 2324 2986 3906 3060">
    <p class='ocr_par' dir='ltr' id='par_1_90' title="bbox 2324 2986 3906 3060">
     <span class='ocr_line' id='line_1_90' title="bbox 2324 2986 3906 3060; baseline 0.005 -20"><span class='ocrx_word' id='word_1_685' title='bbox 2324 3002 2511 3042; x_wconf 87' lang='lat' dir='ltr'><strong>censes</strong></span> <span class='ocrx_word' id='word_1_686' title='bbox 2532 3001 2651 3042; x_wconf 90' lang='lat' dir='ltr'><strong>esse</strong></span> <span class='ocrx_word' id='word_1_687' title='bbox 2679 2987 2910 3041; x_wconf 86' lang='lat' dir='ltr'><strong>viliores.</strong></span> <span class='ocrx_word' id='word_1_688' title='bbox 2944 2986 3041 3042; x_wconf 87' lang='lat' dir='ltr'><strong>Ubi</strong></span> <span class='ocrx_word' id='word_1_689' title='bbox 3075 3004 3216 3042; x_wconf 89' lang='lat' dir='ltr'><strong>nunc</strong></span> <span class='ocrx_word' id='word_1_690' title='bbox 3245 2997 3386 3056; x_wconf 90' lang='lat' dir='ltr'><strong>sunt,</strong></span> <span class='ocrx_word' id='word_1_691' title='bbox 3418 2991 3502 3060; x_wconf 90' lang='lat' dir='ltr'><strong>qui</strong></span> <span class='ocrx_word' id='word_1_692' title='bbox 3532 2991 3808 3060; x_wconf 88' lang='lat' dir='ltr'><strong>pulchrum</strong></span> <span class='ocrx_word' id='word_1_693' title='bbox 3843 2994 3906 3048; x_wconf 91' lang='lat' dir='ltr'><strong>il-</strong></span> 
     </span>
    </p>
   </div>
   <div class='ocr_carea' id='block_1_91' title="bbox 2326 3077 3905 3150">
    <p class='ocr_par' dir='ltr' id='par_1_91' title="bbox 2326 3077 3905 3150">
     <span class='ocr_line' id='line_1_91' title="bbox 2326 3077 3905 3150; baseline 0.004 -19"><span class='ocrx_word' id='word_1_694' title='bbox 2326 3077 2414 3131; x_wconf 91' lang='lat' dir='ltr'><strong>lud</strong></span> <span class='ocrx_word' id='word_1_695' title='bbox 2440 3077 2534 3132; x_wconf 89' lang='lat' dir='ltr'><strong>Dei</strong></span> <span class='ocrx_word' id='word_1_696' title='bbox 2559 3078 2847 3146; x_wconf 88' lang='lat' dir='ltr'><strong>opiﬁcium,</strong></span> <span class='ocrx_word' id='word_1_697' title='bbox 2879 3077 2947 3132; x_wconf 88' lang='lat' dir='ltr'><strong>ad</strong></span> <span class='ocrx_word' id='word_1_698' title='bbox 2978 3079 3328 3136; x_wconf 89' lang='lat' dir='ltr'><strong>ministerium</strong></span> <span class='ocrx_word' id='word_1_699' title='bbox 3356 3091 3596 3135; x_wconf 91' lang='lat' dir='ltr'><strong>nostrum</strong></span> <span class='ocrx_word' id='word_1_700' title='bbox 3625 3094 3862 3138; x_wconf 88' lang='lat' dir='ltr'><strong>creatum</strong></span> <span class='ocrx_word' id='word_1_701' title='bbox 3890 3127 3905 3150; x_wconf 87' lang='lat'><strong>,</strong></span> 
     </span>
    </p>
   </div>
   <div class='ocr_carea' id='block_1_92' title="bbox 2324 3168 3904 3238">
    <p class='ocr_par' dir='ltr' id='par_1_92' title="bbox 2324 3168 3904 3238">
     <span class='ocr_line' id='line_1_92' title="bbox 2324 3168 3904 3238; baseline 0.004 -16"><span class='ocrx_word' id='word_1_702' title='bbox 2324 3184 2516 3238; x_wconf 89' lang='lat' dir='ltr'><strong>nempe</strong></span> <span class='ocrx_word' id='word_1_703' title='bbox 2537 3169 2725 3234; x_wconf 90' lang='lat' dir='ltr'><strong>solem,</strong></span> <span class='ocrx_word' id='word_1_704' title='bbox 2743 3168 3061 3224; x_wconf 80' lang='lat' dir='ltr'><strong>contumelia</strong></span> <span class='ocrx_word' id='word_1_705' title='bbox 3083 3169 3355 3234; x_wconf 87' lang='lat' dir='ltr'><strong>afﬁciunt,</strong></span> <span class='ocrx_word' id='word_1_706' title='bbox 3379 3180 3434 3227; x_wconf 92' lang='lat' dir='ltr'><strong>et</strong></span> <span class='ocrx_word' id='word_1_707' title='bbox 3451 3172 3679 3227; x_wconf 73' lang='lat' dir='ltr'><strong>dacmoni</strong></span> <span class='ocrx_word' id='word_1_708' title='bbox 3702 3183 3904 3229; x_wconf 89' lang='lat' dir='ltr'><strong>astrum</strong></span> 
     </span>
    </p>
   </div>
   <div class='ocr_carea' id='block_1_93' title="bbox 2327 3261 3910 3332">
    <p class='ocr_par' dir='ltr' id='par_1_93' title="bbox 2327 3261 3910 3332">
     <span class='ocr_line' id='line_1_93' title="bbox 2327 3261 3910 3332; baseline 0.004 -18"><span class='ocrx_word' id='word_1_709' title='bbox 2327 3261 2455 3316; x_wconf 91' lang='lat' dir='ltr'><strong>illud</strong></span> <span class='ocrx_word' id='word_1_710' title='bbox 2483 3262 2811 3324; x_wconf 84' lang='lat' dir='ltr'><strong>adscribunt,</strong></span> <span class='ocrx_word' id='word_1_711' title='bbox 2840 3270 2999 3332; x_wconf 88' lang='lat' dir='ltr'><strong>atque</strong></span> <span class='ocrx_word' id='word_1_712' title='bbox 3023 3263 3167 3319; x_wconf 91' lang='lat' dir='ltr'><strong>hunc</strong></span> <span class='ocrx_word' id='word_1_713' title='bbox 3192 3264 3315 3318; x_wconf 90' lang='lat' dir='ltr'><strong>illud</strong></span> <span class='ocrx_word' id='word_1_714' title='bbox 3341 3280 3458 3318; x_wconf 89' lang='lat' dir='ltr'><strong>esse</strong></span> <span class='ocrx_word' id='word_1_715' title='bbox 3485 3268 3785 3320; x_wconf 84' lang='lat' dir='ltr'><strong>affirmant?</strong></span> <span class='ocrx_word' id='word_1_716' title='bbox 3814 3269 3910 3322; x_wconf 81' lang='lat' dir='ltr'><strong>Sol</strong></span> 
     </span>
    </p>
   </div>
   <div class='ocr_carea' id='block_1_94' title="bbox 2324 3341 3904 3429">
    <p class='ocr_par' dir='ltr' id='par_1_94' title="bbox 2324 3341 3904 3429">
     <span class='ocr_line' id='line_1_94' title="bbox 2324 3341 3904 3429; baseline 0.003 -19"><span class='ocrx_word' id='word_1_717' title='bbox 2324 3341 2464 3410; x_wconf 88' lang='lat' dir='ltr'><strong>enim</strong></span> <span class='ocrx_word' id='word_1_718' title='bbox 2487 3398 2500 3420; x_wconf 91' lang='lat'><strong>,</strong></span> <span class='ocrx_word' id='word_1_719' title='bbox 2527 3355 2873 3411; x_wconf 84' lang='lat' dir='ltr'><strong>cadaveribus</strong></span> <span class='ocrx_word' id='word_1_720' title='bbox 2899 3357 3189 3410; x_wconf 89' lang='lat' dir='ltr'><strong>innumeris</strong></span> <span class='ocrx_word' id='word_1_721' title='bbox 3217 3355 3269 3410; x_wconf 84' lang='lat' dir='ltr'><strong>in</strong></span> <span class='ocrx_word' id='word_1_722' title='bbox 3297 3365 3434 3415; x_wconf 84' lang='lat' dir='ltr'><strong>terra</strong></span> <span class='ocrx_word' id='word_1_723' title='bbox 3450 3359 3750 3426; x_wconf 88' lang='lat' dir='ltr'><strong>jacentibus</strong></span> <span class='ocrx_word' id='word_1_724' title='bbox 3769 3400 3784 3424; x_wconf 78' lang='lat'><strong>,</strong></span> <span class='ocrx_word' id='word_1_725' title='bbox 3815 3377 3904 3429; x_wconf 82' lang='lat' dir='ltr'><strong>per</strong></span> 
     </span>
    </p>
   </div>
   <div class='ocr_carea' id='block_1_95' title="bbox 2323 3447 3902 3519">
    <p class='ocr_par' dir='ltr' id='par_1_95' title="bbox 2323 3447 3902 3519">
     <span class='ocr_line' id='line_1_95' title="bbox 2323 3447 3902 3519; baseline 0.003 -19"><span class='ocrx_word' id='word_1_726' title='bbox 2323 3448 2625 3501; x_wconf 89' lang='lat' dir='ltr'><strong>universum</strong></span> <span class='ocrx_word' id='word_1_727' title='bbox 2655 3447 2837 3502; x_wconf 85' lang='lat' dir='ltr'><strong>orbein</strong></span> <span class='ocrx_word' id='word_1_728' title='bbox 2867 3448 3175 3503; x_wconf 81' lang='lat' dir='ltr'><strong>diffunditur</strong></span> <span class='ocrx_word' id='word_1_729' title='bbox 3199 3490 3213 3509; x_wconf 90' lang='lat'><em>.</em></span> <span class='ocrx_word' id='word_1_730' title='bbox 3245 3464 3344 3504; x_wconf 88' lang='lat' dir='ltr'><strong>nec</strong></span> <span class='ocrx_word' id='word_1_731' title='bbox 3384 3450 3588 3519; x_wconf 89' lang='lat' dir='ltr'><strong>uspiam</strong></span> <span class='ocrx_word' id='word_1_732' title='bbox 3618 3451 3796 3506; x_wconf 87' lang='lat' dir='ltr'><strong>radios</strong></span> <span class='ocrx_word' id='word_1_733' title='bbox 3824 3453 3902 3505; x_wconf 89' lang='lat' dir='ltr'><strong>vel</strong></span> 
     </span>
    </p>
   </div>
   <div class='ocr_carea' id='block_1_96' title="bbox 2323 3539 3902 3610">
    <p class='ocr_par' dir='ltr' id='par_1_96' title="bbox 2323 3539 3902 3610">
     <span class='ocr_line' id='line_1_96' title="bbox 2323 3539 3902 3610; baseline 0.003 -17"><span class='ocrx_word' id='word_1_734' title='bbox 2323 3541 2587 3594; x_wconf 87' lang='lat' dir='ltr'><strong>radiorum</strong></span> <span class='ocrx_word' id='word_1_735' title='bbox 2615 3539 2904 3610; x_wconf 84' lang='lat' dir='ltr'><strong>efﬁcaciam</strong></span> <span class='ocrx_word' id='word_1_736' title='bbox 2933 3541 3241 3608; x_wconf 91' lang='lat' dir='ltr'><strong>pollutionis</strong></span> <span class='ocrx_word' id='word_1_737' title='bbox 3272 3549 3414 3596; x_wconf 89' lang='lat' dir='ltr'><strong>metu</strong></span> <span class='ocrx_word' id='word_1_738' title='bbox 3437 3542 3705 3597; x_wconf 84' lang='lat' dir='ltr'><strong>contrahit</strong></span> <span class='ocrx_word' id='word_1_739' title='bbox 3730 3561 3744 3599; x_wconf 92' lang='lat'><strong>:</strong></span> <span class='ocrx_word' id='word_1_740' title='bbox 3774 3544 3902 3597; x_wconf 85' lang='lat' dir='ltr'><strong>deus</strong></span> 
     </span>
    </p>
   </div>
   <div class='ocr_carea' id='block_1_97' title="bbox 2321 3634 3904 3703">
    <p class='ocr_par' dir='ltr' id='par_1_97' title="bbox 2321 3634 3904 3703">
     <span class='ocr_line' id='line_1_97' title="bbox 2321 3634 3904 3703; baseline 0.003 -17"><span class='ocrx_word' id='word_1_741' title='bbox 2321 3643 2498 3687; x_wconf 89' lang='lat' dir='ltr'><strong>autem</strong></span> <span class='ocrx_word' id='word_1_742' title='bbox 2531 3642 2705 3687; x_wconf 88' lang='lat' dir='ltr'><strong>vester</strong></span> <span class='ocrx_word' id='word_1_743' title='bbox 2730 3641 3062 3702; x_wconf 70' lang='lat' dir='ltr'><strong>necvturpem</strong></span> <span class='ocrx_word' id='word_1_744' title='bbox 3093 3634 3252 3686; x_wconf 88' lang='lat' dir='ltr'><strong>vitam</strong></span> <span class='ocrx_word' id='word_1_745' title='bbox 3273 3674 3288 3699; x_wconf 97' lang='lat'><strong>,</strong></span> <span class='ocrx_word' id='word_1_746' title='bbox 3320 3648 3418 3687; x_wconf 82' lang='lat' dir='ltr'><strong>nec</strong></span> <span class='ocrx_word' id='word_1_747' title='bbox 3446 3635 3738 3703; x_wconf 76' lang='lat' dir='ltr'><strong>praestigias</strong></span> <span class='ocrx_word' id='word_1_748' title='bbox 3757 3674 3774 3700; x_wconf 94' lang='lat'><strong>,</strong></span> <span class='ocrx_word' id='word_1_749' title='bbox 3805 3651 3904 3690; x_wconf 85' lang='lat' dir='ltr'><strong>nec</strong></span> 
     </span>
    </p>
   </div>
   <div class='ocr_carea' id='block_1_98' title="bbox 2319 3726 3904 3796">
    <p class='ocr_par' dir='ltr' id='par_1_98' title="bbox 2319 3726 3904 3796">
     <span class='ocr_line' id='line_1_98' title="bbox 2319 3726 3904 3796; baseline 0.001 -16"><span class='ocrx_word' id='word_1_750' title='bbox 2319 3726 2498 3781; x_wconf 64' lang='lat' dir='ltr'><strong>caedes</strong></span> <span class='ocrx_word' id='word_1_751' title='bbox 2526 3736 2802 3780; x_wconf 88' lang='lat' dir='ltr'><strong>aversatur</strong></span> <span class='ocrx_word' id='word_1_752' title='bbox 2827 3727 2907 3779; x_wconf 86' lang='lat' dir='ltr'><strong>vel</strong></span> <span class='ocrx_word' id='word_1_753' title='bbox 2935 3726 3057 3779; x_wconf 92' lang='lat' dir='ltr'><strong>odio</strong></span> <span class='ocrx_word' id='word_1_754' title='bbox 3083 3726 3274 3791; x_wconf 82' lang='lat' dir='ltr'><strong>habet;</strong></span> <span class='ocrx_word' id='word_1_755' title='bbox 3301 3726 3393 3780; x_wconf 90' lang='lat' dir='ltr'><strong>sed</strong></span> <span class='ocrx_word' id='word_1_756' title='bbox 3422 3726 3610 3794; x_wconf 84' lang='lat' dir='ltr'><strong>diligit,</strong></span> <span class='ocrx_word' id='word_1_757' title='bbox 3637 3729 3904 3796; x_wconf 85' lang='lat' dir='ltr'><strong>amplecti-</strong></span> 
     </span>
    </p>
   </div>
   <div class='ocr_carea' id='block_1_99' title="bbox 2319 3824 3898 3886">
    <p class='ocr_par' dir='ltr' id='par_1_99' title="bbox 2319 3824 3898 3886">
     <span class='ocr_line' id='line_1_99' title="bbox 2319 3824 3898 3886; baseline 0.001 -14"><span class='ocrx_word' id='word_1_758' title='bbox 2319 3825 2405 3871; x_wconf 90' lang='lat' dir='ltr'><strong>tur</strong></span> <span class='ocrx_word' id='word_1_759' title='bbox 2430 3826 2484 3872; x_wconf 91' lang='lat' dir='ltr'><strong>et</strong></span> <span class='ocrx_word' id='word_1_760' title='bbox 2508 3824 2681 3883; x_wconf 89' lang='lat' dir='ltr'><strong>amat;</strong></span> <span class='ocrx_word' id='word_1_761' title='bbox 2716 3833 2897 3870; x_wconf 85' lang='lat' dir='ltr'><strong>verum</strong></span> <span class='ocrx_word' id='word_1_762' title='bbox 2924 3831 3147 3886; x_wconf 89' lang='lat' dir='ltr'><strong>corpora</strong></span> <span class='ocrx_word' id='word_1_763' title='bbox 3175 3825 3349 3871; x_wconf 88' lang='lat' dir='ltr'><strong>tamen</strong></span> <span class='ocrx_word' id='word_1_764' title='bbox 3377 3827 3556 3870; x_wconf 90' lang='lat' dir='ltr'><strong>nostra</strong></span> <span class='ocrx_word' id='word_1_765' title='bbox 3585 3828 3862 3873; x_wconf 81' lang='lat' dir='ltr'><strong>averSatnr</strong></span> <span class='ocrx_word' id='word_1_766' title='bbox 3887 3839 3898 3873; x_wconf 96' lang='lat'>:</span> 
     </span>
    </p>
   </div>
   <div class='ocr_carea' id='block_1_100' title="bbox 2322 3907 3902 3977">
    <p class='ocr_par' dir='ltr' id='par_1_100' title="bbox 2322 3907 3902 3977">
     <span class='ocr_line' id='line_1_100' title="bbox 2322 3907 3902 3977; baseline 0.006 -23"><span class='ocrx_word' id='word_1_767' title='bbox 2322 3923 2637 3977; x_wconf 80' lang='lat' dir='ltr'><strong>quamquam</strong></span> <span class='ocrx_word' id='word_1_768' title='bbox 2670 3908 2883 3960; x_wconf 75' lang='lat' dir='ltr'><strong>malitia:</strong></span> <span class='ocrx_word' id='word_1_769' title='bbox 2911 3907 3135 3976; x_wconf 87' lang='lat' dir='ltr'><strong>species,</strong></span> <span class='ocrx_word' id='word_1_770' title='bbox 3163 3909 3323 3962; x_wconf 88' lang='lat' dir='ltr'><strong>etiam</strong></span> <span class='ocrx_word' id='word_1_771' title='bbox 3353 3907 3494 3961; x_wconf 90' lang='lat' dir='ltr'><strong>illam</strong></span> <span class='ocrx_word' id='word_1_772' title='bbox 3529 3908 3902 3977; x_wconf 64' lang='lat' dir='ltr'><strong>pdragentibus</strong></span> 
     </span>
    </p>
   </div>
   <div class='ocr_carea' id='block_1_101' title="bbox 2317 3997 3899 4068">
    <p class='ocr_par' dir='ltr' id='par_1_101' title="bbox 2317 3997 3899 4068">
     <span class='ocr_line' id='line_1_101' title="bbox 2317 3997 3899 4068; baseline 0.001 -16"><span class='ocrx_word' id='word_1_773' title='bbox 2317 4013 2521 4052; x_wconf 91' lang='lat' dir='ltr'><strong>summa</strong></span> <span class='ocrx_word' id='word_1_774' title='bbox 2542 3998 2954 4066; x_wconf 71' lang='lat' dir='ltr'><strong>reprehensione</strong></span> <span class='ocrx_word' id='word_1_775' title='bbox 2970 3997 3127 4068; x_wconf 91' lang='lat' dir='ltr'><strong>digna</strong></span> <span class='ocrx_word' id='word_1_776' title='bbox 3141 4011 3259 4053; x_wconf 87' lang='lat' dir='ltr'><strong>esse</strong></span> <span class='ocrx_word' id='word_1_777' title='bbox 3271 3998 3542 4062; x_wconf 88' lang='lat' dir='ltr'><strong>videatur;</strong></span> <span class='ocrx_word' id='word_1_778' title='bbox 3562 4008 3616 4050; x_wconf 90' lang='lat' dir='ltr'><strong>at</strong></span> <span class='ocrx_word' id='word_1_779' title='bbox 3631 4009 3899 4055; x_wconf 90' lang='lat' dir='ltr'><strong>mortuum</strong></span> 
     </span>
    </p>
   </div>
   <div class='ocr_carea' id='block_1_102' title="bbox 2319 4089 3900 4160">
    <p class='ocr_par' dir='ltr' id='par_1_102' title="bbox 2319 4089 3900 4160">
     <span class='ocr_line' id='line_1_102' title="bbox 2319 4089 3900 4160; baseline 0.001 -16"><span class='ocrx_word' id='word_1_780' title='bbox 2319 4089 2694 4159; x_wconf 90' lang='lat' dir='ltr'><strong>immobileque</strong></span> <span class='ocrx_word' id='word_1_781' title='bbox 2739 4103 2932 4158; x_wconf 88' lang='lat' dir='ltr'><strong>corpus</strong></span> <span class='ocrx_word' id='word_1_782' title='bbox 2978 4105 3076 4144; x_wconf 90' lang='lat' dir='ltr'><strong>nec</strong></span> <span class='ocrx_word' id='word_1_783' title='bbox 3119 4091 3288 4160; x_wconf 76' lang='lat' dir='ltr'><strong>culpae</strong></span> <span class='ocrx_word' id='word_1_784' title='bbox 3340 4104 3438 4144; x_wconf 90' lang='lat' dir='ltr'><strong>nec</strong></span> <span class='ocrx_word' id='word_1_785' title='bbox 3495 4091 3900 4159; x_wconf 78' lang='lat' dir='ltr'><strong>reprehensioni</strong></span> 
     </span>
    </p>
   </div>
   <div class='ocr_carea' id='block_1_103' title="bbox 2316 4182 3896 4257">
    <p class='ocr_par' dir='ltr' id='par_1_103' title="bbox 2316 4182 3896 4257">
     <span class='ocr_line' id='line_1_103' title="bbox 2316 4182 3896 4257; baseline 0.002 -21"><span class='ocrx_word' id='word_1_786' title='bbox 2316 4183 2603 4236; x_wconf 80' lang='lat' dir='ltr'><strong>obnoxium</strong></span> <span class='ocrx_word' id='word_1_787' title='bbox 2632 4192 2733 4236; x_wconf 89' lang='lat' dir='ltr'><strong>est.</strong></span> <span class='ocrx_word' id='word_1_788' title='bbox 2786 4182 2889 4237; x_wconf 88' lang='lat' dir='ltr'><strong>Sed</strong></span> <span class='ocrx_word' id='word_1_789' title='bbox 2911 4183 3019 4257; x_wconf 81' lang='lat' dir='ltr'><strong>hoc</strong></span> <span class='ocrx_word' id='word_1_790' title='bbox 3053 4192 3136 4236; x_wconf 87' lang='lat' dir='ltr'><strong>est</strong></span> <span class='ocrx_word' id='word_1_791' title='bbox 3163 4183 3384 4236; x_wconf 90' lang='lat' dir='ltr'><strong>deorum</strong></span> <span class='ocrx_word' id='word_1_792' title='bbox 3416 4192 3711 4237; x_wconf 84' lang='lat' dir='ltr'><strong>vestrorum</strong></span> <span class='ocrx_word' id='word_1_793' title='bbox 3742 4186 3896 4239; x_wconf 87' lang='lat' dir='ltr'><strong>insti-</strong></span> 
     </span>
    </p>
   </div>
   <div class='ocr_carea' id='block_1_104' title="bbox 2317 4273 3896 4343">
    <p class='ocr_par' dir='ltr' id='par_1_104' title="bbox 2317 4273 3896 4343">
     <span class='ocr_line' id='line_1_104' title="bbox 2317 4273 3896 4343; baseline 0.001 -16"><span class='ocrx_word' id='word_1_794' title='bbox 2317 4283 2482 4327; x_wconf 90' lang='lat' dir='ltr'><strong>tutum</strong></span> <span class='ocrx_word' id='word_1_795' title='bbox 2508 4314 2523 4338; x_wconf 93' lang='lat'><strong>,</strong></span> <span class='ocrx_word' id='word_1_796' title='bbox 2555 4284 2610 4328; x_wconf 91' lang='lat' dir='ltr'><strong>ut</strong></span> <span class='ocrx_word' id='word_1_797' title='bbox 2633 4273 3037 4338; x_wconf 87' lang='lat' dir='ltr'><strong>abomincntur,</strong></span> <span class='ocrx_word' id='word_1_798' title='bbox 3070 4289 3186 4343; x_wconf 80' lang='lat' dir='ltr'><strong>qum</strong></span> <span class='ocrx_word' id='word_1_799' title='bbox 3215 4288 3317 4327; x_wconf 91' lang='lat' dir='ltr'><strong>non</strong></span> <span class='ocrx_word' id='word_1_800' title='bbox 3351 4274 3700 4328; x_wconf 84' lang='lat' dir='ltr'><strong>abominanda</strong></span> <span class='ocrx_word' id='word_1_801' title='bbox 3733 4285 3896 4338; x_wconf 80' lang='lat' dir='ltr'><strong>sunt.</strong></span> 
     </span>
    </p>
   </div>
   <div class='ocr_carea' id='block_1_105' title="bbox 2315 4362 3900 4435">
    <p class='ocr_par' dir='ltr' id='par_1_105' title="bbox 2315 4362 3900 4435">
     <span class='ocr_line' id='line_1_105' title="bbox 2315 4362 3900 4435; baseline 0 -17"><span class='ocrx_word' id='word_1_802' title='bbox 2315 4365 2494 4419; x_wconf 89' lang='lat' dir='ltr'><strong>colant</strong></span> <span class='ocrx_word' id='word_1_803' title='bbox 2530 4362 2706 4419; x_wconf 83' lang='lat' dir='ltr'><strong>autem</strong></span> <span class='ocrx_word' id='word_1_804' title='bbox 2746 4373 2800 4420; x_wconf 93' lang='lat' dir='ltr'><strong>et</strong></span> <span class='ocrx_word' id='word_1_805' title='bbox 2841 4365 3136 4435; x_wconf 78' lang='lat' dir='ltr'><strong>approbent</strong></span> <span class='ocrx_word' id='word_1_806' title='bbox 3177 4380 3237 4419; x_wconf 90' lang='lat' dir='ltr'><strong>ea</strong></span> <span class='ocrx_word' id='word_1_807' title='bbox 3263 4405 3279 4431; x_wconf 88' lang='lat'><strong>,</strong></span> <span class='ocrx_word' id='word_1_808' title='bbox 3313 4382 3430 4435; x_wconf 74' lang='lat' dir='ltr'><strong>qua:</strong></span> <span class='ocrx_word' id='word_1_809' title='bbox 3453 4366 3597 4420; x_wconf 91' lang='lat' dir='ltr'><strong>omni</strong></span> <span class='ocrx_word' id='word_1_810' title='bbox 3624 4378 3749 4421; x_wconf 90' lang='lat' dir='ltr'><strong>sunt</strong></span> <span class='ocrx_word' id='word_1_811' title='bbox 3776 4368 3900 4422; x_wconf 80' lang='lat' dir='ltr'><strong>odio</strong></span> 
     </span>
    </p>
   </div>
   <div class='ocr_carea' id='block_1_106' title="bbox 2316 4455 3898 4528">
    <p class='ocr_par' dir='ltr' id='par_1_106' title="bbox 2316 4455 3898 4528">
     <span class='ocr_line' id='line_1_106' title="bbox 2316 4455 3898 4528; baseline 0.003 -18"><span class='ocrx_word' id='word_1_812' title='bbox 2316 4465 2370 4510; x_wconf 88' lang='lat' dir='ltr'><strong>et</strong></span> <span class='ocrx_word' id='word_1_813' title='bbox 2393 4456 2758 4511; x_wconf 79' lang='lat' dir='ltr'><strong>exsecratione</strong></span> <span class='ocrx_word' id='word_1_814' title='bbox 2786 4455 2962 4525; x_wconf 84' lang='lat' dir='ltr'><strong>digna.</strong></span> <span class='ocrx_word' id='word_1_815' title='bbox 3012 4457 3075 4510; x_wconf 87' lang='lat' dir='ltr'><strong>Et</strong></span> <span class='ocrx_word' id='word_1_816' title='bbox 3113 4456 3282 4528; x_wconf 73' lang='lat' dir='ltr'><strong>borius</strong></span> <span class='ocrx_word' id='word_1_817' title='bbox 3311 4456 3520 4526; x_wconf 90' lang='lat' dir='ltr'><strong>quidem</strong></span> <span class='ocrx_word' id='word_1_818' title='bbox 3552 4459 3631 4510; x_wconf 91' lang='lat' dir='ltr'><strong>vir</strong></span> <span class='ocrx_word' id='word_1_819' title='bbox 3668 4474 3844 4528; x_wconf 81' lang='lat' dir='ltr'><strong>neque</strong></span> <span class='ocrx_word' id='word_1_820' title='bbox 3869 4475 3898 4514; x_wconf 85' lang='lat' dir='ltr'><strong>a</strong></span> 
     </span>
    </p>
   </div>
   <div class='ocr_carea' id='block_1_107' title="bbox 2313 4546 3896 4618">
    <p class='ocr_par' dir='ltr' id='par_1_107' title="bbox 2313 4546 3896 4618">
     <span class='ocr_line' id='line_1_107' title="bbox 2313 4546 3896 4618; baseline 0.002 -17"><span class='ocrx_word' id='word_1_821' title='bbox 2313 4561 2445 4601; x_wconf 91' lang='lat' dir='ltr'><strong>sano</strong></span> <span class='ocrx_word' id='word_1_822' title='bbox 2469 4546 2714 4608; x_wconf 90' lang='lat' dir='ltr'><strong>consilio,</strong></span> <span class='ocrx_word' id='word_1_823' title='bbox 2738 4561 2909 4616; x_wconf 91' lang='lat' dir='ltr'><strong>neque</strong></span> <span class='ocrx_word' id='word_1_824' title='bbox 2933 4547 2998 4601; x_wconf 91' lang='lat' dir='ltr'><strong>ab</strong></span> <span class='ocrx_word' id='word_1_825' title='bbox 3027 4546 3246 4600; x_wconf 89' lang='lat' dir='ltr'><strong>honesta</strong></span> <span class='ocrx_word' id='word_1_826' title='bbox 3274 4549 3482 4602; x_wconf 83' lang='lat' dir='ltr'><strong>actione</strong></span> <span class='ocrx_word' id='word_1_827' title='bbox 3510 4563 3602 4618; x_wconf 90' lang='lat' dir='ltr'><strong>per</strong></span> <span class='ocrx_word' id='word_1_828' title='bbox 3628 4561 3896 4606; x_wconf 87' lang='lat' dir='ltr'><strong>mortuum</strong></span> 
     </span>
    </p>
   </div>
   <div class='ocr_carea' id='block_1_108' title="bbox 2313 4636 3898 4707">
    <p class='ocr_par' dir='ltr' id='par_1_108' title="bbox 2313 4636 3898 4707">
     <span class='ocr_line' id='line_1_108' title="bbox 2313 4636 3898 4707; baseline 0.002 -14"><span class='ocrx_word' id='word_1_829' title='bbox 2313 4653 2506 4707; x_wconf 90' lang='lat' dir='ltr'><strong>corpus</strong></span> <span class='ocrx_word' id='word_1_830' title='bbox 2543 4638 2930 4701; x_wconf 89' lang='lat' dir='ltr'><strong>deterrebitur;</strong></span> <span class='ocrx_word' id='word_1_831' title='bbox 2978 4636 3073 4691; x_wconf 88' lang='lat' dir='ltr'><strong>sed</strong></span> <span class='ocrx_word' id='word_1_832' title='bbox 3111 4638 3156 4691; x_wconf 91' lang='lat' dir='ltr'><strong>si</strong></span> <span class='ocrx_word' id='word_1_833' title='bbox 3199 4639 3378 4692; x_wconf 90' lang='lat' dir='ltr'><strong>animo</strong></span> <span class='ocrx_word' id='word_1_834' title='bbox 3407 4640 3474 4693; x_wconf 92' lang='lat' dir='ltr'><strong>sit</strong></span> <span class='ocrx_word' id='word_1_835' title='bbox 3505 4654 3636 4694; x_wconf 83' lang='lat' dir='ltr'><strong>sano</strong></span> <span class='ocrx_word' id='word_1_836' title='bbox 3657 4681 3670 4705; x_wconf 88' lang='lat'><strong>,</strong></span> <span class='ocrx_word' id='word_1_837' title='bbox 3701 4644 3804 4695; x_wconf 89' lang='lat' dir='ltr'><strong>eisi</strong></span> <span class='ocrx_word' id='word_1_838' title='bbox 3835 4645 3898 4696; x_wconf 87' lang='lat' dir='ltr'><strong>ad</strong></span> 
     </span>
    </p>
   </div>
   <div class='ocr_carea' id='block_1_109' title="bbox 2314 4728 3898 4801">
    <p class='ocr_par' dir='ltr' id='par_1_109' title="bbox 2314 4728 3898 4801">
     <span class='ocr_line' id='line_1_109' title="bbox 2314 4728 3898 4801; baseline 0.004 -19"><span class='ocrx_word' id='word_1_839' title='bbox 2314 4730 2423 4799; x_wconf 85' lang='lat' dir='ltr'><strong>ipsa</strong></span> <span class='ocrx_word' id='word_1_840' title='bbox 2455 4730 2697 4798; x_wconf 84' lang='lat' dir='ltr'><strong>sepulcra</strong></span> <span class='ocrx_word' id='word_1_841' title='bbox 2737 4729 3058 4784; x_wconf 87' lang='lat' dir='ltr'><strong>domicilium</strong></span> <span class='ocrx_word' id='word_1_842' title='bbox 3091 4728 3283 4784; x_wconf 83' lang='lat' dir='ltr'><strong>habeat</strong></span> <span class='ocrx_word' id='word_1_843' title='bbox 3309 4771 3324 4795; x_wconf 91' lang='lat'><strong>,</strong></span> <span class='ocrx_word' id='word_1_844' title='bbox 3357 4739 3410 4786; x_wconf 88' lang='lat' dir='ltr'><strong>et</strong></span> <span class='ocrx_word' id='word_1_845' title='bbox 3448 4736 3855 4801; x_wconf 80' lang='lat' dir='ltr'><strong>temperantiam</strong></span> <span class='ocrx_word' id='word_1_846' title='bbox 3883 4779 3898 4801; x_wconf 87' lang='lat'><strong>,</strong></span> 
     </span>
    </p>
   </div>
   <div class='ocr_carea' id='block_1_110' title="bbox 2310 4817 3901 4894">
    <p class='ocr_par' dir='ltr' id='par_1_110' title="bbox 2310 4817 3901 4894">
     <span class='ocr_line' id='line_1_110' title="bbox 2310 4817 3901 4894; baseline 0.004 -18"><span class='ocrx_word' id='word_1_847' title='bbox 2310 4834 2364 4876; x_wconf 88' lang='lat' dir='ltr'><strong>et</strong></span> <span class='ocrx_word' id='word_1_848' title='bbox 2402 4823 2699 4889; x_wconf 89' lang='lat' dir='ltr'><strong>justitiam,</strong></span> <span class='ocrx_word' id='word_1_849' title='bbox 2732 4831 2785 4877; x_wconf 89' lang='lat' dir='ltr'><strong>et</strong></span> <span class='ocrx_word' id='word_1_850' title='bbox 2827 4824 3072 4877; x_wconf 89' lang='lat' dir='ltr'><strong>virtutem</strong></span> <span class='ocrx_word' id='word_1_851' title='bbox 3116 4838 3329 4878; x_wconf 90' lang='lat' dir='ltr'><strong>omnem</strong></span> <span class='ocrx_word' id='word_1_852' title='bbox 3371 4817 3662 4880; x_wconf 84' lang='lat' dir='ltr'><strong>exhibebit.</strong></span> <span class='ocrx_word' id='word_1_853' title='bbox 3711 4827 3901 4894; x_wconf 86' lang='lat' dir='ltr'><strong>Qiiivis</strong></span> 
     </span>
    </p>
   </div>
   <div class='ocr_carea' id='block_1_111' title="bbox 2313 4913 3901 4982">
    <p class='ocr_par' dir='ltr' id='par_1_111' title="bbox 2313 4913 3901 4982">
     <span class='ocr_line' id='line_1_111' title="bbox 2313 4913 3901 4982; baseline 0.004 -17"><span class='ocrx_word' id='word_1_854' title='bbox 2313 4913 2436 4966; x_wconf 87' lang='lat' dir='ltr'><strong>item</strong></span> <span class='ocrx_word' id='word_1_855' title='bbox 2459 4913 2666 4974; x_wconf 82' lang='lat' dir='ltr'><strong>artifex,</strong></span> <span class='ocrx_word' id='word_1_856' title='bbox 2693 4928 2809 4982; x_wconf 74' lang='lat' dir='ltr'><strong>qua:</strong></span> <span class='ocrx_word' id='word_1_857' title='bbox 2835 4913 2899 4966; x_wconf 86' lang='lat' dir='ltr'><strong>ad</strong></span> <span class='ocrx_word' id='word_1_858' title='bbox 2925 4922 3091 4967; x_wconf 89' lang='lat' dir='ltr'><strong>artem</strong></span> <span class='ocrx_word' id='word_1_859' title='bbox 3120 4923 3362 4982; x_wconf 89' lang='lat' dir='ltr'><strong>spectant</strong></span> <span class='ocrx_word' id='word_1_860' title='bbox 3383 4929 3554 4981; x_wconf 91' lang='lat' dir='ltr'><strong>suam,</strong></span> <span class='ocrx_word' id='word_1_861' title='bbox 3576 4919 3754 4970; x_wconf 88' lang='lat' dir='ltr'><strong>omnia</strong></span> <span class='ocrx_word' id='word_1_862' title='bbox 3783 4918 3901 4972; x_wconf 81' lang='lat' dir='ltr'><strong>sine</strong></span> 
     </span>
    </p>
   </div>
   <div class='ocr_carea' id='block_1_112' title="bbox 2311 5003 3900 5074">
    <p class='ocr_par' dir='ltr' id='par_1_112' title="bbox 2311 5003 3900 5074">
     <span class='ocr_line' id='line_1_112' title="bbox 2311 5003 3900 5074; baseline 0.003 -17"><span class='ocrx_word' id='word_1_863' title='bbox 2311 5004 2461 5058; x_wconf 87' lang='lat' dir='ltr'><strong>obice</strong></span> <span class='ocrx_word' id='word_1_864' title='bbox 2505 5003 2679 5068; x_wconf 88' lang='lat' dir='ltr'><strong>faciet,</strong></span> <span class='ocrx_word' id='word_1_865' title='bbox 2725 5013 2780 5060; x_wconf 91' lang='lat' dir='ltr'><strong>et</strong></span> <span class='ocrx_word' id='word_1_866' title='bbox 2821 5003 3129 5074; x_wconf 79' lang='lat' dir='ltr'><strong>rogantibus</strong></span> <span class='ocrx_word' id='word_1_867' title='bbox 3170 5020 3229 5059; x_wconf 87' lang='lat' dir='ltr'><strong>se</strong></span> <span class='ocrx_word' id='word_1_868' title='bbox 3273 5005 3565 5073; x_wconf 74' lang='lat' dir='ltr'><strong>praebebit,</strong></span> <span class='ocrx_word' id='word_1_869' title='bbox 3598 5021 3702 5060; x_wconf 92' lang='lat' dir='ltr'><strong>non</strong></span> <span class='ocrx_word' id='word_1_870' title='bbox 3737 5009 3900 5060; x_wconf 84' lang='lat' dir='ltr'><strong>modo</strong></span> 
     </span>
    </p>
   </div>
   <div class='ocr_carea' id='block_1_113' title="bbox 2311 5094 3895 5165">
    <p class='ocr_par' dir='ltr' id='par_1_113' title="bbox 2311 5094 3895 5165">
     <span class='ocr_line' id='line_1_113' title="bbox 2311 5094 3895 5165; baseline 0.003 -17"><span class='ocrx_word' id='word_1_871' title='bbox 2311 5110 2474 5165; x_wconf 81' lang='lat' dir='ltr'><strong>prope</strong></span> <span class='ocrx_word' id='word_1_872' title='bbox 2500 5097 2757 5149; x_wconf 86' lang='lat' dir='ltr'><strong>cadavera</strong></span> <span class='ocrx_word' id='word_1_873' title='bbox 2790 5095 3002 5159; x_wconf 84' lang='lat' dir='ltr'><strong>sedens,</strong></span> <span class='ocrx_word' id='word_1_874' title='bbox 3035 5094 3126 5149; x_wconf 89' lang='lat' dir='ltr'><strong>sed</strong></span> <span class='ocrx_word' id='word_1_875' title='bbox 3150 5097 3357 5150; x_wconf 88' lang='lat' dir='ltr'><strong>etiamsi</strong></span> <span class='ocrx_word' id='word_1_876' title='bbox 3384 5097 3496 5165; x_wconf 87' lang='lat' dir='ltr'><strong>ipsa</strong></span> <span class='ocrx_word' id='word_1_877' title='bbox 3521 5095 3895 5152; x_wconf 88' lang='lat' dir='ltr'><strong>defunctorum</strong></span> 
     </span>
    </p>
   </div>
   <div class='ocr_carea' id='block_1_114' title="bbox 2310 5187 3894 5258">
    <p class='ocr_par' dir='ltr' id='par_1_114' title="bbox 2310 5187 3894 5258">
     <span class='ocr_line' id='line_1_114' title="bbox 2310 5187 3894 5258; baseline 0.004 -18"><span class='ocrx_word' id='word_1_878' title='bbox 2310 5189 2548 5255; x_wconf 76' lang='lat' dir='ltr'><strong>sepulcra</strong></span> <span class='ocrx_word' id='word_1_879' title='bbox 2570 5196 2882 5242; x_wconf 87' lang='lat' dir='ltr'><strong>construere</strong></span> <span class='ocrx_word' id='word_1_880' title='bbox 2907 5202 3040 5257; x_wconf 88' lang='lat' dir='ltr'><strong>opus</strong></span> <span class='ocrx_word' id='word_1_881' title='bbox 3065 5187 3245 5252; x_wconf 90' lang='lat' dir='ltr'><strong>fuerit,</strong></span> <span class='ocrx_word' id='word_1_882' title='bbox 3267 5197 3322 5243; x_wconf 90' lang='lat' dir='ltr'><strong>et</strong></span> <span class='ocrx_word' id='word_1_883' title='bbox 3343 5189 3532 5258; x_wconf 91' lang='lat' dir='ltr'><strong>pictor,</strong></span> <span class='ocrx_word' id='word_1_884' title='bbox 3563 5198 3618 5245; x_wconf 91' lang='lat' dir='ltr'><strong>et</strong></span> <span class='ocrx_word' id='word_1_885' title='bbox 3637 5189 3894 5256; x_wconf 80' lang='lat' dir='ltr'><strong>latemus,</strong></span> 
     </span>
    </p>
   </div>
   <div class='ocr_carea' id='block_1_115' title="bbox 2311 5279 3895 5349">
    <p class='ocr_par' dir='ltr' id='par_1_115' title="bbox 2311 5279 3895 5349">
     <span class='ocr_line' id='line_1_115' title="bbox 2311 5279 3895 5349; baseline 0.004 -17"><span class='ocrx_word' id='word_1_886' title='bbox 2311 5288 2364 5332; x_wconf 91' lang='lat' dir='ltr'><strong>et</strong></span> <span class='ocrx_word' id='word_1_887' title='bbox 2398 5279 2544 5344; x_wconf 86' lang='lat' dir='ltr'><strong>faber</strong></span> <span class='ocrx_word' id='word_1_888' title='bbox 2565 5320 2580 5344; x_wconf 91' lang='lat'><strong>,</strong></span> <span class='ocrx_word' id='word_1_889' title='bbox 2612 5287 2666 5332; x_wconf 91' lang='lat' dir='ltr'><strong>et</strong></span> <span class='ocrx_word' id='word_1_890' title='bbox 2703 5279 2920 5333; x_wconf 64' lang='lat' dir='ltr'><strong>aerarius</strong></span> <span class='ocrx_word' id='word_1_891' title='bbox 2957 5280 3192 5348; x_wconf 84' lang='lat' dir='ltr'><strong>sculptor</strong></span> <span class='ocrx_word' id='word_1_892' title='bbox 3215 5321 3229 5345; x_wconf 88' lang='lat'><strong>,</strong></span> <span class='ocrx_word' id='word_1_893' title='bbox 3257 5279 3488 5349; x_wconf 89' lang='lat' dir='ltr'><strong>denique</strong></span> <span class='ocrx_word' id='word_1_894' title='bbox 3524 5296 3713 5337; x_wconf 89' lang='lat' dir='ltr'><strong>omnes</strong></span> <span class='ocrx_word' id='word_1_895' title='bbox 3743 5299 3895 5337; x_wconf 82' lang='lat' dir='ltr'><strong>suam</strong></span> 
     </span>
    </p>
   </div>
   <div class='ocr_carea' id='block_1_116' title="bbox 2311 5369 3896 5442">
    <p class='ocr_par' dir='ltr' id='par_1_116' title="bbox 2311 5369 3896 5442">
     <span class='ocr_line' id='line_1_116' title="bbox 2311 5369 3896 5442; baseline 0.005 -22"><span class='ocrx_word' id='word_1_896' title='bbox 2311 5382 2526 5436; x_wconf 88' lang='lat' dir='ltr'><strong>operam</strong></span> <span class='ocrx_word' id='word_1_897' title='bbox 2553 5369 2863 5435; x_wconf 87' lang='lat' dir='ltr'><strong>conferunt;</strong></span> <span class='ocrx_word' id='word_1_898' title='bbox 2893 5386 3031 5424; x_wconf 91' lang='lat' dir='ltr'><strong>unus</strong></span> <span class='ocrx_word' id='word_1_899' title='bbox 3059 5380 3236 5425; x_wconf 90' lang='lat' dir='ltr'><strong>autem</strong></span> <span class='ocrx_word' id='word_1_900' title='bbox 3267 5371 3502 5425; x_wconf 88' lang='lat' dir='ltr'><strong>omnium</strong></span> <span class='ocrx_word' id='word_1_901' title='bbox 3530 5373 3722 5442; x_wconf 87' lang='lat' dir='ltr'><strong>Apollo</strong></span> <span class='ocrx_word' id='word_1_902' title='bbox 3752 5391 3782 5428; x_wconf 92' lang='lat' dir='ltr'><strong>a</strong></span> <span class='ocrx_word' id='word_1_903' title='bbox 3810 5390 3896 5428; x_wconf 87' lang='lat' dir='ltr'><strong>ea-</strong></span> 
     </span>
    </p>
   </div>
   <div class='ocr_carea' id='block_1_117' title="bbox 2310 5460 3892 5534">
    <p class='ocr_par' dir='ltr' id='par_1_117' title="bbox 2310 5460 3892 5534">
     <span class='ocr_line' id='line_1_117' title="bbox 2310 5460 3892 5534; baseline 0.003 -21"><span class='ocrx_word' id='word_1_904' title='bbox 2310 5460 2590 5514; x_wconf 84' lang='lat' dir='ltr'><strong>daveribus</strong></span> <span class='ocrx_word' id='word_1_905' title='bbox 2616 5461 2858 5530; x_wconf 87' lang='lat' dir='ltr'><strong>impediri</strong></span> <span class='ocrx_word' id='word_1_906' title='bbox 2887 5477 2944 5516; x_wconf 89' lang='lat' dir='ltr'><strong>se</strong></span> <span class='ocrx_word' id='word_1_907' title='bbox 2965 5461 3057 5525; x_wconf 88' lang='lat' dir='ltr'><strong>ait,</strong></span> <span class='ocrx_word' id='word_1_908' title='bbox 3081 5465 3363 5532; x_wconf 88' lang='lat' dir='ltr'><strong>quominus</strong></span> <span class='ocrx_word' id='word_1_909' title='bbox 3383 5463 3554 5517; x_wconf 90' lang='lat' dir='ltr'><strong>futura</strong></span> <span class='ocrx_word' id='word_1_910' title='bbox 3579 5466 3892 5534; x_wconf 76' lang='lat' dir='ltr'><strong>prospiciat.</strong></span> 
     </span>
    </p>
   </div>
   <div class='ocr_carea' id='block_1_118' title="bbox 2312 5552 3894 5628">
    <p class='ocr_par' dir='ltr' id='par_1_118' title="bbox 2312 5552 3894 5628">
     <span class='ocr_line' id='line_1_118' title="bbox 2312 5552 3894 5628; baseline 0.006 -23"><span class='ocrx_word' id='word_1_911' title='bbox 2312 5552 2468 5621; x_wconf 86' lang='lat' dir='ltr'><strong>Atqui</strong></span> <span class='ocrx_word' id='word_1_912' title='bbox 2497 5561 2550 5606; x_wconf 92' lang='lat' dir='ltr'><strong>et</strong></span> <span class='ocrx_word' id='word_1_913' title='bbox 2574 5552 2715 5622; x_wconf 91' lang='lat' dir='ltr'><strong>apud</strong></span> <span class='ocrx_word' id='word_1_914' title='bbox 2743 5568 2840 5606; x_wconf 91' lang='lat' dir='ltr'><strong>nos</strong></span> <span class='ocrx_word' id='word_1_915' title='bbox 2869 5553 2966 5607; x_wconf 88' lang='lat' dir='ltr'><strong>viri</strong></span> <span class='ocrx_word' id='word_1_916' title='bbox 2995 5552 3142 5608; x_wconf 89' lang='lat' dir='ltr'><strong>fuere</strong></span> <span class='ocrx_word' id='word_1_917' title='bbox 3173 5556 3348 5625; x_wconf 83' lang='lat' dir='ltr'><strong>magni</strong></span> <span class='ocrx_word' id='word_1_918' title='bbox 3378 5566 3431 5610; x_wconf 94' lang='lat' dir='ltr'><strong>et</strong></span> <span class='ocrx_word' id='word_1_919' title='bbox 3460 5556 3735 5612; x_wconf 88' lang='lat' dir='ltr'><strong>mirabiles</strong></span> <span class='ocrx_word' id='word_1_920' title='bbox 3759 5599 3775 5623; x_wconf 93' lang='lat'><strong>,</strong></span> <span class='ocrx_word' id='word_1_921' title='bbox 3804 5562 3894 5628; x_wconf 88' lang='lat' dir='ltr'><strong>qui</strong></span> 
     </span>
    </p>
   </div>
   <div class='ocr_carea' id='block_1_119' title="bbox 2312 5645 3894 5720">
    <p class='ocr_par' dir='ltr' id='par_1_119' title="bbox 2312 5645 3894 5720">
     <span class='ocr_line' id='line_1_119' title="bbox 2312 5645 3894 5720; baseline 0.004 -23"><span class='ocrx_word' id='word_1_922' title='bbox 2312 5653 2433 5698; x_wconf 89' lang='lat' dir='ltr'><strong>ante</strong></span> <span class='ocrx_word' id='word_1_923' title='bbox 2463 5645 2607 5698; x_wconf 91' lang='lat' dir='ltr'><strong>mille</strong></span> <span class='ocrx_word' id='word_1_924' title='bbox 2633 5653 2687 5699; x_wconf 89' lang='lat' dir='ltr'><strong>et</strong></span> <span class='ocrx_word' id='word_1_925' title='bbox 2713 5645 3126 5717; x_wconf 86' lang='lat' dir='ltr'><strong>quadringentos</strong></span> <span class='ocrx_word' id='word_1_926' title='bbox 3155 5662 3322 5704; x_wconf 88' lang='lat' dir='ltr'><strong>annos</strong></span> <span class='ocrx_word' id='word_1_927' title='bbox 3349 5665 3435 5703; x_wconf 89' lang='lat' dir='ltr'><strong>res</strong></span> <span class='ocrx_word' id='word_1_928' title='bbox 3465 5650 3668 5705; x_wconf 84' lang='lat' dir='ltr'><strong>futuras</strong></span> <span class='ocrx_word' id='word_1_929' title='bbox 3699 5652 3894 5720; x_wconf 71' lang='lat' dir='ltr'><strong>prmiti-</strong></span> 
     </span>
    </p>
   </div>
   <div class='ocr_carea' id='block_1_120' title="bbox 2313 5737 3891 5811">
    <p class='ocr_par' dir='ltr' id='par_1_120' title="bbox 2313 5737 3891 5811">
     <span class='ocr_line' id='line_1_120' title="bbox 2313 5737 3891 5811; baseline 0.007 -22"><span class='ocrx_word' id='word_1_930' title='bbox 2313 5744 2523 5799; x_wconf 78' lang='lat' dir='ltr'><strong>xerunt,</strong></span> <span class='ocrx_word' id='word_1_931' title='bbox 2549 5744 2602 5789; x_wconf 93' lang='lat' dir='ltr'><strong>ct</strong></span> <span class='ocrx_word' id='word_1_932' title='bbox 2629 5737 2974 5793; x_wconf 88' lang='lat' dir='ltr'><strong>vaticinantes</strong></span> <span class='ocrx_word' id='word_1_933' title='bbox 3005 5739 3131 5793; x_wconf 92' lang='lat' dir='ltr'><strong>nihil</strong></span> <span class='ocrx_word' id='word_1_934' title='bbox 3161 5745 3350 5794; x_wconf 90' lang='lat' dir='ltr'><strong>horum</strong></span> <span class='ocrx_word' id='word_1_935' title='bbox 3377 5742 3756 5811; x_wconf 86' lang='lat' dir='ltr'><strong>requisierunt,</strong></span> <span class='ocrx_word' id='word_1_936' title='bbox 3788 5762 3891 5800; x_wconf 78' lang='lat' dir='ltr'><strong>non</strong></span> 
     </span>
    </p>
   </div>
   <div class='ocr_carea' id='block_1_121' title="bbox 2315 5827 3890 5909">
    <p class='ocr_par' dir='ltr' id='par_1_121' title="bbox 2315 5827 3890 5909">
     <span class='ocr_line' id='line_1_121' title="bbox 2315 5827 3890 5909; baseline 0.007 -26"><span class='ocrx_word' id='word_1_937' title='bbox 2315 5827 2590 5897; x_wconf 88' lang='lat' dir='ltr'><strong>conquesti</strong></span> <span class='ocrx_word' id='word_1_938' title='bbox 2617 5839 2738 5883; x_wconf 90' lang='lat' dir='ltr'><strong>sunt</strong></span> <span class='ocrx_word' id='word_1_939' title='bbox 2761 5871 2774 5896; x_wconf 93' lang='lat'><strong>,</strong></span> <span class='ocrx_word' id='word_1_940' title='bbox 2808 5845 2912 5884; x_wconf 86' lang='lat' dir='ltr'><strong>non</strong></span> <span class='ocrx_word' id='word_1_941' title='bbox 2942 5827 3311 5889; x_wconf 76' lang='lat' dir='ltr'><strong>defunctorum</strong></span> <span class='ocrx_word' id='word_1_942' title='bbox 3351 5835 3592 5905; x_wconf 86' lang='lat' dir='ltr'><strong>sepulcra</strong></span> <span class='ocrx_word' id='word_1_943' title='bbox 3617 5837 3754 5892; x_wconf 90' lang='lat' dir='ltr'><strong>dirui</strong></span> <span class='ocrx_word' id='word_1_944' title='bbox 3775 5839 3890 5909; x_wconf 84' lang='lat' dir='ltr'><strong>jus-</strong></span> 
     </span>
    </p>
   </div>
  </div>
