4220 6300
226 440 447 512 διαζῇν.
479 442 645 510 ἱερεῖς
667 444 761 494 καὶ
780 434 1104 512 ἱεροφάνται
1131 439 1500 509 ἀναφανέντες
1538 439 1820 509 ἐξαίφνης,
1849 439 1907 491 ἐν

230 529 409 598 πολλῇ
445 525 585 599 ἦσαν
637 530 703 599 τῇ
730 531 885 598 τιμῇ.
918 527 1028 580 Kal
1070 527 1099 580 6
1145 526 1400 594 βασιλεὺς
1430 527 1767 598 στρατηγοὺς
1812 527 1909 591 μὲν

230 613 336 674 καὶ
379 603 647 681 ἄρχοντας
689 610 1088 681 παρεπέμπετο
1127 609 1220 661 καὶ
1268 608 1482 670 οὐδενὸς
1528 610 1680 675 ἠξίου
1727 607 1906 675 λόγου,

228 693 439 765 ἄνδρας
467 694 523 746 δὲ
563 692 960 763 ἡταιρηκότας,
989 692 1084 744 καὶ
1121 690 1220 752 τὰς
1248 691 1358 743 ἀπὸ
1382 691 1476 743 τοῦ
1511 693 1701 758 τέγους
1724 694 1910 758 γυναῖ-

230 796 343 841 κας
370 781 682 846 ἀναστήσας
715 777 822 831 ἀπὸ
857 776 966 828 τῶν
989 778 1308 847 οἰκημάτων
1327 819 1342 843 ,
1383 778 1440 830 ἐν
1472 771 1552 840 οἷς
1580 782 1912 848 προεστήκε-
1942 825 1951 834 ,,

232 882 372 929 σαν,
405 865 520 934 μεθ’
554 863 879 934 ἐαυτοῦοτὴν
912 863 1068 917 πόλιν
1110 865 1331 917 ἃπασαν
1380 863 1613 934 περιῆγε
1657 863 1750 915 καὶ
1789 863 1913 923 τοὺς

231 949 567 1014 στενωπούς.
599 948 705 1002 Kal
731 947 761 1000 6
790 948 888 1018 μὲν
920 945 1086 1008 ἵππος
1110 948 1138 998 6
1173 946 1472 1016 βασιλικὸς,
1501 946 1596 999 καὶ⁵
1616 948 1666 997 οἱ
1689 944 1913 1015 6096996-

231 1053 327 1110 ροι
359 1037 578 1098 πάντες,
597 1034 821 1088 δπισθεν
841 1035 906 1087 ἐκ
933 1033 1131 1087 πολλοῦ
1152 1033 1247 1086 τοῦ
1277 1033 1641 1104 διαστήματος
1663 1033 1877 1084 εἵποντο
1898 1047 1911 1060 ο

224 1126 596 1197 πορνοὸόσκοι
644 1124 700 1178 δέ
733 1124 947 1194 ἄνδρες,
986 1125 1082 1176 καὶ
1120 1125 1378 1191 γυναῖκες
1419 1121 1774 1193 προαγωγοὶ,
1822 1120 1915 1173 καὶ

231 1214 351 1274 πᾶς
383 1214 412 1265 6
439 1211 546 1266 τῶν
570 1212 948 1282 ήταιρηκότων
979 1211 1136 1280 χορὸς
1163 1209 1253 1263 τὸν
1281 1209 1505 1279 βασιλέα
1535 1207 1916 1269 κυκλώσαντες

229 1294 387 1368 εῐχον
419 1299 479 1351 ἐν
519 1298 670 1370 μέσῳ
714 1298 801 1351 διά
841 1301 940 1368 τῆς
969 1298 1172 1367 ἀγορᾶς
1216 1295 1542 1365 βαδίζοντες,
1576 1295 1670 1348 καὶ
1693 1293 1916 1346 τοιαῦτα

231 1387 641 1457 φθεγγόμενοι,
677 1386 772 1458 καὶ
804 1384 977 1448 οὕτως
1029 1383 1503 1453 ἀνακαγχάζοντες
1525 1424 1537 1444 ,
1573 1383 1648 1445 ὡς
1688 1381 1811 1444 τοὺς
1852 1381 1916 1432 ἐκ

230 1467 342 1537 τῆς
388 1470 652 1539 ἐργασίας
683 1469 902 1538 ἐκείνης
944 1467 1090 1531 είκδς
1117 1463 1207 1538 ἦν.
1252 1465 1437 1519 Ταῦτα
1470 1466 1528 1518 δέ
1560 1465 1802 1534 οἴδαμεν,
1836 1464 1917 1516 ὅτι

231 1553 350 1614 τοῖς
379 1550 501 1620 μεθ’
527 1553 676 1621 ἡμᾶς
705 1549 1097 1621 γενησομένοις
1121 1549 1328 1603 ἄπιστα
1355 1543 1495 1602 εἶναι
1522 1547 1684 1611 δόξει,
1709 1545 1798 1599 διὰ
1818 1546 1918 1616 τὴν

233 1632 341 1703 τῆς
382 1634 616 1697 ἀτοπίας
656 1633 992 1705 ὑπερϐολήν·
1028 1631 1149 1686 οὐδὲ
1187 1630 1296 1702 γάρ
1329 1630 1394 1684 ἀν
1433 1629 1648 1699 ἰδιώτην
1677 1629 1786 1682 τῶν
1827 1631 1917 1681 εὐ-

234 1722 414 1785 τελῶς
456 1723 827 1794 καιάἱσχρῶς
863 1721 1207 1793 βεϐιωκότων
1240 1720 1389 1793 [560]
1423 1721 1642 1774 ἑλέσθαι
1691 1719 1918 1772 τοιαῦτα

235 1809 478 1881 δημοσίᾳ
504 1811 858 1880 ἀσχημονεῖν.
897 1808 1060 1862 Ἀλλά
1094 1809 1232 1880 πρὸς
1279 1809 1376 1878 μὲν
1421 1810 1548 1871 τοὺς
1583 1808 1662 1861 ἐτι
1710 1806 1920 1871 ζῶντας

236 1897 457 1960 οὐδενὸς
482 1897 674 1967 δέομαι
705 1897 868 1965 λόγου
891 1913 904 1926 ·
937 1899 986 1950 οί
1019 1896 1132 1966 γὰρ
1162 1896 1430 1966 παρόντες
1458 1895 1568 1947 καὶ-
1590 1895 1920 1965 θεασάμενοι

235 1984 414 2037 ταῦτα
451 1986 734 2054 γινόμενα,
765 1977 912 2038 οῦτοι
942 1984 1040 2038 xal
1069 1984 1340 2054 λεγόμενα
1369 1983 1631 2038 ἀκούουσι
1666 1983 1778 2037 νῦν.
1825 1982 1923 2036 Διά

237 2071 350 2142 γάρ
377 2088 462 2123 τοι
485 2071 647 2124 τοῦτο
680 2071 789 2124 τῶν
828 2071 1128 2142 μαρτύρων
1156 2070 1236 2123 ἐτι
1269 2070 1570 2140 περιόντων
1597 2070 1817 2141 γράφω,
1837 2071 1923 2124 ῐνα

243 2160 316 2230 μή
359 2159 446 2221 τίς
475 2175 543 2228 με
568 2158 635 2212 τὰ
671 2158 878 2212 παλαιά
921 2158 1278 2228 διηγούμενον
1307 2157 1365 2210 ἐν
1411 2156 1512 2209 οὐκ
1554 2156 1722 2210 εἰδόσι
1776 2157 1920 2227 μετά

238 2245 448 2315 πολλῆς
477 2244 771 2315 ψεύδεσθαι
802 2245 900 2317 τῆς
925 2245 1176 2309 ἐξουσίας
1201 2243 1420 2316 νομίζῃ.
1453 2243 1575 2298 Τῶν
1603 2245 1711 2316 γὰρ
1751 2244 1924 2298 ταῦτα

239 2332 604 2404 θεασαμένων
640 2333 721 2388 ἐτι
767 2333 857 2386 καὶ
895 2333 1152 2405 γέροντες
1187 2333 1281 2384 καὶ
1327 2331 1441 2386 νέοι
1486 2333 1786 2403 περίεισιν,
1831 2331 1926 2394 οὓς

239 2419 380 2486 ἀξιῶ
412 2420 659 2484 πάντας,
695 2420 750 2473 εῖ
769 2437 821 2472 τι
857 2421 986 2490 παρ’
1015 2419 1152 2490 ἐμοῦ
1179 2418 1566 2488 προστέθειται
1590 2458 1606 2483 ,
1641 2420 1925 2489 προσιέναι

240 2509 339 2562 καὶ
367 2507 686 2576 διελέγχειν.
708 2506 867 2559 Ἀλλὰ
894 2504 1266 2575 προστεθέντα
1293 2505 1390 2575 μέν
1415 2506 1515 2557 οὑκ
1535 2503 1602 2558 ἀν
1621 2505 1922 2572 ἐλέγξαιεν,

239 2595 569 2648 ἐλλείποντα
603 2595 660 2648 δέ
694 2595 890 2663 μόνον’
919 2594 1040 2647 οὐδὲ
1070 2593 1182 2663 γὰρ
1208 2587 1321 2646 οἷόν
1347 2610 1408 2646 τε
1442 2595 1627 2646 πᾶσαν
1655 2591 1821 2645 αὑτοῦ
1848 2592 1927 2661 τῷ

239 2682 390 2752 λόγῳ
445 2681 801 2752 παραστῆσαι
849 2683 948 2750 τῆς
994 2679 1380 2751 ἀσχημονύνης
1438 2680 1540 2749 τὴν
1592 2679 1922 2749 ὑπερϐολήν.

239 2761 391 2840 Πρὸς
419 2768 476 2822 δὲ
509 2767 636 2829 τοὺς
653 2766 792 2836 μετά
807 2766 978 2820 ταῦτα
1010 2767 1415 2837 ἀπιστήσοντας
1443 2767 1621 2818 ἐκεῖνο
1650 2764 1716 2818 ἀν
1747 2765 1920 2816 εἴποις-

243 2869 332 2920 μι,
369 2852 455 2904 ὅτι
503 2851 560 2903 '0
591 2850 802 2919 δαίμων
834 2852 864 2902 6
902 2851 1033 2919 παρ’
1067 2850 1218 2918 ὑμῖν,
1244 2847 1302 2900 ὃν
1342 2848 1664 2918 Ἀφροδίτην
1690 2846 1927 2910 καλεῖτε,

239 2931 348 2985 οὐκ
385 2930 700 3002 αἰσχύνεται
734 2929 1011 2993 τοιούτους
1051 2929 1194 3000 ἔχων
1227 2929 1594 2999 θεραπευτάς.
1631 2928 1800 2982 Οὐδὲν
1837 2925 1930 2982 οὖν

235 3017 571 3089 θαυμαστὸν
609 3017 703 3071 καὶ
734 3017 827 3070 τὸν
865 3017 1099 3070 δείλαιον
1141 3019 1374 3084 ἐκεῖνον,
1415 3017 1507 3069 τὸν
1553 3014 1704 3080 ἅπαξ
1737 3015 1933 3068 ἑαυτὸν

243 3105 596 3160 ἐκδεδωκότα
620 3104 698 3175 τῷ
723 3104 832 3156 τῶν
859 3102 1127 3173 δαιμόνων
1147 3102 1368 3172 γέλωτι,
1393 3101 1467 3172 μὴ
1495 3100 1931 3169 ἐγκαλύπτεσθαι

241 3193 336 3261 ἐφ’
365 3185 447 3255 οἷς
482 3192 534 3244 οἱ
577 3192 704 3261 παρ’
740 3188 893 3262 αὑτῷ
927 3189 1359 3262 θεραπευόμενοι
1407 3189 1762 3260 σεμνύνονται
1793 3189 1929 3242 θεοί.

245 3265 316 3331 Τί
345 3279 412 3332 ἀν
454 3295 538 3340 τις
581 3277 734 3347 λέγοι
769 3277 870 3341 ςάς
918 3276 1380 3347 νεκυομαντείας,
1433 3276 1532 3339 τὰς
1571 3268 1690 3328 τῶν
1726 3277 1934 3329 παίδων

246 3366 505 3436 σφαγάς;
535 3365 600 3417 Αἱ
631 3365 739 3437 γάρ
773 3363 958 3418 θυσίαι
983 3364 1284 3423 ἐκεῖναι,αί
1317 3363 1425 3433 πρὸ
1443 3362 1543 3432 τῆς
1567 3362 1665 3416 τσῦ
1692 3359 1932 3432 Χριστοῦ

244 3452 563 3523 παρουσίας
596 3450 951 3524 τολμώμεναι
977 3491 992 3515 ,
1030 3451 1169 3522 μετά
1193 3450 1249 3503 δέ
1276 3450 1376 3521 τὴν
1405 3449 1735 3518 ἐπιφάνειαν
1768 3449 1934 3503 αὑτοῦ

246 3540 700 3603 κατασταλεῖσαι,
729 3537 1036 3607 ἐτολμῶντο
1066 3537 1250 3602 πάλιν,
1286 3534 1541 3607 φανερῶς
1576 3536 1675 3607 μὲν
1711 3537 1896 3589 οὐκέτι
1918 3553 1931 3567 ’

247 3629 302 3682 εί
356 3627 481 3698 γὰρ·
514 3627 607 3682 καὶ
654 3625 910 3696 βασιλεὺς
962 3620 1053 3696 ἦν,
1107 3625 1201 3677 καὶ
1249 3624 1368 3695 μετ’
1416 3623 1668 3688 ἐξουσίας
1722 3624 1937 3678 ἅπαντα

246 3717 545 3787 ἔπραττεν,
577 3714 693 3769 ἀλλ’
715 3717 868 3785 ὅμως
893 3715 926 3784 ἡ
955 3714 1054 3784 τῆς
1084 3714 1213 3791 τῶνΙ
1231 3712 1524 3785 δρωμένων
1549 3712 1920 3782 άνοσιότητοςε

246 3802 551 3876 ὑπερϐολὴ,
587 3802 686 3872 τῆς
713 3799 1048 3869 ἐξουσίας-τὸ
1076 3799 1310 3878 μέγεθος
1342 3801 1594 3871 ήλεγχεν·
1631 3801 1939 3873 ἐτολμῶντο

248 3889 310 3943 δέ
339 3885 435 3942 οὖν
465 3889 638 3959 ὅμως.

325 3965 411 4029 ts".
433 3974 604 4039 οὗτος
652 3974 716 4047 δή
743 3970 839 4046 οὖν
863 3977 892 4028 ό
930 3973 1181 4043 βασιλεὺς
1220 3975 1300 4037 είς
1328 3974 1426 4046 τὴν
1456 3975 1675 4044 Δάφνην
1700 3977 1939 4046 συνεχῶς

247 4055 424 4111 ἀνιὼν
471 4055 611 4126 μετά
654 4055 867 4109 πολλῶν
894 4057 991 4125 μὲν
1026 4056 1420 4126 ἀναθημάτων,
1457 4057 1597 4126 μετά
1627 4057 1839 4111 πολλῶν
1880 4057 1939 4110 δέ

247 4138 479 4199 θυσιῶν,
512 4139 605 4191 καὶ
632 4137 969 4208 χειμάρρους
1007 4139 1259 4209 αἱμάτων
1289 4139 1659 4210 ἐργαζόμενος
1697 4141 1805 4193 ἀπὸ
1840 4142 1941 4210 τῆς

246 4222 366 4276 τῶν
414 4221 751 4293 θρεμμάτων
798 4222 1048 4292 σφαγῆς,
1089 4217 1342 4275 ἐπέκειτο
1376 4223 1608 4292 σφοδρὸς
1634 4226 1664 4266 b
1706 4224 1799 4276 τὸν
1825 4223 1939 4276 δαί-

252 4322 398 4376 μονα
433 4303 682 4376 χρησμὸν
715 4304 969 4358 ἀπαιτῶν
1009 4304 1104 4356 καὶ
1147 4295 1316 4368 ἀξιῶν
1350 4305 1595 4375 ἀναιρεῖν
1647 4305 1789 4378 ὑπὲρ
1828 4306 1938 4359 τῶν

249 4387 402 4442 κιτά
428 4387 655 4457 γνώμην
688 4386 858 4457 αὐτῷ.
892 4387 953 4440 '0
977 4386 1036 4439 δὲ
1065 4389 1314 4453 γενναῖος
1347 4389 1580 4451 ἐκεῖνος,

325 4469 437 4541 Καί
449 4469 698 4541 ψάμμρυ
722 4469 772 4522 τ’
793 4467 1043 4541 ἀριθμὸν
1062 4467 1235 4541 3666K-
1260 4469 1359 4522 καί
1383 4467 1575 4541 μέτρα
1593 4467 1938 4541 θαλάσσης,

325 4488 437 4525 nat
449 4488 698 4541 Ψαμμου
722 4488 755 4522 τ
793 4488 1043 4538 αρισμον
1062 4488 1235 4534 ειοως
1260 4488 1359 4522 και
1431 4488 1575 4536 ετρα
1593 4488 1867 4524 uuam”

325 4539 438 4594 Καὶ
466 4539 670 4607 κωφοῦ
711 4540 974 4603 συνιείς,
1011 4537 1108 4591 καὶ
1139 4540 1210 4591 οὐ
1241 4488 1574 4611 λαλίόντος
1607 4540 1867 4602 ἁκούων,

249 4623 334 4686 ὥς
367 4637 534 4692 φησι,
562 4620 622 4673 τὸ
667 4621 768 4690 μέν
798 4622 974 4673 είπεῖν
1005 4617 1307 4690 διαρρήδην
1338 4622 1434 4673 καὶ
1465 4620 1676 4688 σαφῶς,
1721 4622 1807 4672 ὅτι
1853 4621 1942 4676 διὰ

251 4705 348 4759 τὸν
374 4703 532 4771 ἅγιον
563 4703 811 4758 Βαῦύλαν
839 4705 933 4756 xal
958 4703 1056 4773 τὴν
1082 4705 1146 4755 ἐκ
1176 4703 1438 4771 γειτόνων
1465 4703 1698 4774 δύναμιν
1725 4705 1942 4758 ἐπιστο-

257 4787 479 4862 μισθεὶς
511 4788 571 4841 οὑ
597 4787 818 4841 δύναται
841 4797 865 4827 ε
897 4786 1252 4857 φθέγγεσθαι,
1287 4788 1663 4858 παρῃτήσατο,
1689 4787 1942 4852 δεδοικὼς

257 4873 338 4944 μὴ
369 4871 581 4940 γέλωτα
614 4870 767 4940 παρά
805 4875 919 4935 τοῖς
969 4870 1335 4942 θεραπευταῖς
1379 4870 1519 4943 δφλῃ
1551 4871 1665 4933 τοῖς
1704 4870 1900 4924 ἐαυτοῦ
1923 4890 1936 4902 ο

257 4955 584 5028 βουλόμενος
617 4953 674 5007 δέ
702 4955 996 5007 συσκιάσαι
1023 4954 1124 5024 τήν
1154 4950 1344 5026 ἧτταν,
1376 4949 1497 5004 εἷπε
1538 4955 1813 5024 πρόφασιν
1842 4955 1941 5024 τῆς

256 5037 444 5108 σιγῆς,
472 5036 510 5107 ἠ
545 5035 743 5106 μᾶλλον
775 5037 941 5104 αὐτὸν
976 5037 1514 5108 καταγελαστότερον
1553 5039 1803 5109 ἀπέφηνε
1841 5039 1940 5110 τῆς

259 5120 447 5192 σιγῆς.
491 5119 760 5189 Ἐκείνῳά
799 5119 897 5189 μὲν
930 5121 1040 5191 γὰρ
1087 5121 1154 5174 ἂν
1184 5121 1284 5192 τὴν
1309 5121 1596 5174 ἀσθένειαν
1634 5123 1795 5191 μόνον
1830 5124 1940 5175 ἀπ-

258 5202 503 5272 εκάλυψε
539 5201 636 5272 τὴν
655 5201 878 5265 ἐαυτοῦ,
905 5205 1023 5256 νυνὶ
1051 5203 1106 5256 δὲ
1135 5205 1231 5257 xal
1257 5205 1358 5274 τὴν
1392 5204 1698 5264 ἀσθένειαν,
1727 5206 1822 5259 καὶ
1843 5208 1942 5277 τὴν

256 5285 673 5355 ἀσχημοσύνην,
702 5287 794 5338 καὶ
819 5285 916 5356 τὴν
943 5287 1325 5356 ἀναισχυντίαν
1341 5286 1529 5353 ἔδειξε,
1562 5287 1632 5340 τὰ
1659 5290 1932 5342 ἀσυσκία·

260 5386 363 5423 στα
428 5367 741 5432 συσκιάξειν
785 5368 1102 5440 ἐπιχειρῶν.
1160 5369 1260 5429 Τίς
1285 5370 1395 5441 γάρ
1430 5375 1463 5441 ὴ
1493 5371 1806 5443 πρόφασις;
1844 5373 1943 5426 Νε-

259 5462 415 5524 κρων
441 5453 580 5524 ἐστι,
622 5453 776 5523 φησι,
808 5452 870 5524 τὸ
897 5452 1096 5524 χωρίον
1116 5454 1152 5524 ή
1187 5447 1372 5524 Δάφνη
1405 5454 1622 5524 μεστὸν,
1652 5455 1757 5524 αα).
1780 5453 1941 5508 τοῦτο

260 5519 466 5578 κωλύει
495 5521 587 5575 τὸν
611 5519 1022 5593 χρησμόν.’Κα“ι
1057 5519 1208 5592 πόσῳ
1249 5519 1455 5593 βέλτιον
1502 5520 1591 5594 ἦν,
1643 5519 1687 5579 ὦ
1712 5525 1936 5589 δείλαιε,

330 5645 358 5674 ⁸
389 5643 526 5692 Unus
550 5642 699 5690 codex
718 5639 869 5690 habet
890 5643 1222 5700 ἐναντιότητος.

299 5705 358 5771 ,ιι
379 5704 533 5778 Salv".
551 5709 607 5778 ει
624 5703 727 5778 ρυο
765 5707 1153 5778 {1133;699696;
1195 5703 1300 5753 Mox
1326 5717 1454 5754 unus
1484 5707 1624 5760 ἀξιῶν
1665 5705 1784 5770 ἐρεῖν
1827 5710 1943 5770 ὑπὲρ

257 5764 378 5816 τῶν,
392 5765 528 5814 alios»
543 5764 684 5817 ἀξιῶν
705 5764 823 5827 ὑπὲρ
842 5767 958 5816 τῶν.

334 5829 355 5860 ε
377 5826 527 5877 Savil.
555 5825 769 5877 δύναμαι.

328 5889 357 5929 δ
383 5891 498 5941 Duo
517 5899 632 5936 mss.
656 5885 861 5945 εκείνως.

1069 343 1155 398 Dl-I
1194 339 1253 398 S.
1287 340 1592 407 ΒᾹΒῊΛ,
1631 335 1909 393 CONTRA
1951 332 2306 391 JULIANUM
2349 331 2846 392 ET'GENTILES.

3582 329 3688 387 556

2011 438 2104 492 τοῦ
2138 439 2416 511 μάρτυρος
2444 441 2782 514 όμολογῆσαι
2813 442 2912 513 τὴν
2940 441 3191 513 δύναμιν,
3247 440 3278 514 ἢ
3319 440 3490 509 οὕτως
3532 441 3686 497 ἀναίο

2015 539 2214 590 σχυντα
2243 517 2709 594 προφασίζεσθαιί
2753 524 2863 578 Kal
2892 527 2921 577 6
2950 525 3048 594 μὲν
3075 525 3286 593 δαίμων
3319 522 3525 577 ταῦτα·
3564 526 3592 577 6
3629 524 3688 577 δέ

2013 599 2239 674 ἀνόητος
2270 605 2546 674 βασιλεὺς,
2580 607 2832 677 καθάπερ
2855 609 2915 660 ἐν
2945 609 3116 676 σκηνῇ
3149 605 3357 670 παίζων
3379 606 3474 657 καὶ
3504 603 3688 675 δρᾶμα

2014 685 2459 770 ὑποκρινόμενος,
2492 691 2586 742 ἐπὶ
2607 690 2699 742 τὸν
2731 691 3002 770 μακάριον
3023 688 3225 751 εὐθέως
3255 684 3386 759 ἦλθε
3413 687 3686 770 Βαδύλαν.

2015 770 2229 833 Καίτοι,
2266 765 2312 823 ὦ
2343 773 2529 840 μιαροὶ
2570 773 2665 824 καὶ
2713 765 3027 842 ¹ποιμμίαροι
3052 811 3066 835 ,
3099 773 3147 822 εί
3183 771 3262 842 μὴ
3291 770 3555 840 ἀλλήλους
3600 768 3689 834 ἐξ·

2013 853 2261 916 ηπατᾶτε
2309 853 2530 917 ἑκόντες
2575 855 2667 905 καὶ
2716 852 3188 923 συνυπεκρίνασθε
3240 853 3377 923 πρὸς
3433 851 3533 924 τὴν
3577 852 3689 905 τῶν

2014 929 2215 984 λοιπῶν
2239 933 2534 999 ἀπώλειαν,
2574 935 2627 986 τί
2673 938 2871 1006 δήποτε
2925 937 2988 989 σὺ
3036 935 3134 1005 μὲν
3168 935 3347 1003 λέγεις
3385 933 3689 1004 ἀνωνύμως

2015 1014 2109 1062 καὶ
2143 1014 2462 1085 ἀδιορίστως
2485 1017 2612 1080 τοὺς
2656 1018 2914 1086 νεκροὺς,
2954 1018 3017 1069 σὺ
3061 1017 3117 1069 δέ
3142 1058 3156 1080 ,
3191 1015 3265 1079 ὡς
3293 1015 3556 1086 ὀνομαστὶ
3595 1016 3690 1074 καὶ

2018 1093 2158 1161 μετά
2184 1094 2464 1166 διορισμοῦ
2493 1114 2638 1160 τινος
2672 1098 2932 1164 ἀκούσας,
2959 1098 3068 1151 τῶν
3093 1098 3270 1152 ἀλλων
3297 1096 3452 1169 [561]
3483 1097 3690 1168 ἀφέμε-

2017 1190 2106 1236 νος
2145 1175 2236 1228 τὺν
2280 1179 2435 1245 ἅγιον
2469 1180 2628 1249 μόνον
2657 1183 2858 1246 κινεῖς;
2901 1182 3103 1252 Ἐχρῆν
3131 1181 3241 1249 γὰρ
3275 1180 3417 1234 κατά
3454 1180 3554 1249 τήν
3592 1179 3688 1231 τοῦ

2017 1255 2270 1327 δαίμονος
2309 1265 2586 1330 ἀπόφασιν
2626 1265 2806 1327 πάσας
2839 1266 3158 1335 ἀνορύττειν
3187 1264 3287 1326 τὰς
3317 1264 3376 1314 ἓν
3401 1265 3467 1333 τῇ
3504 1261 3692 1333 Δάφνη

2019 1336 2212 1408 θήκας,
2265 1345 2358 1395 καὶ
2399 1346 2460 1398 τὸ
2493 1347 2890 1418 μορμολυκεῖον
2921 1347 3021 1416 τῆς
3050 1347 3158 1398 τῶν
3180 1346 3331 1398 θεῶν
3361 1345 3539 1413 δψεως
3585 1347 3693 1396 ἀπ-

2018 1417 2174 1486 άγειν
2205 1424 2280 1488 ὼς
2315 1417 2674 1498 πορρωτάτω.
2717 1430 2857 1481 Ἀλλ’
2888 1429 2948 1481 οὐ
2983 1429 3112 1500 περὶ
3150 1430 3368 1495 πάντων
3406 1428 3528 1484 εἶπε
3583 1427 3692 1480 τῶν

2020 1506 2251 1574 νεκρῶν.
2289 1509 2354 1562 Τί
2383 1507 2477 1564 οὗν
2499 1512 2656 1564 τοῦτο
2676 1514 2743 1565 οὐ
2769 1512 3068 1583 διαρρήδην
3093 1511 3474 1581 ὼμολόγησεν;
3502 1508 3578 1563 Ἦ
3611 1510 3695 1564 σαὶ

2019 1584 2080 1635 τὸ
2127 1588 2311 1659 δρᾶμα
2357 1594 2773 1663 ὑποκρινομένῳ
2820 1594 2920 1661 τῆς
2964 1593 3175 1663 πλάνης
3218 1592 3378 1646 τοῦτο
3409 1592 3592 1663 ἀφῆκε
3635 1592 3696 1644 τὸ

2021 1669 2274 1740 αἴνιγμα.
2331 1673 2474 1743 Ἐγὼ
2525 1677 2623 1746 μὲν
2670 1677 2781 1746 γὰρ
2829 1677 2974 1742 λέγω
3030 1675 3156 1737 τοὺς
3212 1676 3460 1744 νεκροὺς,
3506 1676 3696 1746 φησὶν.

2021 1751 2162 1806 ὥστε
2194 1753 2270 1826 μὴ
2299 1749 2465 1827 δήλην
2491 1760 2744 1826 γενέσθαι
2783 1761 2881 1828 τὴν
2907 1754 3076 1829 ἧτταν
3103 1776 3115 1788 ·
3153 1759 3247 1810 καὶ
3269 1757 3442 1820 άλλως
3471 1757 3580 1827 γάρ
3606 1750 3694 1810 δέὲ

2021 1834 2175 1888 δοικα
2207 1838 2469 1908 ὀνομαστὶ
2494 1841 2585 1893 τὸν
2618 1841 2774 1909 ἆγιον
2820 1844 3016 1905 εἰπεῖν,
3067 1840 3131 1891 σὺ
3175 1839 3232 1891 δέ
3263 1842 3372 1894 νόει
3397 1839 3458 1893 τὸ
3484 1840 3697 1912 λεχθὲν,

2022 1918 2118 1970 καὶ
2148 1921 2270 1972 ἀντὶ
2297 1922 2516 1976 πάντων
2551 1924 2689 1976 κίνει
2721 1925 2811 1978 τὸν
2849 1925 3137 1994 μάρτυραδ
3177 1926 3383 1988 ἐκεῖνος
3415 1926 3523 1995 γάρ
3550 1926 3716 1996 ἡμᾶς’

2024 2003 2372 2072 ἐπεστόμισε.
2405 2006 2685 2076 Τοσαύτην
2705 2009 2955 2075 κατέγνω
2988 2007 3374 2078 παραπληξίαν
3400 2007 3508 2061 τῶν
3537 2006 3700 2079 θερα-

2025 2086 2301 2138 πευόντων
2327 2088 2507 2151 αὑτὸν,
2535 2089 2610 2152 ὡς
2633 2089 2776 2142 οὕτω
2801 2091 3041 2159 φανερὰν
3069 2091 3283 2159 ἀπάτην
3307 2091 3382 2162 μὴ
3401 2088 3703 2161 δυνηθῆναι

2028 2167 2277 2222 συνιδεῖν.
2337 2170 2538 2244 Είνγάρ
2571 2171 2940 2242 ἐξεστήκεσαν
2973 2175 3233 2237 ἅπαντες,
3277 2175 3325 2225 εί
3351 2172 3460 2243 γὰρ
3491 2175 3704 2246 ἐμεμή-

2004 2265 2186 2311 ,νεσαν
2207 2292 2220 2315 ,
2260 2252 2369 2306 οὐδῖ
2394 2251 2461 2307 ἂν
2489 2255 2633 2307 οὕτω
2661 2257 2917 2325 διέφυγον
2954 2255 3053 2327 τὴν
3084 2256 3188 2324 τῆς
3219 2257 3390 2326 ἥττης
3421 2256 3705 2324 κατάγνω-

2030 2347 2132 2396 σιν,
2161 2333 2303 2387 οῦτω
2334 2339 2545 2408 φανερά
2573 2339 2736 2392 πᾶσίν
2769 2341 2882 2391 ἐστι
2907 2342 3000 2392 καὶ
3027 2343 3222 2412 σαφής.
3253 2341 3316 2392 El
3343 2340 3453 2411 γὰρ
3483 2340 3702 2411 μίασμά

2027 2432 2093 2501 τι,
2115 2422 2220 2495 καὶ,
2238 2421 2407 2490 μύσος
2448 2422 2616 2486 ἐστὶν,
2646 2422 2721 2485 ὡς
2752 2425 2858 2493 φῂς
2877 2466 2891 2488 ,
2940 2424 3010 2477 τά
3040 2425 3212 2496 νεκρά
3244 2425 3352 2501 τῶν
3396 2422 3703 2494 ἀνθρώπων

2031 2500 2281 2571 σώματα,
2310 2505 2489 2575 πολλῷ
2525 2506 2724 2576 μᾶλλον
2752 2508 2818 2559 τά
2848 2507 2954 2560 τῶν
2995 2507 3230 2576 ἀλόγων,
3261 2500 3374 2578 ὅσῳ
3403 2509 3498 2560 καὶ
3527 2505 3588 2558 τδ
3617 2507 3706 2573 γέ-

2029 2600 2116 2647 νος
2158 2587 2480 2658 ἀτιμότερον
2511 2589 2608 2641 τοῦ
2652 2591 2876 2658 γένους·
2911 2589 3124 2641 πολλῶν
3155 2589 3211 2642 δὲ
3245 2589 3339 2642 καὶ
3370 2589 3568 2652 κυνῶν,
3610 2588 3707 2640 καὶ

2029 2667 2302 2736 πιθήκων,
2321 2672 2415 2720 καὶ
2430 2670 2566 2723 ὄνων
2587 2671 2722 2723 ὀστᾶ
2748 2671 2975 2740 πλησίον
3001 2670 3093 2722 τοῦ
3114 2669 3242 2723 ναοῦ
3266 2669 3705 2740 κατορώρυκται,

2033 2748 2305 2801 καὶταῦτα
2323 2751 2522 2819 μᾶλλον
2544 2753 2709 2823 ἐχρῆν
2732 2755 3124 2822 μετακινεῖν,εξ
3143 2752 3216 2823 μὴ
3230 2752 3478 2822 πιθήκων
3494 2751 3709 2823 ἀνθρὼ-

2033 2849 2167 2894 πους
2187 2834 2537 2904 ἀτιμοτέρους
2554 2837 2680 2905 ἡγῇ.
2702 2836 2812 2887 Ποῦ
2840 2835 2933 2889 νῦν
2948 2839 3084 2888 εἰσιν
3110 2839 3158 2888 οί
3179 2837 3240 2887 τὸ
3269 2835 3432 2888 καλὸν
3457 2834 3550 2887 τοῦ
3569 2833 3707 2888 Θεοῦ

2032 2915 2422 2987 δημιούργημα
2451 2920 2542 2970 καὶ
2572 2920 2705 2988 πρὸς
2737 2921 3044 2990 ὑπηρεσίαν
3071 2920 3344 2990 ἡμετέραν
3372 2918 3595 2988 γεγονρς
3617 2919 3708 2971 τὸν

2032 2999 2184 3067 ἥλιον
2211 3001 2610 3071 ἐνυὸρίζοντες,
2647 3003 2741 3055 καὶ
2765 3003 2842 3072 τῷ
2871 3003 3086 3073 δαίμονι
3118 3004 3180 3056 τὸ
3209 3006 3410 3074 ἀστρον
3438 3003 3707 3073 ἐπιφημί-

2035 3080 2252 3144 ζοντες,
2290 3083 2384 3134 καὶ
2423 3083 2580 3136 τοῦτο
2609 3085 2816 3138 ἐκεῖνον
2860 3082 2999 3139 εἶναι
3044 3087 3330 3154 λέγοντεςς
3375 3087 3434 3138 Ὀ
3468 3085 3569 3155 μέν
3599 3085 3709 3154 γὰρ

2033 3162 2202 3232 ἥλιος,
2233 3164 2442 3234 μυρίων
2475 3166 2532 3216 ἐν
2557 3168 2620 3236 τῇ
2649 3170 2719 3236 γῇ
2749 3170 3018 3238 κειμένων
3048 3169 3281 3238 νεκρῶν,
3303 3171 3546 3238 ἐκχεῖται
3569 3169 3710 3221 κατά

2033 3246 2132 3312 τῆς
2170 3247 2531 3316 οἰκουμένης,
2575 3250 2670 3301 καὶ
2713 3250 2954 3320 οὐδαμοῦ
3003 3251 3286 3305 συστέλλει
3333 3255 3435 3314 τὰς
3485 3253 3710 3314 ἀκτῖνας

2035 3328 2157 3380 οὐδὲ
2201 3330 2301 3400 τὴν
2338 3333 2402 3381 ἐκ
2440 3330 2644 3384 τούτων
2707 3332 2994 3403 ἐνέργειαν
3026 3334 3116 3386 διά
3145 3335 3272 3397 τοὺς
3311 3332 3652 3403 μολυσμούς·
3683 3334 3713 3384 6

2036 3410 2091 3462 δὲ
2133 3411 2250 3474 θεὸς
2277 3414 2305 3464 6
2338 3412 2602 3483 ὑμέτερος
2637 3413 2786 3484 βίους
2816 3417 2915 3485 μὲν
2941 3417 3203 3486 αἰσχροὺς
3241 3419 3352 3470 καὶτ
3373 3415 3712 3486 μαγγανείας

2038 3497 2130 3546 καὶ
2176 3497 2370 3563 φόνους
2407 3499 2506 3549 οὐκ
2545 3499 2981 3567 ἀποστρέφεται,
3026 3500 3149 3553 οὐδὲ
3196 3503 3380 3570 μισεῖ,
3429 3501 3566 3552 ἀλλά
3616 3501 3715 3551 καὶ

2038 3579 2248 3649 ἀγαπᾷ,
2273 3580 2366 3631 καὶ
2400 3580 2706 3644 ἀσπάζεται
2734 3584 2828 3635 καὶ
2858 3583 3029 3652 φιλεῖ·
3051 3582 3283 3654 σώματα
3303 3583 3359 3636 δὲ
3382 3584 3712 3654 ἐκτρέπεται

2038 3663 2106 3714 τὰ
2139 3664 2414 3734 ήμέτερα’
2457 3665 2635 3718 καίτοι
2674 3664 2736 3717 τὺ
2783 3665 2884 3734 μὲν
2928 3666 3025 3735 τῆς
3056 3667 3256 3728 κακίας
3287 3663 3428 3729 εἶδος
3460 3668 3553 3720 καὶ
3580 3668 3713 3736 παρ’

2041 3746 2218 3810 αὐτοῖς
2284 3750 2397 3811 τοῖς
2437 3748 2636 3819 δρῶσιν
2683 3749 2816 3802 αὐτὸ
2867 3750 3069 3820 μυρίας
3103 3749 3512 3819 ’καταγνώσεως
3565 3750 3715 3815 ἄξιον

2041 3823 2180 3882 εἶναι
2210 3828 2376 3895 δοκεῖ,
2395 3829 2457 3882 τὸ
2483 3829 2539 3882 δέ
2563 3830 2723 3901 σῶμα
2749 3831 2811 3884 τὺ
2837 3832 3028 3903 νεκρὸν
3049 3833 3143 3884 καὶ
3171 3832 3428 3903 ἀκίνητον
3456 3833 3715 3903 οὐδεμιᾶς

2045 3918 2260 3985 μετέχει
2293 3915 2572 3986 μέμψεως,
2599 3917 2693 3969 καὶ
2721 3916 2920 3980 αἰτίας.
2963 3917 3104 3969 Ἀλλ’
3133 3916 3272 3987 αῦτη
3308 3917 3416 3969 τῶν
3444 3917 3715 3989 δαιμόνων

2043 3997 2198 4066 ὑμῶν
2225 3999 2256 4066 ή
2292 3998 2644 4068 προαίρεσις,
2682 3997 3064 4073 βδελύττεσθαι
3099 3999 3198 4070 μὲν
3229 3999 3300 4051 τά
3325 3999 3400 4070 μὴ
3427 3999 3714 4070 βδελυκτά,

2041 4082 2207 4150 τιμᾷν
2249 4081 2306 4132 δέ
2336 4081 2429 4133 καὶ
2459 4081 2820 4151 ἀποδέχεσθαι
2849 4082 2918 4134 τά
2959 4082 3162 4144 παντὸς
3205 4080 3333 4148 ἀξια
3380 4083 3570 4151 μίσους
3623 4085 3718 4136 καὶ

2043 4163 2417 4235 ἀποστροφῆς.
2440 4166 2550 4218 Kal
2574 4165 2715 4234 ἀνὴρ
2741 4166 2840 4235 μέν
2865 4165 3067 4232 ἀγαθὸς
3093 4163 3214 4216 ούδέ
3245 4164 3638 4234 βουλεύσασθαί
3663 4184 3719 4218 τι

2043 4248 2312 4317 χρήσιμον
2336 4286 2351 4313 ,
2392 4248 2516 4301 οὔτε
2563 4249 2770 4319 πρᾶξαί
2802 4265 2856 4300 τι
2897 4248 3007 4301 τῶν
3047 4247 3275 4302 δεόντων
3311 4249 3416 4301 ὑπὸ
3465 4246 3717 4318 σώματος

2045 4333 2424 4402 κωλυθήσεται
2463 4334 2658 4405 νεκροῦ
2679 4350 2693 4364 ο
2733 4332 2868 4386 ἀλλά
2904 4335 2970 4386 ἂν
3005 4333 3226 4405 ὑγιαίνῃ
3259 4333 3360 4403 τὴν
3387 4332 3588 4404 ψυχὴν,
3622 4335 3719 4385 καὶ

2046 4417 2177 4485 παρ’
2209 4417 2392 4479 αὐτοῖς
2420 4416 2586 4469 οἰκῶν
2611 4418 2723 4479 τοῖς
2747 4415 2963 4483 τάφοις,
3010 4415 3106 4468 καὶ
3131 4413 3488 4485 σωφροσύνην
3515 4415 3610 4467 καὶ
3638 4412 3719 4466 δι-

2044 4499 2339 4572 καιοσύνην
2391 4501 2485 4553 καὶ
2543 4501 2726 4554 πᾶσαν
2778 4499 3107 4564 ἐπιδείξεται
3167 4499 3270 4569 τὴν
3323 4500 3546 4572 ἀρετήν.
3607 4499 3720 4552 Kal

2043 4587 2398 4658 χειροτέχνης
2433 4587 2490 4639 δέ
2534 4585 2764 4650 ἕκαστος
2808 4587 3217 4656 ἀνεμποδίστως
3265 4586 3332 4640 τά
3375 4580 3721 4656 τῆςόἰκείας

2043 4675 2353 4745 ἐπιστήμης
2382 4674 2558 4727 πάντα
2587 4673 2904 4742 ἐργάσεται,
2930 4663 3023 4724 καὶ
3053 4669 3282 4742 παρέξει
3305 4672 3416 4734 τοῖς
3442 4669 3726 4738 δεομένοις

2043 4757 2209 4811 αὐτοῦ
2230 4797 2246 4822 ,
2283 4759 2344 4810 οὺ
2379 4757 2606 4829 πλησίον
2629 4758 2844 4831 νεκρῶν
2882 4757 3193 4829 καθήμενος
3222 4756 3404 4828 μόνον,
3440 4754 3578 4808 ἀλλά
3611 4755 3721 4809 κᾶν

2044 4843 2182 4895 αὑτά
2211 4842 2281 4894 τὰ
2311 4843 2571 4914 μνήματα
2594 4843 2704 4896 τῶν
2735 4843 3142 4912 κατοιχομένων
3165 4841 3519 4913 οίκοδομῆσνι*
3546 4851 3568 4878 ⁸
3596 4840 3718 4912 δέῃ’

2045 4927 2139 4978 καὶ
2168 4928 2196 4979 ό
2226 4927 2546 4998 ζωγράφος,
2579 4929 2675 4982 καὶ
2700 4929 2728 4980 ό
2756 4927 2995 4991 λιθοξόος
3016 4967 3032 4989 ,
3077 4926 3171 4980 καὶ
3199 4928 3229 4980 6
3257 4927 3500 4992 τίκτων,
3544 4926 3639 4978 καὶ
3693 4929 3722 4979 ό

2045 5009 2406 5078 χαλκοτύπος,
2437 5013 2532 5065 καὶ
2559 5012 2762 5075 πάντες
2783 5013 2852 5064 τά
2871 5010 3052 5064 αὑτῶν
3079 5010 3494 5079 συνεισφέρουσι
3512 5024 3525 5037 ·
3561 5009 3719 5080 μόνος

2044 5095 2102 5147 δὲ
2131 5096 2347 5172 πάντων
2377 5099 2407 5149 ὁ
2441 5095 2713 5148 Ἀπόλλων
2744 5095 2848 5148 ὑπὸ
2871 5094 2982 5147 τῶν
3010 5092 3220 5164 νεκρῶν
3249 5091 3556 5144 κωλύεσθαι
3586 5108 3718 5162 φησι

2043 5177 2115 5231 τά
2159 5178 2420 5248 μέλλοντα
2470 5181 2732 5250 προορᾷν.
2768 5179 2878 5232 Kal
2915 5179 3022 5249 μὴν
3055 5179 3150 5231 xal
3191 5178 3320 5246 παρ’
3356 5177 3487 5247 ἡμῖν
3530 5175 3719 5244 ἄνδρες

2047 5265 2303 5331 γεγόνασι
2337 5263 2564 5334 μεγάλοι
2592 5266 2687 5317 καὶ
2721 5263 3051 5332 θαυμαστοὶ,
3079 5261 3174 5315 καὶ
3206 5259 3273 5312 τά
3313 5259 3436 5330 πρὸ
3455 5269 3718 5328 τετρακοα

2051 5345 2181 5400 σίων
2214 5348 2308 5400 καὶ
2347 5346 2534 5417 χιλίων
2569 5351 2831 5418 προεῖπον
2861 5347 3020 5412 ἐτῶν,
3051 5347 3143 5398 καὶ
3176 5342 3330 5417 [562]
3362 5342 3722 5415 προλέγοντες

2047 5429 2202 5483 οὐδὲν
2231 5429 2437 5484 τούτων
2460 5429 2582 5484 οὔτε
2613 5431 2908 5503 ἐζήτησαν,
2934 5430 3058 5483 οὔτε
3090 5429 3431 5500 ἐμέμψαντο,
3449 5426 3572 5480 οὔτε
3595 5428 3723 5489 τοὺς

2046 5513 2249 5581 τάφους
2287 5514 2393 5566 τῶν
2423 5514 2766 5568 ἀπελθόντων
2790 5514 3241 5586 ἀναῤῥήγνμσθαι
3283 5511 3597 5571 ἐκέλευσαν,
3627 5511 3726 5562 καὶ

2047 5599 2173 5660 τοὺς
2207 5599 2496 5666 κειμένους
2523 5597 2841 5667 ῥίπτεσθαι.
2885 5599 2979 5651 καὶ
3015 5595 3406 5668 τυμϐωρυχίας
3444 5594 3590 5659 ξένον
3630 5594 3726 5646 καὶ

2052 5681 2411 5750 ἀναίσχυντον
2442 5685 2678 5737 ἐπινοεῖν
2711 5702 2728 5730 ιτ
2747 5684 2913 5754 ρόπον
2937 5699 2948 5711 ·
2974 5684 3090 5736 ἀλλ’
3124 5687 3171 5737 οἱ
3205 5687 3303 5755 μέν
3337 5683 3517 5736 αὑτῶν
3545 5681 3727 5736 ἔθνεσι

2113 5829 2132 5848 ⁸
2153 5827 2231 5893 δίε
2251 5828 2403 5893 Sa_vil.
2431 5834 2485 5876 cl
2502 5829 2600 5877 duo
2621 5842 2764 5893 _mss.,
2791 5837 2942 5893 atque.
2971 5836 3037 5882 lla
3061 5831 3259 5892 legerat
3293 5835 3436 5880 vetus
3454 5827 3722 5887 interpres.

2055 5888 2224 5939 Morel.
2251 5888 2414 5940 minus
2433 5896 2569 5939 recte
2592 5888 2788 5940 οἰκίσαι.
