4220 6300
272 327 374 384 551

270 449 463 503 serunt
482 481 498 504 ,
527 455 634 495 non
661 438 924 496 cadavera
945 432 1102 503 abjici
1123 474 1139 496 ,
1167 447 1271 490 non
1292 428 1669 497 sepulcrorum
1701 421 1872 475 viola-

275 529 436 583 tionis
486 544 682 582 novum
730 525 1200 595 impudentemque
1245 520 1463 574 modum
1515 510 1804 581 excogitari
1858 528 1870 563 :

272 630 512 675 attamen
544 635 610 674 ex
639 618 717 672 eis
743 617 834 672 alii
869 630 991 671 cum
1035 613 1212 682 impiis
1249 609 1597 677 scelestisqne
1633 602 1879 674 gentibus

274 688 620 774 habitantes,
653 709 744 761 alii
770 708 822 761 in
851 705 1027 763 medio
1053 705 1397 761 barbarorum
1420 740 1435 766 ,
1467 699 1555 752 ubi
1585 697 1761 752 omnia
1793 695 1877 747 in-

277 801 500 870 quinata
547 809 602 852 et
638 799 999 853 contaminata
1045 804 1199 850 erant
1226 836 1240 854 ,
1278 807 1399 846 cum
1437 791 1660 850 veritate
1703 787 1878 840 omnia

273 890 669 962 praedicabant,
694 904 866 958 neque
893 888 1118 960 aliorum
1152 883 1375 953 pollutio
1401 897 1587 936 eorum
1614 879 1882 933 vaticiniis

276 981 488 1038 uberat.
536 981 646 1034 Cur
686 981 826 1035 hoc?
856 979 988 1048 Quia
1036 978 1114 1032 illi
1148 977 1328 1032 divina
1368 976 1563 1028 virtute
1598 973 1724 1026 moti
1757 985 1882 1024 vere

251 1070 679 1144 loquebantur;
707 1070 916 1124 dmmon
946 1079 1123 1122 autem
1153 1108 1165 1131 ,
1199 1065 1253 1120 vi'
1277 1066 1365 1119 illa
1394 1078 1590 1118 vacuus
1627 1077 1690 1115 ac
1715 1060 1883 1115 desti-

278 1170 430 1217 tutus
457 1203 473 1228 ,
505 1163 639 1215 nihil
678 1161 1035 1231 praenuntiam
1081 1167 1287 1228 poterat
1317 1174 1331 1211 :
1361 1172 1429 1211 ne
1457 1166 1635 1209 autem
1677 1154 1885 1206 harrere

280 1253 561 1308 videretur
584 1293 599 1318 ,
630 1251 937 1306 verisimilia
977 1249 1220 1320 qumdam
1245 1288 1258 1315 ,
1289 1247 1383 1302 sed
1417 1245 1639 1300 ridicula
1682 1244 1883 1312 ﬁngere

278 1346 595 1415 cogebatur.
638 1341 743 1397 Car
777 1344 957 1416 enim,
985 1357 1200 1411 qureso,
1230 1340 1361 1394 nihil
1391 1337 1693 1408 hujusmodi
1724 1345 1882 1389 antea

281 1435 515 1498 dixerat,
540 1435 632 1487 vel
657 1433 960 1487 efl'utierat?
989 1432 1122 1500 Quia
1148 1441 1274 1486 tunc
1301 1438 1614 1500 prtetextum
1644 1426 1887 1495 proferre

284 1533 520 1596 poterat,
553 1524 693 1592 quod
721 1524 923 1578 scilicet
947 1538 1055 1580 non
1079 1525 1375 1585 coleretur;
1411 1520 1509 1574 hac
1535 1534 1697 1589 porro
1723 1532 1886 1572 excu-

285 1617 497 1670 satione
517 1615 762 1682 adempta
783 1656 797 1680 ,
821 1614 888 1668 ad
914 1622 1152 1669 mortuos
1177 1611 1431 1682 confugit,
1456 1612 1642 1664 anxius
1656 1624 1732 1664 ne
1756 1609 1878 1679 qttid

288 1707 387 1760 sibi
423 1707 558 1759 mali
582 1707 914 1775 contingeret
947 1724 960 1758 :
996 1722 1115 1758 nam
1141 1719 1171 1758 a
1202 1705 1400 1758 decoro
1441 1703 1693 1758 recedere
1734 1703 1884 1756 nole-

289 1796 413 1857 bat:
465 1795 560 1847 sed
591 1810 684 1849 vos
713 1797 854 1849 illum
883 1795 1132 1865 coegistis
1156 1837 1169 1860 ,
1200 1797 1289 1864 qui
1320 1809 1512 1863 magno
1541 1794 1632 1846 illo
1656 1793 1800 1847 cultu
1829 1793 1878 1846 ei

294 1887 698 1941 excusationem
730 1887 1004 1941 ademistis
1029 1929 1042 1949 ,
1078 1903 1174 1940 nec
1205 1885 1520 1954 permisistis
1546 1898 1669 1941 eum
1712 1883 1778 1938 ad
1804 1899 1891 1939 sa-

294 1976 622 2031 eritieiorum
658 1978 931 2044 penuriam
959 1977 1263 2048 coofugere.

370 2069 459 2124 16.
494 2067 559 2123 S.
619 2066 834 2138 Babylte
877 2085 1059 2140 corpus
1095 2068 1360 2140 transferri
1392 2068 1600 2138 jnbetur
1625 2066 1896 2129 a,Juliano

297 2160 566 2232 Apostatd.
605 2191 672 2200 —
716 2161 827 2215 lloc
869 2162 1052 2215 audito
1099 2162 1290 2215 histrio
1337 2162 1425 2216 ille
1469 2161 1628 2228 jussit
1677 2175 1893 2229 capsam

296 2250 424 2305 inde
455 2250 655 2306 auferri
677 2294 692 2317 ,
727 2262 782 2305 ut
817 2254 1014 2305 victum
1045 2267 1164 2312 esse
1211 2255 1509 2306 d:emonem
1555 2265 1714 2304 nemo
1744 2251 1896 2320 igno—

302 2353 468 2398 raret.
505 2343 718 2396 Etenim
749 2342 792 2396 si
823 2343 1043 2396 diXlsSPl
1071 2342 1188 2406 ille,
1221 2343 1444 2420 Propter
1483 2351 1724 2395 sanctum
1755 2342 1896 2411 loqui

301 2450 409 2489 non
440 2450 681 2504 possum,
711 2435 802 2489 sed
833 2435 960 2488 nihil
986 2444 1214 2497 movete,
1242 2434 1371 2492 nihil
1401 2433 1655 2499 tumultus
1685 2432 1896 2497 inferte,

302 2525 355 2579 id
401 2525 514 2579 suis
558 2535 762 2578 tantum
806 2527 1098 2580 cultoribus
1144 2535 1327 2578 notum
1369 2524 1598 2580 fuisset:
1630 2523 1903 2592 puduisset

301 2617 448 2671 enim
486 2616 679 2670 factum
711 2617 775 2671 ad
819 2619 951 2672 alios
978 2617 1236 2680 deferre;
1273 2617 1384 2686 jam
1414 2632 1542 2670 vero
1569 2615 1901 2685 quasiinlir—

301 2706 544 2760 mitatem
592 2721 742 2760 suam
783 2708 1060 2762 traducere
1090 2707 1281 2773 vellet,
1326 2705 1405 2760 sic
1442 2707 1620 2760 omnia
1663 2706 1902 2762 facienda

300 2798 532 2862 curavit,
569 2799 760 2867 quibus
788 2815 856 2854 ne
882 2800 1078 2852 volenti
1109 2798 1323 2868 quidem
1352 2813 1466 2852 rem
1496 2798 1749 2867 obtegere
1776 2798 1904 2852 lice-

303 2887 400 2942 bat
434 2907 446 2940 :
480 2904 650 2957 neque
678 2890 820 2942 enim
847 2889 956 2958 jam
985 2889 1250 2942 simulatio
1280 2888 1480 2943 servari
1522 2898 1728 2957 petest,
1760 2887 1902 2957 quod

305 2976 512 3030 nullum
559 2977 700 3031 aliud
729 2977 958 3032 cadaver
977 3019 991 3043 ,
1037 2976 1131 3032 sed
1160 2978 1306 3031 solus
1337 2985 1544 3047 martyr
1573 2973 1695 3031 inde
1727 2987 1901 3030 trans-

304 3063 512 3119 feratur
545 3085 558 3118 :
591 3081 690 3120 nec
730 3067 901 3120 solum
945 3067 1034 3137 qui
1067 3066 1254 3121 urbem
1277 3108 1292 3132 ,
1325 3067 1637 3122 suburbium
1666 3076 1722 3122 et
1749 3081 1905 3136 agros

303 3156 635 3218 incolebant,
687 3155 781 3211 sed
825 3157 988 3211 etiam
1030 3158 1120 3227 qui
1163 3157 1522 3212 remotissima
1571 3157 1902 3224 habitabant,

301 3261 434 3300 cum
461 3245 726 3315 jacentem
757 3262 972 3316 capsam
1015 3263 1120 3318 non
1153 3257 1434 3316 cernerent
1463 3291 1476 3311 ,
1507 3248 1689 3302 statim
1718 3249 1908 3302 scisci-

305 3345 489 3390 tantes
517 3335 803 3391 audiebant
825 3378 840 3402 ,
891 3338 1104 3393 dromon
1145 3339 1213 3392 ab
1242 3337 1565 3412 Imperatore
1610 3347 1826 3408 rogatus
1854 3347 1910 3392 ut

305 3427 715 3492 vaticinaretur,
743 3428 878 3481 dixit
901 3443 960 3482 se
987 3443 1091 3482 non
1124 3444 1312 3497 posse,
1340 3429 1513 3484 donec
1539 3429 1755 3484 beatum
1786 3430 1911 3484 hinc

307 3515 568 3588 Babylam
599 3519 718 3588 quis
743 3521 1055 3593 amovisset.
1103 3520 1297 3592 Atqui,
1332 3537 1366 3575 ο
1405 3521 1628 3577 ridicule
1648 3565 1662 3587 ,
1693 3532 1911 3594 poteras

306 3608 381 3663 ad
410 3609 542 3665 alias
570 3611 944 3689 excusationes
968 3611 1275 3684 confugere,
1301 3623 1358 3667 ut
1385 3628 1529 3683 smpe
1555 3615 1717 3680 soles,
1750 3616 1909 3668 innu-

307 3700 480 3756 meris
527 3717 741 3771 semper
783 3703 1024 3757 artiﬁciis
1053 3703 1212 3759 dubia
1254 3720 1510 3773 responsa
1539 3706 1908 3781 concinnans;

309 3790 469 3862 Lydo
498 3807 691 3861 nempe
720 3792 906 3885 dicens
932 3794 1042 3867 (α),
1074 3796 1121 3850 si
1163 3795 1332 3885 Halyn
1363 3794 1583 3864 ﬂuvium
1630 3801 1906 3863 transmit-

311 3889 488 3943 teret,
523 3897 768 3951 magnum
802 3883 1080 3951 imperium
1109 3883 1407 3943 soluturum
1434 3902 1560 3954 esse
1582 3929 1596 3952 ,
1630 3889 1913 3959 ipsumque

312 3980 502 4041 postea
530 3987 678 4042 pyra:
725 3969 1032 4044 impositum
1063 3975 1360 4044 exhibens;
1407 3980 1458 4032 in
1486 3979 1753 4034 Salamine
1784 3981 1909 4034 item

311 4059 507 4116 eodem
534 4076 739 4117 ususes
760 4063 1010 4128 artiﬁcio,
1034 4066 1258 4122 ridicula
1278 4068 1484 4138 adjecta
1505 4069 1909 4139 conjunctione:

284 4160 286 4163 '
315 4165 442 4206 nam
470 4153 670 4217 dicere,
1903 4149 1910 4161 ’

394 4262 591 4320 Perdes
619 4275 675 4320 tu
703 4267 840 4336 ﬁlios
873 4269 1163 4335 mulierum,

316 4374 496 4430 simile
533 4376 584 4431 ei
613 4386 758 4445 erat,
791 4380 932 4449 quod
963 4379 1113 4453 Lydo
1141 4381 1392 4455 dixeras;
1435 4383 1668 4454 adjicere
1710 4395 1912 4455 autem,

395 4483 516 4539 Siue
541 4503 724 4554 sparsa
749 4485 944 4555 Cerere,
977 4491 1079 4545 sive
1104 4504 1312 4547 coeunte
1327 4538 1342 4560 ,

316 4597 527 4667 majore
557 4599 608 4652 id
647 4611 794 4655 certe
819 4603 930 4656 risu
959 4603 1178 4677 dignum
1212 4605 1341 4675 fuit,
1380 4611 1520 4679 quod
1561 4627 1691 4667 sane
1716 4627 1916 4670 conve-

315 4689 431 4744 niat
457 4690 870 4770 circulatoribus
892 4694 943 4747 in
973 4697 1177 4764 triviis;
1226 4697 1319 4754 sed
1350 4716 1524 4770 neque
1549 4704 1651 4758 hoc
1681 4694 1772 4759 tibi
1803 4707 1918 4775 pla-

316 4781 449 4834 cuit.
492 4779 710 4836 Licebat
736 4793 792 4839 et
821 4786 914 4840 tibi
945 4802 1244 4844 sermonem
1277 4793 1560 4863 obtegere,
1608 4798 1748 4867 quod
1791 4801 1922 4854 arti-

318 4869 504 4924 ﬁcium
543 4871 638 4926 tibi
677 4887 895 4946 semper
940 4878 1163 4935 solenne
1206 4891 1307 4936 est.
1361 4884 1556 4939 Verum
1601 4889 1920 4945 institissent

319 4975 553 5027 omnes,
605 4979 712 5018 non
759 4967 1044 5036 intelleCta:
1089 4973 1168 5028 rei
1230 4976 1550 5033 solutionem
1596 4995 1916 5051 quaerentes.

319 5053 545 5109 Liccbat
587 5071 810 5129 quoque.
843 5061 936 5116 tibi
980 5064 1047 5118 ad
1089 5078 1234 5122 astra
1281 5069 1568 5142 confugere
1616 5092 1628 5127 :
1672 5076 1685 5129 i

322 5159 470 5236 αρε
521 5146 691 5214 facis,
739 5166 912 5223 neque
963 5157 1164 5226 pudore
1212 5162 1517 5234 ruboreque
1559 5168 1918 5236 perfunderis.

324 5235 603 5327 Siquidem
628 5254 734 5295 non
771 5257 894 5298 cum
933 5247 1063 5302 viris
1103 5262 1281 5308 mente
1309 5235 1674 5324 praeditisitihi
1708 5277 1794 5316 res
1817 5271 1919 5327 est,

325 5326 421 5383 sed
447 5343 573 5383 cum
603 5333 898 5400 pecudibus
917 5377 933 5404 ,
964 5348 1032 5394 .et
1060 5356 1219 5411 quam
1250 5328 1483 5415 pecudes
1519 5349 1649 5419 ipsa:
1691 5326 1924 5408 crassio4

327 5421 476 5516 ribus
515 5437 679 5516 εξοη
727 5437 883 5515 erant
926 5429 1000 5486 illi
1043 5432 1248 5492 Graecis
1289 5420 1640 5508 sapientiores
1684 5443 1746 5498 iis
1771 5484 1786 5510 ,
1833 5445 1923 5516 qui

326 5509 446 5565 hac
471 5511 789 5579 audierunt.
829 5513 930 5575 nec
960 5529 1137 5579 tamen
1166 5541 1194 5580 a
1226 5525 1415 5583 fraude
1439 5545 1558 5587 sese
1586 5509 1920 5592 exemerunt.

331 5603 404 5656 At
432 5602 770 5660 mendacium
815 5608 1242 5672 intellexissent?
1285 5618 1425 5690 Ergo
1453 5623 1686 5693 oportuit
1715 5625 1805 5681 uni
1834 5641 1922 5682 sa-

393 5708 468 5774 (α)
502 5708 571 5763 σθ
593 5719 754 5775 ατωεο
777 5715 1010 5783 loquitur.

1103 316 1192 373 DE
1229 314 1288 378 S,
1325 308 1618 387 BABYL-A,
1657 297 1932 385 CONTRA
1969 295 2308 356 JULIANUM
2347 296 2434 354 ET
2470 296 2825 356 GENTILES.

3469 298 3574 364 558

1984 414 2187 471 cerdotl
2211 418 2489 475 veritatem
2507 417 2738 487 aperire,
2762 427 2816 473 et
2844 418 2957 488 ipse
2984 417 3189 473 cladem
3213 427 3354 474 tuam
3383 416 3574 474 melius

1982 523 2143 577 quam
2172 516 2226 561 tu
2253 508 2597 561 occultasset.
2637 508 2755 566 Jam
2785 522 2915 562 vero
2939 509 3058 578 quis
3085 518 3157 571 te,
3191 510 3378 574 miser,
3404 508 3577 563 addu-

1985 597 2082 658 xit,
2107 608 2167 651 ut
2192 608 2242 652 te
2263 599 2316 652 in
2347 606 2454 652 tam
2478 597 2812 654 manifestam
2839 599 3219 670 impudentiam
3247 600 3579 671 conjic’eresi

1987 690 2054 743 At
2098 689 2324 743 fortasse
2369 701 2424 743 tu
2465 691 2595 743 nihil
2647 692 2917 759 peccasti;
2965 691 3256 760 Imperator
3288 709 3412 747 vero
3441 694 3582 748 male

1989 777 2302 833 histrionem
2333 782 2460 849 egit,
2492 781 2580 850 qui
2607 796 2728 835 cum
2756 781 3219 836 indiscriminatim
3261 783 3329 838 de
3355 783 3583 845 cadave-

1989 872 2456 934 ribus'audisset,
2501 883 2745 927 sanctum
2791 874 2941 929 illum
2982 875 3257 929 dumtaxat
3300 890 3584 945 aggressus

1988 972 2071 1015 est
2103 979 2115 1014 :
2147 962 2232 1016 ille
2261 972 2309 1017 te
2353 963 2674 1032 coarguitet
2713 962 2956 1020 fraudem
2986 965 3202 1020 nudavit
3228 1009 3242 1029 ,
3270 966 3365 1020 sed
3395 981 3500 1019 non
3529 966 3582 1022 id

1991 1055 2162 1108 libens
2193 1055 2315 1122 fecit
2349 1073 2363 1110 :
2392 1070 2565 1124 neque
2594 1057 2736 1110 enim
2777 1057 2933 1110 unius
2964 1058 3314 1127 ejusdemque
3340 1069 3456 1113 erat
3481 1058 3584 1115 d0.-

1991 1146 2139 1200 naria
2171 1145 2366 1201 afferre
2414 1157 2465 1201 ct
2509 1147 2837 1206 Contumelia
2887 1149 3137 1213 allicere;
3191 1149 3285 1202 sed
3336 1142 3588 1222 martyris

1991 1237 2160 1291 virtus
2189 1253 2376 1292 onmes
2403 1239 2563 1292 simul
2591 1240 2818 1309 caligine
2849 1239 3037 1294 offudit
3058 1283 3072 1306 ,
3107 1256 3206 1296 nec
3235 1257 3298 1296 ea
3327 1257 3446 1311 qua:
3476 1252 3586 1296 tum

1991 1329 2312 1398 gerebantur
2357 1328 2541 1384 videre
2590 1331 2868 1398 permisit;
2919 1345 3105 1384 verum
3150 1333 3328 1384 omnia
3371 1331 3586 1401 quidem

1980 1435 2089 1472 ceu
2119 1431 2306 1478 contra
2336 1417 2668 1475 Christianos
2700 1408 2894 1474 fieb'ant
2917 1461 2931 1483 ,
2981 1430 3037 1474 ,ιι
3079 1436 3182 1475 non
3217 1423 3267 1474 in
3299 1423 3587 1489 patientes,

1995 1511 2087 1565 sed
2134 1513 2185 1565 in
2222 1521 2439 1581 agentes
2484 1513 2625 1567 risus
2671 1513 3108 1569 convertebatur.
3160 1514 3353 1568 Sic'et
3401 1514 3590 1568 furiosi

1995 1602 2242 1656 videntur
2278 1602 2378 1656 sibi
2423 1617 2637 1673 semper
2683 1604 2958 1672 proximos
2991 1604 3214 1667 ulcisci,
3247 1605 3372 1658 dum
3402 1614 3590 1659 contra

1998 1697 2228 1764 parietes
2253 1696 2552 1760 calcitrant,
2580 1710 2643 1750 ac
2669 1694 2824 1750 fanda
2855 1695 3191 1765 nefandaque
3218 1698 3268 1750 in
3300 1705 3592 1765 praesentes

1993 1785 2274 1855 jactitan’t;
2326 1785 2480 1841 factis
2528 1794 2711 1841 autem
2761 1787 2873 1841 suis
2921 1803 3027 1842 non
3080 1788 3199 1842 illos
3246 1787 3339 1842 sed
3384 1787 3592 1856 seipsos

2000 1875 2202 1944 pudore
2228 1874 2466 1931 afli'ciunt
2495 1894 2509 1930 :
2538 1877 2678 1946 quod
2710 1886 2836 1932 tunc
2866 1878 3025 1932 etiam
3051 1879 3293 1948 contigit.
3324 1878 3596 1933 Traheba-

1999 1976 2087 2022 tur
2116 1969 2260 2022 enim
2305 1975 2466 2036 capsa
2512 1983 2608 2037 per
2651 1978 2818 2023 totam
2851 1969 3026 2035 viam;
3080 1982 3282 2040 martyr
3324 1984 3456 2024 vero
3494 1984 3596 2025 ceu

2002 2059 2217 2129 quidam
2250 2061 2446 2115 athleta
2482 2062 2533 2114 in
2565 2078 2712 2114 suam
2742 2063 2926 2116 urbem
2960 2062 3357 2129 revertebatur,
3400 2078 3595 2118 secuti-

2004 2152 2129 2208 dam
2158 2153 2700 2219 referenscoronam,
2734 2155 2787 2209 in
2815 2170 2917 2225 qua
2950 2154 3079 2210 urbe
3110 2157 3281 2224 primo
3310 2165 3600 2212 coronatus

2003 2241 2193 2297 fuerat.
2225 2242 2580 2309 Quamobrem
2611 2244 2654 2298 si
2681 2244 2798 2313 quis
2824 2243 3181 2313 splendidiora
3215 2256 3334 2315 post
3360 2257 3588 2301 mortem

2004 2335 2257 2406 martyris
2285 2350 2449 2405 opera
2473 2338 2832 2404 conspicatus,
2863 2340 3314 2393 resurrectionem
3355 2355 3460 2393 non
3505 2338 3602 2392 ad.

2007 2427 2219 2492 mittat,
2270 2427 2322 2481 in
2371 2433 2641 2494 posterum
2689 2429 2988 2483 erubescat.
3042 2429 3150 2483 Ceu
3195 2432 3337 2484 enim
3386 2429 3603 2499 quidam

2007 2525 2255 2570 strenuus
2296 2515 2526 2571 bellator
2568 2518 2784 2588 tropzeis
2816 2528 3014 2588 tropma
3054 2519 3362 2594 conjunxit,
3396 2521 3606 2591 magnis

2007 2609 2209 2678 majora
2256 2619 2312 2664 et
2360 2610 2692 2666 mirabilibus
2737 2612 3084 2665 mirabiliora.
3137 2612 3288 2668 Tunc
3313 2615 3454 2668 enim
3482 2629 3604 2667 cum

2009 2699 2338 2770 imperatore
2378 2704 2494 2758 solo
2537 2704 2826 2774 pugnabat,
2872 2719 3014 2759 nunc
3046 2720 3164 2758 cum
3197 2705 3526 2775 Imperatori:
3552 2713 3606 2760 ct

2008 2793 2252 2847 diemone
2281 2811 2295 2848 :
2327 2802 2453 2848 tunc
2499 2809 2528 2846 a
2574 2795 2741 2850 sacris
2786 2795 2952 2863 septis
2977 2794 3377 2863 [Imperatorem
3407 2795 3606 2865 abegit,

2010 2900 2150 2939 nunc
2180 2900 2211 2938 a
2240 2893 2352 2939 toto
2373 2885 2624 2956 Daphnes
2651 2886 2770 2940 loco
2798 2888 3156 2956 perniciosum
3190 2888 3338 2941 illum
3365 2887 3605 2955 abduxit,

2011 2993 2115 3031 non
2144 2992 2304 3032 manu
2335 2991 2465 3032 usus
2495 2986 2555 3032 ut
2583 2987 2737 3032 antea
2760 3019 2773 3042 ,
2805 2979 2899 3034 sed
2932 2980 3182 3034 invisibili
3208 2981 3402 3036 virtute
3429 2982 3608 3035 invisi-

2011 3066 2172 3122 bilem
2204 3083 2536 3138 expugnans.
2587 3067 2758 3138 Hujus
2787 3069 3014 3124 viventis
3054 3069 3263 3124 dicendi
3306 3071 3607 3126 libertatem

2012 3174 2119 3214 non
2151 3158 2269 3212 tulit
2319 3158 2583 3214 homicida
2631 3160 2721 3215 ille
2751 3203 2765 3225 ,
2811 3161 3024 3214 mortuiv
3053 3177 3181 3215 vero
3227 3161 3461 3216 cinerem
3504 3176 3611 3217 non

2012 3252 2266 3307 sustinuit
2309 3260 2416 3306 tum
2447 3253 2741 3322 Imperator
2763 3295 2778 3318 ,
2824 3263 2934 3309 tum
2962 3253 3171 3308 daemon
3203 3255 3291 3324 qui
3318 3253 3615 3324 imperato-

2015 3358 2130 3398 rem
2159 3342 2226 3396 ad
2258 3342 2374 3398 haec
2399 3343 2600 3411 agenda
2647 3347 2832 3399 movit.
2879 3344 3032 3412 Quod
3063 3355 3240 3399 autem
3274 3355 3473 3399 metum
3501 3359 3616 3399 ma-

2010 3437 2186 3507 jorem
2235 3437 2344 3491 his
2376 3438 2763 3506 posterioribus
2826 3437 3034 3496 duobus
3078 3438 3400 3504 incusserit,
3451 3453 3613 3509 quam

2015 3527 2180 3597 priori
2210 3527 2540 3592 incusserat,
2575 3526 2701 3582 hinc
2746 3527 2916 3596 palam
2947 3538 3050 3581 est.
3085 3527 3180 3581 Ille
3223 3530 3419 3597 quippe
3459 3542 3615 3583 com-

2017 3616 2340 3686 prehensum
2386 3617 2533 3670 illum
2568 3617 2797 3670 vinculis
2829 3618 3150 3671 constrinxit
3193 3628 3246 3671 et
3285 3617 3514 3683 occidit,
3563 3617 3617 3672 hi

2016 3722 2148 3761 vero
2178 3707 2495 3774 transtulere
2543 3716 2769 3762 tantum.
2816 3706 2926 3761 Cur
2970 3708 3111 3762 enim
3143 3722 3357 3775 capsam
3389 3698 3451 3762 in‘
3470 3723 3619 3762 mare

2018 3798 2352 3868 prtecipitare
2393 3813 2565 3867 neque
2610 3799 2698 3852 ille
2739 3797 2919 3869 jussit,
2968 3813 3142 3867 neque
3171 3799 3255 3852 hic
3278 3797 3480 3852 voluit?
3522 3813 3620 3852 cur

2020 3905 2126 3944 non
2154 3890 2408 3945 contrivit
2435 3899 2527 3944 aut
2555 3890 2893 3946 combussit?
2927 3905 3024 3945 cur
3052 3907 3157 3944 non
3187 3891 3239 3944 in
3267 3891 3536 3946 desertum
3565 3900 3619 3944 et

2020 3978 2368 4036 inhabitatum
2416 3982 2591 4038 locum
2639 3983 2809 4053 ipsam
2850 3983 3122 4037 transferri
3161 3983 3362 4052 jussit?
3409 3982 3541 4036 Nam
3572 3983 3616 4039 si

2019 4090 2080 4129 ea
2113 4073 2439 4129 exsecranda
2470 4083 2526 4130 et
2554 4075 2756 4144 polluta
2786 4090 2873 4130 res
2902 4074 3124 4139 fuisset,
3155 4089 3381 4144 eamque
3409 4073 3614 4128 abomi-

2021 4175 2197 4232 natus,
2243 4181 2349 4220 non
2394 4165 2769 4232 reformidans,
2817 4165 2942 4221 inde
2979 4165 3122 4220 illam
3164 4166 3382 4230 amovit,
3429 4181 3536 4219 non
3566 4168 3618 4221 in

2020 4257 2206 4312 urbem
2271 4259 2679 4333 oportuitgrem
2735 4257 3118 4312 exsecrandam
3181 4257 3477 4333 inducere,
3524 4257 3619 4313 sed

2020 4350 2310 4406 amandare
2338 4352 2389 4404 in
2419 4359 2630 4407 montes
2656 4359 2710 4404 et
2735 4352 2923 4404 saltus.

2094 4444 2179 4498 l7.
2215 4443 2531 4499 Maximinus
2557 4443 2846 4512 Imperator
2888 4445 3023 4515 quod
3049 4454 3248 4498 vexaret
3278 4443 3615 4510 Christianos,

2024 4551 2196 4604 paruas
2220 4534 2376 4587 dedit.
2401 4564 2473 4574 —
2503 4536 2574 4589 At
2601 4535 2765 4589 miser
2790 4536 2878 4589 ille
2908 4551 3013 4588 non
3043 4535 3218 4590 minus
3245 4550 3405 4605 quam
3428 4535 3617 4604 Apollo

2025 4629 2164 4684 beati
2211 4630 2310 4683 viri
2360 4627 2526 4702 robur
2577 4639 2630 4684 et
2678 4629 2924 4698 fiduciam
2976 4644 3100 4698 erga
3157 4629 3321 4684 Deum
3367 4636 3616 4694 noverat,

2025 4724 2308 4792 timuitque
2352 4739 2420 4778 ne
2465 4723 2510 4777 si
2561 4722 2613 4778 id
2663 4722 2862 4778 faceret
2889 4722 3213 4777 aut-fulmen
3259 4730 3351 4776 aut
3377 4721 3620 4778 morbum

2024 4816 2254 4886 aliquem
2281 4816 2336 4870 in
2360 4830 2418 4871 se
2451 4823 2786 4885 provocarct.
2817 4815 2978 4869 Multa
3007 4816 3201 4884 quippe
3228 4813 3424 4868 Christi
3457 4814 3623 4867 virtu-

2027 4907 2095 4960 tis
2119 4908 2266 4976 signa
2311 4906 2574 4973 habebat,
2610 4915 2719 4960 tum
2749 4907 2802 4960 in
2844 4906 3218 4961 deccssoribus
3244 4908 3355 4959 suis
3384 4905 3622 4974 Impera-

2026 4999 2230 5053 toribus
2259 4997 2515 5062 exhibita,
2547 5006 2657 5052 tum
2689 4997 2740 5051 in
2773 4998 2838 5052 iis
2866 4998 3026 5051 etiam
3055 4997 3143 5066 qui
3170 4997 3311 5051 idem
3341 4995 3623 5066 imperium

2027 5102 2208 5142 secum
2235 5087 2692 5142 administrabant.
2730 5088 2943 5143 Etenim
2974 5103 3039 5143 ex
3079 5088 3183 5141 illis
3223 5087 3350 5141 olim
3385 5085 3612 5155 Impera.

2029 5181 2232 5236 toribus
2259 5181 2350 5250 qui
2378 5180 2500 5234 talia
2531 5182 2646 5235 ausi
2675 5189 2822 5247 sunt,
2858 5187 2980 5249 post
3004 5179 3198 5234 multas
3227 5177 3619 5233 intolerabiles-

2026 5286 2131 5343 que
2152 5272 2501 5337 calamitates,
2534 5272 2757 5342 turpiter
2782 5285 2844 5327 ac
2868 5272 3066 5326 misere
3091 5271 3252 5325 vitam
3293 5271 3620 5334 clauserunt,

2028 5361 2164 5417 adeo
2189 5370 2246 5415 ut
2271 5360 2427 5416 unius
2454 5362 2630 5416 adhuc
2657 5361 2882 5416 viventis
2908 5362 3121 5432 pupilla:
3146 5376 3210 5416 ex
3237 5359 3407 5432 oculis
3432 5369 3622 5430 sponte

2028 5456 2324 5511 exsilierint
2349 5473 2362 5508 :
2395 5455 2483 5516 hic
2507 5467 2683 5512 autem
2711 5455 3030 5510 Maximinus
3056 5463 3209 5520 erat;
3239 5454 3374 5508 alius
3400 5453 3452 5507 in
3473 5451 3625 5506 furo-

2030 5561 2143 5602 rem
2169 5556 2351 5612 actus,
2380 5547 2514 5602 alius
2557 5545 2612 5602 in
2655 5546 2885 5602 similem
2915 5546 3095 5614 lapsus
3122 5545 3478 5600 calamitatem
3497 5584 3514 5611 ,
3545 5543 3626 5598 sic

2031 5637 2261 5694 mortem
2299 5637 2550 5694 obierint.
2579 5637 2842 5693 Cancrum
2881 5636 3040 5691 exiis
3069 5636 3157 5706 qui
3186 5645 3310 5690 tunc
3348 5648 3470 5689 cum
3507 5633 3626 5703 ipso

2039 5737 2208 5799 erant,
2246 5737 2485 5802 patruus,
2516 5743 2637 5785 cum
2663 5728 2985 5800 petulantius
3007 5736 3194 5783 contra
3222 5739 3323 5783 nos
3347 5724 3548 5781 fureret
3572 5731 3628 5778 et
