4220 6316
649 326 718 386 59
1345 320 1403 379 s.
1443 319 1723 380 JOAMIIS
1759 317 2232 378 cnnvsos'rom
2271 317 2571 375 ABCIlIEP
2633 290 3161 380 consumimur.

613 455 764 495 sacra
786 453 912 494 vasa
938 435 1211 495 sceleratis
1235 437 1479 492 manibus
1499 437 1810 512 contingere
1834 449 1994 492 ausus
2017 445 2184 502 esset,

617 544 787 608 neque
813 528 898 587 his
925 537 1237 595 contentus,
1265 527 1583 584 contumelia
1625 523 1846 584 ulterius
1882 541 2192 598 progressus

617 630 760 674 esset
794 619 961 691 (ipsis
989 621 1132 676 enim
1163 619 1386 676 inversis
1428 628 1482 675 et
1511 621 1562 674 in
1601 622 1903 691 pavimento
1929 619 2114 690 positis
2139 627 2193 674 et

613 716 883 782 extensis,
923 715 988 771 iis
1035 715 1228 771 insedit
1250 714 1292 784 ),
1313 713 1602 786 derepente
1651 702 1845 784 iniquae
1887 712 2189 783 huiusmodi

612 806 872 861 sessionis
909 820 1098 874 poenas
1125 805 1270 860 dedit
1299 823 1312 858 :
1347 805 1465 875 ejus
1503 806 1646 859 enim
1674 802 1906 859 verenda
1945 812 2190 876 corrupta

617 899 886 953 vermibus
912 897 1206 963 scatebant,
1239 897 1308 951 ita
1338 905 1396 952 ut
1427 896 1759 967 palamesset
1786 893 2028 949 morbum
2058 893 2192 948 divi-

616 991 760 1044 nitus
788 989 1080 1045 immissum
1114 988 1315 1054 fuisse;
1360 989 1425 1042 ad
1451 988 1638 1043 vulnus
1666 987 1960 1041 curandum
2002 985 2218 1040 medici‘

616 1091 870 1139 nucleus
892 1097 1022 1136 aves
1048 1083 1265 1152 pingues
1291 1090 1448 1152 atque
1475 1080 1778 1150 peregrinas
1807 1079 1872 1134 ad
1900 1077 2191 1150 putrefacta

616 1173 856 1228 membra
882 1173 1250 1241 admoventes,
1273 1173 1590 1228 vermiculos
1613 1171 1940 1226 evocabant:
1971 1170 2043 1226 illi
2065 1185 2193 1226 vero

618 1280 724 1319 non
770 1264 1176 1332 abscesserunt,
1223 1263 1318 1321 sed
1367 1263 1632 1319 mordicus
1679 1263 1906 1334 putridis
1958 1264 2193 1334 partibus

625 1356 898 1412 hmrcbant
925 1375 938 1410 :
966 1367 1123 1427 atque
1150 1358 1221 1411 ita
1250 1357 1397 1410 illum
1423 1356 1600 1412 multis
1617 1355 1809 1410 diebus
1833 1356 2189 1424 absumptum,

618 1447 762 1504 male
811 1448 1173 1517 perdiderunt.
1218 1446 1366 1501 Alius
1415 1462 1541 1500 vero
1581 1445 2193 1516 quispiam‘imperatorii

616 1538 788 1591 trarii
825 1547 1003 1591 custos
1027 1538 1344 1592 constitutus
1364 1575 1380 1601 ,
1412 1536 1717 1605 priusquam
1749 1536 1881 1588 aulae
1908 1536 2195 1603 imperato-

619 1630 713 1682 ria:
739 1629 900 1688 limen
934 1629 1244 1697 praeteriret,
1275 1629 1453 1683 statim
1479 1629 1684 1696 crepuit
1715 1626 1916 1682 medius
1935 1667 1950 1692 ,
1982 1626 2195 1682 similis-

619 1720 1021 1788 quepujusdam
1049 1719 1229 1789 ﬂagitii
1270 1735 1456 1789 pinnas
1499 1719 1660 1773 dedit.
1694 1717 1820 1772 Haec
1856 1727 1909 1772 et
1934 1717 2018 1772 his
2048 1719 2194 1786 plura

621 1811 768 1883 (non
793 1813 936 1866 enim
976 1813 1084 1881 jam
1113 1813 1289 1867 omnia
1321 1826 1598 1866 recensere
1642 1821 1846 1880 tempus
1871 1812 1986 1880 est)
2015 1824 2196 1865 secum

618 1911 870 1970 reputans
907 1903 1164 1957 scelestus
1205 1903 1336 1967 ille,
1386 1903 1739 1956 temeritatem
1781 1915 1930 1955 suam
1978 1900 2198 1956 ulterius

617 2006 933 2060 promovere
962 2008 1066 2047 non
1092 1993 1336 2047 audebat.
1371 1992 1521 2059 Quod
1549 2000 1724 2045 autem
1764 1991 1874 2044 haec
1899 2006 2000 2042 non
2031 2005 2060 2042 a
2087 2005 2200 2044 me-

619 2085 737 2152 ipse
760 2084 954 2151 dicam,
980 2099 1045 2138 ex
1076 2085 1140 2139 iis
1169 2099 1287 2153 qua:
1318 2084 1382 2138 ab
1418 2085 1534 2153 ipso
1570 2094 1751 2153 postea
1781 2092 1928 2154 gesta
1961 2090 2118 2148 sunt,
2147 2083 2198 2136 id

619 2176 960 2243 conspicuum
993 2176 1132 2241 erit;
1174 2175 1383 2230 interim
1417 2191 1542 2230 vero
1581 2174 1815 2230 historia:
1855 2174 2048 2230 seriem
2073 2189 2211 2243 per--

624 2279 928 2334 sequantur.

701 2353 966 2424 Templum
998 2366 1047 2408 et
1072 2366 1239 2410 statim
1269 2357 1517 2426 Apollinis
1557 2359 1672 2427 igne
1710 2357 1775 2410 de
1803 2357 1926 2410 celo
1951 2363 2102 2409 tacta.
2129 2384 2202 2394 —

620 2445 758 2512 Quid
800 2446 959 2515 igitur
1000 2448 1197 2503 exinde
1235 2448 1454 2502 evenit?
1492 2447 1875 2502 Adinirandum
1905 2463 2033 2501 sane
2074 2446 2199 2501 illud

618 2545 721 2602 est,
743 2535 882 2605 quod
911 2552 1018 2590 non
1049 2539 1339 2606 potentiam
1370 2538 1550 2603 modo,
1574 2538 1667 2592 sed
1694 2537 1852 2592 etiam
1881 2537 2197 2592 ineﬂabilcm

623 2628 716 2683 Dei
751 2615 1126 2698 benignitatem
1155 2630 1406 2684 ostendit.
1438 2628 1570 2683 Nam
1597 2639 1810 2683 sanctus
1837 2638 2035 2700 martyr
2063 2628 2198 2682 intra

623 2728 775 2788 septa
806 2729 939 2786 erat,
975 2720 1058 2774 ubi
1089 2721 1234 2790 prius
1259 2722 1391 2774 situs
1418 2719 1610 2787 fuerat,
1635 2729 1916 2789 antequam
1947 2719 2199 2788 Daphnen

623 2809 866 2875 veniret;
917 2811 1175 2880 malignus
1222 2826 1348 2866 vero
1391 2812 1600 2865 daemon
1647 2810 1824 2864 statim
1870 2810 2094 2877 didicit,
2142 2824 2202 2864 se

623 2898 816 2962 frustra
855 2898 1072 2955 fraudes
1099 2916 1223 2958 suas
1260 2902 1504 2962 molitum
1535 2915 1692 2966 esse;
1735 2914 1910 2971 neque
1935 2901 2034 2955 sibi
2079 2916 2200 2956 cum

623 2999 832 3044 mortuo
862 2982 1087 3060 pugnam
1133 2989 1246 3046 fure
1266 3031 1284 3055 ,
1329 2991 1425 3046 sed
1454 3006 1575 3045 cum
1603 2993 1811 3046 vivente
1835 3033 1848 3054 ,
1893 3006 1956 3046 ac
1983 2992 2203 3046 viriliter

624 3089 832 3151 agente,
865 3097 926 3135 ac
950 3097 1058 3136 nun
1087 3097 1144 3136 se
1175 3091 1398 3145 tantum,
1427 3083 1521 3136 sed
1544 3082 1790 3136 omnibus
1816 3082 1971 3136 simul
1999 3082 2201 3137 dieme-

626 3171 782 3227 nibus
807 3169 1048 3227 fortiore.
1083 3172 1249 3227 Deum
1277 3173 1418 3227 enim
1449 3182 1691 3242 precatus
1717 3182 1774 3228 ut
1800 3174 1972 3244 ignem
1997 3174 2048 3228 in
2072 3185 2204 3228 tem-

625 3262 772 3331 plum
798 3262 1147 3326 immitteret,
1180 3271 1347 3317 totum
1379 3271 1571 3317 tectum
1599 3263 1926 3328 combussit,
1955 3263 2204 3334 idoloque

625 3354 692 3408 ad
719 3362 987 3410 extremos
1023 3370 1189 3425 usque
1233 3355 1397 3424 pedes
1439 3354 1762 3425 absumpto,
1814 3355 1884 3410 ita
1931 3366 1990 3410 ut
2032 3357 2204 3427 pulvis

625 3452 830 3499 tantum
865 3453 919 3500 et
963 3445 1098 3500 cinis
1140 3456 1479 3512 remaneret,
1525 3447 1752 3516 parietes
1789 3447 1965 3501 solum
2003 3455 2204 3503 stantes

626 3533 964 3605 intactosque
989 3537 1220 3605 reliquit.
1249 3537 1304 3591 Si
1333 3537 1452 3606 quis
1477 3551 1608 3592 vero
1637 3552 1778 3591 nunc
1817 3537 1992 3592 locum
2026 3538 2202 3604 adeat,

626 3643 958 3699 nequaquam
999 3630 1135 3700 ignis
1175 3629 1226 3684 id
1269 3644 1405 3700 opus
1447 3645 1566 3686 esse
1591 3631 1829 3686 dixerit:
1862 3647 2032 3702 neque
2060 3633 2201 3686 enim

624 3721 926 3777 incendium
969 3721 1114 3778 illud’
1128 3723 1244 3778 sine
1285 3724 1462 3794 aliquo
1489 3723 1674 3778 ordine
1693 3765 1708 3791 ,
1736 3738 1908 3795 neque
1934 3741 1997 3780 ex
2030 3725 2202 3781 inani-

627 3823 772 3868 mata
807 3815 1023 3867 materia
1069 3812 1260 3868 factum
1305 3829 1424 3870 esse
1452 3814 1689 3878 videtur;
1731 3813 1834 3870 sed
1865 3817 2013 3885 quasi
2045 3832 2205 3872 manu

629 3905 853 3973 quadam
878 3905 1052 3975 ignem
1079 3906 1528 3971 circumducente,
1554 3920 1617 3960 ac
1637 3916 1965 3962 monstrante
1990 3908 2207 3978 quibus-

627 4000 749 4054 nam
794 4013 1049 4067 parcere,
1095 4013 1337 4067 quasnam
1380 3999 1664 4054 absumere
1708 4009 2016 4068 oporteret,
2062 4009 2206 4055 tanta

632 4104 824 4158 nempe
848 4088 1227 4154 concinnitate,
1247 4096 1395 4143 tanto
1420 4086 1644 4146 artiﬁcio
1667 4089 1918 4158 templum
1939 4089 2206 4145 detectum

627 4189 748 4245 est;
793 4193 969 4248 neque
996 4193 1123 4233 vero
1150 4178 1324 4233 simile
1358 4187 1452 4249 est.
1478 4178 1727 4233 incendio
1754 4178 1956 4233 electis
1974 4221 1988 4242 ,
2021 4179 2114 4234 sed
2143 4180 2207 4234 iis

626 4287 850 4337 quorum
875 4271 1076 4341 integra
1104 4283 1272 4342 septa,
1319 4288 1437 4342 qua:
1477 4273 1594 4328 solo
1630 4280 1770 4329 tecto
1807 4273 2009 4329 habent
2051 4290 2204 4344 opus.

631 4361 854 4435 Reliqua
880 4365 1021 4418 enim
1051 4373 1209 4436 atque
1237 4365 1497 4421 columine
1515 4407 1530 4431 ,
1559 4373 1669 4420 tum
1696 4383 1816 4436 qum
1847 4376 2063 4432 tectum,
2097 4377 2207 4423 tum

630 4468 749 4521 quae
773 4453 1092 4509 vestibulum
1135 4454 1450 4524 fulciebant,
1482 4473 1586 4512 una
1624 4468 1843 4528 excepta
1872 4474 1989 4529 qure
2017 4460 2083 4514 ad
2110 4475 2206 4529 po-

631 4547 911 4602 steriorem
956 4548 1135 4618 templi
1163 4559 1365 4617 partem
1408 4551 1578 4619 posita
1621 4560 1770 4616 erat,
1811 4561 1958 4606 stant
1996 4567 2203 4606 omnes.

635 4637 759 4692 "me
803 4647 979 4692 tamen
1021 4653 1124 4694 non
1166 4645 1368 4696 temere
1409 4649 1537 4697 tunc
1560 4641 1730 4696 fracta
1772 4652 1888 4710 est,
1917 4645 2008 4698 sed
2050 4659 2112 4700 ea
2140 4643 2208 4699 de

632 4747 826 4793 causa.
872 4748 1031 4803 quam
1071 4749 1194 4788 mox
1222 4735 1410 4792 dicturi
1449 4749 1651 4791 sumus.
1704 4737 1814 4792 Hoc
1859 4738 1947 4791 ubi
1994 4737 2206 4802 accidit,

633 4825 812 4877 statim
837 4824 1099 4879 datmonis
1127 4827 1377 4882 sacerdm
1419 4827 1484 4882 ad
1528 4829 1759 4884 tribunal
1802 4830 2004 4900 rapitur
2041 4840 2094 4885 et
2123 4830 2208 4884 in-

634 4913 806 4968 cendii
847 4925 1117 4971 auctorem
1165 4917 1395 4974 indicare
1436 4920 1660 4990 cogitur.
1704 4921 1836 4976 Cum
1885 4937 1988 4976 non
2029 4931 2212 4991 posset

634 5013 834 5068 autem,
877 5020 1022 5073 eum,
1068 5007 1302 5064 distortis
1344 5019 1498 5065 antea
1544 5011 1770 5078 cubitis,
1812 5012 1997 5067 multis
2044 5013 2210 5083 plagis

636 5095 929 5153 allicientes
947 5137 964 5164 ,
991 5097 1185 5155 deinde
1224 5101 1507 5156 sublimem
1536 5111 1753 5172 agentes
1779 5103 1934 5156 caesis
1961 5103 2210 5158 lateribus

637 5187 767 5253 nihil
814 5186 1370 5258 ampliusdidimnt
1410 5209 1423 5244 :
1469 5207 1532 5246 ac
1573 5193 1797 5261 perinde
1835 5195 2027 5248 accidit
2054 5204 2211 5264 atque

637 5279 688 5332 in
715 5281 1108 5336 resurrectione
1127 5281 1347 5336 Christi.
1377 5281 1510 5336 Tum
1536 5283 1676 5337 enim
1699 5275 1913 5339 milites
1941 5286 2006 5339 ad
2035 5295 2213 5340 custo-

639 5371 779 5425 diam
812 5375 1048 5442 corporis
1076 5374 1201 5429 Jesu
1236 5375 1511 5430 constituti
1543 5386 1695 5440 sunt,
1741 5392 1809 5431 ne
1847 5387 2094 5447 possent,
2126 5381 2212 5433 in-

639 5463 772 5531 quit,
800 5463 1044 5532 discipuli
1085 5464 1208 5519 illnd
1236 5466 1428 5522 callide
1455 5466 1698 5522 suﬂ‘urari
1727 5466 1936 5536 (Matth.
1961 5467 2050 5525 27.
2075 5468 2168 5541 64)
2195 5487 2210 5524 :

639 5565 890 5610 cistarum
918 5555 964 5610 is
993 5554 1090 5611 fuit
1112 5558 1188 5612 rei
1216 5569 1472 5626 eventus,
1503 5568 1560 5614 ut
1600 5559 1744 5615 nulla
1773 5560 1857 5615 vel
1889 5561 2211 5630 impudenti-

642 5648 740 5702 bus
766 5649 976 5718 quidem
1005 5653 1214 5708 occasio
1243 5653 1629 5724 relinqueretur
1649 5698 1663 5721 ,
1696 5656 1781 5726 qui
1807 5656 2003 5712 vellent
2031 5671 2212 5716 resur-

642 5740 892 5797 rectionis
920 5741 1080 5799 iidem
1107 5743 1312 5802 tollere.
1347 5745 1444 5801 Hic
1468 5761 1677 5817 quoque
1705 5747 2010 5805 trahebatur
2033 5762 2214 5805 sacer-

3768 326 3870 383 560

2293 434 2426 502 dus,
2454 445 2512 490 ut
2539 453 2641 490 non
2670 436 2845 490 divina
2879 437 2986 500 ira,
3018 438 3110 492 sed
3139 437 3368 493 humana
3393 438 3628 508 nequitia
3656 438 3707 495 id
3736 443 3870 496 acci-

2296 527 2440 584 disse
2467 527 2861 585 tesnlicaretur.
2889 527 3175 583 Curitortus
3199 538 3372 584 tamen
3405 538 3565 600 atque
3589 529 3872 597 laceratus,

2295 631 2416 671 cum
2457 619 2661 673 nullum
2709 628 2889 687 posset
2948 618 3221 684 indicare,
3273 621 3526 675 divinitus
3580 621 3874 676 immissum

2300 708 2463 763 fuisse
2486 709 2660 779 igne
2687 717 2907 764 testatus
2936 721 3036 776 est,
3076 722 3135 764 ut
3175 712 3350 766 nullus
3388 712 3497 780 jam
3530 713 3678 766 locus
3705 712 3874 780 impu-

2295 797 2487 855 denter
2511 801 2787 870 agentibus
2815 802 3222 872 relinqueretur.
3263 801 3368 858 Sed
3397 804 3538 872 quod
3569 804 3725 874 paulo
3751 814 3875 857 ante

2295 889 2457 943 alium
2485 891 2541 943 in
2573 891 2747 945 locum
2779 892 2958 946 remisi
2981 933 2994 955 ,
3033 907 3173 946 nunc
3214 903 3477 963 oportune
3515 893 3710 948 dicam.
3741 892 3875 960 Quid

2295 979 2423 1033 illud
2448 980 2574 1033 est’l
2603 980 2676 1033 lta
2708 978 2847 1036 illius
2872 971 3106 1036 animum
3133 983 3391 1037 exterruit
3435 993 3655 1054 martyr,
3686 993 3745 1038 ut
3771 997 3876 1038 non

2297 1071 2432 1126 ultra
2460 1072 2704 1142 progredi
2735 1072 2973 1128 auderet.
3009 1073 3192 1143 Neque
3218 1073 3358 1128 enim
3391 1084 3666 1144 postquam
3697 1089 3871 1129 sacer-

2295 1164 2496 1229 dotem,
2521 1179 2680 1236 quem
2710 1167 2854 1236 prius
2881 1173 3028 1220 tanto
3067 1168 3118 1220 in
3155 1166 3356 1221 honore
3384 1167 3631 1230 habebat,
3677 1167 3876 1220 incensi

2297 1257 2419 1310 tecti
2448 1271 2605 1310 causa
2634 1266 2710 1311 tot
2738 1258 2890 1312 malis
2913 1257 3182 1323 aﬂ'ecerat,
3212 1259 3283 1312 ita
3309 1268 3366 1313 ut
3390 1259 3690 1324 immanius,
3721 1273 3877 1330 quam

2297 1346 2632 1416 sanguinaria
2664 1345 2774 1402 fera
2799 1386 2814 1415 ,
2861 1347 2928 1402 ab
2951 1349 3067 1418 eius
3095 1347 3322 1403 fortasse
3349 1348 3600 1403 vorandis
3625 1349 3876 1403 carnibus

2299 1452 2405 1492 non
2433 1438 2810 1505 abstinuisset,
2853 1441 2961 1495 nisi
3003 1456 3090 1496 res
3116 1441 3438 1496 exsecranda
3481 1441 3729 1496 omnibus
3770 1441 3881 1496 visa

2300 1540 2484 1586 esset:
2515 1543 2756 1586 sanctum
2803 1533 2950 1587 illum
2996 1535 3087 1605 qui
3130 1548 3190 1588 os
3223 1534 3476 1589 daemonis
3519 1534 3878 1599 obstruxerat,

2301 1639 2488 1678 rursus
2528 1625 2580 1678 in
2625 1627 2810 1680 urbem
2853 1625 3192 1692 deduxisset,
3239 1636 3297 1681 ut
3339 1626 3541 1695 majore
3585 1626 3635 1679 in
3677 1625 3884 1680 honore

2301 1726 2441 1768 esset
2473 1732 2487 1768 :
2512 1729 2634 1769 nam
2663 1717 2707 1770 si
2736 1732 2844 1770 non
2869 1725 3044 1783 antea,
3070 1731 3190 1770 cum
3213 1714 3421 1770 dmmon
3447 1730 3506 1770 se
3534 1716 3726 1770 victum
3754 1729 3884 1769 con—

2299 1804 2476 1861 fessus
2503 1817 2585 1862 est
2605 1847 2620 1873 ,
2651 1815 2704 1861 at
2729 1815 2876 1862 certe
2901 1818 3020 1876 post
3049 1804 3364 1863 incendium
3396 1807 3570 1861 omnia
3603 1806 3882 1872 evertisset

2302 1906 2355 1950 et
2382 1896 2722 1966 perdidisset,
2749 1912 2967 1967 capsam
2994 1908 3048 1953 et
3084 1909 3367 1969 utrumque
3393 1900 3705 1968 martyrium
3735 1912 3885 1950 com-

2305 1983 2597 2054 bu'ssissct,
2629 1998 2738 2042 tum
2771 1989 2910 2059 quod
2960 1990 3011 2042 in
3055 1990 3304 2058 Daphne,
3339 1999 3446 2042 tum
3490 1989 3629 2058 quod
3669 1990 3720 2042 in
3753 1987 3884 2042 urbe

2303 2087 2418 2130 erat
2443 2119 2456 2141 ,
2503 2080 2604 2132 nisi
2636 2089 2812 2133 metus
2839 2081 2971 2133 iram
3001 2089 3305 2149 superasset
3341 2095 3403 2133 ac
3431 2077 3658 2133 formido
3683 2092 3883 2134 maro-

2302 2183 2415 2222 rem
2446 2169 2674 2224 vicisset.
2709 2169 2898 2226 Solent
2925 2173 3066 2226 enim
3095 2172 3282 2237 multi,
3314 2185 3437 2225 cum
3467 2169 3543 2222 ira
3571 2178 3626 2224 et
3653 2182 3884 2223 mcerore

2302 2262 2679 2330 corripiuntur,
2723 2263 2769 2317 si
2815 2263 3140 2332 aegritudinis
3184 2274 3428 2318 auctores
3473 2261 3876 2332 apprehendere

2306 2367 2412 2406 non
2443 2354 2687 2420 valeant,
2734 2356 2788 2409 in
2832 2355 3284 2426 obvios—quosque
3327 2369 3391 2409 ac
3434 2363 3708 2423 suspectos
3747 2355 3884 2407 iram

2305 2443 2596 2498 ell‘undere.
2643 2444 2757 2498 Non
2788 2447 2972 2515 procul
3003 2455 3179 2500 autem
3220 2446 3321 2500 hac
3355 2445 3655 2514 suspicione
3685 2454 3888 2514 martyr

2303 2545 2460 2588 erat:
2495 2550 2617 2589 nam
2663 2535 2820 2589 simul
2863 2544 3021 2606 atque
3068 2537 3120 2589 in
3165 2537 3347 2591 urbem
3378 2534 3657 2604 pervenit,
3706 2534 3884 2586 statim

2305 2626 2442 2696 ignis
2473 2628 2730 2696 templum
2758 2628 2970 2682 invasit.
3019 2628 3123 2682 Sed
3156 2627 3294 2696 quod
3323 2626 3428 2680 dixi
3454 2667 3468 2691 ,
3516 2624 3735 2678 affectus
3763 2637 3884 2677 cum

2305 2718 2495 2774 aﬂectu
2540 2721 2842 2790 pugnabat,
2894 2721 3130 2789 iramque
3175 2717 3417 2773 vincebat
3463 2726 3655 2771 metus.
3703 2716 3886 2786 Cogita

2305 2812 2451 2867 enim
2475 2814 2646 2883 qualis
2674 2827 2794 2868 esse
2822 2821 3028 2883 poterat
3061 2813 3147 2867 ille
3175 2813 3255 2866 vir
3280 2812 3450 2866 bonus
3468 2849 3483 2874 ,
3515 2824 3634 2863 cum
3664 2809 3718 2862 in
3757 2807 3886 2862 sub-

2305 2905 2516 2960 urbium
2560 2905 2894 2986 ascendens,
2946 2907 3258 2976 martyrium
3309 2911 3455 2958 stans
3498 2911 3776 2968 cerneret,
3827 2917 3889 2957 ac

2309 2998 2568 3068 templum
2594 2999 2893 3062 incensum.
2921 2998 3117 3053 idolum
3147 2998 3403 3062 deletum,
3430 2995 3648 3052 donaria
3673 2995 3890 3050 absum-

2309 3100 2398 3158 pta
2423 3131 2438 3155 ,
2483 3090 2812 3146 liberalitatis
2853 3106 2964 3146 snze
2994 3099 3049 3146 et
3085 3089 3333 3145 satanicae
3373 3104 3581 3159 pompa:
3624 3088 3888 3142 sublatam

2307 3181 2642 3236 memoriam.
2695 3181 2913 3236 Etiamsi
2943 3181 3085 3236 enim
3115 3196 3238 3235 cum
3270 3179 3394 3234 talia
3421 3178 3688 3234 videntem
3719 3169 3892 3248 neque

2308 3271 2388 3326 ira
2418 3287 2592 3343 neque
2635 3271 2848 3327 tristitia
2891 3272 3247 3335 invasissent,
3303 3270 3558 3340 pudorem
3607 3280 3754 3324 certe
3786 3283 3890 3348 non

2312 3361 2551 3427 tulisset,
2583 3363 2853 3432 risumque
2891 3371 3134 3427 tantum;
3165 3361 3259 3416 sed
3288 3361 3341 3414 in
3375 3359 3519 3415 beati
3564 3359 3704 3414 illius
3741 3375 3892 3414 mar-

2310 3451 2504 3522 tyrium
2533 3452 2744 3523 iniquas
2768 3467 2956 3508 manus
2981 3452 3328 3518 extendisset,
3362 3451 3459 3505 nisi
3489 3450 3560 3516 id,
3590 3450 3729 3520 quod
3757 3452 3889 3517 dixi,

2308 3542 2636 3598 cohibuisset
2677 3544 2844 3598 illum.
2887 3543 3068 3613 Neque
3110 3544 3254 3598 enim
3301 3541 3568 3602 modicum
3612 3551 3725 3595 erat
3748 3541 3891 3611 quod

2310 3641 2437 3690 tunc
2477 3634 2752 3705 agebatur,
2800 3635 2893 3690 sed
2936 3652 3149 3691 omnem
3193 3635 3469 3706 gentilium
3511 3633 3890 3688 conﬁdentiam

2310 3726 2644 3796 praeciderat,
2675 3742 2890 3781 omnem
2918 3727 3152 3781 laetitiam
3181 3724 3543 3790 exstinxerat;
3584 3732 3891 3794 tantamque

2311 3815 2418 3870 illis
2442 3818 2708 3872 maestitiae
2737 3816 3019 3887 caliginem
3046 3816 3335 3882 oﬂ‘uderat,
3363 3825 3615 3886 quantam
3640 3815 3687 3870 si
3711 3816 3890 3870 omnia

2313 3905 2467 3959 simul
2496 3907 2688 3974 templa
2717 3907 3020 3976 periissem.

2384 3996 2470 4053 18.
2512 3995 2710 4050 Libanii
2745 3997 3001 4051 monodia.
3032 3995 3274 4064 —Quod
3301 4008 3474 4052 autem
3521 3997 3635 4052 haec
3676 4011 3783 4051 non
3808 3996 3894 4066 ja-

2313 4087 2604 4143 ctabundus
2638 4087 2891 4154 ,eil‘eram,
2941 4089 3052 4158 ipsa
3081 4088 3242 4143 verba
3283 4088 3501 4143 [amenti
3529 4097 3584 4143 et
3627 4088 3892 4143 monodia:

2315 4181 2578 4248 proferam
2602 4220 2616 4243 ,
2647 4194 2803 4249 quam
2835 4179 2980 4234 urbis
3010 4179 3245 4248 sephista
3277 4191 3402 4234 tunc
3431 4179 3482 4232 in
3518 4179 3660 4234 hunc
3686 4179 3892 4234 damo-

2316 4287 2436 4327 nem
2484 4272 2670 4327 edidit.
2700 4273 2790 4328 Sic
2822 4283 3000 4327 autem
3048 4274 3210 4329 habet
3244 4275 3430 4328 nmnim
3468 4273 3675 4328 initium
3710 4289 3723 4327 :
3759 4272 3891 4342 Viri,

2314 4381 2526 4435 quorum
2555 4365 2750 4431 oculis,
2798 4381 2937 4434 neque
2983 4382 3046 4418 ac
3079 4366 3236 4430 meis,
3268 4365 3432 4435 caligo
3459 4365 3626 4431 effusa
3652 4373 3756 4432 est,
3803 4377 3895 4419 nec

2316 4458 2582 4524 pulchram
2601 4496 2616 4520 ,
2644 4472 2734 4527 nec
2762 4472 2997 4526 magnam
3021 4457 3254 4527 deinceps
3283 4457 3410 4511 Italic
3440 4457 3611 4511 urbem
3641 4473 3891 4512 manus.

2317 4546 2520 4601 Deinde
2557 4558 2678 4600 cum
2714 4547 2965 4602 nonnulla
2992 4548 3213 4602 dixisset
3237 4550 3654 4616 asseruissetque
3687 4547 3757 4603 de
3794 4548 3897 4602 Da-

2315 4639 2487 4708 phnes
2517 4638 2689 4694 fabula
2717 4638 2912 4712 (nequc
2955 4644 3098 4695 enim
3130 4650 3293 4695 totam
3336 4643 3629 4696 orationem
3678 4641 3764 4695 hic
3809 4641 3897 4695 in.

2317 4743 2500 4789 texere
2533 4742 2740 4803 tempus
2767 4734 2995 4804 patitur,
3027 4750 3094 4790 ne
3135 4735 3400 4807 longiores
3422 4778 3437 4801 ,
3465 4751 3623 4805 quam
3657 4750 3750 4805 par
3775 4745 3860 4791 est
3879 4777 3894 4800 .

2316 4825 2547 4894 simus),
2572 4825 2873 4892 Persarum,
2907 4828 3094 4898 inquit,
3121 4827 3211 4882 ille
3241 4843 3354 4894 rex,
3387 4827 3476 4898 qui
3506 4829 3772 4891 civitatem
3803 4842 3898 4882 eeo

2317 4919 2414 4988 pit,
2447 4919 2646 4988 templo
2687 4921 2961 4988 pepercit:
2995 4921 3107 4990 ipsa
3158 4936 3317 4990 porro
3368 4921 3528 4975 verba
3580 4921 3695 4976 haec
3730 4929 3895 4975 sunt:

2322 5011 2425 5078 Qui
2462 5015 2734 5067 exercitum
2774 5023 2948 5066 contra
2990 5031 3082 5066 nos
3118 5014 3302 5076 movit,
3344 5023 3584 5081 praetore
3625 5014 3816 5082 putavit
3845 5021 3901 5065 tu

2319 5103 2555 5173 templum
2595 5113 2904 5169 servaretur,
2936 5113 3210 5170 statuitque
3246 5103 3396 5157 decor
3434 5103 3693 5156 barbarico
3738 5102 3903 5172 furori

2321 5195 2601 5264 pravaluit.
2631 5192 2783 5248 Nunc
2824 5206 3020 5256 autent,
3053 5212 3082 5248 ο
3109 5198 3186 5250 sol
3204 5239 3217 5261 ,
3251 5212 3280 5249 ο
3309 5207 3441 5250 terra
3464 5196 3484 5249 !
3511 5195 3619 5264 quis
3657 5196 3733 5248 uel
3769 5194 3904 5249 unde

2323 5287 2403 5339 hic
2433 5286 2606 5352 hostia,
2631 5287 2716 5356 qui
2740 5304 2830 5340 nec
2851 5289 3016 5357 gravis
3043 5299 3315 5341 armatura:
3339 5287 3576 5340 militibus
3597 5327 3614 5353 ,
3643 5303 3732 5339 nec
3760 5287 3902 5355 equi-

2324 5380 2455 5433 tibus
2475 5424 2492 5446 ,
2523 5396 2612 5435 nec
2639 5380 2863 5434 velitibus
2891 5396 3015 5450 Opus
3052 5381 3266 5445 habens,
3297 5395 3453 5451 parva
3472 5372 3703 5433 scintilla
3732 5379 3904 5432 omnia

2323 5473 2598 5541 absumpsit
2621 5472 2646 5525 .9
2671 5471 2860 5527 Postea
2889 5472 2975 5528 ubi
3003 5471 3291 5526 declaravit
3331 5470 3627 5526 daemonem
3671 5478 3799 5524 tunc
3833 5469 3906 5525 ab

2323 5567 2413 5622 illo
2440 5566 2677 5638 (Babyla)
2705 5567 2862 5621 fuisse
2886 5566 3102 5630 victum,
3124 5581 3242 5620 cum
3265 5579 3352 5620 res
3377 5563 3649 5633 gentilium
3675 5562 3906 5617 maxime

2324 5658 2576 5711 ﬂorerent
2604 5658 2878 5712 sacrificiis
2903 5665 2956 5712 et
2982 5655 3364 5711 initiationibus
3392 5672 3406 5709 ε
3436 5652 3502 5709 Et
3531 5663 3785 5718 nostrum,
3817 5651 3906 5708 irt-

2323 5749 2471 5818 quit,
2501 5749 2741 5817 templum
2781 5751 2954 5818 ingens
2996 5749 3126 5804 illud
3169 5748 3413 5803 diluvium
3442 5763 3541 5802 non
3570 5745 3749 5820 dcjecit
3775 5787 3789 5812 ,
3824 5743 3916 5798 ted
