4220 6300
345 380 439 437 581
1129 374 1220 430 DE
1258 375 1315 431 S.
1359 370 1657 437 BABYLA,
1697 367 1970 426 CONTRA
2011 364 2352 450 lULIAXUM
2393 365 2484 421 ET
2525 362 2886 420 GENTILES.

343 507 514 547 sereno
540 497 799 561 tempore,
827 504 943 541 cum
972 483 1124 540 nubes
1168 485 1490 558 preteriisset
1509 525 1523 546 ,
1553 469 1804 553 diﬁcatum
1842 487 1937 532 est.

343 582 550 637 Nubcm
598 590 654 634 et
697 579 951 634 diluvium
995 589 1148 632 vocat
1201 573 1552 650 prmedentis
1599 569 1942 642 Imperatoris

344 682 572 742 tempus.
605 670 814 726 Rursus
841 668 1054 738 paulum
1089 682 1407 738 progressus
1430 665 1535 720 hoc
1575 663 1747 734 ipsum
1788 675 1940 715 ama-

343 762 604 837 rulentius
646 761 893 830 deplorat
929 761 1011 815 his
1058 759 1277 814 verbis:
1310 756 1507 812 Deinde
1542 771 1656 809 cum
1696 769 1803 807 arte
1841 762 1944 806 tua!

341 854 639 924 sanguinem
679 854 900 917 sitirent,
945 851 1230 922 neglectus,
1259 866 1289 904 ο
1314 848 1528 919 Apollo,
1574 846 1782 901 sedulus
1826 843 1940 898 Da-

345 947 502 1014 phnes
544 954 712 999 custos
749 944 1022 1007 monebas;
1061 943 1339 1010 aliquando
1366 943 1518 1004 etiam
1563 940 1828 995 lacessitus
1855 946 1937 991 at-

342 1053 440 1105 que
463 1036 942 1114 externo-spoliatus
971 1043 1154 1087 ornatu
1183 1033 1429 1102 patienter
1458 1030 1618 1085 tulisti
1645 1046 1666 1084 :
1684 1047 1826 1084 nunc
1849 1045 1943 1082 au-

343 1138 441 1180 tem
470 1137 541 1181 tot
563 1126 734 1181 ovibus
757 1127 1012 1193 bobusque
1036 1125 1284 1188 mactatis,
1307 1140 1363 1178 os
1383 1122 1718 1194 Imperatoris
1739 1138 1942 1199 sacrum

345 1219 473 1289 pede
496 1219 768 1288 excepisti,
799 1218 1011 1271 intuitus
1041 1232 1188 1286 quem
1230 1215 1537 1287 promittebas
1554 1257 1570 1282 ,
1595 1214 1731 1267 nisus
1757 1214 1822 1265 ab
1845 1228 1904 1265 eo
1922 1251 1938 1275 ,

343 1326 490 1380 quem
533 1310 996 1381 prwnuntiaveras,
1027 1309 1166 1362 malo
1217 1308 1380 1362 uicino
1434 1307 1700 1371 liberatus,
1741 1315 1942 1357 mortuo

342 1401 565 1472 quodam
595 1417 801 1472 nempe,
835 1401 918 1471 qui
946 1400 1034 1453 tibi
1064 1398 1349 1453 molestiam
1389 1398 1592 1451 creabat
1635 1437 1650 1460 ,
1674 1411 1739 1450 ea:
1778 1396 1941 1448 medio

344 1493 482 1546 cultu
521 1491 774 1544 exsiliisti.
814 1489 1082 1546 Uudenam
1111 1491 1248 1544 ultra
1283 1488 1616 1559 gloriabimur
1641 1486 1783 1556 apud
1810 1486 1942 1538 uiros

343 1600 609 1637 sacrorum
639 1593 1021 1648 statuarumque
1042 1593 1245 1636 tuarum
1268 1597 1511 1635 memores
1529 1579 1556 1633 ?
1581 1579 1715 1646 Quid
1741 1579 1840 1642 ais,
1872 1577 1944 1630 lu-

343 1674 528 1743 gubris
573 1673 928 1729 decantator?
954 1673 1101 1730 itane
1139 1671 1462 1729 contumelia
1493 1681 1548 1726 ct
1587 1669 1777 1738 injuria
1810 1669 1940 1723 aﬂ‘e-

345 1775 467 1822 etus
491 1776 634 1821 tutus
665 1769 862 1823 mansit
892 1767 1139 1837 Daphnes
1162 1775 1381 1830 custos;
1413 1780 1536 1819 cum
1566 1772 1741 1818 autem
1769 1761 1944 1816 honor

340 1849 446 1929 ipsi
493 1870 656 1931 atque
702 1861 878 1916 cultus
928 1860 1280 1925 redderetur,
1313 1874 1380 1914 ne
1429 1858 1682 1928 templum
1727 1855 1939 1926 quidem

344 1966 501 2021 suum
527 1966 752 2006 servare
780 1951 988 2020 potuit;
1020 1950 1316 2021 przesertim
1344 1963 1465 2003 cum
1492 1950 1675 2013 sciret,
1705 1946 1942 2014 collapso

344 2020 471 2104 illo,
503 2041 763 2108 majorem
811 2041 910 2095 sibi
950 2020 1294 2109 ignominiam
1331 2039 1562 2092 futuram
1603 2037 1766 2092 esse?
1813 2035 1944 2104 Quis

343 2141 522 2186 autem
555 2131 647 2186 ille
670 2141 930 2198 mortuus,
958 2147 991 2186 ο
1018 2130 1278 2203 sophista,
1300 2130 1391 2201 qui
1417 2130 1520 2183 deo
1546 2128 1619 2182 illi
1643 2127 1940 2182 molestiam

343 2222 607 2277 creabat?
634 2239 801 2293 ecqua
827 2224 916 2278 illa
944 2223 1084 2277 mala
1114 2223 1399 2278 vicinitas?
1427 2221 1524 2275 llic
1553 2219 1694 2275 enim
1722 2219 1775 2272 in
1804 2218 1943 2273 beati

345 2313 562 2385 Babylze
585 2315 810 2378 virtutes
833 2331 953 2370 cum
981 2315 1277 2380 incidisset,
1308 2329 1410 2369 nec
1437 2313 1782 2383 ignominiam
1804 2327 1945 2381 prm-

345 2407 508 2460 terire
536 2415 740 2475 posset,
765 2422 882 2463 eam
908 2423 1018 2477 prrc
1040 2407 1245 2476 pudore
1264 2421 1324 2461 se
1351 2406 1627 2460 occultans
1653 2404 1940 2472 praeteriit:

347 2505 577 2552 testatus
606 2507 784 2554 autem
822 2499 1125 2553 ‘dannonem
1155 2515 1186 2554 a
1217 2510 1450 2570 martyre
1493 2497 1736 2551 molestia
1785 2505 1945 2565 atque

344 2604 586 2645 mrumna
626 2590 873 2645 aﬂ’ectum
909 2588 1076 2646 luisse
1096 2634 1110 2658 ,
1142 2607 1241 2646 nec
1283 2590 1541 2660 adjiciens
1562 2630 1577 2654 ,
1604 2589 1902 2644 dtemonem
1925 2628 1940 2651 9

344 2695 466 2733 cum
514 2681 723 2736 cladem
773 2697 924 2736 suam
979 2690 1161 2752 tegere
1204 2682 1403 2744 vellet,
1435 2680 1606 2751 magis
1649 2680 1795 2734 illam
1846 2679 1944 2733 de-

347 2773 581 2837 texisse,
612 2771 928 2844 simpliciter
948 2771 1105 2840 dixit,
1135 2787 1166 2826 a
1195 2773 1333 2827 mala
1355 2773 1632 2826 vicinitate
1658 2772 1944 2826 liberatum

345 2876 492 2922 esse.
519 2862 630 2917 Cur
660 2880 766 2918 non
797 2864 966 2930 dicis,
997 2881 1029 2918 ο
1060 2866 1378 2935 sapientium
1412 2865 1800 2934 nugacissime,
1827 2865 1948 2933 quis

346 2951 438 3008 ille
468 2964 715 3009 mortuus
741 2968 920 3021 esset,
951 2965 1007 3012 et
1033 2972 1198 3027 quare
1226 2957 1373 3012 solus
1402 2955 1506 3011 deo
1529 2966 1620 3011 tuo
1646 2955 1944 3011 molestiam

345 3048 598 3100 crearet?
625 3048 800 3115 Quare
847 3049 1169 3103 vicinitatem
1218 3050 1362 3103 illam
1393 3049 1589 3104 malam
1629 3047 1837 3104 vocas?
1876 3062 1944 3102 an

347 3137 470 3206 quia
502 3138 762 3193 damonis
797 3139 1033 3194 fraudem
1083 3140 1372 3209 arguebat?
1400 3141 1560 3210 Atqui
1604 3139 1656 3195 id
1697 3155 1802 3194 non
1828 3147 1948 3194 erat

347 3229 505 3282 mala:
533 3229 819 3284 vicinitatis
866 3246 1037 3299 opus;
1077 3231 1528 3300 quemadmodum
1571 3247 1672 3288 nec
1706 3233 1944 3300 mortui,

346 3320 440 3373 sed
471 3321 718 3387 viventis,
743 3323 1015 3391 operantis
1039 3364 1054 3386 ,
1087 3322 1269 3392 probi,
1298 3322 1684 3391 patrocinantis
1712 3333 1766 3378 et
1790 3339 1948 3380 cura-

347 3408 481 3462 toris
506 3447 522 3474 ,
556 3419 720 3479 atque
745 3412 922 3464 omnia
962 3427 1060 3480 pro
1080 3413 1256 3467 salute
1281 3422 1456 3468 vestra
1482 3417 1685 3484 agentis
1707 3455 1721 3477 ,
1755 3416 1798 3469 si
1826 3415 1945 3484 qui-

345 3497 472 3552 dem
504 3499 829 3556 voluissetis.
863 3501 1072 3558 Etenim
1102 3519 1169 3580 ne
1207 3504 1356 3558 vobis
1387 3505 1609 3560 ulterius
1636 3505 1823 3560 liceret
1850 3521 1947 3560 vos

347 3589 499 3658 ipsos
530 3592 784 3662 decipere
811 3609 873 3650 ac
899 3595 1080 3651 dicere
1120 3597 1296 3667 ipsum
1342 3598 1570 3664 iratum,
1602 3610 1655 3653 et
1681 3599 1753 3654 ob
1779 3599 1946 3655 inter-

347 3683 512 3735 missa
544 3683 805 3739 sacriﬂcia
843 3688 1290 3756 espostulantem,
1314 3689 1488 3760 deque
1514 3690 1720 3760 reliquo
1751 3691 1948 3759 pariter

346 3775 553 3829 omisso
581 3778 725 3832 cultu
754 3789 1173 3849 conquerentem
1193 3824 1209 3847 ,
1238 3784 1382 3861 ultro
1414 3771 1740 3839 abscessisSe
1775 3803 1787 3840 :
1823 3786 1946 3841 ideo

346 3878 554 3937 martyr
580 3883 702 3923 eum
747 3886 814 3925 ex
861 3872 979 3926 loco
1019 3888 1238 3942 prorsus
1286 3876 1478 3944 cjecit,
1509 3877 1599 3946 qui
1647 3878 1794 3932 locus
1844 3878 1944 3948 ipsi

348 3959 582 4012 maxime
609 3961 848 4016 omnium
875 3973 1055 4032 gratus
1082 3975 1229 4030 erat,
1263 3983 1530 4037 quemque
1559 3968 1678 4023 aliis
1713 3969 1844 4024 locis
1871 3971 1944 4024 ita

346 4050 714 4119 anteferebat,
742 4064 804 4110 ut
829 4058 911 4112 vel
939 4057 1288 4124 inhonoratos
1321 4061 1388 4114 ibi
1431 4061 1706 4117 insideret.
1736 4061 1865 4115 Nam
1892 4062 1945 4115 id

348 4150 403 4195 tu
448 4159 664 4214 quoque
710 4147 890 4202 dicere
926 4150 1244 4217 prtevertisti
1277 4169 1289 4203 :
1322 4154 1482 4218 Atque
1527 4153 1622 4207 hoc
1658 4154 1771 4221 ipso
1812 4164 1960 4208 ιειηο.

347 4252 488 4305 pore,
516 4254 617 4307 quo
642 4240 828 4292 multas
864 4241 964 4309 ipsi
1005 4257 1119 4296 oves
1144 4254 1194 4297 et
1232 4245 1418 4298 nml’os
1462 4245 1608 4299 boves
1651 4246 1944 4299 immolabat

348 4326 640 4400 Imperator
668 4330 1089 4410 (Libaniirerba)
1117 4353 1128 4388 :
1156 4345 1221 4389 ut
1248 4336 1424 4407 palam
1453 4338 1522 4390 sit
1549 4337 1898 4406 undcqttaqttc
1924 4380 1938 4403 ,

347 4418 522 4489 ipsum
566 4433 810 4477 coactum
854 4425 1160 4496 ntajorcqtte
1185 4427 1234 4481 vi
1280 4429 1486 4497 pulsu."
1519 4429 1773 4497 Daphnen
1815 4431 1942 4484 reli-

347 4511 549 4581 quisse.
579 4513 847 4569 Potuissct
869 4517 1083 4586 quidem
1119 4519 1346 4590 Baliylas
1385 4520 1466 4574 vel
1495 4531 1745 4575 manente
1771 4530 1943 4576 statua

346 4603 520 4673 ipsum
555 4607 672 4662 loco
701 4609 936 4677 pellere;
969 4621 1023 4665 at
1053 4628 1148 4667 vos
1179 4629 1286 4666 non
1327 4615 1723 4676 credidissctis.
1757 4631 1945 4685 quem-

345 4694 633 4750 admodum
678 4715 848 4770 neque
891 4703 1055 4768 olim,
1099 4719 1220 4758 cum
1271 4705 1338 4759 ab
1379 4721 1445 4760 eo
1477 4700 1686 4762 vinctus
1715 4707 1938 4773 luisset,

347 4803 549 4858 vosque
596 4783 810 4846 ass‘iduo
872 4796 1015 4862 cpltu
1065 4797 1355 4851 instaretis.
1406 4798 1764 4866 Quamobrem
1819 4816 1941 4855 cum

347 4881 491 4948 prius
519 4882 864 4941 simulacrum
904 4897 1047 4942 stare
1089 4890 1455 4958 permisisset,
1485 4901 1610 4948 tunc
1641 4893 1767 4947 illud
1793 4893 1942 4963 deje-

345 4975 458 5039 cit,
514 4990 636 5030 cum
694 4981 924 5036 maxime
977 4981 1188 5037 ﬂamma
1244 4985 1530 5054 impietatis
1587 5000 1942 5058 essurgeret,

345 5066 640 5122 ostendens
679 5070 935 5127 victorem
988 5085 1096 5128 tttm
1130 5074 1342 5130 vincere
1369 5087 1653 5145 oportere,
1688 5095 1794 5134 non
1822 5093 1944 5134 cum

346 5157 532 5212 afﬂicti
556 5174 619 5215 ac
641 5159 902 5230 depressi,
931 5164 1024 5220 sed
1053 5182 1173 5232 eum
1198 5167 1453 5223 ﬂorentes
1478 5180 1636 5238 atque
1662 5171 1786 5224 elati
1819 5180 1945 5225 Sunt

348 5251 660 5306 adversarii.
694 5253 802 5309 Cur
832 5256 995 5320 enim,
1026 5272 1147 5313 cum
1181 5257 1435 5329 Daphnen
1467 5269 1942 5332 transportaretur,

349 5337 659 5410 Imperatori
689 5361 749 5400 sc
772 5348 1110 5403 transferenti
1144 5365 1249 5406 non
1281 5351 1580 5419 mandavit,
1604 5362 1660 5407 ut
1687 5353 1942 5422 templum

345 5431 586 5487 diruerat
622 5447 685 5490 ac
715 5447 944 5492 statuam
993 5440 1305 5506 transferret
1331 5482 1347 5506 ,
1382 5451 1439 5497 ut
1468 5454 1682 5513 Capsam
1717 5443 1947 5498 transle-

346 5523 537 5577 rcbat?
563 5524 696 5594 Quia
725 5529 973 5584 nimirum
1011 5531 1142 5587 nihil
1191 5533 1259 5587 ab
1288 5533 1374 5588 illa
1408 5534 1701 5590 hedebatur
1725 5577 1739 5599 ,
1771 5550 1944 5605 neque

344 5616 549 5670 carnali
576 5618 765 5688 egebat
788 5622 1026 5687 auxilio;
1059 5622 1152 5677 sed
1179 5632 1234 5678 et
1264 5633 1387 5679 tunc
1423 5636 1479 5680 et
1521 5639 1663 5680 nunc
1701 5627 1815 5680 sine
1847 5625 1946 5680 Int-

345 5721 502 5759 tnana
537 5725 695 5764 manu
724 5711 938 5780 dejecit.
970 5714 1032 5768 Et
1062 5715 1284 5784 primam
1311 5717 1524 5786 quidem
1554 5717 1641 5770 ille
1670 5716 1942 5772 vicltriatn

347 5804 465 5851 non
503 5801 789 5858 declaravit
831 5806 1025 5872 nobis;
1067 5807 1159 5862 sed
1188 5822 1309 5863 cum
1355 5809 1430 5864 illi
1466 5824 1528 5865 os
1557 5808 1940 5875 obstruxissct,

3537 363 3642 419 569

2047 475 2270 545 quievit.
2301 474 2615 546 ilujusmodi
2647 485 2772 530 sunt
2812 474 2983 529 sancti
3019 493 3033 529 :
3066 489 3130 530 ea
3173 464 3382 540 solum,
3412 490 3532 544 qua:
3582 477 3644 531 ad

2049 565 2325 621 hominum
2349 567 2577 622 salutem
2606 575 2869 637 spectant,
2900 565 3084 636 perﬁci
3112 565 3318 632 volunt,
3343 581 3442 622 nec
3466 576 3645 662 taiincn

2047 657 2230 713 multis
2257 657 2372 714 haec
2399 672 2493 712 sua
2519 673 2639 713 esse
2663 673 2824 728 opera
2860 657 3143 720 declarari,
3175 657 3274 712 nisi
3306 657 3531 728 urgente
3555 671 3649 712 ne-

2046 751 2324 814 cessitate;
2355 749 2730 804 necessitatem
2763 764 2923 818 porro
2948 763 3084 802 voco
3113 747 3500 804 servandorum
3545 747 3645 802 lio-

2048 844 2250 897 minttm
2281 842 2505 896 salutem
2536 860 2550 901 :
2581 842 2722 912 quod
2754 850 2810 895 et
2850 851 2975 896 tunc
3015 840 3210 895 factum
3248 849 3352 896 csr.
3381 839 3644 907 Quoniam

1987 944 1996 954 '
2047 935 2191 988 enim
2222 933 2426 987 fraudis
2450 934 2588 988 mala
2618 931 2777 987 latius
2801 933 3118 1002 serpebant.
3151 940 3278 986 tunc
3302 931 3519 987 demum
3549 947 3644 986 no-

2049 1023 2130 1079 bis
2171 1023 2392 1077 victoria
2421 1022 2694 1078 rcvelatur
2720 1039 2734 1073 :
2768 1032 2822 1077 et
2848 1022 3064 1092 quidem
3095 1036 3200 1076 non
3229 1038 3259 1076 a
3285 1021 3485 1076 victore
3508 1063 3524 1086 ,
3549 1021 3645 1076 sed

2046 1116 2115 1170 ab
2139 1115 2254 1186 ipso
2279 1114 2440 1170 victo.
2472 1115 2586 1170 Hoc
2624 1123 2806 1170 autem
2836 1114 2999 1169 modo
3029 1113 3392 1169 testimonium
3423 1127 3493 1168 ue
3517 1112 3645 1182 ipsis

2047 1211 2260 1282 quidem
2294 1210 2537 1265 hostibus
2575 1219 2882 1280 suspectum
2923 1217 3072 1274 erat,
3093 1222 3215 1263 cum
3259 1216 3479 1263 sanctus
3515 1206 3606 1262 ille
3630 1249 3646 1269 ,

2047 1303 2130 1356 vel
2161 1311 2383 1373 urgente
2407 1302 2728 1363 necessitate
2752 1341 2768 1369 ,
2798 1315 2917 1372 quas
2939 1299 3010 1357 ad
3032 1315 3092 1356 se
3112 1301 3424 1370 spectabant
3447 1299 3646 1370 pmdi-
3673 1287 3681 1293 ’
3756 1315 3762 1324 ·

2046 1409 2170 1449 care
2202 1402 2487 1449 renueret:
2520 1404 2575 1448 at
2604 1409 2732 1450 vero
2758 1410 2881 1449 cum
2909 1410 2979 1450 ne
3004 1394 3083 1450 sic
3107 1393 3322 1466 quidem
3351 1405 3506 1450 error
3531 1408 3647 1448 ces-

2047 1493 2190 1539 saret
2209 1526 2224 1550 ,
2252 1482 2346 1539 sed
2377 1500 2565 1540 rursus
2595 1485 2858 1540 instarent
2887 1486 2985 1550 illi,
3015 1486 3098 1540 vel
3137 1484 3282 1539 saxis
3320 1485 3451 1557 ipsis
3475 1484 3649 1557 stupi-

2045 1576 2226 1630 diores
2245 1618 2260 1641 ,
2291 1576 2560 1630 devictum
2589 1575 2890 1631 dmmonem
2938 1575 3321 1646 implorantes,
3351 1583 3406 1630 et
3447 1573 3513 1628 ad
3541 1584 3647 1629 tam

2045 1679 2287 1740 apertam
2310 1671 2589 1724 veritatem
2630 1669 3008 1735 cmeu'tiemes,
3049 1677 3172 1723 tunc
3203 1665 3551 1727 necesseJ‘uit
3593 1667 3648 1720 in

2048 1773 2274 1816 statuam
2302 1761 2478 1830 ignem
2501 1760 2748 1830 iaculari,
2779 1759 3218 1814 utbocincendio
3243 1759 3492 1824 alterum,
3523 1756 3643 1812 ido-

2048 1854 2274 1908 lolatriae
2298 1869 2511 1924 nempe,
2541 1853 2847 1909 incendium
2869 1830 3326 1923 bxstinguerctur.

2121 1948 2205 2002 l9.
2235 1945 2346 2001 Cur
2374 1962 2503 2015 ergo
2529 1947 2829 2002 daemonem
2844 1942 3161 2001 criminaris
3198 1945 3404 2010 dicens,
3441 1944 3517 2000 De
3543 1960 3650 2000 me.

2047 2039 2132 2092 dio
2156 2038 2297 2093 cultu
2345 2048 2392 2091 te
2424 2039 2757 2098 subtraxisti?
2784 2035 2897 2092 Non
2933 2037 3104 2093 libens
3130 2052 3187 2093 se
3229 2036 3515 2104 subtraxit,
3556 2037 3650 2092 sed

2050 2133 2245 2186 invitus
2270 2143 2326 2186 et
2352 2139 2588 2196 coactus,
2618 2130 2822 2200 cjectns
2846 2140 2898 2183 et
2928 2129 3110 2200 pulsus
3136 2137 3238 2193 est,
3264 2144 3385 2184 cum
3416 2129 3651 2183 maxime

2050 2241 2286 2289 manere,
2314 2223 2509 2280 nidore
2553 2233 2606 2278 et
2650 2223 2928 2278 sacrificiis
2969 2221 3344 2289 allicientibus,
3375 2222 3650 2279 voluisset.

2051 2319 2125 2372 Ac
2154 2318 2198 2371 si
2230 2318 2372 2372 enim
2405 2317 2470 2371 ad
2502 2316 2605 2370 hoc
2635 2317 2925 2385 imperaret
2954 2315 3250 2386 imperator
3278 2317 3388 2383 ille,
3421 2325 3480 2370 ut
3504 2317 3652 2371 orbis

2051 2425 2244 2480 pecora
2269 2410 2446 2465 omnia
2491 2409 2836 2473 absumeret,
2864 2408 2940 2462 sic
2971 2407 3172 2465 alfatim
3221 2423 3350 2464 oves
3380 2418 3434 2464 ct
3487 2407 3654 2462 boves

2049 2501 2115 2555 ad
2147 2515 2271 2556 aras
2295 2500 2585 2566 mactabat,
2617 2514 2685 2555 eo
2707 2499 2928 2554 insania:
2956 2514 3297 2571 progressus,
3323 2509 3381 2554 ut
3405 2498 3561 2554 multi
3587 2516 3650 2553 ex

2051 2593 2116 2647 iis
2162 2593 2251 2663 qui
2291 2592 2452 2646 etiam
2481 2606 2622 2646 nunc
2649 2590 2791 2661 apud
2821 2605 2918 2646 cos
2947 2590 3315 2660 pliil050phari
3359 2590 3611 2646 videntur
3636 2634 3651 2656 ,

2050 2701 2280 2756 coquum
2311 2686 2516 2754 ipsum,
2568 2685 2808 2739 carnium
2841 2699 3161 2754 cauponem,
3190 2691 3246 2739 et
3274 2683 3654 2738 similibus'vo-

2050 2777 2256 2830 cabulis
2282 2777 2634 2845 appellarent.
2660 2773 2820 2830 Certe
2849 2790 2879 2829 a
2907 2784 3012 2829 tam
3047 2774 3187 2827 lauta
3216 2788 3422 2838 mensa,
3445 2774 3654 2839 nidore,

2053 2868 2199 2923 fumo
2225 2909 2238 2933 ,
2266 2878 2340 2923 et'
2361 2867 2635 2938 sanguinis
2666 2867 2994 2922 torrentibus
3021 2866 3192 2922 libens
3220 2882 3326 2921 non
3366 2866 3655 2946 aufugisset

2051 2959 2264 3013 daemon
2291 3001 2305 3026 ,
2334 2949 2457 3028 qui,
2490 2966 2550 3014 ut
2572 2967 2625 3013 tu
2656 2957 2874 3014 dicebas
2898 2999 2911 3022 ,
2945 2957 3028 3012 his
3064 2957 3352 3013 destitutus
3373 2998 3387 3023 ,
3435 2968 3656 3028 prapler

2053 3051 2298 3106 insanum
2327 3050 2525 3120 puella:
2553 3064 2792 3105 amorem
2822 3048 2895 3104 ibi
2925 3049 3196 3105 manebat.

2121 3141 2301 3196 Jovem
2319 3141 2590 3210 compellat
2617 3138 2865 3218 Libanius
2889 3155 2906 3203 ;
2933 3139 3139 3194 Libanii
3160 3139 3328 3194 verba.
3353 3169 3424 3181 -—
3451 3137 3651 3193 Verum

2052 3233 2154 3304 hic,
2169 3235 2475 3291 intermissa
2505 3233 2768 3303 tantisper
2804 3234 3047 3288 oratione
3073 3274 3088 3299 ,
3120 3233 3381 3302 sophista:
3419 3231 3655 3287 lamenta

2051 3329 2244 3382 iterum
2270 3326 2552 3382 audiamus
2572 3367 2587 3394 ,
2618 3326 2707 3396 qui
2733 3327 2900 3402 misso
2933 3325 3044 3394 jam
3074 3325 3356 3394 Apolline,
3388 3325 3528 3396 apud
3557 3325 3650 3379 Jo-

2051 3435 2168 3474 vem
2205 3417 2554 3488 conqueritur
2583 3417 2667 3472 his
2687 3417 2867 3472 verbis
2901 3435 2914 3471 :
2959 3416 3123 3483 Quale
3141 3458 3154 3480 ,
3183 3433 3212 3470 ο
3235 3415 3441 3488 Jupiter
3462 3458 3478 3484 ,
3517 3417 3656 3472 labo-

2049 3510 2210 3564 rantis
2256 3509 2416 3563 am’mi
2474 3508 2817 3564 laxamentum
2870 3508 3218 3571 perdidimus!
3243 3524 3396 3575 quam
3439 3515 3657 3564 tumultu

2050 3615 2240 3655 uacuus
2281 3599 2525 3670 Daphnes
2567 3599 2741 3654 locus!
2780 3609 2971 3670 quanto
3018 3599 3180 3670 magis
3223 3614 3437 3653 uacuum
3480 3600 3652 3671 ipsum

2051 3691 2335 3763 templum!
2357 3707 2457 3764 quo
2482 3694 2535 3745 in
2556 3692 2667 3746 loco
2687 3701 2871 3745 natura
2898 3707 2988 3744 ceu
3023 3701 3222 3760 portum
3245 3692 3299 3744 in
3335 3703 3490 3762 partit
3518 3697 3654 3762 fece-

2051 3794 2164 3850 rat,
2193 3786 2440 3854 ﬂuctuum
2468 3771 2725 3852 camertem
2757 3791 3044 3852 utrumque,
3072 3781 3161 3836 scd
3185 3784 3460 3836 secundum
3485 3784 3654 3852 majo-

2049 3891 2154 3928 rem
2205 3871 2622 3943 tranquillitatem
2659 3869 2973 3938 alfcreutem.
3011 3871 3138 3938 Quis
3183 3869 3253 3924 illi
3292 3872 3523 3924 morbum
3553 3887 3656 3925 non

2049 3965 2458 4038 deposuit?quis
2503 3980 2606 4018 non
2655 3962 2892 4017 metum?
2929 3964 3041 4034 quis
3097 3979 3198 4017 non
3254 3961 3490 4017 luctum?
3539 3965 3653 4034 quis

2050 4062 2337 4128 fortunatas
2391 4055 2590 4110 insulas
2649 4055 2950 4109 desiderarit
2991 4056 3017 4108 ?
3063 4054 3233 4123 Quale
3289 4055 3652 4110 laxamentum

2051 4150 2402 4220 perdidimus,
2431 4165 2464 4202 o
2495 4148 2766 4204 sceleste?
2788 4147 3060 4217 quomodo
3099 4149 3330 4203 tumultu
3360 4149 3531 4218 magis
3551 4144 3652 4200 va-

2048 4259 2206 4297 cuum
2247 4241 2536 4310 templum,
2579 4239 2848 4310 quomodo
2895 4250 3080 4310 portus
3120 4239 3372 4296 ﬂuctuum
3418 4255 3610 4310 expers
3634 4281 3651 4305 ,

2050 4333 2138 4386 nhi
2200 4333 2382 4396 tibizu,
2443 4342 2727 4402 tympana,
2789 4332 3063 4401 crapulae,
3119 4333 3542 4388 comessationes
3598 4344 3653 4385 et

2050 4425 2377 4481 ebrietates?
2407 4425 2534 4492 Quis
2581 4441 2682 4479 ηοι.
2725 4425 2795 4478 ibi
2842 4425 3070 4478 morbum
3116 4426 3394 4492 deposuit,
3441 4426 3655 4501 inquit?

2051 4516 2163 4571 lmo
2206 4518 2326 4587 quis
2370 4517 2640 4572 cultorum
2687 4528 2899 4572 tuorum
2953 4532 3059 4572 non
3110 4518 3183 4573 ibi
3223 4518 3470 4574 morbum
3515 4533 3649 4573 con-

2050 4611 2232 4673 traxit,
2261 4609 2470 4664 etiamsi
2505 4610 2650 4678 prius
2681 4608 2818 4664 bene
2849 4609 3071 4672 valeret,
3103 4609 3375 4674 morbum,
3406 4612 3649 4680 inquam,

2049 4703 2290 4756 omnium
2337 4700 3033 4772 gravissimum?Numqui
3077 4701 3378 4756 daemonem
3427 4702 3650 4766 adorat,

2048 4805 2101 4848 et
2141 4794 2390 4863 Daphnes
2414 4792 2646 4849 fabulam
2678 4793 2847 4861 audit,
2878 4795 3189 4866 tantamque
3215 4795 3477 4850 «ιιωιιοηίε
3505 4797 3651 4851 insa-

2050 4887 2192 4941 niam
2221 4885 2397 4952 videt,
2426 4895 2484 4939 ttt
2508 4885 2592 4940 vel
2621 4887 2872 4955 absorpta
2911 4888 3081 4942 amica
3118 4887 3291 4940 adhuc
3321 4889 3438 4940 loco
3468 4895 3524 4942 et
3559 4902 3651 4940 ar-

2051 4979 2166 5035 bori
2216 4979 2473 5044 insideat,
2502 4988 2755 5049 quantam
2800 4979 2925 5034 hinc
2971 4979 3194 5033 insania:
3236 4976 3507 5034 ﬂammam
3541 4995 3648 5035 non

2049 5073 2640 5144 concipiat?quantam
2683 5079 3097 5142 tempestatem,
3146 5084 3402 5142 quantum
3453 5075 3652 5127 tumul.

2051 5174 2162 5225 tun.
2188 5207 2202 5231 ,
2226 5173 2483 5236 quantum
2531 5162 2776 5218 morbum
2797 5204 2812 5228 ,
2841 5171 3096 5230 quantum
3147 5164 3603 5234 perturbationem
3629 5165 3652 5213 ’ἒ

2050 5257 2183 5312 Idne
2223 5269 2384 5311 vocas
2419 5256 2582 5310 animi
2626 5255 3009 5317 laxamentum,
3037 5262 3092 5308 et
3137 5265 3345 5321 [Ortum
3395 5252 3650 5308 ﬂuctuum

2049 5346 2364 5416 expertem?
2394 5345 2518 5400 idne
2564 5345 2736 5400 morbi
2782 5345 3064 5400 levamen?
3109 5344 3311 5414 Ecquid
3370 5346 3559 5398 mirum
3607 5363 3650 5397 τι

2051 5439 2320 5494 contraria
2351 5439 2636 5494 contrariis
2668 5437 2955 5508 apponas?
3005 5435 3136 5492 Nam
3177 5437 3266 5505 qui
3314 5435 3493 5492 furore
3534 5450 3653 5489 eor.

2050 5533 2186 5604 t'epti
2223 5542 2366 5599 sunt,
2397 5532 2596 5589 nullius
2627 5533 2704 5588 rei
2737 5539 2979 5585 naturam
3007 5532 3079 5584 uti
3111 5547 3169 5585 se
3204 5530 3650 5591 habet-sentiunt,

2049 5624 2142 5678 sed
2183 5625 2483 5680 contrarios
2518 5623 2594 5678 rei
2626 5622 2835 5678 veritati
2881 5622 3119 5677 calculos
3151 5632 3374 5693 ponunt.
3411 5623 3653 5692 Olympia

2051 5715 2293 5784 siquidem
2338 5732 2438 5768 non
2477 5717 2751 5768 admodum
2789 5714 3016 5783 procul:
3047 5730 3234 5770 rursus
3281 5715 3423 5769 enim
3465 5715 3529 5768 ad
3577 5715 3650 5769 la-

2053 5818 2290 5863 mentum
2339 5814 2609 5874 revertar,
2671 5816 2726 5860 ut
2794 5805 3071 5861 ostendam
3128 5818 3376 5875 quantum
3432 5805 3655 5877 gentiles
