4220 6316
563 383 670 440 385

560 511 751 551 attines
791 506 913 552 tunc
963 498 1145 579 urbem
1199 498 1492 554 incolentes
1542 499 1749 579 plagam
1796 500 2138 568 acceperint;

564 588 842 659 palamque
885 587 1072 644 faciam
1097 576 1499 659 'ln‘tperatorem
1546 576 1651 644 non
1690 591 1740 644 id
1782 605 1933 660 aequo
1961 591 2141 644 animo

566 677 939 741 laturmn,sed
972 688 1137 733 totum
1180 678 1411 734 furorem
1453 680 1504 733 in
1535 680 1781 751 martyris
1808 694 1984 734 arcam
2012 680 2143 734 etfu-

563 782 744 820 surum
794 765 988 832 fuisse,
1023 768 1122 822 nisi
1167 784 1287 822 eum
1336 770 1508 838 major
1554 780 1727 823 metus
1774 768 2143 823 cohibuisset?

564 854 700 921 Quid
724 856 889 926 igitur
909 858 1022 911 ait?
1051 857 1289 929 Olympia
1318 876 1417 913 non
1455 860 1728 914 admodum
1759 860 1937 930 procul
1966 875 1985 914 :
2015 861 2141 914 cele-

565 948 718 1002 britas
747 949 888 1003 urbes
913 952 1199 1004 convocabit
1220 966 1239 1014 ;
1264 951 1344 1005 lue
1371 954 1564 1006 venient
1590 956 1730 1007 boves
1756 961 1955 1021 agentes
1983 952 2143 1021 Apol-

564 1039 656 1091 lini
702 1040 1081 1105 sacriﬁcandos.
1123 1040 1261 1106 Quid
1301 1042 1541 1109 faciemus
1567 1042 1593 1094 .9
1620 1058 1715 1110 quo
1764 1058 1853 1094 nos
1894 1041 2142 1094 subduce-

566 1131 849 1201 musfquis
876 1131 1083 1185 deorum
1112 1132 1253 1184 nobis
1291 1141 1474 1185 tetram
1502 1132 1752 1185 dehiscere
1770 1131 1963 1201 jubebit
1984 1132 2009 1184 Ρ
2036 1132 2146 1201 quis

566 1236 752 1288 pero,
778 1237 888 1289 qua:
913 1222 1031 1275 tuba
1058 1239 1157 1275 non
1186 1223 1431 1293 lacrymas
1457 1224 1697 1293 exprimet
1714 1222 1740 1274 1'
1763 1223 1874 1292 quis
1907 1221 2147 1293 Olympia

568 1314 750 1379 festum
777 1313 966 1365 vocabit
989 1354 1004 1379 ,
1025 1314 1161 1382 quod
1188 1314 1442 1382 proximus
1468 1330 1612 1367 casus
1642 1314 1830 1365 luctum
1859 1313 2095 1366 invexerit
2122 1312 2146 1365 ?

567 1401 649 1454 Da
676 1403 799 1457 mihi
826 1420 999 1457 arcum
1028 1405 1323 1470 corneum‘,
1352 1405 1510 1474 inquit
1546 1403 1805 1474 tragoedia.
1842 1403 1952 1474 Ego
1980 1414 2146 1458 autem

566 1495 709 1560 dico,
734 1505 779 1549 et
805 1497 1025 1549 vaticinii
1054 1495 1283 1550 nonnihil
1309 1538 1323 1562 ,
1354 1505 1408 1549 ut
1436 1496 1527 1549 illo
1564 1496 1790 1565 capiam,
1820 1496 1913 1549 hoc
1953 1497 2145 1565 sagittis

563 1589 801 1655 impetam
826 1586 1079 1655 facinoris
1122 1596 1400 1639 rauclorem.
1444 1585 1488 1640 0
1536 1587 1745 1655 impiam
1788 1587 2092 1639 audaciam!
2118 1604 2147 1639 ο

566 1676 821 1743 impuram
848 1678 1069 1731 animam
1089 1678 1111 1731 .'
1137 1694 1166 1730 ο
1193 1678 1509 1731 temerariam
1537 1694 1743 1731 manum
1770 1677 1791 1731 .'
1816 1676 1996 1747 Tityus
2021 1678 2147 1731 alter

565 1769 646 1819 hic
674 1777 782 1831 est,
816 1769 888 1822 vel
928 1767 1052 1823 Idas
1090 1768 1277 1840 Lyncei
1309 1770 1501 1839 frater;
1529 1786 1631 1823 non
1672 1786 1885 1839 magnus
1926 1780 1981 1823 ut
2024 1770 2145 1836 ille,

566 1874 667 1911 non
682 1862 942 1928 jaculator
970 1870 1023 1913 ut
1051 1861 1160 1926 hic,
1192 1861 1276 1913 sed
1302 1862 1535 1914 in'unum
1562 1860 1765 1913 edoctus
1789 1901 1803 1925 ,
1835 1869 2009 1914 contra
2032 1861 2149 1915 deos

564 1952 805 2006 insanire.
856 1951 999 2005 ΑΙοεί
1043 1953 1177 2019 ﬁlios
1228 1952 1323 2004 diis
1371 1952 1581 2005 insidias
1627 1962 1818 2005 struere
1866 1953 2144 2023 cogitantes

565 2050 726 2093 morte
772 2040 987 2103 sedusti,
1034 2040 1253 2108 Apollo;
1282 2041 1395 2093 huic
1432 2056 1546 2093 vero
1574 2042 1741 2111 ignem
1771 2042 1947 2109 procul
1972 2042 2149 2110 [eremi

568 2148 667 2184 non
696 2134 909 2185 occurrit
937 2134 1117 2203 sagitta
1156 2134 1209 2186 in
1246 2150 1332 2185 cor
1362 2134 1519 2201 ipsius
1544 2133 1789 2187 involans.
1824 2133 1869 2187 0
1889 2134 2149 2189 dexteram

570 2224 858 2291 furiosam!
881 2241 909 2278 o
940 2226 1165 2294 iniquum
1193 2224 1397 2295 ignem!
1425 2241 1639 2294 quonam
1670 2227 1887 2294 primum
1929 2227 2152 2279 incidit?

566 2315 701 2383 quod
740 2317 861 2369 mali
893 2316 1203 2369 exordium?
1228 2333 1345 2368 num
1373 2332 1405 2369 α
1437 2325 1563 2369 tecto
1602 2332 1810 2370 exorsus
1846 2317 1915 2370 ad
1958 2318 2151 2386 reliqua

566 2406 807 2475 processit
834 2406 860 2458 ?
883 2406 951 2458 ad
992 2414 1142 2475 caput
1178 2405 1308 2459 illud
1328 2447 1341 2471 ,
1371 2407 1439 2458 ad
1454 2406 1641 2475 faciem
1658 2449 1671 2473 ,
1699 2408 1767 2459 ad
1794 2408 2017 2475 phialam
2041 2450 2055 2472 ,
2083 2410 2150 2461 ad

566 2500 800 2562 cidarim,
820 2500 887 2552 ad
912 2501 1120 2552 talarem
1148 2510 1326 2553 vestem
1349 2502 1373 2555 ἲ
1396 2499 1674 2567 Vulcanus,
1698 2502 1827 2571 ignis
1853 2502 2146 2569 peuuarius,

568 2605 670 2643 non
699 2590 1030 2665 comminatus
1071 2600 1143 2643 est
1183 2590 1290 2660 igni
1326 2592 1577 2661 grassanti
1597 2632 1611 2654 ,
1640 2607 1754 2645 cum
1778 2593 1990 2661 gratiam
2018 2595 2149 2660 refe-

570 2678 779 2734 rendam
808 2681 1008 2733 haberet
1037 2682 1129 2733 dco
1167 2683 1229 2735 ob
1252 2682 1345 2735 sibi
1384 2686 1559 2736 datum
1588 2682 1711 2736 olim
1746 2683 2008 2736 indicium.
2046 2682 2150 2736 Sed

571 2787 725 2839 neque
749 2768 951 2839 Jupiter
976 2771 1210 2824 imbrium
1234 2773 1520 2826 moderator
1540 2789 1721 2841 aquam
1745 2773 1904 2826 emisit
1931 2773 2153 2843 inﬂam-

570 2878 724 2923 mant,
743 2862 827 2931 qui
849 2872 1013 2916 tamen
1035 2861 1295 2932 Lydorum
1319 2864 1423 2935 regi
1442 2865 1739 2935 periclitanti
1758 2881 1937 2934 pyram
1966 2869 2153 2920 exstin-

570 2953 722 3007 xerit.
757 2951 892 3018 Quid
916 2955 1134 3023 primunt
1158 2954 1225 3006 ad
1249 2955 1395 3008 illum
1424 2955 1584 3018 dixit,
1611 2956 1697 3024 qui
1724 2956 1907 3009 bellum
1947 2973 2147 3026 aggres-

575 3061 661 3098 sus
685 3047 800 3098 est?
825 3046 1077 3099 undenam
1121 3047 1213 3099 illa
1256 3046 1599 3115 conﬁdentia?
1623 3049 1871 3115 quomodo
1912 3048 2151 3118 impetum

570 3136 825 3189 servavit?
851 3153 942 3190 cur
969 3137 1224 3192 decretum
1256 3154 1404 3190 suum
1431 3154 1532 3190 non
1552 3139 1724 3203 solvit,
1756 3138 1838 3191 dei
1868 3139 2151 3206 pulchritu-

576 3226 743 3279 dinem
768 3229 1002 3280 reveritus
1026 3228 1052 3281 ?
1080 3228 1365 3297 Quousque
1403 3229 1565 3283 miser
1590 3239 1645 3283 et
1675 3228 1875 3283 .infelix
1900 3244 2015 3284 rem
2044 3245 2152 3285 non

574 3318 855 3388 intelliges,
885 3319 974 3387 qui
997 3319 1130 3374 dicis
1158 3319 1271 3374 haec
1292 3320 1536 3374 humanae
1561 3335 1694 3389 opus
1720 3336 1911 3376 manus
1936 3337 2075 3385 esse,
2098 3333 2153 3378 et

574 3423 675 3462 ceu
726 3409 1030 3480 lymphatas
1078 3418 1250 3465 tecum
1300 3410 1413 3480 ipse
1461 3424 1662 3480 pugnas
1708 3419 1763 3467 et
1809 3412 2153 3482 digladiaris?

576 3499 707 3554 Nam
734 3502 777 3555 si
807 3502 1088 3557 Persarum
1116 3517 1294 3572 regem
1319 3544 1333 3569 ,
1375 3511 1577 3557 tantum
1620 3503 1901 3560 ducentem
1943 3505 2150 3560 exerci-

578 3602 727 3659 tum,
759 3595 846 3663 qui
894 3594 1079 3650 urbem
1122 3604 1367 3664 ceperat,
1406 3604 1706 3667 czeteraque
1742 3598 1918 3652 omnia
1959 3600 2151 3669 templa

579 3692 890 3752 estisserat,
931 3685 1094 3740 facem
1122 3686 1365 3740 manibus
1391 3687 1929 3757 gerebat,etj'amjam
1960 3690 2154 3758 templo

576 3774 885 3829 admoturus
934 3785 1078 3840 erat,
1111 3775 1321 3829 daemon
1368 3778 1619 3842 mutavit;
1662 3778 1762 3831 hoc
1809 3781 1949 3832 enim
2004 3780 2152 3833 initio

581 3865 767 3918 mania:
813 3874 915 3918 tua:
967 3864 1153 3935 lugens
1179 3865 1394 3920 dicebas
1426 3883 1438 3919 :
1472 3864 1745 3920 Persarum
1770 3884 1966 3939 regem,
1998 3886 2153 3922 unum

578 3970 640 4008 ea:
665 3954 935 4024 majoribus
962 3956 1091 4026 ejus,
1115 3957 1200 4025 qui
1222 3956 1475 4010 nobiscum
1504 3956 1690 4009 bellum
1717 3960 1861 4028 gerit,
1895 3975 2008 4011 cum
2039 3977 2155 4028 pro-

580 4047 766 4100 ditione
792 4047 959 4100 urbem
987 4048 1194 4117 cepisset
1227 4057 1276 4102 et
1313 4047 1630 4115 incendisset,
1668 4047 1914 4119 Daphnen
1936 4052 2156 4120 idipsum

572 4142 827 4207 [actttrum
869 4149 1249 4211 properantem,
1290 4142 1496 4193 mutavit
1542 4140 1697 4207 deus,
1730 4150 1783 4195 ut
1819 4142 2011 4211 objecta
2052 4146 2160 4213 face

580 4231 865 4298 Apollinem
892 4232 1124 4285 adoraret
1154 4248 1173 4284 :
1201 4232 1326 4286 adeo
1364 4232 1506 4286 illum
1543 4242 1808 4303 conspectu
1838 4250 1928 4288 suo
1956 4234 2156 4289 emolli-

580 4321 648 4373 vit
673 4329 823 4390 atque
849 4323 1126 4387 convertit;
1153 4322 1263 4390 ille,
1294 4324 1526 4393 inquam,
1549 4323 1781 4391 dmmon,
1810 4326 1898 4396 qui
1923 4325 2156 4383 furorem

583 4412 914 4468 barbaricum
943 4424 995 4468 et
1024 4399 1222 4469 tantum
1271 4416 1562 4470 exercitum
1593 4430 1875 4487 superare,
1911 4428 1965 4473 ιη
2008 4418 2157 4473 dicc-

581 4505 696 4570 bas,
724 4512 777 4558 et
802 4514 1001 4557 tantum
1026 4514 1148 4559 tunc
1176 4506 1463 4573 periculum
1490 4506 1719 4577 ell'ugere
1747 4508 1935 4586 potuit,
1963 4509 2073 4579 qui,
2104 4518 2160 4565 ut

579 4595 786 4664 ndjicis,
819 4595 1033 4651 Aloidas
1057 4596 1159 4651 diis
1185 4597 1402 4652 insidias
1422 4586 1686 4655 struentes
1714 4608 1887 4656 morte
1915 4602 2154 4660 sedavit:

581 4686 849 4754 quomodo
865 4728 879 4752 ,
908 4702 1106 4757 quaeso,
1122 4689 1173 4743 is
1191 4692 1279 4759 qui
1304 4699 1442 4745 tanta
1463 4692 1652 4761 potuit,
1670 4691 1799 4747 nihil
1820 4695 1991 4750 simile
2020 4711 2158 4752 nunc

579 4776 801 4831 ell'ecit?
830 4779 984 4848 Atqui
1014 4779 1059 4833 si
1090 4779 1219 4834 nihil
1244 4781 1403 4847 aliud,
1423 4792 1567 4837 certe
1609 4784 1937 4839 sacerdotem
1967 4785 2158 4856 injuste

578 4866 888 4933 laceratum,
920 4868 1177 4938 producto
1204 4870 1453 4927 facinoris
1476 4884 1712 4938 auctore,
1739 4875 1978 4930 miserari
2000 4892 2158 4946 opor-

580 4960 769 5013 tuit.Et
783 4960 826 5013 si
843 4961 1052 5029 quidem
1072 4962 1298 5017 incendii
1318 4973 1553 5032 tempore
1564 4964 1863 5035 effugitille,
1883 4968 2158 5037 atquando

580 5050 742 5105 miser
759 5050 845 5105 ille
866 5066 1154 5122 suspensus
1169 5054 1330 5108 latera
1358 5055 1738 5123 perfoderetur,
1753 5072 1980 5127 cumque
2000 5074 2154 5129 roga-

588 5152 671 5196 tus
716 5142 958 5197 facinoris
984 5153 1251 5198 auctorem
1281 5146 1573 5212 declarare,
1604 5162 1708 5202 non
1742 5148 1962 5203 haberet
2001 5165 2155 5219 quem

584 5233 903 5298 nominaret,
929 5242 1053 5288 tunc
1080 5244 1223 5290 certe
1249 5236 1435 5291 sistere
1455 5234 1808 5292 facinorosum
1835 5239 2153 5307 producere-

581 5340 687 5393 que
713 5327 979 5394 oportuit,
1012 5327 1097 5381 vel
1124 5327 1311 5382 saltem
1340 5328 1604 5395 indicare,
1634 5330 1679 5383 si
1718 5329 2010 5398 producere
2048 5345 2155 5386 non

586 5426 810 5485 poterat.
839 5416 991 5473 Nune
1015 5434 1143 5473 vero
1167 5419 1383 5489 negligit
1407 5420 1643 5489 ingratus
1680 5422 1976 5477 ministrum
2004 5438 2155 5478 suum

587 5510 778 5577 injuste
807 5510 1122 5565 laneinatum
1154 5511 1401 5576 intuitus,
1426 5510 1639 5582 negligit
1667 5513 1835 5583 ipsum
1866 5513 2155 5584 imperato-

587 5616 698 5654 rcm
731 5609 804 5655 tot
828 5602 1054 5655 victimis
1081 5604 1242 5657 risum
1273 5603 1370 5657 sibi
1405 5615 1697 5672 parantem.
1736 5604 2005 5675 Siquidem
2033 5623 2152 5662 eum

646 5738 659 5766 ι
695 5742 767 5799 Sic
789 5748 912 5783 unus
932 5735 1043 5799 Cod.
1071 5717 1123 5782 ei
1148 5732 1296 5785 savii.
1340 5738 1387 5785 in
1411 5738 1647 5799 margine.
1676 5740 1759 5786 Alit
1787 5740 1920 5795 editi,
1950 5754 2089 5791 arcus
2110 5746 2157 5792 et

589 5793 863 5847 clrawicem.
889 5798 1127 5848 sicetiam
1148 5799 1197 5847 iu
1220 5804 1289 5858 8.,
1310 5812 1418 5862 quae
1438 5793 1579 5850 leciio
1597 5802 1773 5849 abs-uua
1797 5812 1888 5851 est.

1331 381 1387 437 8.
1427 380 1705 438 JUANNIS
1728 380 2197 439 CIIRYSOSTOMI
2239 381 2553 439 ARClllEP.
2592 379 3125 437 CONSTANTIN'OP.

3724 374 3825 430 θ’ΰὸ

2252 514 2351 553 ceu
2380 498 2633 553 furiosum
2676 506 2731 551 et
2778 508 2957 551 mente
3003 504 3211 563 captum
3257 505 3443 547 omnes
3484 490 3832 555 deridebant,

2252 605 2372 643 cum
2403 590 2532 643 iram
2578 603 2727 643 suam
2769 603 2823 642 in
2872 587 3124 640 miserum
3164 584 3311 637 illum
3349 582 3663 637 ell'underet.
3690 582 3831 651 Quo-

2251 680 2409 734 modo
2437 687 2611 734 autem
2641 678 2686 732 is
2726 677 2817 747 qui
2847 674 3186 745 Imperatoris
3226 674 3398 727 adhuc
3426 674 3604 743 procul
3632 674 3835 743 agentis

2252 770 2537 824 adventum
2572 767 2893 837 praedicebat
2918 770 2936 833 (
2964 768 3083 820 nam
3127 774 3182 820 et
3211 764 3338 818 illud
3376 752 3632 833 superius
3651 764 3836 833 lugens
3918 768 3927 777 '

2251 860 2528 928 dicebas),
2562 874 2681 912 eum
2710 857 2798 927 qui
2830 858 3067 925 proxime
3088 855 3265 911 stabat
3287 870 3450 925 seque
3491 854 3837 909 comburebat

2254 968 2359 1005 non
2404 952 2567 1004 vidit?
2593 950 2919 1018 Quamquam
2965 956 3019 1002 et
3058 947 3206 1001 illum
3241 956 3410 1000 vatem
3462 960 3583 1000 esse
3620 945 3795 999 dicitis
3820 989 3833 1008 ,

2251 1043 2487 1110 aliasque
2509 1041 2623 1094 aliis
2653 1040 2755 1094 diis
2776 1041 2967 1093 vestris
2985 1080 2999 1101 ,
3029 1046 3298 1109 tamquam
3325 1036 3665 1104 hominibus,
3696 1048 3837 1092 artes

2252 1132 2571 1203 assignatis:
2609 1132 2682 1185 illi
2728 1131 3047 1185 vaticinandi
3094 1130 3393 1185 facultatem
3442 1128 3833 1198 adscripsistis,

2252 1239 2351 1277 nec
2383 1233 2555 1277 tamen
2585 1240 2705 1279 eum
2744 1234 2915 1278 tecum
2946 1239 2993 1277 at
3008 1231 3115 1276 tem
3145 1236 3294 1276 suam
3322 1221 3717 1276 communicare
3747 1238 3833 1275 ro-

2251 1330 2364 1384 gas.
2397 1315 2675 1381 Quomodo
2704 1331 2943 1385 proprias
2986 1329 3090 1367 non
3122 1314 3270 1367 novit
3300 1314 3627 1368 calamitates
3650 1354 3664 1377 ,
3697 1317 3836 1383 quod

2252 1420 2321 1460 ne
2366 1408 2447 1458 vir
2489 1406 2701 1474 quidem
2744 1406 3281 1474 ignoraret‘IAnnon
3325 1405 3547 1459 fortasse
3591 1403 3840 1457 dormivit

2252 1513 2373 1551 cum
2418 1499 2554 1566 ignis
2582 1495 3019 1557 accenderetur?
3051 1496 3122 1550 At
3151 1511 3255 1548 non
3289 1496 3357 1548 ita
3402 1510 3839 1565 sensusexspers

2254 1600 2367 1650 est,
2393 1601 2447 1643 ut
2475 1589 2685 1644 admota
2717 1590 2927 1643 ﬂamma
2959 1602 3063 1641 non
3109 1588 3287 1641 statim
3327 1596 3541 1658 surgat,
3573 1597 3623 1642 et
3651 1586 3840 1640 admo-

2256 1690 2468 1735 ventem
2490 1680 2926 1750 comprebendat.
2959 1678 3096 1733 Vere
3126 1677 3290 1731 (Irasci
3327 1694 3521 1747 semper
3547 1682 3711 1748 pueri,
3755 1674 3836 1730 se-

2255 1787 2351 1823 neat
2380 1770 2583 1823 (.‘rwcus
2627 1786 2770 1822 nemo
2798 1768 2894 1839 (α).
2927 1768 3058 1822 Cum
3087 1769 3228 1822 enim
3258 1769 3526 1838 prepriam
3558 1766 3839 1836 deplorare

2254 1861 2528 1913 stultitiam
2573 1868 2873 1928 oporteret,
2900 1859 3043 1929 quod
3089 1859 3217 1928 ipsis
3256 1858 3415 1912 etiam
3443 1858 3602 1912 rebus
3641 1859 3844 1911 datmo-

2257 1967 2381 2004 num
2416 1951 2673 2005 fallaciam
2702 1951 3138 2015 inclamantibus,
3172 1965 3342 2019 neque
3365 1950 3441 2004 sic
3470 1951 3711 2018 resilitis,
3744 1948 3841 2004 sed

2259 2058 2352 2097 vos
2383 2042 2434 2096 in
2465 2042 2753 2112 perniciem
2776 2043 3052 2105 dedentes,
3088 2052 3424 2111 vestramque
3452 2042 3737 2110 prodentes
3763 2057 3842 2095 sa-

2256 2134 2440 2198 lutem,
2470 2136 2634 2187 iustar
2663 2133 2922 2202 pecudum
2948 2132 3306 2201 agimitti,fqtto
3331 2132 3404 2185 illi
3426 2132 3623 2186 ducere
3650 2132 3837 2194 velint,

2256 2225 2345 2293 qui
2372 2225 2619 2278 sedentes
2658 2224 3201 2278 statuarum'exitium
3248 2223 3459 2293 lugetis.
3492 2223 3570 2276 'l‘tt
3600 2237 3728 2277 vero
3755 2238 3842 2276 ar-

2255 2333 2375 2371 cmn
2418 2316 2653 2387 ﬂagitas,
2686 2316 2922 2386 nihilque
2955 2314 3137 2371 differs
3177 2315 3356 2379 alueo,
3387 2315 3475 2383 qui
3504 2316 3619 2368 hirc
3646 2315 3698 2369 in
3727 2323 3839 2369 tra—

2254 2407 2427 2476 gtedia
2459 2407 2709 2476 loquitur.
2742 2407 2858 2474 Quo
2885 2416 3038 2475 pacto
3081 2407 3224 2460 enim
3254 2406 3305 2459 id
3337 2421 3439 2461 non
3484 2404 3634 2459 furor
3673 2406 3843 2459 mani-

2257 2500 2423 2551 festus
2464 2496 2622 2550 fuerit
2667 2500 2735 2551 de
2772 2497 2935 2551 armis
2963 2496 3222 2565 ejusmodi
3262 2495 3459 2565 aliquid
3488 2504 3834 2565 exspectare,

2225 2589 2374 2657 quae
2412 2603 2481 2642 ne
2518 2587 2809 2657 possidenti
2855 2588 3068 2656 quidem
3108 2602 3167 2641 se
3197 2602 3351 2656 Opem
3380 2587 3585 2642 tulere?
3614 2587 3764 2653 Quod
3796 2590 3841 2641 si

2258 2686 2315 2730 tu
2360 2677 2453 2731 tibi
2482 2677 2738 2746 majorem
2774 2687 2828 2732 et
2858 2687 3026 2732 artem
3054 2688 3109 2733 et
3138 2677 3515 2747 experientiam
3555 2677 3730 2734 inesse
3757 2678 3842 2731 di-

2254 2785 2367 2837 cas,
2398 2785 2554 2840 quam
2586 2770 2815 2824 daemoni
2841 2812 2854 2835 ,
2882 2771 3055 2840 ipsum
3081 2779 3228 2824 certe
3267 2771 3443 2824 colere
3487 2784 3591 2824 non
3622 2781 3841 2838 operte-

2258 2861 2345 2915 bat
2364 2902 2379 2927 ,
2410 2870 2590 2929 utpote
2618 2862 2997 2926 itnperitiorem
3026 2871 3080 2916 et
3118 2861 3464 2916 infirmiorem
3485 2905 3500 2926 ,
3534 2864 3617 2917 vel
3644 2863 3695 2917 in
3724 2866 3841 2933 qui-

2256 2953 2356 3007 bus
2413 2953 2559 3007 illum
2607 2954 2913 3025 praecellere
2963 2954 3157 3009 dicitis.
3209 2954 3360 3021 Quod
3422 2956 3467 3009 si
3515 2957 3714 3025 primas
3766 2958 3840 3012 illi

2255 3044 2539 3110 concedis,
2570 3043 2682 3099 sive
2704 3043 2925 3114 jaculari
2961 3046 3073 3100 sive
3097 3046 3373 3100 vaticinari
3396 3055 3671 3115 oporteat,
3701 3064 3839 3119 quo-

2252 3136 2419 3191 modo
2438 3137 2568 3190 artis
2618 3137 2789 3191 solum
2838 3147 2986 3206 parte
3032 3136 3321 3206 praeditus,
3357 3138 3443 3192 illa
3494 3147 3546 3193 te
3590 3152 3841 3208 praestare

2258 3242 2415 3296 posse
2459 3227 2686 3296 putasti,
2731 3243 2848 3298 quae
2894 3244 2997 3282 non
3042 3228 3223 3297 potuit
3255 3229 3300 3283 is
3343 3230 3432 3299 qui
3484 3239 3645 3285 totam
3698 3241 3843 3286 tenet

2258 3329 2427 3372 artem
2457 3319 2480 3371 ?

2328 3409 2418 3463 20.
2458 3409 2583 3465 llaze
2628 3409 2886 3475 ridicula,
2918 3408 3032 3465 haec
3061 3426 3213 3481 nugze
3266 3422 3424 3476 sunt;
3475 3429 3648 3483 neque
3698 3415 3838 3469 enim

2260 3502 2349 3556 ille
2378 3502 2698 3558 vaticinandi
2736 3512 2906 3557 artem
2956 3504 3258 3573 quampiam
3304 3504 3523 3571 habuit,
3575 3522 3745 3576 neque
3792 3509 3835 3561 si

2262 3593 2561 3659 habuisset,
2609 3593 2752 3647 illam
2784 3609 3034 3650 exercere
3078 3595 3351 3664 potuisset.
3382 3595 3499 3650 Non
3542 3597 3687 3651 enim
3735 3599 3837 3661 vir,

2258 3698 2365 3738 non
2396 3683 2577 3752 utique
2602 3684 2717 3737 hac
2746 3692 2994 3752 operatus
3024 3694 3127 3747 est,
3157 3686 3249 3739 sed
3279 3684 3454 3739 divina
3485 3687 3682 3749 virtus;
3712 3701 3838 3741 cau-

2259 3788 2373 3827 sam
2394 3782 2570 3827 autetn
2600 3786 2779 3843 postea
2809 3776 3064 3842 aperiam.
3092 3773 3309 3830 Interim
3334 3792 3460 3829 vero
3488 3792 3583 3845 par
3603 3787 3685 3831 est
3727 3778 3841 3833 edi.

2257 3880 2409 3920 scere
2426 3866 2576 3934 cujus
2595 3866 2673 3921 rei
2701 3881 2861 3920 causa
2888 3866 3076 3937 ingrati
3106 3868 3268 3922 animi
3299 3868 3589 3922 Vulcanum
3632 3880 3843 3924 accuset

2260 3955 2345 4009 his
2379 3956 2597 4011 verbis:
2655 3956 2912 4011 Vulcanus
2957 3969 3152 4024 autem,
3204 3959 3336 4029 ignis
3386 3960 3695 4027 peullarius,
3740 3977 3842 4013 non

2261 4048 2591 4102 comminatus
2614 4056 2686 4103 est
2711 4048 2815 4117 igni
2833 4050 3084 4119 grassanti
3103 4091 3118 4115 ,
3138 4066 3252 4103 cum
3272 4050 3435 4120 gratia
3458 4050 3558 4121 ipsi
3581 4052 3842 4121 referenda

2263 4146 2387 4190 esset
2417 4139 2510 4192 deo
2539 4138 2600 4191 ob
2641 4138 2817 4191 datum
2842 4140 2961 4192 olim
2990 4140 3254 4195 indicium.
3286 4141 3417 4207 Quae
3459 4142 3660 4211 gratia?
3699 4143 3839 4211 quod

2262 4227 2388 4280 olim
2412 4227 2709 4284 "indicium?
2735 4245 2898 4299 quare
2926 4232 3177 4300 praeclara
3204 4231 3426 4287 deorum
3457 4241 3663 4286 tuorum
3693 4242 3841 4302 gesta

2263 4319 2532 4374 occultas?
2557 4319 2687 4373 Nam
2711 4320 2755 4374 si
2782 4321 3004 4389 gratiam
3036 4321 3296 4377 indicares
3316 4364 3330 4388 ,
3359 4321 3651 4377 Vulcanum
3675 4325 3845 4394 magis

2264 4410 2527 4479 ingratum
2549 4411 2875 4467 ostenderes.
2908 4410 3013 4467 Sed
3032 4411 3229 4468 rubore
3270 4428 3334 4468 ac
3374 4412 3575 4482 pudore
3610 4414 3844 4469 teneris:

2264 4500 2421 4569 igitur
2447 4515 2544 4556 nos
2578 4502 2741 4556 libere
2771 4517 2857 4556 res
2893 4510 3010 4556 tuas
3035 4505 3355 4577 aperiemus.
3388 4502 3642 4570 Quaenam
3686 4503 3847 4573 igitur

2265 4590 2350 4643 illa
2367 4591 2533 4662 gratia
2551 4592 2574 4646 ?
2589 4590 2805 4646 Martem
2828 4593 2953 4647 olim
2980 4592 3200 4648 Veneris
3218 4608 3402 4648 amere
3429 4602 3663 4663 captum,
3685 4603 3846 4664 atque

2267 4680 2590 4749 Vulcanum,
2623 4683 2711 4753 qui
2741 4683 2963 4737 maritus
2991 4684 3106 4753 ejus
3140 4694 3289 4751 erat,
3334 4692 3690 4750 metuentem,
3720 4700 3845 4739 cum

2264 4786 2386 4827 eum
2414 4773 2686 4828 absentem
2723 4774 3086 4842 observasset,
3117 4775 3184 4830 ad
3239 4759 3356 4831 eam
3399 4776 3689 4832 accessisse
3722 4792 3845 4831 nar-

2264 4865 2733 4935 rant.‘Apolliuem
2763 4880 2923 4931 vero,
2953 4881 3078 4925 cum
3118 4866 3238 4921 illos
3266 4882 3366 4921 una
3408 4867 3729 4931 commixtos
3766 4871 3845 4921 vi-

2262 4956 2458 5023 disset,
2507 4957 2740 5011 Vulcano
2786 4958 3108 5013 adulterium
3152 4960 3489 5015 renuntiasse
3527 4976 3542 5012 :
3590 4961 3735 5015 illum
3777 4976 3845 5017 eo

2262 5066 2384 5106 cum
2424 5051 2695 5117 venisset,
2727 5052 2912 5107 ambos
2960 5054 3011 5106 in
3034 5053 3177 5108 lecto
3231 5061 3472 5122 repertos
3520 5054 3748 5109 vinculis
3786 5064 3846 5109 ut

2265 5153 2390 5197 tunc
2422 5157 2574 5196 erant
2603 5144 2912 5213 colligasse,
2943 5152 2997 5197 et
3037 5143 3103 5197 ad
3131 5153 3285 5215 turpe
3313 5145 3669 5214 spectaculum
3713 5144 3845 5200 deos

2263 5250 2535 5300 evocasse,
2557 5237 2792 5306 talesque
2810 5236 2881 5295 da
2898 5236 3009 5295 illis
3033 5236 3282 5291 adulterii
3319 5251 3503 5298 [venas
3526 5238 3841 5306 sumpsisse.

2264 5326 2408 5383 Talis
2435 5342 2563 5398 ergo
2604 5329 2787 5398 gratiae
2825 5327 3120 5383 debitorem
3155 5328 3477 5393 Vulcanum,
3522 5342 3763 5399 tempore
3791 5329 3843 5383 id

2266 5420 2584 5488 postulante,
2611 5422 2870 5488 ingratum
2900 5421 2951 5474 iu
2974 5421 3245 5476 reddendo
3266 5421 3528 5477 beneﬁcio
3557 5420 3719 5476 fuisse
3745 5423 3839 5475 ait.

2263 5510 2397 5578 Quid
2441 5512 2596 5581 igitur
2634 5511 2858 5581 Jupiter,
2897 5527 2931 5565 o
2966 5512 3046 5566 vir
3074 5512 3276 5582 optime
3296 5512 3319 5565 ?
3343 5510 3476 5566 Nam
3505 5521 3559 5569 et
3585 5511 3733 5566 illum
3762 5513 3843 5565 in-

2265 5602 2609 5657 humanitatis
2635 5617 2886 5669 accusas,
2941 5602 3046 5658 Sed
3089 5620 3246 5673 neque
3288 5602 3507 5673 Jupiter,
3566 5603 3841 5674 inquiens.

2325 5738 2399 5801 (α)
2433 5746 2541 5803 Haec
2564 5742 2712 5803 verba
2752 5740 2800 5788 in
2821 5741 2996 5793 Timeo
3017 5739 3326 5803 proferuntur
3348 5738 3409 5789 ab
3439 5739 3657 5801 Egyptio
3675 5751 3844 5791 secter

2263 5799 2385 5854 dote
2401 5802 2622 5852 Solonem
2637 5801 2935 5867 altoquente.
3019 5799 3033 5803 “
3088 5823 3092 5827 τ
