4220 6316
290 347 407 404 565

290 457 531 511 imbrium
550 454 833 508 moderator
856 466 1039 523 aquam
1064 449 1268 525 immisit
1290 448 1341 501 in
1370 446 1628 507 ﬂammam
1650 484 1665 510 ,
1692 441 1777 509 qui
1803 449 1881 493 ta-

293 563 414 601 men
458 544 715 617 Lydorum
755 527 863 614 regi
904 538 1213 612 periclitanti
1244 554 1428 609 pyram
1474 534 1724 590 restinxit.
1775 532 1881 587 Sed

293 638 443 693 enim
485 635 701 705 pulchre
739 634 892 689 nobis
934 631 1140 703 Lydum
1169 630 1221 685 in
1243 627 1557 685 memoriam
1584 625 1881 681 revocasti:

294 743 423 783 nam
450 735 503 783 et
530 725 680 780 illum
708 723 795 779 hic
823 722 1034 778 daemon
1065 720 1276 790 decepit
1304 733 1437 773 vana
1453 731 1549 788 spe
1578 714 1768 772 iullans
1788 756 1803 779 ,
1832 724 1888 771 et

294 803 356 873 iu
405 814 736 872 manifestam
764 814 1051 884 perniciem
1090 812 1404 882 cutijiciens.
1440 811 1520 866 Ac
1564 808 1669 865 nisi
1710 807 1886 878 Cyrus

294 908 564 961 humanus
592 905 799 968 fuisset,
827 904 959 959 nihil
986 905 1155 972 ipsum
1174 904 1190 934 ¹
1220 902 1424 972 Jupiter
1443 900 1685 971 juvisset.
1708 898 1886 964 Quare

292 1000 495 1053 frustra
521 997 637 1054 Jovi
662 998 789 1052 vitio
810 996 970 1051 vertis
988 994 1161 1065 ,quod
1188 992 1392 1065 Lydum
1417 992 1525 1047 lilio
1555 990 1882 1061 pnntulerit:

294 1103 475 1157 neque
502 1088 644 1143 enim
681 1086 782 1140 sibi
811 1086 911 1154 ipsi
944 1087 997 1138 in
1026 1100 1129 1154 qua
1158 1084 1292 1138 urbe
1318 1082 1549 1136 maxime
1576 1080 1882 1147 colebatur,

294 1180 353 1235 in
384 1180 597 1235 Romuli
625 1180 829 1234 scilicet
858 1179 1023 1243 urbe,
1068 1177 1289 1232 fulmine
1324 1172 1507 1229 tactus
1546 1188 1703 1243 opem
1746 1173 1883 1227 tulit.

370 1270 573 1326 Libanii
596 1269 839 1325 verba.-—
863 1267 1128 1324 Caaterum
1148 1267 1426 1322 audiamus
1452 1265 1651 1335 reliqua
1669 1264 1887 1318 [amenti

293 1362 459 1418 verba
490 1380 507 1416 :
536 1362 615 1417 sic
649 1364 791 1417 enim
819 1362 1018 1417 luctum
1050 1360 1201 1415 illum
1225 1403 1240 1425 ,
1275 1359 1365 1428 qui
1394 1373 1582 1414 eorum
1607 1344 1888 1426 occupavit

294 1455 506 1510 animos
524 1495 540 1521 ,
567 1455 732 1524 probe
760 1456 1010 1509 sciemus.
1042 1452 1183 1518 Viri,
1207 1452 1424 1534 trahitur
1441 1451 1565 1505 mihi
1590 1450 1789 1503 animus
1818 1449 1887 1502 ad

295 1546 509 1615 speciem
537 1546 618 1600 dei
636 1588 652 1613 ,
690 1547 911 1615 mihique
945 1545 1184 1619 cogitatio
1211 1553 1388 1613 typum
1414 1543 1524 1611 ejus
1551 1551 1668 1595 ante
1713 1541 1886 1595 oculos

294 1637 501 1702 statuit,
528 1641 706 1710 format
723 1638 979 1691 lenitatem
1000 1677 1017 1702 ,
1045 1636 1174 1689 cutis
1194 1634 1577 1688 teneritudinem
1601 1674 1616 1698 ,
1638 1642 1685 1685 et
1715 1633 1808 1685 hoc
1833 1632 1887 1687 in

294 1730 469 1798 lapide
484 1770 500 1796 ,
526 1712 784 1800 cingulum
807 1728 945 1781 circa
968 1735 1138 1796 pectus
1152 1741 1359 1779 auream
1379 1725 1601 1777 tunicam
1621 1722 1882 1793 colligens,

294 1821 367 1874 ita
394 1828 449 1873 ut
483 1820 586 1873 alia
614 1818 816 1886 quidem
843 1817 1189 1882 subsiderent,
1220 1816 1325 1869 alia
1354 1816 1727 1885 subsurgerent.
1759 1813 1887 1867 Tota

295 1929 411 1970 vero
441 1917 604 1985 forma
628 1916 775 1984 cujus
811 1915 943 1968 iram
971 1914 1047 1967 vel
1074 1913 1350 1983 ferventem
1378 1928 1480 1966 non
1507 1912 1766 1966 sedasset?
1799 1910 1889 1966 Si-

293 2008 432 2062 milis
451 2013 587 2062 enim
615 2018 721 2061 erat
742 2008 898 2062 melos
916 2008 1114 2060 canenti
1143 2020 1162 2060 :
1187 2006 1289 2059 into
1312 2005 1560 2076 quispiam
1584 2004 1805 2068 audivit,
1831 2010 1886 2057 ut

291 2099 468 2165 aiunt,
488 2099 543 2153 in
580 2099 788 2153 meridie
823 2099 1071 2154 citharam
1115 2098 1419 2165 pulsantem.
1468 2095 1629 2150 Aures
1675 2094 1887 2149 beatas'

292 2190 485 2245 Catius
504 2205 621 2244 vero
640 2188 853 2259 fortasse
876 2200 983 2243 erat
1006 2189 1236 2244 laudatio
1282 2196 1430 2242 terrte
1450 2228 1465 2253 ,
1509 2180 1593 2241 cui
1636 2186 1701 2240 de
1731 2202 1886 2240 aureo

292 2284 478 2355 cyatho
510 2284 637 2338 mihi
664 2283 822 2337 libare
846 2283 1057 2349 videtur,
1087 2283 1222 2351 quod
1245 2282 1465 2350 puellam
1490 2280 1759 2337 occultarit
1792 2281 1886 2332 de-

294 2375 493 2429 hiscens
515 2416 532 2441 ,
559 2391 621 2429 ac
644 2375 829 2429 deinde
851 2391 955 2430 sese
981 2375 1303 2429 co‘ntrahens.
1335 2374 1461 2429 Post
1484 2373 1601 2428 haec
1629 2386 1791 2442 pauca
1818 2373 1887 2427 de

294 2466 544 2522 incendio
590 2477 809 2538 questus
841 2484 856 2521 :
891 2467 1183 2532 Clamabat,
1218 2467 1428 2536 inquit,
1479 2468 1647 2519 viator
1682 2466 1889 2536 fulgure

291 2568 586 2626 erumpente
611 2574 631 2613 :
656 2558 949 2612 turbabatur
972 2562 1025 2611 in
1048 2558 1162 2612 luco
1185 2556 1426 2626 Daphnes
1451 2558 1696 2627 inquilina
1720 2574 1889 2611 sacer-

293 2647 388 2702 dos
413 2648 496 2703 dei
518 2663 538 2702 :
558 2650 900 2718 percussiones
924 2660 1090 2702 autem
1116 2658 1371 2718 pectorum
1392 2690 1408 2713 ,
1434 2658 1481 2702 et
1508 2649 1732 2715 eiulatus
1756 2665 1882 2701 acu-

293 2749 374 2792 tus
397 2755 489 2807 per
511 2740 675 2793 locum
699 2739 962 2794 arboribus
996 2741 1208 2793 densum
1249 2756 1546 2809 percurrens
1566 2781 1583 2805 ,
1620 2740 1688 2793 ad
1710 2726 1885 2794 urbem

291 2843 450 2899 usque
492 2829 751 2884 vehemens
804 2841 952 2899 atque
994 2831 1263 2900 horriﬁcus
1323 2831 1586 2901 pervadit;
1641 2830 1887 2901 principis

290 2918 472 2974 «aliis
498 2930 616 2972 tunc
637 2936 868 2974 somnum
888 2936 1067 2989 capere
1092 2922 1337 2991 incipiens
1352 2963 1368 2987 ,
1400 2920 1468 2974 ad
1487 2921 1719 2975 acerbum
1748 2938 1884 2975 nun-

293 3008 421 3062 tium
449 3025 477 3063 e
503 3009 629 3063 lecto
656 3011 892 3065 surrexit.
926 3010 1030 3065 Ille
1069 3016 1240 3082 furore
1278 3013 1495 3082 percitus
1524 3012 1634 3066 alas
1662 3030 1695 3066 tt
1740 3012 1883 3067 Iler-

292 3100 436 3153 surio
461 3102 600 3170 petit.
617 3101 725 3171 ipse
750 3103 817 3154 ad
839 3102 959 3155 mali
983 3102 1204 3157 radicem
1231 3104 1553 3173 quaerendam
1584 3120 1879 3173 properans,

293 3206 395 3243 non
425 3192 591 3245 minus
614 3192 748 3245 intus
772 3191 1015 3260 ardebat,
1044 3210 1195 3263 quam
1224 3195 1486 3263 templum.
1514 3194 1701 3250 Trabes
1730 3196 1883 3250 cade-

293 3281 414 3333 bant
436 3279 671 3335 deorsum
712 3282 877 3351 ignem
906 3287 1118 3351 ferentes
1137 3325 1152 3350 ,
1182 3300 1295 3354 quae
1322 3286 1549 3357 proxime
1571 3289 1770 3341 stabant
1794 3289 1885 3343 ab-

292 3380 576 3436 sumentes,
630 3372 918 3442 Apollinem
961 3389 1078 3427 vero
1119 3377 1319 3440 statim,
1368 3384 1540 3446 utpote
1576 3379 1662 3447 qui
1700 3395 1885 3449 parum

295 3467 504 3520 distaret
543 3484 575 3520 a
604 3469 765 3531 lecto,
798 3465 915 3517 hinc
938 3472 987 3517 et
1019 3465 1123 3517 alia
1148 3477 1443 3521 ornamenta
1462 3508 1476 3534 ,
1523 3467 1887 3541 Musarumque

295 3568 490 3613 statuas
526 3560 594 3612 ibi
622 3573 840 3629 positas.
900 3557 1190 3627 lapillorum
1235 3558 1475 3631 fulgura,
1525 3564 1882 3618 columnarum

300 3650 742 3717 pulchritudinem.
775 3648 1052 3705 Multitudo
1076 3650 1405 3705 circumstans
1457 3652 1692 3723 lugebat,
1738 3673 1882 3725 apem

297 3743 431 3806 ferre
458 3756 558 3793 non
578 3740 783 3807 valens,
833 3750 888 3795 ut
924 3739 1105 3796 accidit
1143 3742 1206 3795 iis
1225 3742 1311 3811 qui
1340 3758 1368 3797 e
1397 3752 1530 3797 terra
1558 3746 1884 3817 naufragium

299 3831 497 3899 vident,
541 3849 754 3904 quorum
804 3835 1055 3888 auxilium
1098 3849 1253 3889 unum
1294 3843 1402 3903 est,
1452 3840 1643 3907 factum
1693 3837 1883 3910 lugere.

299 3920 443 3975 Certe
484 3939 723 3992 magnum
752 3927 1025 3980 excitavere
1054 3926 1242 3981 luctum
1263 3944 1324 3981 ea:
1348 3928 1885 3997 fontibusexstlientes

300 4014 569 4084 nympha,
616 4004 855 4085 magnum
882 4014 1089 4085 Jupiter
1126 4035 1283 4088 prope
1318 4014 1526 4088 sédens,
1575 4031 1633 4075 ut
1659 4039 1753 4092 par
1780 4034 1887 4076 erat

299 4106 614 4175 lubefactatis
654 4107 748 4175 filii
774 4109 1044 4162 honoribus
1068 4126 1086 4163 :
1115 4111 1365 4181 ingentem
1391 4108 1509 4165 item
1534 4122 1883 4167 sexcentarum

300 4198 585 4249 dientonum
614 4198 667 4250 in
688 4197 800 4250 luco
838 4199 1123 4270 degentium
1152 4212 1308 4254 εωιιιε
1337 4217 1355 4255 :
1383 4218 1472 4256 nec
1510 4204 1751 4257 minorem
1809 4202 1889 4258 lu-

300 4299 434 4337 ctum
454 4288 619 4339 media
636 4304 699 4341 ea:
722 4291 842 4343 urbe
858 4289 1084 4360 Calliope
1106 4293 1358 4355 excitavit,
1384 4292 1651 4347 Musarum
1665 4296 1885 4367 chorago

302 4378 417 4447 igne
442 4379 583 4431 ltesa.
613 4379 800 4435 Postea
831 4381 929 4435 sub
953 4382 1112 4437 ﬂuent
1142 4384 1217 4439 ait
1249 4400 1262 4437 :
1304 4383 1432 4439 Esto
1461 4386 1583 4439 mihi
1620 4396 1668 4441 et
1712 4403 1845 4441 nunc
1864 4430 1878 4454 ,

303 4472 488 4537 Apollo
506 4513 526 4539 ,
551 4472 752 4543 qualem
787 4483 833 4529 te
861 4476 1080 4529 reddidit
1106 4474 1322 4548 Chryscs
1342 4518 1357 4540 ,
1389 4481 1507 4532 dum
1552 4479 1753 4534 Achivis
1790 4481 1888 4533 im-

305 4574 611 4631 precaretur,
654 4565 732 4618 ira
748 4566 953 4631 plenum
981 4578 1026 4622 et
1052 4570 1184 4622 nocti
1211 4571 1459 4635 similent,
1499 4572 1618 4641 quia
1637 4587 1751 4626 cum
1780 4583 1884 4627 sto-

307 4653 387 4709 las
410 4656 432 4687 ¹
461 4654 549 4709 tibi
578 4658 930 4725 redderemus,
958 4669 1005 4713 et
1053 4672 1294 4731 quantum
1346 4664 1569 4717 ablatum
1600 4667 1764 4735 fuerat
1804 4682 1887 4721 re—

305 4748 639 4813 stitueremus,
664 4760 966 4820 praereptum
991 4763 1060 4805 est
1089 4754 1223 4820 quod
1248 4754 1489 4818 colimus,
1516 4771 1577 4808 ac
1603 4758 1648 4811 si
1673 4774 1890 4825 sponsus

304 4836 488 4906 aliquis
504 4876 519 4900 ,
548 4839 670 4890 dum
696 4854 897 4893 corona
919 4852 1206 4905 nectuntur,
1234 4843 1565 4899 abscessisset.

376 4924 466 4980 2|.
513 4927 637 4981 [iure
675 4928 982 4984 lamentatio
1029 4931 1161 4995 fuit,
1200 4947 1291 4986 seu
1331 4937 1504 5003 potius
1548 4935 1631 4990 ha:
1662 4937 1886 4993 modica:

306 5026 428 5072 sunt
463 5018 854 5074 lamentatiouis
897 5032 1092 5091 partes.
1136 5024 1263 5078 Mihi
1310 5041 1436 5080 vero
1476 5029 1657 5083 mirari
1706 5032 1882 5097 subit,

307 5108 574 5177 quomodo
611 5110 785 5172 in‘iis,
815 5127 931 5181 quae
976 5114 1174 5181 pudore
1217 5114 1433 5171 allicere
1479 5118 1776 5187 debebant,
1831 5138 1892 5178 se

308 5210 553 5253 ornatum
575 5216 694 5256 esse
722 5212 869 5272 putet
898 5221 911 5256 :
946 5207 1111 5261 nihilo
1137 5211 1358 5274 melius,
1377 5227 1533 5279 quam
1559 5216 1808 5269 lascivum
1837 5228 1890 5271 et

310 5294 621 5348 obscmnum
648 5295 931 5364 juvenem,
965 5300 1015 5352 in
1046 5303 1265 5357 meridie
1304 5319 1424 5357 cum
1456 5306 1658 5360 cithara
1698 5309 1887 5363 luden-

310 5397 416 5439 tem
447 5385 722 5453 inducens,
752 5400 806 5443 et
831 5391 1021 5445 cantici
1053 5406 1420 5463 argumentum
1452 5398 1635 5453 dicens
1663 5403 1886 5456 amicam

308 5494 460 5545 esse,
492 5496 754 5553 auresque
783 5485 897 5539 illas
947 5486 1127 5541 beatas
1156 5489 1450 5558 praedicans
1472 5536 1485 5558 ,
1511 5508 1628 5562 qua:
1678 5504 1888 5566 turpem

314 5640 390 5712 ἠ’
427 5645 531 5712 δεῖ.
559 5644 764 5712 erimus
794 5642 974 5712 (prius,
1015 5644 1109 5695 nisi
1136 5654 1290 5708 Cyrus
1327 5661 1432 5712 prie
1470 5648 1762 5705 humanitate
1800 5668 1889 5705 sua

304 5698 447 5763 illum
466 5698 733 5763 unanimi.
758 5702 879 5751 nihil
900 5698 1074 5763 ipsum.
1098 5698 1193 5757 etc:

374 5762 393 5792 ι
428 5759 529 5817 alii,
547 5760 773 5820 uictumis.
798 5778 901 5826 pro,
921 5759 1086 5821 stolas.

1086 335 1175 393 DE
1213 333 1270 392 S.
1313 330 1611 398 BABYLA,
1648 325 1927 386 CONTRA
1952 325 2296 383 JULIANUM
2336 326 2427 383 ΕΤ
2463 325 2832 384 GENTlLES.

3470 330 3578 387 .566

1997 440 2139 495 illam
2161 441 2478 497 cantilenam
2516 441 2801 497 audierint.
2826 440 2891 495 Et
2919 438 3047 511 quid
3083 438 3296 509 quidem
3322 438 3465 494 dicat
3487 440 3580 494 sli-

1990 548 2125 602 quas
2141 550 2207 589 ex
2225 534 2309 602 iis,
2337 532 2429 605 qui
2461 534 2715 603 Daphnen
2738 543 2793 589 et
2820 532 3251 603 circnmjaceutia
3280 533 3395 588 loca
3424 532 3584 587 habi-

1993 635 2135 693 tant,
2166 627 2486 699 lacrymatos
2511 643 2661 694 esse;
2688 628 2940 696 urbisque
2975 627 3265 696 principem
3300 626 3585 688 ardentem

1993 717 2191 783 fuisse,
2216 718 2457 789 nihilque
2486 706 2750 788 amplius,
2782 733 2941 790 quam
2977 718 3181 773 luctum
3214 717 3464 783 inducat,
3496 717 3589 771 nio

1994 807 2065 862 hil
2095 810 2288 862 mirum
2324 826 2337 863 :
2369 809 2511 878 quod
2536 817 2713 864 autem
2746 809 2891 878 ipsos
2927 808 3061 864 deos
3097 808 3151 864 iu
3180 809 3370 865 eadem
3400 811 3602 865 censi-

1992 900 2047 952 lii
2074 900 2252 969 inopia
2280 899 2446 955 fuisse
2477 899 2656 965 dicat,
2682 900 2965 971 solumque
3007 899 3149 970 apud
3176 915 3235 955 se
3260 900 3593 972 lacrymatos

1990 1006 2140 1056 esse;
2172 1007 2235 1047 ae
2260 1008 2434 1062 neque
2456 991 2641 1048 Jovem
2663 1034 2680 1061 ,
2708 986 2881 1062 neque
2919 980 3227 1062 Calliopen,
3275 1007 3447 1063 neque
3477 992 3586 1048 frc-

1992 1095 2244 1155 quentcm
2285 1085 2428 1138 illam
2451 1084 2757 1140 daemonum
2782 1085 2991 1140 turbam
3010 1127 3025 1151 ,
3055 1101 3228 1155 neque
3258 1087 3402 1155 ipsas
3426 1100 3586 1156 nym-

1994 1174 2126 1245 phas
2154 1175 2353 1243 aliquid
2385 1184 2569 1230 contra
2599 1176 2903 1231 incendium
2951 1178 3222 1246 potuisse,
3254 1176 3347 1230 sed
3393 1190 3583 1231 omnes

1992 1268 2221 1339 ejulatus
2245 1280 2300 1323 et
2330 1269 2504 1324 luctus
2533 1269 2798 1325 excitasse
2820 1277 3024 1323 tantum
3059 1287 3073 1323 :
3105 1268 3154 1322 id
3186 1268 3424 1338 profecto
3453 1267 3583 1322 ridi-

1991 1363 2168 1417 culum
2203 1362 2489 1417 admodum
2517 1374 2617 1417 est.
2646 1361 2797 1431 Quod
2822 1364 2982 1432 igitur
3002 1352 3258 1431 magnam
3277 1360 3606 1430 acceperint

1994 1452 2201 1523 plagam
2247 1453 2378 1507 satis
2402 1469 2468 1508 ex
2512 1453 2619 1524 jam
2668 1453 2826 1509 dictis
2867 1452 3294 1509 demonstratum
3338 1461 3463 1508 est:
3503 1461 3585 1508 et.

1990 1544 2133 1599 enim
2162 1544 2213 1598 in
2244 1544 2421 1599 medio
2451 1546 2637 1600 naenia:
2680 1546 2825 1615 ipsos
2850 1544 3029 1599 letbali
3055 1545 3277 1600 vulnere
3311 1544 3584 1623 perfossps

1991 1636 2292 1692 conﬁtetur.
2342 1636 2455 1691 Non
2484 1638 2642 1707 igitur
2670 1637 2723 1691 id
2746 1639 3007 1707 patienter
3031 1636 3240 1692 tulisset
3264 1637 3578 1705 imperatur,

1992 1728 2095 1781 nisi
2123 1727 2268 1782 illum
2301 1729 2472 1797 major
2495 1738 2671 1783 metus
2694 1737 2750 1784 ct
2778 1727 3006 1783 fortnido
3030 1716 3363 1797 occupasset.
3393 1727 3582 1797 Restat

1989 1817 2204 1872 demum
2228 1829 2283 1872 ut
2302 1819 2651 1874 nSIendamus
2679 1834 2781 1887 qua
2812 1818 2879 1874 de
2905 1833 3065 1873 causa
3094 1818 3231 1873 Deus
3257 1817 3390 1872 iram
3428 1795 3601 1887 sudus;

1991 1909 2043 1964 in
2065 1908 2442 1981 Imperatorem
2488 1926 2593 1965 non
2628 1910 2935 1977 immiserit,
2960 1910 3054 1965 sed
3084 1910 3137 1964 in
3163 1910 3496 1976 daemonem,
3528 1918 3586 1964 et

1990 2018 2088 2057 cur
2112 2002 2249 2073 ignis
2283 2014 2391 2057 non
2420 2010 2586 2058 totum
2612 2003 2865 2073 templum
2891 2003 3284 2072 absumpserit,
3312 2002 3407 2057 sed
3432 2016 3585 2056 com-

1989 2096 2147 2151 busto
2188 2105 2331 2152 tecto
2370 2096 2530 2151 etiam
2577 2095 2774 2151 idolum
2804 2094 3172 2165 prostraverit.
3225 2093 3415 2164 Neque
3437 2092 3581 2148 enim

1991 2195 2193 2242 temere
2218 2197 2271 2241 et
2297 2186 2413 2242 sine
2437 2201 2595 2241 causa
2623 2186 2739 2241 haec
2764 2184 2903 2241 facta
2928 2196 3056 2241 sunt
3078 2226 3094 2251 ,
3126 2184 3219 2239 sed
3242 2201 3308 2239 ex
3339 2184 3432 2240 Dei
3458 2198 3586 2254 erga

1989 2291 2233 2335 errantes
2257 2279 2539 2335 clementia
2572 2280 2751 2334 omnia
2789 2288 2936 2350 gesta
2969 2278 3137 2334 fuere.
3167 2278 3266 2347 Qui
3294 2279 3437 2333 enim
3467 2293 3586 2332 om-

1991 2373 2077 2427 nia
2109 2374 2257 2428 uovit
2281 2382 2564 2445 antequam
2604 2372 2735 2427 ﬁant
2754 2413 2769 2438 ,
2794 2380 2849 2427 et
2876 2371 2980 2427 hoc
3003 2386 3125 2426 cum
3169 2372 3287 2424 aliis
3315 2380 3537 2425 noverat
3567 2387 3582 2425 :

1989 2464 2192 2520 scilicet
2216 2464 2259 2521 si
2304 2464 2499 2519 fulmen
2539 2464 2590 2518 in
2620 2464 3000 2542 Imperatorem
3031 2462 3329 2518 immissum
3358 2461 3583 2528 fuisset,

1989 2557 2077 2627 qui
2130 2567 2422 2626 praesentes
2450 2555 2675 2611 fuissent
2699 2571 2762 2611 ac
2790 2556 3086 2620 vidissent,
3126 2555 3191 2610 ad
3239 2564 3448 2625 tempus
3489 2571 3587 2610 cx-

1989 2648 2161 2702 territi
2192 2658 2404 2715 essent,
2435 2648 2671 2702 secundo
2696 2659 2873 2702 autem
2904 2647 2984 2702 vel
3016 2647 3185 2701 tertio
3201 2655 3416 2716 peracto
3440 2661 3583 2701 anno

1990 2740 2113 2794 facti
2144 2741 2402 2796 memoria
2434 2741 2714 2809 periisset,
2765 2740 3025 2809 multique
3067 2738 3233 2794 futuri
3274 2748 3427 2793 erant
3450 2783 3465 2806 ,
3492 2740 3585 2809 qui

1992 2832 2251 2886 miraculo
2277 2846 2383 2886 non
2415 2831 2715 2886 crederent.
2748 2831 2839 2886 Sin
2866 2846 2998 2886 vero
3026 2830 3283 2900 templum
3312 2829 3585 2884 ﬂammam

1988 2925 2286 2994 reciperet,
2332 2924 2481 2979 omni
2520 2939 2768 2994 praecone
2797 2924 3029 2991 clarius,
3060 2940 3166 2977 non
3200 2924 3263 2977 iis
3294 2922 3465 2978 solum
3491 2922 3584 2992 qui

1990 3025 2117 3071 tunc
2146 3024 2329 3080 erant,
2371 3015 2468 3071 sed
2518 3017 2679 3072 etiam
2708 3016 2949 3086 posteris
2978 3013 3227 3070 omnibus
3266 3014 3397 3068 iram
3428 3028 3581 3067 suam

1991 3107 2400 3163 denuntiaturus
2442 3115 2560 3163 erat
2596 3107 2738 3162 Deus
2770 3124 2783 3160 :
2815 3107 2886 3160 ita
2919 3112 2979 3160 ut
3014 3105 3061 3160 si
3099 3106 3187 3175 qui
3216 3120 3331 3161 rem
3373 3115 3583 3175 gestant

1991 3200 2192 3256 vellent
2218 3199 2557 3271 impudenter
2577 3200 2878 3267 occultare,
2906 3200 2971 3254 iis
2994 3197 3171 3254 omnis
3197 3198 3410 3254 occasio
3439 3213 3583 3268 prav—

1989 3292 2277 3348 cidcretur.
2307 3293 2559 3363 Quisquis
2598 3309 2740 3347 enim
2781 3293 2957 3348 locum
2991 3293 3149 3361 petit,
3181 3292 3260 3347 sic
3295 3293 3475 3347 animo
3499 3291 3582 3345 af-

1993 3383 2186 3449 ficitur,
2224 3398 2288 3438 ac
2307 3384 2353 3437 si
2381 3383 2685 3438 incendium
2716 3399 2888 3454 nuper
2912 3383 3230 3447 accidisset,
3261 3392 3423 3453 atque
3454 3382 3583 3437 hor-

1991 3487 2082 3526 ror
2106 3473 2319 3542 quidam
2363 3472 2535 3544 ipsum
2581 3473 2812 3539 invadit,
2863 3483 2920 3528 et
2944 3472 3009 3527 ad
3048 3473 3239 3528 cadum
3288 3472 3585 3543 reSpiciens

1990 3566 2167 3619 statim
2213 3566 2449 3621 celebrat
2490 3566 2740 3620 virtutem
2770 3566 2920 3637 ejus,
2963 3565 3054 3636 qui
3107 3564 3293 3620 istluec
3332 3575 3585 3635 operatus

1991 3664 2101 3709 cst.
2124 3655 2193 3710 Ut
2235 3657 2378 3711 enim
2409 3656 2452 3710 si
2480 3658 2597 3726 quis
2620 3657 2928 3727 praedonum
2978 3657 3234 3727 principis
3287 3666 3499 3712 antrum
3528 3667 3586 3713 et

1992 3748 2268 3802 latibulum
2315 3748 2682 3819 perfringens,
2714 3750 2949 3804 vinctum
2981 3750 3130 3804 illum
3174 3749 3450 3817 eduxerit,
3496 3749 3583 3805 di-

1992 3842 2263 3912 reptisque
2290 3842 2406 3912 ejus
2433 3840 2769 3897 facultatibus
2788 3884 2805 3908 ,
2833 3843 3009 3897 locum
3036 3841 3309 3913 reliquerit
3338 3852 3581 3911 recepta.-

1991 3932 2169 3987 culum
2200 3931 2431 3987 ferarum
2463 3943 2517 3987 et
2546 3932 2992 3999 tuouedularum;
3025 3932 3222 3988 deinde
3250 3948 3409 4000 vero,
3438 3935 3585 4003 quis.

1992 4025 2111 4096 quis
2154 4025 2206 4079 in
2252 4024 2556 4095 hujusmodi
2592 4025 2869 4080 latibulum
2912 4025 3153 4089 venerit,
3197 4026 3377 4079 statim
3423 4034 3585 4095 atque

1993 4120 2167 4173 locum
2196 4118 2374 4187 videt,
2408 4118 2653 4173 incursus
2681 4129 2736 4174 et
2760 4116 2897 4173 furta
2930 4118 3103 4173 locum
3134 4119 3279 4187 prius
3305 4118 3585 4174 iucolentis

1992 4210 2093 4264 sibi
2145 4200 2327 4264 animo
2371 4208 2643 4279 depingit:
2677 4210 2749 4264 ita
2775 4218 2832 4264 et
2872 4208 2959 4264 hic
2985 4223 3082 4262 usu
3125 4209 3289 4264 venit.
3336 4208 3587 4279 Quisquis

1993 4300 2136 4355 enim
2167 4301 2440 4355 columnas
2474 4300 2658 4370 procul
2677 4301 2934 4371 conspicit
2956 4340 2971 4365 ,
3000 4298 3369 4370 acccdensque
3399 4311 3581 4370 postea

1994 4393 2153 4447 limen
2178 4392 2584 4462 transgreditur,
2618 4392 2879 4447 daemonis
2905 4392 3360 4448 abominationum
3403 4394 3585 4448 animo

1994 4484 2095 4539 sibi
2123 4484 2361 4555 depingit
2384 4526 2399 4550 ,
2429 4484 2687 4540 fallaciam
2714 4485 2842 4539 item
2869 4493 2923 4538 et
2945 4483 3163 4539 insidias
3196 4502 3211 4539 :
3243 4495 3402 4555 atque
3449 4485 3583 4539 iram

1993 4576 2352 4644 virtutemque
2392 4575 2485 4629 Dei
2512 4580 2733 4629 miratus
2758 4574 3015 4629 abscedit.
3045 4575 3135 4631 Sic
3156 4576 3297 4646 quod
3327 4576 3471 4643 prius
3496 4590 3587 4628 er-

1994 4666 2133 4721 roris
2165 4676 2221 4723 et
2244 4666 2590 4736 blasphemia:
2622 4665 2981 4722 habitaculum
3010 4666 3217 4735 fuerat,
3248 4685 3387 4722 nunc
3414 4669 3586 4722 laudis

1993 4758 2337 4813 decantandte
2358 4770 2735 4828 argumentum
2764 4767 2847 4814 est
2877 4775 2889 4811 :
2918 4769 3061 4812 tanta
3091 4760 3233 4814 Deus
3264 4770 3447 4815 noster
3472 4776 3586 4814 nia-

1993 4848 2243 4903 chinandi
2273 4858 2388 4904 arte
2408 4849 2574 4903 valet.
2594 4848 2661 4903 Et
2682 4849 2943 4904 mirabilia
2969 4849 3270 4919 hujusmodi
3303 4867 3407 4904 nun
3440 4867 3583 4904 nunc

1993 4942 2225 5010 primum
2244 4983 2258 5005 ,
2282 4941 2374 4996 sed
2392 4941 2500 5011 jam
2524 4942 2652 4996 olim
2673 4957 2703 4995 a
2732 4942 3440 5012 prioribusgeuerationibus
3459 4960 3589 5015 0pc-

1995 5043 2160 5088 ratur.
2188 5032 2374 5088 Omnia
2408 5050 2569 5103 porro
2595 5049 2877 5090 recensere
2904 5050 3009 5088 non
3033 5044 3116 5089 est
3143 5038 3423 5105 praesentis
3456 5047 3588 5091 teni—

1994 5129 2172 5196 poris;
2196 5144 2308 5181 rem
2348 5137 2519 5180 tamen
2564 5128 2998 5181 commemorabo
3029 5127 3152 5181 huic
3176 5128 3395 5181 omnino
3437 5129 3587 5184 simi-

1995 5222 2117 5273 lem.
2144 5221 2290 5275 Bello
2321 5223 2445 5273 oliui
2483 5221 2536 5274 in
2560 5221 2839 5275 Palmstina
2884 5222 3104 5275 suborlo
3131 5223 3270 5275 inter
3298 5221 3512 5277 Jutlmus
3539 5234 3590 5279 ct

1993 5311 2249 5382 (piosdam
2303 5312 2658 5381 alienigenas,
2696 5312 2920 5366 victoria
2966 5312 3117 5381 potiti
3170 5312 3351 5367 hostes
3378 5325 3591 5383 captant

1998 5403 2088 5457 Dei
2116 5418 2291 5456 arcam
2328 5404 2402 5473 (ι.
2429 5401 2537 5470 Reg
2588 5403 2639 5455 5.
2666 5402 2723 5470 2)
2744 5444 2758 5467 ,
2802 5402 2950 5472 quasi
2998 5404 3276 5458 manubias
3306 5414 3357 5459 ct
3386 5406 3552 5474 spolia
3573 5447 3590 5471 ,

1994 5495 2200 5548 cuidam
2235 5494 2376 5550 idolo
2399 5504 2814 5561 consecrarunt,
2859 5495 2945 5550 cui
2994 5511 3189 5550 nomen
3226 5497 3403 5565 Daguu
3452 5509 3588 5550 erat.

1996 5588 2093 5643 ἰ)ὺί
2123 5599 2299 5643 autem
2330 5591 2555 5658 primum
2608 5589 2820 5643 inducta
2851 5588 2948 5643 fuit
2978 5605 3099 5644 arca
3130 5631 3146 5653 ,
3189 5600 3361 5643 statua
3393 5588 3591 5645 decidit

1997 5690 2050 5731 vt
2083 5689 2344 5749 prostrata
2370 5679 2599 5746 jacehat.
2639 5678 2705 5735 Ut
2734 5688 2907 5732 autem
2939 5696 3003 5734 ex
3059 5680 3160 5734 hoc
3184 5694 3309 5737 casu
3345 5682 3433 5735 fici
3482 5684 3583 5733 vir-

2000 5783 2163 5828 tutem
2213 5770 2751 5841 uouiutellexcruut,
2791 5770 2886 5828 sed
2928 5781 3160 5828 erectam
3214 5790 3397 5829 rursus
3447 5774 3586 5828 illam
