4220 6300
656 311 757 369 567

656 425 708 477 in
737 420 850 476 basi
876 434 969 474 sua
1002 416 1330 474 collocarunt
1347 456 1362 482 ,
1386 414 1639 484 postridie
1659 424 1758 469 sub
1785 428 1991 467 aurora:
2018 419 2225 479 tempus

656 513 968 569 accedentes
987 551 1002 576 ,
1034 523 1139 563 non
1185 507 1368 572 solum.
1400 506 1669 575 delapsam
1690 548 1704 571 ,
1732 506 1826 559 Sed
1871 503 2080 573 penitus
2124 500 2231 555 fra-

660 614 796 657 ctam
820 607 1149 669 repererunt.
1180 596 1312 652 Nam
1338 596 1536 650 avulsa:
1564 609 1754 649 manus
1777 594 1844 647 ab
1868 594 2135 657 humeris,
2162 591 2229 645 ad

659 694 817 747 limen
847 690 1030 760 templi
1071 704 1193 745 cum
1231 688 1449 758 pedibus
1490 686 1831 749 exsilieratu,
1860 685 2060 754 reliqua
2107 699 2230 753 pars

658 791 843 837 statua
883 780 1087 835 divulsa
1134 779 1257 833 alibi
1292 786 1505 847 reperta
1554 779 1660 831 est.
1709 775 2058 831 Sodomorum
2103 776 2228 829 item

660 873 818 927 tellus
836 912 853 938 ,
878 880 937 926 ut
957 885 1121 939 parva
1150 871 1354 939 magnis
1381 867 1715 923 conferamus
1732 907 1748 932 ,
1780 865 1900 920 ideo
1924 880 2044 919 eum
2079 864 2230 918 habi-

657 961 914 1016 tatorihus
942 962 1063 1031 igne
1091 969 1362 1028 assumpta
1394 959 1549 1028 periit
1576 956 1725 1026 (Gen.
1758 956 1846 1027 l9)
1873 998 1888 1019 ,
1942 954 2235 1010 infructuo-

660 1065 822 1120 saque
852 1049 1076 1112 mansit,
1113 1057 1171 1103 ut
1212 1064 1316 1103 non
1349 1046 1510 1103 modo
1539 1047 1681 1102 illius
1704 1047 1802 1101 aevi
1835 1045 2109 1111 homines,
2137 1043 2231 1099 sed

664 1151 782 1210 post
802 1141 962 1197 futuri
987 1156 1175 1196 omnes
1203 1156 1233 1194 a
1262 1142 1391 1195 locis
1434 1140 1562 1209 ipsis
1604 1139 1670 1193 ad
1715 1140 1986 1193 meliorem
2031 1137 2232 1207 frugem

663 1232 1058 1288 reducerentur.
1086 1232 1143 1288 Si
1187 1234 1326 1287 enim
1370 1231 1609 1286 homines
1635 1240 1835 1286 tantum
1866 1212 1999 1286 ultio
2030 1231 2234 1298 attigis-

663 1332 778 1389 set,
808 1323 1004 1379 factum
1044 1332 1228 1393 postea
1271 1338 1377 1379 non
1413 1322 1670 1378 creditum
1704 1321 1907 1378 fuisset.
1936 1308 2059 1377 ideo
2086 1321 2236 1375 locus

666 1418 870 1485 plagam
900 1415 1126 1485 accipit,
1157 1416 1245 1485 qui
1292 1424 1466 1485 potest
1493 1425 1732 1485 tempore
1758 1428 1863 1468 non
1890 1412 2091 1479 deleri,
2122 1415 2235 1469 sin-

664 1504 919 1573 gulasque
968 1505 1336 1571 generationes
1388 1501 1829 1570 commonefacit,
1884 1503 1999 1573 lege
2047 1518 2238 1574 nempe

663 1600 916 1647 statutum
956 1607 1107 1659 esse,
1137 1601 1194 1647 ut
1244 1593 1332 1663 qui
1380 1594 1499 1647 talia
1547 1602 1742 1663 agant,
1772 1592 1899 1648 talia
1937 1594 2235 1662 patiantur;

664 1682 871 1736 eaiamsi
915 1697 1024 1737 non
1070 1684 1249 1738 statim
1296 1697 1478 1753 pinnas
1513 1689 1688 1751 luant,
1718 1692 1774 1739 ut
1816 1684 1870 1737 in
1901 1683 2003 1738 hoc
2042 1684 2240 1753 templo

664 1773 902 1843 contigit.
931 1773 1072 1828 Ecce
1117 1774 1348 1843 namque
1374 1773 1655 1844 vigerimus
1698 1781 1869 1828 annus
1885 1788 1950 1829 ex
1979 1774 2071 1828 illo
2101 1785 2237 1829 tem-

667 1880 797 1934 pore
832 1867 1004 1937 agitur
1034 1866 1107 1940 (α)
1131 1908 1146 1932 ,
1175 1883 1273 1923 nec
1314 1876 1491 1923 tamen
1542 1867 1753 1924 aedilicii
1793 1870 1861 1924 ab
1909 1870 2030 1939 igne
2071 1869 2242 1925 relicti

668 1970 791 2023 pars
833 1956 936 2010 ulla
978 1958 1163 2026 periit,
1206 1957 1300 2012 sed
1328 1974 1445 2028 qua:
1485 1968 1663 2028 partes
1707 1960 1879 2030 ignem
1907 1960 2239 2031 eﬂ'ugerunt,

667 2060 745 2098 eae
766 2046 989 2101 firmiter
1013 2055 1155 2101 stant
1182 2055 1347 2117 usque
1377 2048 1513 2104 adeo
1537 2049 1726 2103 validas
1744 2090 1758 2113 ,
1784 2060 1843 2107 ut
1868 2059 1918 2105 et
1944 2061 2157 2107 centum
2188 2062 2244 2107 et

669 2135 749 2190 bis
778 2135 957 2203 plures
978 2178 994 2203 ,
1024 2136 1213 2207 bisque
1234 2152 1442 2192 rursum
1471 2138 1629 2208 longe
1654 2138 1830 2207 plures
1858 2155 2026 2196 annos
2050 2141 2244 2198 durare

669 2227 889 2293 possint.
924 2226 1129 2296 Ecquid
1152 2228 1345 2282 mirum
1368 2229 1414 2283 si
1440 2244 1508 2284 ex
1537 2230 1799 2285 columnis
1820 2231 1960 2285 nulla
1989 2233 2057 2287 ab
2076 2234 2242 2288 altera

671 2315 850 2370 avulsa
878 2316 945 2369 ad
975 2316 1145 2372 solum
1173 2316 1463 2374 deciderit?
1486 2319 1863 2376 Columnarum
1892 2322 2034 2376 enim
2060 2338 2241 2379 earum

668 2420 787 2474 quae
816 2405 882 2459 ad
909 2409 1255 2476 posteriorem
1282 2408 1465 2478 templi
1482 2418 1684 2479 partem
1708 2419 1860 2466 erant
1876 2450 1889 2470 .
1915 2427 2015 2465 una
2041 2420 2243 2467 tantum

668 2497 865 2562 fracta,
889 2513 956 2553 ne
980 2513 1040 2552 ea
1071 2498 1286 2568 quidem
1307 2502 1540 2570 corruit,
1567 2501 1661 2557 sed
1686 2518 1718 2557 a
1757 2517 1851 2557 sua
1879 2504 1991 2560 basi
2021 2516 2161 2559 mota
2191 2516 2245 2561 et

667 2588 735 2643 ad
759 2605 967 2644 murum
996 2592 1251 2646 reclinata
1278 2594 1507 2659 mansit,
1538 2594 1761 2665 ejusque
1792 2611 1915 2665 pars
1934 2597 2003 2651 ab
2026 2580 2134 2654 imo
2152 2613 2218 2654 us

670 2696 774 2750 que
803 2680 869 2735 ad
898 2680 1183 2738 fracturam
1220 2684 1433 2754 oblique
1476 2701 1629 2740 muro
1671 2687 1890 2754 nititur;
1941 2703 1974 2743 ι
2020 2687 2245 2744 fractura

669 2785 799 2826 vero
842 2786 1009 2840 usque
1051 2772 1117 2829 ad
1160 2775 1460 2842 capitellmu
1508 2775 1693 2846 supina
1711 2786 1865 2845 ,stat,
1897 2779 1964 2832 ab
2007 2780 2246 2835 inferiori

672 2870 819 2930 parte
843 2861 1077 2916 suffulta.
1104 2862 1431 2933 Quamquam
1458 2853 1635 2921 autem
1654 2877 1710 2921 et
1734 2868 1875 2922 venti
1902 2869 2248 2927 vehementer

670 2955 1000 3025 ingruerint,
1034 2967 1193 3013 terra:
1233 2971 1409 3016 motus
1453 2963 1785 3029 acciderint,
1818 2972 1871 3020 et
1920 2974 2061 3021 terra
2115 2982 2247 3021 con-

669 3060 823 3100 cussa
852 3045 1041 3113 fuerit,
1074 3049 1301 3103 flammae
1328 3052 1565 3121 reliquiae
1606 3067 1711 3108 non
1739 3065 1929 3109 amota:
1965 3066 2121 3123 sunt;
2154 3056 2246 3111 sed

670 3145 928 3193 steterunt
970 3141 1351 3222 propmodum
1382 3142 1800 3212 elamantes,.se
1823 3144 1888 3200 ad
1914 3155 2247 3217 posterorum

670 3227 1094 3286 emendationem
1116 3242 1359 3288 servatas
1378 3249 1521 3290 esse.
1586 3303 1592 3309 ‘

739 3320 826 3375 22.
852 3321 915 3376 Et
934 3322 1145 3391 quidem
1175 3325 1312 3394 quod
1340 3326 1595 3397 templum
1617 3343 1721 3383 non
1748 3327 1981 3385 funditus
2008 3331 2245 3387 dirutum

672 3408 858 3477 fuerit,
888 3410 1027 3467 hanc
1067 3428 1282 3469 causam
1310 3415 1489 3471 dicere
1515 3419 1688 3486 possis
1717 3437 1731 3472 :
1759 3420 1902 3493 quod
1929 3429 2104 3476 autem
2137 3423 2241 3477 ful-

673 3517 794 3559 men
838 3500 1216 3571 Imperatorem
1245 3520 1351 3560 non
1376 3507 1646 3587 attigerit,
1688 3508 1917 3580 alteram.
1957 3525 2171 3567 causam
2202 3512 2247 3566 si

669 3606 878 3660 (μίξει-οε
907 3595 1141 3662 reperies
1163 3635 1180 3659 ,
1221 3610 1285 3651 ex
1314 3597 1502 3653 eodem
1548 3592 1725 3668 ipso“:l
1747 3602 2037 3660 “initiatis
2062 3589 2123 3656 et
2139 3604 2247 3658 cle-

670 3684 883 3738 mentia
909 3684 1105 3739 Christi
1136 3685 1278 3742 fonte
1302 3698 1548 3744 manante
1574 3709 1599 3715 ··
1658 3689 1775 3746 ωειλ
1816 3693 1954 3746 .r‘m
1978 3695 2155 3762 ignem
2180 3711 2245 3749 ex

670 3775 1006 3844 Imperatoris
1030 3778 1202 3847 capite
1225 3770 1514 3834 aveﬁ‘mb
1546 3792 1688 3837 ἠλεί.
1727 3797 1851 3853 ‘que
1884 3794 2075 3839 tectum
2096 3787 2247 3853 jacu—

669 3865 808 3921 latus
826 3876 937 3929 est,
973 3878 1031 3921 ut
1064 3868 1253 3923 alienis
1282 3857 1539 3924 ρειεὶπογίτ
1565 3853 1671 3926 ἠδε
1695 3872 1918 3926 edoctus
1961 3875 2247 3943 repositam

668 3958 767 4011 sibi
796 3973 1003 4026 ptenam
1028 3959 1302 4030 eﬂ‘ugeret,
1335 3943 1649 4017 ιιιυίέιωκᾶὲῑ
1666 3964 1734 4018 ab
1760 3978 1945 4019 errore
1973 3964 2245 4019 liberatus.

668 4046 850 4117 Neque
876 4049 978 4104 hoc
1020 4051 1191 4104 solum
1216 4090 1234 4117 ,
1287 4067 1459 4121 neque
1500 4048 1727 4122 primum
1776 4055 2004 4123 proprias
2042 4055 2249 4109 virtutis

669 4140 875 4208 signum
905 4141 952 4195 ei
979 4141 1123 4196 dedit
1148 4142 1426 4207 Christus,
1457 4146 1548 4200 sed
1593 4174 1648 4199 ιι
1688 4145 1791 4199 alia
1829 4147 1993 4200 multa
2033 4145 2117 4201 his
2142 4162 2247 4202 non

671 4229 894 4285 minora.
936 4230 1067 4285 Nam
1094 4241 1146 4286 et
1173 4244 1392 4302 patruus
1414 4235 1531 4304 ejus
1554 4245 1608 4289 et
1636 4244 1870 4305 quaestor
1889 4238 2109 4292 aerarius
2128 4277 2144 4304 ,
2170 4239 2250 4294 sic

669 4322 827 4376 ambo
851 4322 958 4376 vita
997 4323 1159 4378 functi
1187 4334 1344 4392 sunt;
1391 4325 1457 4379 ad
1494 4326 1611 4381 haec
1650 4328 1817 4382 fames
1843 4343 1944 4382 una
1974 4344 2093 4384 cum
2131 4330 2275 4399 ipso,

669 4412 852 4467 urbem
877 4414 1149 4481 invadens,
1185 4431 1446 4486 aquarum
1471 4433 1683 4488 quoque
1712 4420 1929 4488 penuria
1959 4437 2243 4491 numquam

669 4513 791 4559 ante
818 4504 958 4571 visa,
1001 4522 1158 4577 quam
1186 4507 1252 4563 ab
1278 4523 1342 4563 eo
1372 4509 1629 4563 sacrificia
1668 4509 1903 4566 fontibus
1936 4512 2072 4568 facta
2113 4512 2245 4569 fuis-

668 4605 788 4650 sent
812 4638 830 4662 ,
859 4598 1067 4668 aliaque
1095 4599 1257 4653 multa
1278 4641 1293 4668 ,
1339 4603 1453 4657 sive
1478 4602 1528 4656 in
1555 4604 1786 4657 exercitu
1815 4605 1925 4658 sive
1954 4604 2005 4659 in
2030 4607 2247 4665 urbibus

666 4685 981 4749 accidentia,
1011 4674 1308 4756 potuissent
1328 4691 1413 4746 vel
1443 4677 1710 4761 lapideum
1740 4695 1974 4748 animum
2007 4695 2241 4762 ﬂectere,

673 4789 773 4828 non
801 4775 1133 4833 multitudine
1180 4787 1412 4845 tantum,
1464 4795 1636 4851 neque
1677 4782 1817 4852 quod
1866 4786 2043 4838 omnia
2089 4786 2247 4840 simul

670 4864 905 4921 facinora
930 4868 1106 4919 statim
1136 4870 1521 4937 sequerentur,
1570 4880 1626 4927 ut
1662 4872 1932 4941 quondam
1964 4872 2243 4944 Egyptio-

669 4972 786 5011 rum
816 4957 957 5027 regis
983 4968 1220 5029 tempore
1243 4979 1258 5025 ;
1301 4961 1393 5015 sed
1414 4962 1573 5016 etiam
1604 4963 1743 5033 quod
1770 4978 1867 5033 per
1890 4979 1948 5018 se
1973 4964 2093 5018 talia
2121 4944 2251 5021 ede-

668 5060 853 5103 rentur
878 5050 1152 5117 miracula,
1176 5058 1234 5105 ut
1251 5052 1391 5105 aliud
1410 5053 1516 5106 alio
1543 5067 1648 5108 non
1669 5062 1852 5123 egeret
1868 5054 1933 5106 ad
1955 5054 2245 5111 videntium

664 5140 1111 5209 conversionem,
1142 5143 1235 5198 sed
1276 5144 1480 5213 singula
1517 5158 1582 5198 ex
1627 5160 1685 5199 se
1714 5145 1780 5198 ad
1812 5144 1863 5199 id
1893 5148 2248 5216 peragendum

665 5235 794 5287 satis
826 5241 1027 5313 essent.
1071 5232 1202 5286 Nam
1243 5243 1300 5287 ut
1327 5244 1517 5289 caatera
1544 5233 1823 5300 omittam,
1870 5251 2026 5306 quem
2069 5238 2151 5292 vel
2182 5254 2247 5292 ex

665 5322 953 5378 admodum
978 5324 1201 5393 slupidis
1225 5339 1330 5379 non
1358 5324 1705 5380 deterruisset
1724 5325 1864 5396 quod
1888 5326 2028 5381 circa
2052 5328 2249 5383 veteris

667 5416 1097 5487 Jeroeolymitaui
1142 5417 1324 5484 templi
1368 5416 1706 5472 fundamenta
1741 5416 2033 5472 exhibitum
2068 5428 2149 5473 est
2174 5418 2246 5473 si-

671 5508 875 5575 gnum?
917 5508 1179 5578 Quidnam
1232 5507 1359 5564 illud
1390 5509 1549 5565 erat?
1596 5509 1733 5588 Cum
1760 5507 1964 5565 videret
1996 5520 2248 5581 tyrannus

731 5705 803 5762 (α)
838 5713 994 5753 annus
1019 5711 1280 5767 vigesunus
1297 5716 1323 5753 a
1336 5704 1521 5756 Juliano
1536 5704 1848 5770 imperatore.

1359 302 1400 356 ς
1454 299 1732 359 JOANNIS
1765 294 2236 355 CHRYSOSTOMI
2263 290 2575 349 ARClllEP.
2607 278 3135 345 CONSTANTINOP.

3804 270 3915 329 503

2338 408 2391 461 in
2422 416 2528 461 tota
2553 420 2647 459 sua
2689 404 2887 458 ditione
2927 399 3173 456 diffusam
3212 395 3407 453 Christi
3447 394 3605 449 fidem
3634 435 3649 457 ,
3695 392 3919 461 jamque

2336 496 2613 551 Persarum
2643 493 2775 548 ﬁnes
2802 498 3178 560 occupantem,
3207 488 3536 554 aliorumque
3563 483 3914 538 remotiorum

2335 586 2717 647 barbarorum,
2767 595 3083 648 rursumque
3130 580 3265 633 ultra
3309 592 3401 631 eos
3446 586 3778 645 progressam
3804 609 3816 627 .
3850 583 3917 620 ac
3962 574 3967 575 ’

2337 686 2544 743 totum,
2577 685 2633 729 ut
2660 675 2731 728 ita
2758 673 2928 727 dicam
2956 711 2973 735 ,
3007 670 3194 725 orbem
3215 674 3562 735 occupantem
3594 680 3608 717 :
3639 660 3917 719 cruciaba-

2338 778 2426 823 tur
2446 770 2624 822 animo
2648 776 2700 820 et
2719 766 3026 834 angebatur,
3056 761 3419 829 Ecclesiisque
3441 758 3635 813 bellum
3658 755 3885 826 parabat
3906 795 3921 808 .

2338 862 2615 932 ignorabat
2636 872 2809 932 autem
2826 858 3004 913 infelix
3019 872 3078 911 se
3106 863 3289 909 contra
3310 852 3581 908 stimulum
3610 850 3914 905 calcitrare.

2338 928 2417 1008 Ᾰο
2442 952 2614 1022 primo
2643 928 2855 1021 quidem
2892 947 3396 1017 Jerosolymitanum
3438 941 3695 1011 templum
3715 980 3731 1004 ,
3772 952 3897 1009 quo-

2338 1044 2576 1099 funditus
2602 1042 2800 1098 Christi
2821 1042 2987 1095 virtus
3002 1041 3253 1103 diruerat,
3281 1047 3579 1092 restaurare
3601 1035 3919 1093 conabatur,

2339 1138 2655 1208 gentilisqne
2684 1134 2845 1188 homo
2866 1148 2951 1187 res
2979 1132 3285 1186 Judaeorum
3318 1126 3633 1197 procumbat
3658 1167 3674 1190 ,
3704 1122 3922 1177 virtutis

2340 1228 2535 1283 Christi
2566 1225 2855 1295 periculum
2886 1222 3009 1276 inde
3053 1221 3229 1275 facere
3257 1220 3478 1282 volens;
3524 1224 3577 1270 et
3614 1215 3799 1269 accitis
3824 1212 3887 1267 Ju
3910 1244 3923 1251 -

2341 1320 2470 1374 dacis
2490 1317 2827 1389 quibusdam,
2848 1315 3014 1384 iisque
3031 1312 3331 1367 sacrificare
3349 1309 3670 1381 jussis(nam
3693 1306 3927 1376 majores

2342 1426 2525 1466 eorum
2552 1409 2762 1463 dicebat
2806 1409 2908 1461 hoc
2945 1404 3121 1459 cultus
3166 1417 3363 1473 genere
3406 1414 3533 1455 usos
3577 1396 3755 1468 esse),
3800 1411 3930 1451 cum

2341 1503 2509 1559 Judaei
2539 1517 2607 1557 eo
2631 1501 3013 1570 confugerent,
3047 1505 3105 1551 ut
3135 1510 3241 1551 non
3284 1493 3361 1549 fas
3390 1507 3510 1549 esse
3534 1493 3635 1546 sibi
3664 1492 3927 1552 dlCPf‘elil,

2342 1593 2544 1662 templo
2586 1593 2762 1647 diruto
2798 1600 2947 1646 extra
2993 1597 3228 1643 veterem
3272 1583 3590 1654 metropolin
3622 1583 3674 1637 id
3722 1584 3925 1645 facere,

2339 1670 2489 1755 jubet
2514 1683 2763 1752 pecunias
2794 1696 2860 1737 ex
2899 1678 3239 1748 imperatorio
3277 1676 3470 1731 arrario
3493 1675 3734 1743 accipere
3754 1713 3768 1735 ,
3800 1684 3931 1724 nec-

2346 1793 2451 1831 non
2486 1777 2588 1830 alia
2616 1774 2791 1829 omnia
2833 1773 2899 1828 ad
2934 1781 3256 1826 structuram
3301 1769 3634 1831 necessaria,
3675 1766 3934 1833 abireque

2347 1867 2700 1922 instauratum
2728 1863 2981 1934 templum
3007 1902 3022 1928 ,
3050 1874 3113 1916 ac
3137 1872 3372 1915 veterem
3403 1858 3785 1913 sacriﬁciorum
3816 1869 3933 1910 mo-

2346 1973 2459 2013 rem
2500 1958 2803 2026 repetitum.
2847 1954 2981 2013 Tum
3010 1954 3155 2008 stulti
3188 1953 3261 2012 illi
3285 1992 3303 2019 ,
3339 1952 3407 2006 ab
3435 1959 3583 2005 utero
3611 1960 3851 2004 errantes
3876 1956 3935 2002 et

2346 2048 2414 2103 ad
2438 2062 2603 2103 canos
2642 2061 2810 2116 usque
2851 2045 3036 2115 puerili
3064 2052 3281 2113 egentes
3325 2042 3656 2098 institutione
3680 2080 3695 2104 ,
3731 2040 3936 2094 disces-

2347 2146 2567 2205 serunt,
2612 2147 2675 2192 ut
2719 2137 3044 2207 lmperatore
3084 2134 3293 2190 favente
3326 2148 3439 2189 rem
3478 2139 3838 2204 peragerent:
3871 2145 3937 2185 ac

2347 2230 2524 2287 statim
2546 2241 2704 2301 atque
2733 2230 2952 2285 humum
2984 2244 3205 2299 egerere
3232 2228 3555 2298 coepissent,
3586 2225 3724 2296 ignis
3748 2239 3781 2279 e
3807 2223 3934 2277 fun-

2347 2321 2608 2375 damentis
2636 2321 2887 2376 exsiliens
2916 2334 3009 2375 eos
3036 2320 3214 2375 statim
3242 2318 3595 2385 consumpsit.
3636 2316 3728 2369 llis
3756 2315 3935 2383 lmpe-

2347 2412 2512 2467 ratori
2540 2412 2794 2466 nuntiatis
2819 2426 2926 2465 non
2953 2411 3093 2465 ultra
3137 2424 3250 2462 rem
3296 2421 3613 2477 promovere
3638 2421 3800 2460 ausus
3830 2414 3937 2470 est,

2348 2500 2496 2573 metu
2543 2504 2748 2558 scilicet
2802 2502 3124 2567 cohibente;
3185 2514 3359 2569 neque
3410 2509 3588 2553 tamen
3631 2497 3699 2551 ab
3748 2510 3941 2551 errore

2349 2595 2650 2650 daemonum
2671 2634 2688 2658 ,
2724 2595 2916 2663 quibus
2948 2592 3103 2663 plane
3131 2591 3377 2646 subditus
3420 2599 3557 2654 erat,
3590 2587 3806 2642 liberari
3838 2599 3937 2640 vo-

2351 2689 2476 2752 luit;
2507 2687 2717 2743 interim
2744 2696 2918 2741 tamen
2946 2684 3158 2755 paulum
3183 2682 3407 2754 quievit.

2422 2778 2609 2833 Modus
2649 2777 3041 2849 persequutionis
3079 2774 3171 2828 sub
3194 2773 3425 2827 Iuliano.
3466 2800 3539 2812 -—-
3567 2770 3719 2825 Brevi
3751 2778 3937 2837 postea

2352 2878 2591 2939 tempore
2620 2883 2807 2933 vanam
2838 2866 3019 2921 itidem
3048 2879 3262 2934 operam
3292 2863 3559 2932 suscepit,
3592 2877 3697 2916 nou
3721 2860 3939 2930 quidem

2350 2977 2512 3039 ausus
2534 2962 2667 3016 ultra
2693 2960 2946 3035 templum
2980 2968 3293 3013 construere
3317 2998 3333 3023 ,
3367 2956 3460 3012 sed
3495 2956 3770 3010 nobiscum
3802 2954 3942 3009 veli-

2353 3055 2639 3109 tationibus
2684 3066 2918 3123 pugnare
2952 3051 3138 3106 volens
3171 3068 3185 3104 :
3226 3058 3417 3123 aperto
3452 3049 3595 3102 enim
3639 3056 3809 3102 marte
3838 3044 3942 3100 nos

2350 3144 2547 3199 adoriri
2575 3143 2746 3198 adhuc
2772 3142 3052 3198 differebat
3079 3160 3093 3197 :
3121 3140 3220 3196 hac
3246 3156 3349 3195 una
3374 3150 3435 3194 et
3456 3141 3627 3210 prima
3662 3138 3730 3193 de
3754 3153 3942 3194 causa.

2350 3236 2493 3304 quod
2540 3248 2823 3304 persuasus
2848 3240 2990 3288 esset
3019 3246 3079 3286 se
3103 3230 3156 3285 id
3204 3231 3396 3285 frustra
3425 3238 3746 3284 tentaturum
3778 3244 3944 3293 esse;

2352 3325 2587 3380 secunda
2609 3339 2772 3392 vero,
2810 3339 2879 3379 ne
2918 3324 3071 3378 nobis
3110 3322 3443 3377 occasionem
3474 3321 3737 3391 praeberet
3760 3328 3818 3373 ut
3845 3336 3942 3373 co-

2351 3430 2483 3470 rona
2513 3415 2750 3485 martyrii
2767 3414 3158 3469 redimiremur.
3189 3412 3301 3466 Hoc
3317 3412 3511 3481 quippe
3536 3411 3943 3466 intolerandum-

2351 3504 2475 3573 ipsi,
2518 3514 2572 3560 et
2600 3504 2744 3559 omni
2772 3503 3075 3559 calamitate
3113 3503 3326 3571 gravius
3360 3507 3495 3567 erat,
3524 3502 3566 3555 si
3594 3500 3715 3571 quis
3744 3502 3799 3555 in
3827 3516 3943 3555 me-

2351 3597 2496 3651 dium
2545 3596 2832 3665 productus
2880 3610 2978 3664 pro
3007 3594 3227 3649 veritate
3269 3608 3441 3664 usque
3489 3591 3556 3647 ad
3610 3602 3837 3647 mortem
3892 3595 3945 3647 in

2350 3674 2673 3742 cruciatibus
2704 3694 3072 3755 perseveraret
3104 3704 3117 3739 :
3149 3686 3222 3739 ita
3260 3699 3490 3740 sese»ex
3535 3685 3715 3739 animo
3757 3683 3946 3737 inimi-

2351 3795 2470 3831 cum
2522 3787 2764 3832 nostrum
2816 3777 3141 3833 declarabat.
3201 3776 3431 3832 Noverat
3474 3776 3659 3841 enim,
3714 3786 3945 3830 noverat

2353 3871 2527 3938 plane,
2554 3870 2599 3924 si
2629 3869 2683 3924 id
2716 3869 2973 3935 auderet,
3005 3883 3193 3923 omnes
3223 3885 3319 3938 pro
3344 3867 3555 3923 Christo
3580 3874 3785 3923 animas
3816 3884 3947 3925 suas

2354 3961 2647 4018 tradituros
2695 3977 2851 4027 esse;
2882 3963 3173 4031 ~malignus
3220 3972 3401 4016 autem
3447 3970 3501 4015 et
3546 3952 3768 4016 callidus
3816 3976 3946 4017 cum

2353 4063 2516 4118 esset,
2535 4068 2627 4107 eos
2651 4054 2742 4123 qui
2767 4053 2837 4107 ob
2864 4062 3134 4122 peccatum
3155 4051 3421 4121 quoddam
3446 4051 3702 4106 Ecclesiae
3731 4044 3946 4119 princi-

2356 4146 2509 4214 pibus
2554 4160 2736 4215 ptenas
2777 4145 3087 4210 dedissent,
3139 4154 3230 4197 aut
3267 4159 3296 4197 a
3329 4143 3643 4212 praafectura
3685 4145 3945 4213 quapiam

2353 4238 2513 4291 amoti
2536 4245 2719 4292 essent
2741 4277 2756 4300 ,
2801 4237 3002 4291 liberos
3030 4251 3218 4291 omnes
3246 4237 3442 4305 ubique
3470 4236 3769 4291 dimittebat
3792 4277 3807 4301 ,
3836 4236 3949 4293 hoc

2354 4328 2513 4383 modo
2547 4329 2884 4398 nequissimis
2912 4337 3228 4397 potestatem
3269 4327 3510 4381 tribuens
3533 4369 3550 4392 ,
3582 4327 3835 4382 Ecclesia:
3866 4329 3949 4382 le-

2353 4435 2443 4489 ges
2487 4428 2733 4474 evertens
2782 4429 3129 4488 mutuumque
3177 4419 3317 4473 inter
3354 4433 3449 4473 eos
3491 4417 3795 4473 conﬂictum
3825 4433 3947 4471 mo-

2353 4525 2482 4564 vens
2512 4526 2525 4563 :
2556 4524 2677 4564 nam
2707 4510 3005 4579 expugnatu
3050 4508 3249 4575 faciles,
3271 4507 3489 4563 domum
3517 4507 3723 4563 futuros
3751 4522 3950 4577 spera-

2352 4601 2465 4667 bat,
2490 4615 2613 4659 cum
2636 4614 2753 4655 sese
2776 4600 3024 4654 intestino
3049 4598 3187 4653 bello
3212 4598 3694 4667 consumpsissem.
3740 4598 3949 4666 Quem-

2352 4692 2475 4747 datn
2505 4692 2665 4746 etiam
2706 4699 2816 4748 tum
2866 4705 3130 4760 perversae
3179 4690 3436 4745 doctrinm
3463 4730 3479 4755 ,
3527 4698 3637 4743 tum
3678 4688 3949 4758 improha:

2354 4788 2474 4838 vita:
2502 4797 2691 4849 causa,
2730 4783 3093 4838 ecclesiastico
3125 4783 3423 4853 principatu
3456 4781 3690 4850 pulsum,
3719 4782 3949 4837 nomine

2355 4875 2682 4945 Stephanum
2707 4914 2723 4940 ,
2763 4874 2915 4945 jubet
2953 4888 3163 4928 rursum
3193 4873 3452 4927 doctrina:
3496 4872 3745 4930 thronum
3780 4886 3951 4927 occu-

2356 4981 2483 5033 pare
2512 5010 2527 5035 ,
2571 4974 2729 5034 atque
2777 4965 3109 5018 Dominicum
3158 4978 3391 5027 nomen,
3440 4961 3615 5032 quoad
3659 4963 3777 5031 ejus
3821 4961 3947 5018 fieri

2358 5054 2545 5122 potuit,
2574 5055 2912 5124 exstinguere
2942 5052 3182 5119 curabat,
3214 5051 3462 5107 Galilmos
3491 5066 3587 5120 pro
3614 5050 3943 5108 Christianis

2357 5162 2453 5200 nos
2486 5154 2593 5199 tum
2618 5146 2670 5199 in
2690 5145 2879 5200 edictis
2914 5146 3025 5199 suis
3049 5159 3265 5214 vocans,
3297 5154 3405 5198 tum
3423 5143 3690 5213 principes
3716 5151 3774 5197 ut
3797 5142 3947 5199 idem

2355 5241 2590 5294 facerent
2625 5240 2934 5294 adhortans.
2985 5238 3131 5302 Inter
3156 5245 3235 5293 tot
3270 5238 3419 5307 signa
3449 5247 3629 5291 autem
3654 5277 3669 5301 ,
3710 5246 3768 5291 ut
3804 5236 3947 5305 dixi,

2356 5345 2475 5399 qua:
2510 5345 2606 5399 per
2638 5329 2831 5383 famem
2858 5340 2913 5384 et
2953 5328 3246 5384 siccitatem
3279 5328 3610 5389 edebantur,
3649 5329 3701 5381 in
3748 5326 3945 5383 eadem

2357 5421 2531 5475 adhuc
2574 5420 2901 5490 impudentia
2939 5434 3001 5475 ac
3027 5418 3222 5474 duritie
3263 5418 3656 5488 perseverabat.
3703 5417 3947 5486 Expedi-

2357 5515 2658 5582 tionemque
2696 5512 2962 5567 Persicam
3014 5518 3393 5579 suscepturus,
3443 5517 3589 5563 tanto
3636 5523 3758 5563 cum
3801 5507 3945 5564 fastu

2355 5604 2687 5669 descendens
2724 5618 2787 5659 ac
2812 5606 2854 5658 si
2895 5614 3055 5659 totam
3086 5602 3431 5657 barbarorum
3462 5608 3674 5670 gentem
3703 5608 3936 5654 vastatu-

2359 5712 2451 5752 rus
2476 5705 2618 5753 csset
2638 5737 2653 5765 ,
2695 5704 2975 5753 sescentas
3003 5695 3155 5752 nobis
3186 5693 3355 5749 minas
3380 5694 3691 5759 intentabat,
3727 5692 3933 5761 iactita-
