4220 6316
445 334 550 393 559

445 451 620 519 λέγων
651 448 789 521 μετὰ
816 447 914 519 τὴν
960 445 1170 503 ἐκεῖθι)
1204 446 1463 502 ἐπάνοδον
1503 446 1709 507 πάντας
1754 442 1923 514 ἀρδην
1972 442 2106 493 ἀπο-

445 537 578 593 λεῖν.
613 538 850 607 Πόλεμον
878 536 995 608 γάρ,
1032 534 1179 605 αὐτῷ
1227 532 1414 587 τοῦτον
1445 530 1584 587 εἶναι
1616 534 1790 586 ἐδόκει
1838 530 1930 584 τοῦ
1963 530 2105 597 Περ-

447 627 601 681 σικοῦ
637 624 1046 697 χαλεπώτερον,
1078 624 1171 676 κοιί⁵
1209 622 1320 676 δεῖν
1373 622 1639 694 πρότερον
1686 617 2109 689 κατορθώσαντα

446 716 652 768 ἐκεῖνον
679 713 771 766 τὸν
797 712 1025 776 ἐλάττω,
1060 712 1180 763 τότε
1213 712 1307 763 ἐπὶ
1335 711 1423 763 τὸν
1452 711 1674 781 μείζονα
1696 705 1885 762 τοῦτον
1907 705 2105 759 ἐλθεῖν.

444 802 555 856 Καὶ
606 801 781 855 ταῦτα
824 803 967 870 ἡμῖν·
1006 801 1055 851 οἱ
1109 800 1207 869 τῆς
1248 797 1474 869 γνώμης
1531 795 1678 866 αὑτῷ
1724 792 2109 856 κοινωνοῦντες

444 889 804 959 ἀπήγγελλον.
825 889 969 941 Ζέων
993 886 1050 939 δὲ
1081 886 1157 956 τῷ
1182 887 1304 939 καθ’
1332 886 1490 957 ἡμῶν
1512 884 1687 954 θυμῷ.
1716 883 1811 936 καὶ
1840 880 1962 935 καθ’
1990 882 2110 935 ἐκά-

446 994 578 1047 στην
601 978 813 1048 ἡμέραν
856 973 989 1047 πρὸς
1029 975 1252 1045 μείζονα
1285 975 1478 1045 μανίαν
1515 971 1822 1042 αἰρόμενος,
1848 969 2106 1023 οὐδέποτε

443 1066 537 1117 ἐπὶ
564 1065 662 1134 τῆς
697 1062 868 1131 αὐτῆς
904 1062 1090 1115 ἵστατο
1122 1061 1365 1131 γνώμης,
1396 1059 1530 1113 ἀλλά
1555 1058 1655 1128 τὴν
1682 1056 1951 1128 προτέραν
1986 1055 2107 1125 βου-

442 1151 537 1223 λήν
564 1152 917 1221 ἀποθέμενος,
950 1151 1113 1203 πάλιν
1141 1150 1353 1220 ἡπείλει
1391 1149 1481 1200 τὸν
1522 1146 1761 1215 διωγμὸν
1804 1148 1953 1215 ἡμῖν.
1979 1142 2108 1197 Βου-

441 1241 665 1310 λόμενος
684 1240 741 1292 δὲ
763 1240 925 1291 αὐτὸν
948 1242 975 1293 ὁ
998 1239 1126 1302 Θεὸς
1152 1235 1611 1309 ἀνακρούσασθαι,
1647 1236 1739 1289 καὶ
1759 1233 2127 1296 καταστεῖλαι,

442 1325 864 1396 φλεγμαίνοντα,
900 1327 1145 1397 ἐπήγαγε
1176 1323 1336 1377 πάλιν
1380 1322 1532 1375 τουτὶ
1567 1322 1625 1375 τὸ
1667 1310 1932 1392 σημεῖον(
1953 1322 2010 1373 ἐν
2038 1320 2104 1390 τῇ

439 1414 625 1483 Δάφνῃ
655 1414 716 1466 τὸ
744 1413 857 1484 πῦρ
883 1414 973 1465 ἐπὶ
999 1412 1087 1465 τὸν
1117 1410 1251 1466 νεὼν
1278 1411 1456 1478 ἀφείς.

511 1508 615 1569 κγ’.
650 1501 710 1553 Ὀ
742 1501 796 1552 δέ
814 1502 933 1553 οὑδέ
949 1500 1091 1553 οὕτω
1110 1499 1391 1568 καθυφῆκε
1418 1498 1511 1551 τοῦ
1538 1496 1732 1569 θυμοῦ,
1764 1495 1897 1551 ἀλλά
1909 1496 1974 1567 τῇ
2008 1497 2107 1566 τῆς

439 1588 714 1658 ἡμετέρας
743 1587 1032 1656 λεηλασίας
1062 1586 1327 1657 ἐπιθυμίᾳ.
1354 1586 1843 1657 διαρρηγνύμενος,
1869 1586 1989 1639 ούδέ
2017 1585 2107 1638 τὸν

439 1677 629 1747 καιρὸν
670 1676 729 1728 ὃν
774 1676 1070 1745 ἠπείλησεν
1115 1674 1329 1745 ἔμενεν,
1372 1674 1508 1727 ἀλλά
1541 1675 1630 1727 τὸν
1672 1675 1958 1745 Εὐφράτην
1993 1674 2109 1725 δια-

439 1764 647 1818 6αίνειν
681 1762 892 1834 μέλλων
939 1763 1247 1833 ἀπόπειραν
1299 1764 1532 1814 ἐποιεῖτο
1575 1761 1684 1833 τῶν
1737 1760 2105 1832 στρατιωτῶν,

442 1851 537 1903 καί
568 1867 719 1913 τινας
762 1849 1162 1919 εὐαριθμήτους
1192 1850 1453 1919 κολακείᾳ
1496 1848 1830 1918 διαφθείρας,
1866 1851 1989 1912 τοὺς
2014 1851 2107 1903 ἀν-

440 1938 775 2009 [τςιστάντας
808 1938 868 1990 οὐ
894 1937 1164 2007 παρέλυσε
1185 1937 1282 2005 τῆς
1303 1936 1608 2007 στρατείας,
1632 1936 1881 1994 δεδοικὼς
1904 1936 1978 2006 μὴ
1996 1937 2108 1989 δια-

440 2028 642 2095 στήσας
680 2026 875 2089 αὐτοὺς
930 2024 1311 2095 ἀσθενέστερον
1349 2025 1649 2095 ἐργάσηται
1683 2023 1760 2095 τῷ
1800 2024 1985 2097 Πέρσῃ
2016 2025 2106 2077 τὸν

442 2115 692 2186 στρατόν.

511 2203 605 2266 Τίς
658 2203 791 2271 ἡμῖν
834 2201 1019 2253 λοιπὸν
1063 2200 1133 2253 τά
1176 2199 1424 2254 ἐντεῦθεν
1472 2199 1828 2268 διηγήσεται,
1868 2199 1959 2251 καὶ
1998 2198 2105 2251 τῶν

440 2289 583 2343 κατά
605 2288 705 2358 τὴν
732 2288 830 2359 ἐρη
840 2304 958 2357 μον,
992 2288 1214 2341 καὶτῶν
1241 2287 1383 2339 κατά
1419 2287 1517 2357 τὴν
1553 2286 1843 2350 θάλατταν,
1875 2286 1969 2338 καὶ
1997 2286 2104 2340 τῶν

442 2376 584 2430 κατά
618 2375 716 2447 τὴν
746 2377 1040 2443 Αἴγυπτον,
1068 2377 1157 2428 ὅτε
1187 2376 1216 2427 6
1240 2374 1562 2444 ἀναίσθητος
1590 2374 1796 2437 ἐκεῖνος
1820 2372 2105 2438 ἐκολάζετο

442 2461 673 2534 Φαραὼ,
713 2465 808 2517 καὶ
858 2464 1055 2525 πάντες
1091 2462 1573 2539 κατεποντίζοντο,
1623 2462 1754 2514 ὄντα
1786 2461 1964 2532 πολλῷ
2009 2480 2105 2530 φο-

442 2549 756 2621 6ερώτερα;
794 2550 1063 2622 Καθάπερ
1093 2549 1203 2621 γὰρ
1234 2551 1380 2613 τότε,
1415 2552 1535 2602 ἐπεὶ
1576 2549 1766 2619 μηδενί
1800 2549 1909 2603 τῶν
1939 2549 2108 2602 τοιού-

439 2656 550 2692 των
574 2635 714 2704 εἶξαι
750 2639 1067 2709 συμφορῶν,
1098 2639 1217 2691 καὶο
1237 2636 1489 2706 γενέσθαι
1526 2636 1746 2706 βελτίων
1791 2637 2053 2708 ἠθέλησεν
2078 2638 2107 2691 6

442 2726 760 2795 Αἰγύπτιος,
796 2726 947 2789 τέλος
978 2726 1139 2779 αὐτὸν
1176 2726 1272 2778 σὺν
1324 2725 1472 2795 αὐτῷ
1504 2724 1580 2795 τῷ
1606 2725 1953 2796 στρατοπέδῳ
1982 2742 2107 2778 κατ-

443 2814 651 2868 έδυσενο
674 2813 816 2867 οὕτω
848 2815 942 2866 καὶ
969 2813 1084 2879 νῦν,
1117 2814 1302 2883 ἐπειδὴ
1333 2813 1471 2884 πρὸς
1500 2813 1677 2866 πάντα
1712 2812 1943 2876 ἀναιδῶς
1974 2813 2102 2885 ἔστη

441 2901 533 2955 τοῦ
563 2900 698 2955 Θεοῦ
724 2901 791 2955 τὰ
818 2903 1081 2972 τεράστια
1109 2913 1156 2965 ι,
1186 2902 1279 2955 καί
1318 2901 1469 2954 οὐδὲν
1515 2900 1611 2953 ἀπ’
1640 2899 1818 2953 αὐτῶν
1848 2900 2105 2970 κερδᾶναι

439 2989 726 3058 ἠθέλησεν,
765 2989 879 3043 ἀλλ’
913 2989 1104 3059 ἔμενεν
1132 2990 1477 3059 άδιόρθωτος,
1509 2991 1621 3051 τοῖς
1660 2990 1913 3058 ἐσχάτοις
1944 2988 2104 3043 αὑτὸν

444 3076 628 3130 λοιπὸν
672 3076 963 3144 περιέϐαλε
1000 3080 1210 3140 κακοῖς,
1247 3078 1311 3130 ἵν’
1342 3076 1531 3147 ἐπειδὴ
1554 3079 1665 3139 τοῖς
1698 3076 1901 3147 ἐτέρων
1943 3076 2105 3139 αὐτὸς

444 3163 879 3234 σωφρονισθῆναι
933 3164 1033 3215 οὐκ
1083 3162 1380 3233 ἠνέσχετο.
1438 3165 1551 3226 τοῖς
1601 3161 1763 3216 αὑτοῦ
1819 3162 2104 3233 παθήμασι

444 3249 705 3317 γένωνται
754 3248 994 3319 βελτίους
1043 3250 1238 3320 ἕτεροι,
1275 3251 1331 3301 '0
1369 3250 1475 3320 γὰρ
1522 3248 1786 3312 τοσαύτας
1839 3249 2107 3319 μυριάδας

446 3338 792 3409 στρατιωτῶν
826 3336 1176 3406 καταγαγὼν,
1226 3338 1357 3400 ὅσας
1395 3337 1569 3399 οὐδεὶς
1612 3336 1721 3389 τῶν
1753 3334 2107 3407 βασιλευσάν-

442 3442 550 3478 των
567 3425 716 3486 ποτὲ,
745 3426 838 3477 καὶ
873 3426 1049 3477 πᾶσαν
1068 3424 1164 3495 τὴν
1190 3424 1413 3493 Περσῶν
1457 3424 1516 3489 ἐξ
1539 3424 1836 3495 ἐπιδρομῆς
1868 3425 1962 3478 καὶ
1977 3425 2108 3479 ἀπο-

444 3512 566 3582 νητὶ
588 3512 960 3583 προσῐοκήσας
995 3513 1156 3575 ἐλεῖν,
1189 3510 1337 3583 [576]
1358 3511 1529 3573 οὕτως
1556 3512 1753 3574 ἀθλίως
1788 3511 1991 3583 ἔπραξε
2015 3514 2108 3566 καὶ

445 3600 714 3662 ἐλεεινῶς,
749 3599 824 3662 ὡς
868 3600 1140 3667 γυναικῶν
1179 3600 1377 3669 μᾶλλον
1424 3600 1519 3653 καὶ
1561 3600 1789 3653 παιδίων
1827 3601 2038 3670 μικρῶν
2070 3603 2103 3672 ἦ

445 3685 655 3755 ἀνδρῶν
684 3687 1043 3757 στρατόπεδον
1072 3687 1210 3757 έχων
1238 3687 1354 3757 μεθ’
1379 3686 1596 3753 ἐαυτοῦ.
1619 3687 1842 3756 Πρῶτον
1870 3689 1967 3757 μὲν
1998 3689 2105 3761 γὰρ

448 3776 526 3837 εἰς
555 3773 824 3845 τοσαύτην
853 3774 1050 3837 αὐτοὺς
1084 3775 1327 3845 ἀνάγκην
1355 3776 1455 3827 ὑπὸ
1488 3774 1591 3843 τῆς
1620 3776 1823 3837 οἰκείας
1849 3775 2105 3839 ἀϐουλίας

448 3861 805 3930 κατέστησεν,
839 3860 979 3913 ὥστε
1033 3862 1263 3914 ἱππείων
1312 3860 1728 3929 ἣπογεῦσασθαι
1778 3861 1979 3932 κρεῶν.
2013 3864 2107 3916 καὶ

445 3950 571 4010 τοὺς
608 3949 704 4017 μὲν
736 3947 829 4019 τῷ,
848 3948 1009 4018 λιμῷ,
1035 3951 1160 4009 τοὺς
1188 3949 1245 4002 δὲ
1270 3949 1348 4018 τῷ
1376 3949 1516 4017 δίψει
1551 3948 1948 4019 διαφθαρέντας
1974 3951 2108 4002 ἀπο-

447 4035 651 4088 θανεῖν.
683 4034 950 4106 Καθάπερ
980 4036 1086 4106 γὰρ
1105 4039 1215 4098 τοῖς
1246 4036 1487 4107 Πέρσαις
1519 4037 1860 4106 στρατηγῶν,
1893 4038 1989 4090 καὶ
2008 4038 2109 4090 οὐκ

446 4122 688 4184 ἐκείνους
729 4122 868 4175 ἑλεῖν
894 4162 909 4184 ,
964 4123 1097 4176 ἀλλά
1141 4126 1268 4187 τοὺς
1312 4124 1541 4186 οἰκείους
1583 4124 1766 4189 αὐτοῖς
1818 4124 2107 4196 προδοῦναι

449 4208 782 4274 σπουδάζων,
813 4208 987 4271 οὕτως
1017 4211 1213 4273 αὐτοὺς
1241 4211 1320 4273 εἰς
1346 4210 1519 4281 χωρία
1548 4212 1885 4265 συνέκλεισεν
1908 4212 2106 4281 ἄπορα,

448 4299 540 4353 καὶ
572 4297 728 4367 μόνον
752 4298 872 4367 οὐχὶ
896 4298 1065 4368 δήσας
1100 4298 1435 4369 παρέδωκεν.
1478 4298 1640 4352 Ἀλλά
1669 4299 1850 4363 πάσας
1889 4301 1987 4370 μὲν
2010 4301 2108 4363 τὰς

450 4385 566 4435 ἐκεῖ
593 4384 888 4453 γενομένας
939 4385 1260 4455 συμφορὰς,
1312 4384 1435 4437 οῦτε
1455 4386 1562 4438 τῶν
1620 4385 1834 4439 ἰδόντων
1881 4403 1964 4450 τις
2014 4387 2108 4439 καὶ

450 4472 643 4540 πεῖραν
678 4471 975 4541 εἰληφότων
1016 4472 1301 4540 δυνήσεται
1342 4472 1588 4526 διελθεῖν·
1621 4472 1764 4526 οὕτω
1793 4475 1972 4527 πᾶσαν
1999 4474 2106 4526 ἀπ-

450 4556 687 4626 έκρυψεν
714 4558 743 4597 δ
773 4556 1096 4628 ὑπερϐολήν·
1125 4556 1199 4620 ὼς
1222 4557 1278 4609 δέ
1300 4559 1357 4610 ἐν
1389 4558 1666 4630 κεφαλαίῳ
1688 4563 1882 4623 εἰπεῖν,
1917 4560 2109 4613 πεσόν-

446 4660 539 4705 τος
564 4641 726 4696 αὐτοῦ
757 4642 998 4712 αἰσχρῶς
1032 4643 1121 4694 καὶ
1155 4641 1404 4706 ἐλεεινῶς
1486 4644 1535 4696 οί
1570 4645 1667 4714 μὲν
1699 4645 1809 4716 γάρ
1838 4645 1942 4697 ὑπό
1962 4662 2107 4709 τινος

450 4730 555 4782 τῶν
602 4732 944 4801 σκευοφόρων
1001 4734 1111 4793 τοῖς
1152 4729 1384 4800 παροῦσι
1425 4730 1943 4801 δυσανασχετοῦντος
1975 4732 2107 4803 βλη-

449 4816 612 4872 θέντα
657 4818 946 4871 ἀποθανεῖν
998 4819 1159 4872 αύτόν
1193 4836 1375 4886 φασινο
1420 4821 1467 4871 οἰ
1510 4820 1591 4882 δὲ,
1636 4820 1754 4872 οὐδὲ
1796 4822 1991 4874 εἰδέναι
2018 4821 2107 4874 τὸν

452 4906 665 4974 σφαγέα
691 4907 781 4959 τὸν
813 4906 1021 4960 ἐκείνου
1048 4906 1318 4974 λέγουσιν,
1343 4906 1460 4959 ἀλλ’
1488 4909 1567 4961 ὅτι
1596 4909 1755 4978 μόνον
1780 4910 1993 4981 ἐπλήγη
2016 4912 2107 4962 καί

450 4994 821 5063 παρεκάλεσεν
861 4997 943 5057 εἰς
980 4994 1076 5063 τὴν
1120 4994 1358 5046 Κιλίκων
1394 4997 1629 5064 ταφῆναι
1662 4995 1798 5065 γῆν,
1847 4995 1974 5048 ἔνθα
2015 4999 2153 5049 καὶμ

450 5085 622 5134 κεῖται
666 5081 779 5135 νῦν.
823 5083 1083 5145 Πεσόντος
1129 5084 1190 5154 δὴ
1224 5080 1315 5137 οὖν
1362 5083 1532 5146 οὕτως
1575 5085 1840 5154 αἰσχρῶς,
1878 5084 2108 5154 ὁρῶντες

450 5170 773 5240 ἐνέσχάτοις
824 5172 1018 5233 αὐτοὺς
1068 5172 1223 5235 ὄντας
1271 5172 1319 5225 οί
1356 5172 1703 5242 στρατιῶται,
1767 5172 2105 5242 προσέπεσον

450 5260 559 5319 τοῖς
612 5256 855 5325 ἐχθροῖς,
910 5258 1001 5311 καὶ
1066 5258 1243 5321 δόντες
1286 5260 1481 5329 ὅρκους
1554 5259 1953 5329 ἀποστήσεσθαι
2011 5259 2103 5311 τοῦ

451 5337 666 5395 πάντων
699 5345 1104 5411 ἀσφαλεστάτου
1124 5348 1391 5415 ’φρουρίου
1420 5356 1466 5409 ι’,
1501 5345 1593 5397 καὶ
1627 5346 1654 5397 ὃ
1686 5345 1785 5415 τῆς
1809 5346 1931 5420 καθ’
1961 5348 2106 5415 ἡμᾶς

449 5429 768 5499 οἰκουμένης
800 5430 984 5499 ὥσπερ
1015 5434 1190 5501 τεῖχος
1219 5428 1284 5502 ἦν
1320 5433 1579 5501 ἀρῥαγές,
1616 5431 2011 5502 φιλανθρώπων
2048 5449 2105 5484 τε

450 5517 700 5584 τυχόντες
732 5516 839 5568 τῶν
872 5518 1176 5587 βαρϐάρων,
1222 5518 1364 5571 οὕτω
1403 5520 1655 5586 διέφυγον
1692 5520 1784 5571 καὶ
1809 5520 2106 5587 ἐπανῆλθον

451 5603 516 5653 ἐκ
542 5602 745 5654 πολλῶν
785 5604 973 5671 ὀλίγοι,
1022 5608 1114 5657 καὶ
1164 5607 1315 5658 αὐτοὶ
1358 5606 1725 5676 πεπονηκότες
1758 5607 1825 5659 τά
1858 5606 2102 5674 σώματα,

515 5710 540 5774 _‘
564 5710 641 5774 Sic
670 5709 814 5774 Savril.
845 5716 896 5758 et
921 5724 1032 5758 mss.
1070 5711 1239 5759 Morel.
1270 5725 1383 5759 vero
1403 5713 1461 5760 τὰ
1488 5716 1674 5774 τέρατα.

515 5764 540 5805 ι’
571 5772 847 5832 tegendum
872 5787 1067 5831 pmrsws
1093 5774 1281 5821 \itlelur
1302 5764 1587 5834 ἀπέκρυψαν.

514 5837 533 5859 ι·
558 5834 707 5899 δςινιί.
746 5840 809 5899 ρι’
835 5834 929 5881 clm)
954 5848 1065 5882 In».
1099 5836 1454 5896 ἀσραλεσταῖο.)
1495 5837 1727 5899 Ψῖὠνῧίσὴ
1758 5837 1909 5887 Morel
1954 5840 2106 5897 “.4?”-

448 5893 675 5943 λίς-καῖον
693 5894 887 5955 χωρίου.

1269 337 1327 393 S.
1360 334 1644 393 JOANNIS
1678 337 2166 395 CHRYSOSTOMI
2204 338 2527 395 ARCHIEP.
2568 339 3117 399 CONSTANTINOP.
3765 335 3875 388 570

2211 440 2587 511 αἰσχυνόμενοι
2624 444 2723 513 μὲν
2752 444 2838 513 ἐφ’
2867 437 2951 507 οἷς
2989 444 3293 511 συνέθεντο,
3339 446 3775 519 ἀναγκαζόμενοι
3814 448 3875 504 δέ

2207 528 2296 581 διὰ
2318 528 2447 592 τοὺς
2470 530 2667 631 ὅρκους
2690 530 2995 601 ἀποστῆναι
3024 531 3131 584 τῶν
3160 532 3457 629 πατρικῶν
3468 537 3763 606 κτημάτων
3783 537 3879 631 εὖ·

2206 618 2339 679 τοῖς.
2391 617 2501 670 Καὶ
2543 612 2613 687 ἦν
2671 616 2797 671 ἰδεῖν
2848 618 3031 690 πάσης
3081 612 3459 691 αἰχμαλωσίας
3515 612 3875 692 ἐλεεινότείῖον

2208 701 2411 773 θέαμα⁹
2456 704 2506 756 οἰ
2537 704 2647 777 γάρ
2690 706 2789 777 τὴν
2845 705 2998 760 πόλιν
3032 706 3307 772 οἰκοῦντες
3340 709 3574 779 ἐκείνην,
3633 712 3766 781 παρ’
3799 705 3877 765 ὧν

2207 790 2437 859 χάριτας
2486 790 2893 861 προσεδόκησαν
2940 791 3237 862 λήψεσθαι,
3293 795 3375 848 ὃτι
3423 794 3576 866 δίκην
3609 795 3875 865 προὸόλου

2208 875 2418 939 πάντας
2445 878 2573 941 τοὺς
2602 872 2751 931 ἔνδον
2782 880 2842 932 ἐν
2866 879 3047 949 λιμένι
3073 881 3436 951 κατέστησαν,
3485 883 3608 936 ἀντὶ
3655 884 3878 939 πάντων

2210 964 2345 1033 πρὸς
2374 966 2583 1029 πάντας
2618 965 2772 1019 αὐτοὶ
2805 966 3240 1037 προϐεϐλημένοι
3272 971 3402 1032 τοὺς
3440 969 3721 1032 κινδύνους
3750 972 3875 1037 ἀεὶ,

2208 1051 2360 1122 παρὰ
2384 1051 2589 1107 τούτων
2614 1052 2682 1107 τά
2707 1052 2817 1106 τῶν
2856 1054 3130 1125 πολεμίων
3156 1056 3392 1126 ἔπασχον
3410 1098 3425 1122 ,
3471 1059 3550 1121 είς
3587 1057 3877 1129 ἀλλοτρίαν

2212 1142 2666 1211 μετανιστάμενοι
2711 1144 2839 1214 γῆν,
2874 1146 2969 1198 καὶ
3010 1146 3187 1209 οἰκίας
3218 1146 3448 1214 ἀφέντες
3495 1148 3589 1200 καὶ
3637 1150 3874 1219 ἀγροὺς,

2208 1229 2305 1281 καὶ
2336 1230 2553 1283 πάντων
2567 1230 2675 1284 τῶν
2701 1232 2996 1303 κτημάτων
3024 1233 3413 1304 ἀποσπώμενοι
3434 1233 3461 1273 ἀ
3487 1234 3595 1288 τῶν
3619 1252 3878 1307 προγονι-

2208 1315 2338 1375 κῶν.
2366 1320 2460 1370 καί
2483 1319 2655 1373 ταῦτα
2683 1319 2788 1372 ὑπὸ
2806 1319 2914 1372 τῶν
2952 1322 3168 1375 οἰκείων
3195 1322 3610 1393 ὑπομείναντες.
3634 1323 3878 1377 Τοιαῦτα

2206 1404 2299 1457 τοῦ
2350 1406 2597 1481 γενναίου
2640 1405 2907 1477 βασιλέως
2952 1407 3423 1480 ἀπολελαύκαμεν.
3456 1411 3642 1465 Ταῦτα
3678 1411 3734 1464 δὲ
3780 1410 3878 1481 οὐχ

2207 1494 2394 1558 ἁπλῶς
2422 1480 2658 1568 είρηται,
2694 1497 2808 1550 ἀλλ’
2844 1497 2986 1552 ὥστε
3012 1498 3175 1553 λῦσαι
3213 1499 3311 1571 τὴν
3340 1500 3577 1572 ἀπορίαν
3620 1499 3730 1553 τῶν
3773 1500 3879 1570 ζη-

2206 1583 2465 1646 τούντων,
2490 1584 2544 1639 τί
2580 1585 2779 1656 δήποτε
2807 1586 2881 1656 μὴ
2915 1586 3006 1639 τὸν
3038 1586 3261 1657 βασιλέα
3288 1587 3545 1641 ἐκόλασεν
3570 1588 3630 1655 ἐξ
3653 1588 3829 1658 ἀρχῆς
3849 1599 3876 1628 ο

2207 1673 2237 1724 6
2271 1671 2434 1735 Θεό;;
2478 1671 2773 1744 Ἐδουλὴθη
2809 1674 2910 1743 μέν
2947 1673 3057 1745 γὰρ
3096 1674 3257 1728 αὐτὸν
3284 1673 3560 1729 λυττῶντα
3614 1675 3877 1739 πολλάκις

2207 1757 2514 1811 ἀναστεῖλαι
2552 1758 2651 1827 τῆς
2684 1761 2766 1821 είς
2796 1760 2857 1812 τὸ
2906 1760 3094 1831 πρόσω
3124 1762 3328 1829 φορᾶς,
3373 1764 3468 1815 καὶ
3509 1764 3623 1825 τοῖς
3670 1761 3880 1832 ἐτέρων

2205 1843 2495 1914 διορθῶσαι
2533 1848 2745 1910 κακοῖςο
2779 1845 2970 1917 ἐπειδὴ
3001 1847 3059 1900 δέ
3089 1848 3356 1902 ἀντέτεινε
3376 1889 3389 1910 ,
3424 1850 3739 1921 παρέδωκεν
3774 1851 3877 1902 αῦ-

2205 1931 2298 1984 τὸν
2318 1935 2432 1994 τοῖς
2457 1926 2705 2002 ἐσχάτοις
2727 1936 2937 1997 κακοῖς,
2968 1934 3067 2005 τὴν
3096 1935 3195 2005 μὲν
3229 1936 3405 2006 ἀληθῆ
3427 1936 3539 1989 τῶν
3565 1936 3731 1989 αὑτοῦ
3760 1935 3879 1988 τολ-

2210 2020 2477 2090 μημάτων
2526 2019 2793 2074 ἀντίδοσιν
2839 2022 2980 2075 κατά
3024 2023 3123 2093 τὴν
3177 2024 3421 2095 μεγάλην
3477 2024 3878 2095 ταμιευόμενος

2205 2107 2439 2179 ἡμέραν,
2466 2108 2560 2161 καὶ
2588 2108 2676 2161 διά
2694 2109 2793 2180 τῆς
2827 2107 3108 2181 παρούσης
3129 2110 3187 2163 δέ
3217 2109 3493 2175 κολάσεως
3510 2114 3637 2175 τοὺς
3668 2112 3877 2165 ὑπτιω-

2206 2194 2395 2265 τέρους
2423 2194 2721 2258 διανιστάς,
2759 2196 2854 2248 καλ⁵
2892 2198 3366 2269 σωφρονεστέρους
3397 2199 3590 2253 ποιῶν.
3630 2200 3875 2273 Τοιαύτη

2206 2282 2371 2353 γάρὴ
2410 2282 2505 2335 τοῦ
2547 2281 2683 2335 Θεοῦ
2720 2283 3071 2354 μακροθυμία
3114 2287 3225 2348 τοῖς
3258 2286 3359 2338 οὐκ
3394 2287 3474 2349 εἰς
3496 2287 3616 2339 δέον
3644 2289 3871 2357 χρωμέ-

2206 2386 2318 2432 νοις
2344 2370 2480 2441 αύτῇ
2504 2370 2838 2442 πικροτέραν
2870 2372 3009 2441 πρὸς
3045 2372 3108 2426 τὸ
3137 2372 3288 2436 τέλος
3330 2374 3528 2442 ἐπάγει
3556 2376 3654 2445 τὴν
3683 2375 3841 2445 δίκην
3860 2392 3875 2406 ο

2206 2458 2299 2511 καὶ
2320 2457 2574 2529 καθάπερ
2605 2461 2719 2521 τοῖς
2746 2458 3101 2527 μετανοοῦσιν
3139 2460 3442 2532 ὠφέλιμος,
3475 2461 3618 2515 οὕτω
3640 2463 3734 2515 καὶ
3760 2466 3878 2527 τοῖς

2208 2545 2516 2609 ἀνενδότοις
2566 2547 2661 2599 καὶ
2710 2546 2966 2618 σκληροῖς
3020 2548 3283 2617 μειζόνων
3332 2550 3542 2617 γίνεται
3599 2551 3879 2603 κολάσεων

2205 2633 2496 2704 πρόφασις.
2529 2635 2592 2687 Εἰ
2611 2633 2673 2687 δὲ
2690 2633 2838 2695 λέγοι
2867 2652 2971 2696 τις·
3006 2634 3073 2687 Τί
3097 2631 3191 2689 οὖν
3219 2635 3279 2688 οὐ
3315 2636 3537 2708 προῄδει
3564 2637 3655 2689 τὸν
3675 2635 3880 2707 τύραν-

2206 2738 2294 2774 νον
2323 2720 2645 2791 ἀδιόρθωτον
2674 2721 2931 2791 ἐσόμενον
2957 2723 2985 2774 6
3011 2721 3180 2788 Θεός;
3232 2722 3486 2797 ἐροῦμεν,
3520 2724 3602 2777 ὅτι
3646 2723 3878 2795 προῄδει

2210 2809 2329 2879 μὲν,
2378 2807 2494 2862 ἀλλ’
2540 2808 2796 2862 οὐδέποτε
2845 2810 3079 2863 παύεται
3131 2810 3219 2864 διὰ
3267 2811 3369 2880 τὴν
3418 2810 3729 2882 πρόγνωσιν
3771 2812 3876 2880 τῆς

2206 2896 2479 2967 ἡμετέρας
2507 2896 2707 2960 κακίας
2747 2897 2816 2951 τὰ
2856 2897 3021 2951 αὐτοῦ
3057 2897 3227 2950 ποιῶν
3244 2912 3272 2930 ’-
3296 2898 3439 2951 ἀλλά
3462 2899 3568 2951 κᾶν
3603 2901 3764 2968 ἡμεῖς
3799 2898 3888 2970 μὴ

2203 2980 2489 3054 δεχώμεθα
2512 2982 2611 3054 τὴν
2637 2983 2946 3046 νουθεσίάν,
2983 2984 3154 3047 αὐτὸς
3177 2984 3275 3055 τὴν
3308 2985 3718 3053 φιλανθρωπίαν
3749 2987 3885 3039 ἐπι-ι

2203 3070 2475 3123 δείκνυται
2497 3069 2597 3141 τὴν
2639 3070 2853 3125 ἐαυτοῦ.
2887 3072 2950 3124 Εἰ
2981 3072 3038 3124 δὲ
3077 3072 3159 3135 εἰς
3196 3070 3417 3142 μείζονα
3451 3072 3607 3145 [577]
3646 3075 3878 3138 ἑαυτοὺς

2205 3157 2453 3229 ώθοῦμεν
2482 3157 2648 3220 κακὰ,
2690 3159 2875 3211 οὐκέτι
2915 3158 3076 3212 τοῦτο
3104 3160 3233 3230 παρ’
3259 3159 3426 3213 αὐτὸν
3450 3158 3495 3223 τ,
3523 3161 3584 3211 ού
3608 3160 3695 3212 διὰ
3718 3160 3885 3213 τοῦτο.

2209 3249 2729 3320 μακροθυμήσαντα,
2781 3250 2868 3303 ἵνα
2894 3247 3257 3319 ἀπολώμεθα,
3304 3248 3540 3302 ἀλλ’ἵνα
3586 3249 3875 3320 σωθῶμεν,

2205 3337 2341 3391 ἀλλά
2365 3339 2492 3408 παρ’
2520 3339 2669 3408 ἡμᾶς
2691 3339 2817 3400 τοὺς
2848 3335 3243 3407 ἐξυσρίσαντας
3274 3338 3355 3400 εἰς
3383 3336 3486 3408 τὴν
3520 3338 3723 3407 ἄφατον
3755 3339 3821 3391 ἀν
3850 3369 3879 3379 -

2207 3423 2490 3489 εξικακίαν
2539 3423 2729 3477 αὑτοῦ.
2782 3424 2893 3477 Καὶ
2938 3424 3079 3477 οὕτω
3104 3424 3160 3477 δὲ
3210 3424 3310 3493 τῆς
3350 3424 3758 3496 φιλανθρωπίας
3812 3426 3878 3479 τὸ

2206 3512 2432 3582 ἄπειρον
2458 3510 2754 3566 δείκνυται.
2792 3510 2961 3563 Ὅταν
2986 3510 3095 3580 γὰρ
3128 3510 3203 3582 μὴ
3234 3510 3552 3582 θελήσωμεν
3589 3513 3745 3565 αὐτοὶ
3774 3512 3879 3581 τῆς

2206 3599 2408 3669 πολλῆς
2435 3596 2600 3651 αὐτοῦ
2629 3597 3010 3668 μακροθυμίας
3033 3597 3367 3663 ἀπόνασθαι,
3407 3598 3529 3652 τότε
3557 3601 3637 3661 εἰς
3669 3598 3731 3651 τὸ
3764 3600 3880 3652 ἐτέ-

2208 3702 2317 3758 ρων
2351 3676 2377 3725 8
2408 3684 2577 3755 αὐτὴν
2606 3685 2795 3757 τρέπει
2831 3684 3043 3755 κέρδος,
3084 3685 3360 3754 πανταχοῦ
3402 3684 3462 3737 τό
3492 3701 3552 3736 τε
3578 3684 3881 3757 φιλάνθρω-

2208 3790 2307 3826 πον
2332 3772 2469 3843 ὁμοῦ
2499 3774 2593 3826 καὶ
2630 3773 2693 3826 τὸ
2734 3773 3042 3842 εὐμήχανον
3085 3770 3394 3830 ἐπιδεικνύς
3413 3788 3426 3802 ·
3459 3772 3596 3843 ὅπερ
3628 3773 3723 3825 καὶ
3749 3774 3881 3826 τότε

2206 3861 2416 3929 γέγονε.
2453 3862 2564 3915 Καὶ
2605 3862 2634 3914 6
2672 3861 2771 3930 μὲν
2809 3860 3071 3931 τύραννος
3105 3859 3249 3913 οὕτω
3289 3860 3384 3913 τὸν
3425 3859 3541 3930 βίον
3582 3860 3879 3926 κατέλυσε,

2206 3948 2308 4016 τῆς
2332 3948 2390 4001 δὲ
2419 3949 2614 4018 μανίας
2646 3947 2832 4010 αὑτοῦ,
2869 3948 2963 4000 καὶ
3002 3947 3103 4017 τῆς
3141 3947 3428 4017 δυνάμεως
3469 3947 3563 4000 τοῦ
3598 3950 3873 4019 μακαρίου

2210 4035 2456 4099 Βαϐύλα,
2509 4035 2740 4105 ἕστηκεν
2769 4035 3136 4105 ὑπομνήματα
3179 4035 3208 4088 ὅ
3248 4051 3307 4087 τε
3338 4033 3474 4097 νεὼς
3506 4036 3601 4089 καὶ
3630 4036 3690 4088 τὸ
3730 4052 3879 4107 μαρ-

2210 4122 2412 4193 τύριον,
2439 4125 2467 4175 6
2490 4124 2590 4190 μὲν
2616 4122 2818 4193 ἔρημος
2842 4120 2939 4184 ὢν,
2962 4122 3023 4175 τὸ
3049 4122 3106 4174 δέ
3130 4122 3229 4193 τὴν
3257 4123 3428 4193 αὐτὴν
3448 4122 3571 4191 ἔχον
3592 4124 3878 4193 ἐνέργειαν

2208 4211 2386 4282 ἥνπερ
2417 4212 2512 4264 καὶ
2551 4211 2838 4283 πρότερον.
2887 4212 2953 4263 Ἥ
2991 4210 3047 4263 δὲ
3079 4210 3284 4281 λάρναξ
3318 4210 3503 4264 οὐκέτι
3551 4210 3711 4263 πάλιν
3740 4211 3877 4265 ἀνά-

2210 4316 2384 4367 γεται,
2415 4299 2505 4351 τοῦ
2551 4298 2685 4351 Θεοῦ
2714 4300 2807 4352 καὶ
2838 4298 2995 4351 τοῦτο
3033 4299 3487 4368 οἰκονομήσαντος
3507 4336 3522 4360 ,
3564 4298 3649 4351 ἴνα
3679 4316 3879 4370 τρανο-

2209 4387 2343 4458 τέρα
2363 4390 2473 4449 τοῖς
2503 4387 2899 4456 ἐπιγινομένοις
2935 4385 3159 4456 γένηται
3196 4384 3305 4438 τῶν
3341 4385 3435 4439 τοῦ
3468 4384 3626 4453 ἁγίου
3676 4403 3879 4458 κατορ-

2212 4476 2475 4545 θωμάτων
2521 4477 2554 4545 ἡ
2598 4474 2817 4542 γνῶσις.
2855 4473 3126 4537 Ἕκαστος
3172 4473 3280 4544 γὰρ
3331 4472 3441 4527 τῶν
3492 4472 3551 4538 ἐξ
3586 4473 3875 4544 ἀλλοτρίας

2208 4566 2449 4634 ἡκόντων
2471 4562 2830 4632 ἐφιστάμενος
2853 4561 2932 4631 τῷ
2960 4562 3131 4631 τόπῳ,
3154 4561 3360 4614 καὶτὸν
3385 4561 3639 4633 μάρτυρα
3672 4560 3880 4632 ζητῶν,

2209 4649 2325 4705 εἶτα
2354 4652 2453 4722 οὐχ
2483 4649 2626 4723 ὁρῶν
2664 4652 2799 4711 ἐκεῖ,
2842 4649 3044 4712 εὐθέως
3074 4650 3167 4701 ἐπὶ
3201 4650 3264 4702 τὸ
3299 4648 3529 4720 ζητῆσαι
3560 4649 3657 4720 τὴν
3691 4650 3881 4706 αἰτίαν

2208 4741 2446 4812 ἔρχεται,
2476 4741 2569 4792 καὶ
2598 4737 2741 4792 οὕτω
2770 4741 2949 4791 πᾶσαν
2978 4738 3076 4808 τήν
3113 4738 3351 4809 ἱστορίαν
3390 4737 3632 4801 ἀκούσας
3660 4738 3873 4806 ἄπεισι,

2209 4830 2370 4883 πλέον
2407 4827 2735 4898 κερδάναςῆ
2773 4827 3069 4897 πρότερον·
3107 4825 3251 4878 οὓτω
3292 4825 3386 4878 καὶ
3425 4828 3877 4896 παραγενόμενος

2205 4920 2271 4987 τῇ
2324 4918 2529 4989 Δάφνῃ,
2566 4914 2661 4968 καὶ
2703 4914 2864 4966 πάλιν
2900 4914 3068 4983 αὐτὴν
3106 4907 3491 4983 ’ἐγκαταλιπὼν
3522 4913 3594 4966 τὰ
3636 4914 3873 4984 μέγιστα

2205 5004 2431 5073 ὀνίνησι.

2275 5093 2511 5163 Τοιαύτη
2544 5093 2711 5161 ἡτῶν
2748 5091 3038 5164 μαρτύρων
3092 5093 3263 5162 ἰσχῦς,
3313 5091 3407 5143 καὶ
3461 5088 3715 5153 ζώντων,
3772 5093 3873 5145 καὶ

2210 5181 2602 5243 τελευτώντων,
2645 5180 2740 5231 καὶ
2769 5185 2953 5243 τόποις
2996 5179 3408 5249 ἐφισταμένων,
3448 5180 3539 5230 καὶ
3576 5178 3737 5230 πάλιν
3774 5180 3878 5231 αῦ-

2204 5272 2329 5330 τοῦς
2355 5268 2893 5337 καταλιμπανόντων.
2925 5269 3033 5320 Καὶ
3056 5267 3165 5337 γὰρ
3194 5266 3251 5329 ἐξ
3283 5265 3458 5335 ἀρχῆς
3496 5265 3655 5335 μέχρι
3681 5265 3874 5330 τέλους

2209 5357 2480 5426 συνῆπται
2518 5356 2584 5407 τὰ
2638 5354 3039 5424 κατορθώματα
3079 5355 3298 5423 συνεχῆ.
3335 5354 3477 5423 Ὅρα
3512 5354 3655 5422 γάρ,
3698 5354 3877 5422 ἤμυνε

2206 5446 2317 5506 τοῖς
2344 5444 2435 5496 τοῦ
2471 5443 2605 5495 Θεοῦ
2632 5443 2816 5511 νόμοις
2854 5442 3247 5512 ὑϐριζομένοις,
3278 5440 3466 5492 ἐλαϐεν
3498 5440 3635 5509 ὑπὲρ
3665 5438 3756 5491 τοῦ
3787 5456 3881 5492 τε·

2206 5531 2592 5600 τελευτηκότος
2632 5531 2819 5598 δίκην,
2872 5530 2936 5598 ἣν
2989 5529 3093 5581 ἔδει
3120 5547 3131 5558 ·
3187 5528 3386 5591 ἔδειξεν
3415 5530 3537 5579 ὅσον
3574 5527 3876 5597 ἱερωσύνης

2208 5620 2299 5669 καὶ
2332 5618 2606 5685 βασιλείας
2629 5617 2689 5668 τὸ
2716 5617 2900 5686 μέσον,
2933 5617 3194 5668 κατέλυσε
3221 5616 3395 5669 πάντα
3422 5616 3509 5667 τὸν
3536 5614 3629 5667 τοῦ
3661 5614 3872 5683 κόσμου

2268 5721 2291 5757 ά
2322 5722 2411 5770 Μἰὶ
2433 5722 2768 5782 ἁποσχόμενοι.

2273 5784 2299 5845 '7
2322 5783 2370 5830 In
2396 5784 2544 5831 Mure]
2590 5784 2633 5837 ἐξ
2658 5785 2802 5845 ἀρχῆς
2821 5783 2979 5831 dct‘sl.

2284 5844 2300 5881 ί
2332 5847 2426 5893 Alii
2450 5848 2575 5904 παρὰ
2598 5846 2693 5892 τόν.

2280 5908 2302 5944 δ
2338 5907 2484 5955 Sun].
2516 5914 2566 5954 tl
2592 5920 2714 5955 unus
2740 5911 2801 5961 :i;
2825 5906 2874 5954 τὸ
2900 5908 3012 5967 νπὲρ
3039 5922 3208 5969 ἀτερων
