4220 6300
196 357 306 415 569

194 472 394 542 batque
414 512 430 536 ,
472 485 534 527 se
564 480 684 541 post
717 470 948 533 reditum
985 485 1086 525 nos
1109 485 1300 526 omnes
1326 470 1561 525 funditus
1585 470 1795 526 deletu-

196 580 316 619 mm
361 580 504 620 esse.
562 563 675 618 1100
701 562 898 633 quippe
944 563 1142 617 bellum
1189 563 1405 617 Persico
1441 562 1544 618 sibi
1586 563 1801 632 gravius

194 658 476 712 videbatur
497 695 516 720 ,
563 655 705 711 unde
734 657 880 726 prius
912 655 1158 711 confecto
1188 657 1426 720 minore,
1467 663 1598 710 tunc
1625 655 1799 724 majus

196 748 294 801 hoc
324 746 427 801 sibi
454 746 853 816 suscipiendum
880 761 1000 800 esse
1028 746 1268 817 putabat.
1297 745 1424 804 11100
1453 760 1614 815 porro
1633 745 1791 799 nobis

194 838 574 892 renuntiarunt
603 838 659 904 ii,
681 840 772 909 qui
805 838 904 908 ipsi
932 853 961 891 a
992 839 1234 892 consiliis
1263 845 1440 892 erant.
1467 837 1665 892 Contra
1697 851 1798 890 nos

197 929 363 996 igitur
395 927 580 984 furore
606 929 836 994 ardens,
872 938 926 983 et
953 929 1190 999 quotidie
1215 928 1282 981 ad
1326 927 1585 998 majorem
1621 927 1796 982 elatus

190 1022 458 1076 insaniam
481 1064 495 1085 ,
529 1036 816 1092 numquam
847 1023 898 1075 in
926 1022 1111 1076 eadem
1139 1021 1405 1075 sententia
1436 1020 1791 1090 persistebat;

187 1113 280 1168 sed
331 1115 518 1183 priore
553 1112 778 1167 consilio
829 1112 1002 1180 posito
1030 1125 1217 1165 rursus
1245 1111 1397 1164 nobis
1424 1109 1797 1179 persequutio-

188 1220 312 1259 nem
342 1205 668 1259 minabatur.
718 1205 852 1259 Cum
879 1219 1007 1258 vero
1040 1204 1177 1258 Deus
1207 1204 1352 1257 illum
1389 1217 1676 1268 coercere,
1709 1218 1797 1256 ar-

184 1295 518 1364 dentemque
560 1295 919 1363 comprimere
961 1294 1160 1360 vellet,
1212 1295 1313 1348 hoc
1355 1292 1532 1348 denuo
1582 1294 1794 1363 signum

185 1387 418 1450 induxit,
458 1386 565 1456 igni
594 1387 646 1440 in
674 1385 930 1453 templum
966 1385 1213 1455 Daphnes
1245 1385 1507 1438 immisso.

253 1478 350 1541 23.
385 1478 482 1532 1110
504 1491 633 1532 vero
663 1493 731 1531 ne
755 1481 832 1531 sic
862 1476 1078 1546 quidem
1118 1476 1353 1530 furorem
1394 1475 1639 1538 sedavit,
1685 1474 1794 1529 imo

185 1569 368 1636 potius
397 1583 521 1622 cum
547 1567 624 1623 rei
661 1577 859 1622 nostra:
897 1566 1237 1621 devastaudte
1263 1567 1516 1636 cupidine
1549 1566 1790 1619 disrum-

183 1667 406 1727 peretur
424 1698 440 1722 ,
489 1674 558 1713 ne
582 1658 798 1727 quidem
826 1667 1036 1727 tempus
1055 1699 1068 1721 ,
1114 1658 1256 1727 quod
1283 1658 1662 1712 comminando
1692 1657 1793 1711 sibi

184 1752 568 1820 praestituerat,
595 1752 953 1820 exspectavit;
983 1752 1075 1805 sed
1108 1751 1433 1821 Euphratem
1452 1749 1790 1819 trajecturus,

183 1840 251 1893 de
291 1841 556 1896 militibus
589 1840 1020 1910 experimentum
1051 1842 1292 1894 sumebat
1321 1857 1335 1894 :
1382 1855 1445 1894 ac
1473 1840 1791 1910 quibusdant

185 1931 413 1986 1111111010
473 1933 655 2001 paucis
707 1932 1015 1987 adulatione
1065 1933 1370 2003 corruptis,
1432 1941 1792 2003 repugnantes

182 2024 284 2078 sibi
332 2039 670 2093 nequaquam
724 2025 965 2088 remisit,
1004 2025 1204 2077 veritus
1246 2040 1313 2077 ne
1360 2023 1406 2077 si
1450 2034 1673 2078 Caeteros
1705 2038 1792 2076 se-

182 2126 459 2185 gregasset
482 2155 498 2183 ,
545 2116 862 2170 debiliorem
888 2124 1076 2170 contra
1112 2114 1302 2169 Persas
1335 2114 1635 2168 exercitum
1663 2115 1790 2169 1011-

185 2208 357 2260 110101.
1777 2210 1783 2215 ’

249 2295 497 2352 Julianus
516 2297 580 2372 in
606 2295 816 2351 Persico
845 2295 975 2350 bello
1001 2296 1151 2367 perit.
1197 2323 1271 2336 σ-
1298 2294 1429 2362 Quis
1473 2296 1630 2349 nobis
1673 2311 1792 2364 quas

185 2390 307 2444 hinc
329 2398 664 2459 consequuta
695 2400 818 2444 sunt
845 2396 1160 2454 recenseat,
1200 2388 1357 2457 longe
1381 2389 1698 2443 terribiliora
1725 2389 1790 2443 iis

181 2497 297 2552 qua:
329 2483 380 2536 in
406 2482 626 2537 deserto
654 2523 670 2548 ,
715 2497 835 2552 qua:
864 2484 915 2535 in
947 2482 1102 2548 mari,
1151 2497 1270 2551 qua:
1300 2482 1351 2534 in
1384 2481 1619 2553 Egypto
1640 2525 1654 2546 ,
1681 2497 1789 2552 quo

185 2583 428 2642 tempore
459 2573 738 2626 induratus
767 2573 855 2627 ille
873 2572 1084 2626 Pharao
1111 2572 1463 2643 plcctebatur,
1491 2589 1788 2643 omnesque

179 2665 267 2718 alii
286 2667 768 2734 subtnergebantur
785 2668 810 2717 ‘l
835 2667 1291 2734 Quemadmodum
1317 2670 1458 2722 enint
1485 2677 1629 2735 tunc,
1650 2679 1789 2739 post-
1828 2656 1834 2660 I

178 2774 338 2825 quam
374 2759 537 2812 nullis
577 2758 882 2826 huiusmodi
912 2759 1308 2813 calamitatibus
1333 2761 1529 2815 cedere
1555 2801 1569 2824 ,
1613 2776 1786 2831 neque

180 2849 500 2918 resipiscere
532 2850 694 2903 voluit
735 2849 1050 2920 Egyptius,
1081 2852 1293 2906 tandem
1323 2852 1467 2906 illum
1501 2853 1638 2907 Deus
1661 2869 1782 2908 eum

181 2943 388 3008 reliquo
417 2941 656 2996 exercitu
687 2943 916 3010 perdidit
948 2961 961 2994 :
996 2943 1066 2996 ita
1092 2949 1147 2998 et
1175 2959 1318 2998 nunc
1343 2983 1359 3010 ,
1395 2955 1675 3014 postquam
1714 2945 1782 2999 ad

180 3034 356 3087 omnia
385 3033 482 3088 Dei
510 3034 753 3104 prodigia
777 3034 1116 3104 impudenter
1143 3036 1230 3088 ille
1253 3037 1512 3101 constitit,
1542 3036 1783 3106 nihilque

181 3123 305 3180 inde
344 3123 480 3179 lucri
531 3125 803 3194 percepit,
852 3125 947 3179 sed
996 3126 1112 3179 sine
1141 3126 1522 3179 emendatione
1563 3127 1780 3188 mansit,

179 3217 438 3271 extremis
470 3216 617 3269 illum
669 3217 805 3270 Deus
833 3217 989 3270 malis
1016 3217 1228 3270 involvit
1255 3258 1270 3281 ,
1315 3227 1400 3281 ut,
1446 3218 1783 3288 quandoqui-

180 3305 301 3359 dem
334 3306 425 3358 ille
459 3306 686 3359 aliorum
715 3307 1108 3360 calamitatibus
1145 3306 1211 3360 ad
1251 3289 1526 3361 meliorem
1573 3309 1778 3379 frugem

181 3396 366 3449 reduci
397 3396 662 3459 uoluerat,
688 3396 806 3465 ejus
830 3397 994 3451 exitio
1017 3398 1198 3452 caeteri
1219 3400 1652 3454 etnendarentur.
1681 3401 1781 3466 Qui

180 3486 324 3539 enim
373 3495 452 3538 tot
498 3484 728 3539 militum
778 3487 1044 3558 myriadas
1091 3489 1378 3553 eduxerat,
1425 3501 1554 3558 quot
1603 3492 1783 3546 mtllus

180 3584 336 3630 antea
366 3578 776 3657 lmperatorum,
810 3587 1082 3648 totamque
1108 3579 1383 3634 Persidem
1413 3582 1628 3635 incursu
1645 3599 1774 3651 qun-

180 3667 302 3720 dam
331 3677 390 3720 et
420 3669 538 3720 sine
565 3668 762 3723 sudore
797 3684 857 3723 se
883 3679 1161 3739 capturum
1191 3673 1460 3740 sperabat,
1485 3675 1553 3726 ita
1588 3676 1782 3729 misere

180 3767 233 3811 et
261 3756 552 3812 infeliciter
577 3773 689 3811 rem
720 3759 905 3828 gessit,
938 3775 1001 3814 ac
1027 3761 1072 3815 si
1103 3763 1388 3816 mulierum
1420 3763 1498 3816 vel
1531 3765 1781 3832 parvulo-

180 3864 300 3902 rum
329 3850 509 3917 potius
530 3891 544 3913 ,
573 3865 731 3920 quam
764 3851 998 3904 virorum
1029 3853 1323 3907 exercitum
1353 3869 1534 3908 secum
1562 3855 1780 3910 habuis-

180 3953 284 3996 set.
350 3942 589 3995 Primum
631 3958 862 4013 namque
891 3944 1013 3998 illos
1041 3946 1250 3999 consilii
1277 3945 1453 4015 inopia
1485 3948 1538 4000 in
1581 3958 1779 4004 tantam

180 4036 560 4089 necessitatem
586 4034 782 4103 adegit,
816 4045 872 4089 ut
899 4037 1108 4105 equinis
1131 4039 1383 4092 carnibus
1411 4050 1779 4106 vescerentur,

181 4135 237 4178 et
260 4126 350 4177 alii
384 4124 558 4190 fame,
596 4126 681 4178 alii
711 4125 797 4179 siti
822 4127 1123 4196 absumpti,
1154 4128 1411 4196 perirent.
1444 4127 1606 4194 Quasi
1637 4130 1780 4184 enim

183 4216 240 4270 iu
271 4217 558 4269 Persarum
588 4218 812 4284 gratiam
853 4221 1146 4272 exercitum
1195 4235 1353 4289 agere
1377 4259 1393 4284 ,
1439 4235 1502 4274 ac
1531 4235 1634 4274 non
1662 4222 1781 4275 illos

180 4322 401 4377 capere,
441 4308 537 4361 sed
581 4323 707 4361 suos
739 4309 965 4376 prodere
993 4309 1195 4374 vellet,
1227 4311 1306 4364 sic
1336 4311 1387 4364 in
1413 4320 1635 4379 augusta
1667 4313 1779 4365 loca

179 4399 469 4456 conclusit.
495 4414 558 4453 ac
582 4409 784 4452 tantum
807 4414 912 4452 non
934 4399 1144 4454 vinctos
1163 4401 1299 4455 hosti
1331 4401 1566 4455 tradidit.
1582 4402 1782 4457 0man

181 4503 346 4557 porro
370 4504 492 4557 qua:
530 4489 637 4543 illic
662 4491 932 4558 contigere
977 4491 1308 4546 calamitates
1329 4533 1344 4558 ,
1385 4507 1452 4548 ne
1476 4493 1637 4546 exiis
1665 4493 1784 4562 qui-

179 4580 327 4644 dem,
358 4579 448 4650 qui
479 4580 622 4634 illam
651 4580 898 4635 viderunt
924 4590 978 4636 et
1008 4585 1212 4652 etperti
1241 4593 1386 4646 sunt,
1421 4585 1595 4654 possit
1636 4586 1782 4653 quis-

180 4670 324 4738 piam
355 4684 675 4737 recensere,
719 4671 788 4723 ita
817 4686 1031 4727 omnem
1064 4674 1280 4728 modum
1307 4684 1644 4743 superarunt.
1675 4675 1778 4731 Sed

180 4771 240 4816 ut
267 4763 575 4816 summatim
605 4763 778 4816 dicam
805 4805 822 4830 ,
851 4764 943 4817 illo
968 4766 1191 4833 turpiter
1215 4781 1278 4819 ac
1305 4767 1499 4821 misere
1527 4778 1737 4822 mortuo
1764 4788 1776 4822 :

180 4855 272 4909 alii
297 4856 443 4910 enim
477 4855 662 4910 dicunt
703 4835 849 4909 illum
894 4871 923 4910 a
951 4857 1138 4911 calone
1183 4859 1450 4926 quodam,
1491 4859 1558 4912 de
1601 4876 1778 4914 rerum

181 4936 326 5001 statu
374 4947 704 5018 indignante,
762 4965 1072 5018 percussum
1121 4952 1418 5015 cecidisse;
1475 4953 1562 5006 alii
1619 4954 1780 5007 inter-

180 5037 443 5092 fectorem
475 5055 605 5092 non.
629 5040 874 5101 novisse.
923 5041 1016 5095 8011
1067 5044 1434 5096 tantummodo
1468 5058 1777 5112 percussum

180 5129 370 5184 dicunt
411 5136 626 5200 rogasse
673 5141 729 5186 ut
774 5133 826 5185 in
873 5133 1058 5187 Cilicia
1101 5137 1447 5204 sepeliretur,
1501 5138 1588 5191 ubi
1639 5154 1780 5193 nunc

179 5219 323 5288 jacet
355 5235 518 5275 :cum
549 5223 726 5291 itaque
766 5223 844 5277 sic
869 5224 1204 5301 illerturpitcr
1231 5228 1545 5291 cecidisset,
1582 5231 1780 5283 milites

182 5325 243 5364 se
269 5311 322 5364 in
350 5315 607 5366 extremis
635 5321 954 5369 constitutos
994 5332 1114 5371 esse
1163 5329 1446 5372 cernentes
1471 5359 1486 5383 ,
1540 5320 1778 5373 hostibus

183 5401 457 5468 supplices
485 5404 745 5456 aerednnt
770 5444 784 5468 ,
814 5404 1056 5474 datisque
1079 5406 1415 5474 juraim-ntis,
1453 5425 1508 5462 se
1539 5412 1776 5464 omnium

185 5492 547 5544 munitissimo
580 5496 825 5560 prrcsidio
854 5511 1121 5560 cessuros,
1152 5499 1290 5566 quod
1318 5500 1542 5564 partium
1573 5512 1781 5554 nostra-

185 5597 302 5635 rum
352 5597 451 5636 ccu
503 5599 686 5639 murus
733 5596 849 5640 erat
899 5588 1356 5657 inexpugnabilis,
1412 5591 1778 5662 humanosque

189 5678 326 5729 nacti
364 5676 616 5730 barbaros
643 5720 656 5740 ,
707 5678 786 5732 sic
831 5690 1144 5743 evaserunt,
1191 5698 1257 5735 ex
1301 5682 1587 5751 multisque
1624 5687 1776 5754 pauci

189 5772 580 5839 tetnigratunt,
618 5770 708 5825 sed
737 5768 936 5826 allectis
959 5773 1292 5844 corporibus,
1325 5775 1389 5831 de
1422 5776 1549 5831 inito
1577 5778 1777 5834 foedere

1001 355 1088 412 DE
1129 358 1188 413 S.
1230 355 1528 426 BABYLA,
1567 356 1844 415 CONTRA
1883 357 2225 418 JULIANUH
2265 360 2357 417 ET
2393 358 2759 420 GENTILES.

3401 368 3508 424 B70
3537 414 3542 419 .

1912 470 2198 541 pudefaeti,
2226 487 2325 544 per
2339 473 2714 543 jusjurandum
2740 489 2869 530 vero
2893 475 3062 547 coacti
3085 477 3325 547 paternis
3351 477 3506 532 11111118

1908 562 2127 618 cedere.
2159 543 2463 635 Videreque
2505 574 2621 620 erat
2649 566 2836 635 quavis
2866 543 3176 635 captivitate
3220 568 3506 623 miserabi-

1909 654 2013 735 lius
2044 656 2406 725 Spectaculum
2442 674 2456 710 :
2486 671 2608 711 nam
2636 657 2787 712 urbis
2829 657 2972 712 illius
3019 660 3199 726 cives,
3241 675 3272 714 a
3312 660 3508 729 quibus

1905 752 2129 822 gratiam
2151 753 2566 822 exspectabant,
2619 752 2761 823 quod
2797 754 2964 806 instar
2993 754 3376 823 prOpugnaculi
3411 771 3506 824 po-

1905 843 1993 895 siti
2023 858 2118 898 eos
2147 858 2357 908 omnes,
2387 844 2476 913 qui
2499 845 2634 898 intra
2664 843 2762 898 hos
2790 844 2988 898 limites
3017 856 3201 898 essent
3225 886 3240 911 ,
3264 845 3415 914 quasi
3454 845 3506 897 111

1907 941 2061 1001 portu
2091 935 2492 1012 constituissent
2517 974 2532 999 ,
2576 949 2674 1003 pro
2700 934 2948 988 omnibus
2981 949 3198 1004 semper
3225 935 3291 988 ad
3323 935 3508 988 omnia

1906 1022 2141 1092 pericula
2163 1024 2378 1092 objecti,
2411 1025 2477 1079 ab
2507 1018 2694 1078 iisdem
2725 1024 2936 1077 hostilia
2967 1026 3110 1094 passi
3139 1034 3286 1090 sunt,
3316 1035 3370 1079 et
3399 1026 3500 1078 dn-

1905 1113 2079 1170 mibus
2107 1115 2360 1171 cedentes
2389 1127 2443 1171 et
2468 1117 2609 1186 agris
2633 1158 2648 1182 ,
2674 1125 2728 1170 et
2756 1132 2783 1168 a
2811 1117 3045 1186 paternis
3073 1116 3504 1185 possessionibus

1901 1206 2071 1260 avulsi
2098 1221 2246 1276 ,tqua
2276 1207 2580 1262 calamitate
2606 1223 2636 1261 a
2664 1207 2776 1263 suis
2805 1207 2978 1262 alfeeti
3011 1219 3158 1262 sunt.
3208 1208 3361 1273 1111110
3404 1195 3502 1264 nos

1902 1296 2130 1351 fructum
2153 1302 2220 1353 ab
2244 1301 2458 1369 egregio
2482 1299 2803 1370 Imperature
2828 1301 3186 1369 percepimus.
3211 1302 3328 1355 11100
3340 1316 3502 1370 porro

1901 1407 2009 1444 nou
2039 1401 2239 1447 temere
2265 1393 2401 1445 dicta
2431 1404 2554 1446 sunt
2573 1434 2588 1455 ,
2619 1392 2712 1446 sed
2741 1402 2797 1445 111
2827 1392 3274 1460 rcspondercmus
3295 1392 3384 1457 iis,
3409 1393 3499 1461 qui

1899 1491 2239 1550 quaererent,
2291 1498 2386 1536 cur
2431 1499 2534 1535 non
2575 1482 2643 1534 ab
2689 1484 2844 1536 initio
2883 1482 2951 1536 de
2998 1482 3326 1552 Imperatore
3357 1483 3499 1538 Deus

1902 1588 2086 1642 pmnas
2111 1575 2414 1643 sumpserit.
2462 1575 2610 1628 Illum
2638 1575 2779 1629 enim
2808 1576 2955 1629 rabie
2982 1577 3199 1629 ductum
3229 1591 3374 1646 saepe
3402 1592 3496 1629 vo-

1899 1667 1998 1721 luit
2023 1669 2092 1721 ab
2118 1669 2371 1723 1111011010
2399 1669 2600 1736 impetu
2629 1683 2902 1729 coercere.
2933 1668 3343 1738 alienorumque
3375 1684 3497 1722 ma-

1899 1756 2072 1812 lorum
2098 1759 2346 1829 exemplo
2371 1759 2660 1813 emendare
2694 1777 2705 1812 :
2740 1758 2859 1829 quia
2885 1773 3013 1813 vero
3041 1758 3509 1833 ille'repuguavitr

1897 1847 1950 1901 in
1981 1859 2218 1902 extrema
2246 1865 2367 1903 eum
2415 1849 2551 1902 mala
2588 1848 2817 1917 c0njecit
2850 1865 2862 1900 :
2901 1863 3086 1902 veram
3124 1849 3338 1919 quidem
3366 1862 3496 1917 pec-

1896 1947 2138 1992 calorum
2185 1938 2442 1993 ultionem
2479 1940 2530 1993 in
2560 1956 2808 2010 magnum
2836 1941 2985 1994 illum
3014 1940 3159 1995 diem
3188 1954 3492 2006 reservans,

1898 2030 2147 2103 persenti
2194 2045 2321 2085 vero
2350 2046 2504 2099 pmna
2533 2033 2835 2100 supiniores
2863 2033 3103 2086 excitans
3133 2041 3187 2087 et
3210 2032 3278 2086 ad
3305 2032 3493 2086 melio-

1896 2135 2010 2195 gem
2036 2119 2238 2192 frugem
2266 2123 2549 2178 reducens.
2599 2123 2766 2177 Tanta
2795 2124 2937 2178 enim
2959 2133 3042 2190 est
3069 2123 3161 2176 Dei
3191 2123 3492 2188 tolerantia,

1895 2222 1954 2264 ut
1982 2213 2073 2281 qui
2100 2227 2162 2265 ea
2202 2228 2305 2281 non
2338 2223 2483 2268 recte
2528 2225 2782 2276 utuntur,
2835 2229 2928 2268 eos
2977 2198 3242 2282 graviorc'
3277 2214 3492 2273 tandem

1898 2317 2052 2372 pinna
2073 2297 2272 2356 alliciat
2300 2320 2312 2356 :
2344 2318 2406 2358 ac
2433 2304 2882 2372 quemadmodum
2916 2302 3297 2374 pcenitentibus
3326 2305 3492 2368 utilis,

1895 2396 1966 2449 ita
1995 2394 2363 2464 pervicacibus
2388 2406 2441 2450 et
2470 2395 2752 2450 obstinatis
2795 2397 3013 2464 majoris
3057 2397 3302 2466 supplicii
3330 2409 3493 2450 causa

1893 2486 2090 2539 evadit.
2137 2485 2289 2553 Quod
2317 2485 2362 2540 si
2395 2487 2514 2556 quis
2543 2486 2725 2541 dicat:
2757 2486 2894 2553 Quid
2928 2485 3125 2555 igitur?
3149 2503 3325 2540 annon
3355 2501 3490 2553 prm-

1893 2578 2099 2633 viderat
2128 2578 2267 2631 Deus
2291 2578 2403 2633 fore
2426 2620 2441 2643 ,
2482 2590 2536 2630 ut
2568 2586 2830 2648 tyrannus
2859 2593 3148 2648 numquam
3179 2576 3494 2632 emendare-

1892 2671 2011 2723 tur?
2063 2668 2187 2723 huic
2231 2668 2708 2737 respondebimus,
2759 2669 3070 2738 prmvidisse
3102 2668 3319 2738 quidem
3345 2709 3359 2731 ,
3393 2667 3486 2721 sed
3552 2691 3555 2694 ·

1892 2775 2180 2829 numquam
2229 2769 2451 2830 propter
2489 2760 2706 2815 malitia)
2741 2769 2939 2814 nostra:
2968 2759 3342 2828 prmvisionem
3368 2772 3492 2812 ces—

1889 2859 2127 2904 saturum
2157 2866 2277 2904 esse
2301 2865 2420 2920 quae
2447 2850 2512 2903 ad
2542 2865 2599 2904 se
2638 2859 2884 2919 Spectant
2920 2851 3116 2905 lacere.
3159 2849 3357 2902 Verum
3387 2848 3490 2902 etsi

1889 2956 1990 2994 nos
2026 2941 2444 2996 admonitionem
2475 2956 2580 2995 non
2614 2941 2958 2994 admittamus
2979 2982 2993 3004 ,
3028 2940 3118 2994 ille
3144 2939 3523 2993 nihilominus

1889 3030 2268 3100 benignitatem
2311 3046 2460 3084 suam
2501 3031 2870 3094 demonstrat;
2901 3030 2982 3082 sin
3010 3030 3171 3084 etiam
3203 3031 3255 3082 in
3288 3028 3488 3097 majora

1888 3121 2243 3191 impingamus
2271 3122 2429 3186 mala,
2460 3122 2589 3174 nihil
2617 3122 2717 3176 hoc
2741 3121 2807 3174 ad
2838 3136 2960 3175 eum
2988 3130 3192 3190 spectat
3215 3159 3233 3185 ,
3255 3121 3345 3190 qui
3385 3134 3489 3174 non

1889 3210 2010 3264 ideo
2040 3227 2138 3265 nos
2165 3221 2446 3280 peccantes
2470 3211 2561 3266 diu
2591 3213 2712 3265 tulit
2742 3223 2797 3265 ut
2825 3215 3157 3282 periremus,
3188 3211 3286 3266 sed
3314 3220 3370 3264 ut
3394 3226 3486 3264 sa-

1889 3303 2053 3356 lutem
2095 3319 2586 3372 consequeremur;
2639 3319 2826 3358 verum
2870 3313 3050 3357 nostra
3095 3306 3250 3373 culpa
3292 3303 3490 3369 evenit,

1888 3395 1976 3462 qui
2009 3394 2330 3449 1001101111οω
2359 3396 2483 3472 ⁴01118
2528 3395 2867 3449 tolerantiam
2897 3396 3265 3464 despeximus.
3305 3397 3485 3466 Atque

1842 3525 1850 3530 .
1888 3486 1960 3538 ita
2009 3485 2269 3540 immensa
2297 3487 2413 3556 ejus
2459 3488 2756 3557 benignitas
2795 3488 3118 3542 declaratur.
3163 3487 3296 3542 Cum
3343 3490 3487 3542 enim

1889 3577 2138 3630 nolumus
2179 3593 2368 3648 magna
2395 3578 2514 3646 ejus
2551 3577 2656 3632 frui
2684 3579 2935 3648 patientia
2961 3620 2976 3644 ,
3013 3590 3135 3633 tunc
3165 3595 3282 3632 eam
3314 3579 3402 3632 ille
3434 3578 3486 3631 in

1885 3669 2112 3723 aliorum
2147 3671 2349 3724 lucrum
2378 3673 2662 3734 convertit,
2698 3671 2891 3740 ubique
2918 3670 3073 3724 simul
3103 3669 3486 3739 benignitatem

1887 3773 1941 3816 et
1967 3761 2240 3816 solertiam
2267 3774 2417 3813 suam
2461 3760 2712 3829 prodens.
2759 3759 2911 3827 Quod
2937 3761 3097 3813 etiam
3136 3770 3258 3813 tunc
3289 3760 3486 3813 factum

1887 3863 1992 3909 est.
2044 3853 2112 3908 Et
2157 3861 2413 3923 tyrannus
2440 3852 2659 3922 quidem
2689 3853 2766 3906 sic
2795 3855 2955 3905 vitam
2983 3851 3214 3916 clausit;
3259 3865 3324 3905 ac
3375 3862 3486 3905 tum

1888 3946 2109 4001 insania:
2151 3949 2305 4015 ejus,
2359 3956 2468 4000 tum
2517 3946 2734 4017 Babylte
2774 3947 2984 4000 virtutis
3023 3956 3364 4000 monumenta
3397 3961 3490 4000 ex-

1887 4047 2031 4092 stant
2071 4055 2083 4088 :
2119 4038 2373 4107 templum
2399 4078 2414 4100 ,
2467 4037 2593 4091 item
2621 4047 2676 4090 ct
2702 4036 3029 4107 martyrium
3049 4078 3062 4103 ,
3114 4035 3240 4088 illud
3267 4035 3482 4105 quidem

1887 4123 2176 4194 desertum,
2206 4129 2305 4183 ltoe
2327 4129 2571 4184 eamdem
2599 4145 2759 4198 quam
2787 4130 2934 4197 prius
2952 4130 3198 4182 virtutem
3224 4128 3484 4182 retinens.

1887 4220 2062 4288 Capsa
2089 4233 2267 4273 autem
2298 4237 2404 4273 non
2439 4220 2573 4273 ultra
2605 4218 2833 4274 refertur
2853 4261 2868 4284 ,
2914 4219 3024 4272 Deo
3054 4219 3123 4271 ita
3153 4216 3482 4286 providente.

1887 4320 1945 4364 ut
1965 4311 2374 4364 adventantibus
2393 4311 2589 4364 clarior
2613 4307 2823 4380 Babylae
2845 4318 3113 4377 gestorum
3144 4308 3329 4361 notitia
3361 4323 3483 4362 eva-

1887 4401 1998 4454 dat.
2048 4402 2297 4470 Quisquis
2323 4403 2465 4456 enim
2497 4403 2811 4471 peregrinus
2843 4401 3016 4454 locum
3045 4401 3231 4454 adiens
3259 4411 3311 4455 et
3343 4416 3481 4453 mar-

1888 4502 2058 4562 tyrem
2088 4509 2358 4562 qna-rens,
2390 4509 2511 4547 cum
2541 4492 2686 4546 illum
2713 4492 2905 4546 abesse
2935 4492 3116 4558 videt,
3149 4491 3327 4544 statim
3355 4507 3485 4545 cau-

1885 4603 1999 4641 sam
2028 4588 2348 4651 sciscitatur,
2376 4595 2430 4640 et
2452 4587 2528 4640 sic
2546 4594 2707 4638 totatu
2725 4585 2946 4639 edoctus
2966 4583 3242 4638 historiam
3263 4585 3484 4648 recedit,

1887 4680 2090 4747 majus,
2140 4695 2297 4748 quam
2335 4679 2517 4748 pritts,
2565 4677 2769 4730 lucrum
2803 4687 3120 4746 reportans;
3171 4676 3248 4728 sic
3295 4685 3349 4729 et
3382 4676 3487 4729 Da-

1888 4773 2064 4841 phnen
2096 4773 2409 4837 adventans,
2441 4780 2494 4825 et
2517 4771 2638 4824 inde
2664 4770 2943 4838 recedens,
2972 4771 3257 4824 maximam
3288 4770 3489 4824 utilita-

1889 4873 1994 4916 tem
2029 4863 2276 4931 percipit.
2322 4905 2326 4908 .

1960 4953 2246 5023 Martyrum
2279 4965 2380 5005 tam
2408 4954 2660 5015 vivorum,
2690 4969 2844 5021 quam
2873 4963 3188 5005 mortuorum
3217 4954 3393 5005 virtus.
3423 4981 3492 4992 -—

1888 5043 1964 5096 Ea
2007 5053 2089 5096 est
2132 5055 2421 5113 martyrum
2470 5045 2675 5107 virtus,
2725 5043 3011 5096 viventium
3037 5083 3051 5104 .
3109 5054 3443 5096 mortuorum
3471 5081 3488 5109 ,

1888 5136 2229 5203 pratscnlinm
2275 5135 2440 5199 loris,
2483 5135 2803 5187 absentium.
2859 5135 3064 5186 Elettim
3112 5135 3179 5189 ab
3226 5136 3373 5188 initio
3424 5139 3490 5190 ad

1888 5231 2046 5280 linem
2103 5229 2220 5294 ejus
2266 5229 2493 5280 facinora
2543 5229 2790 5280 eontintta
2842 5231 2990 5295 quasi
3042 5229 3182 5281 serie
3240 5229 3489 5295 copulata

1889 5318 2056 5373 fuere.
2113 5321 2167 5373 Si
2216 5321 2512 5389 pct'pent'las
2561 5322 2736 5384 enim,
2788 5321 3010 5374 violatas
3043 5322 3134 5375 Dei
3166 5323 3308 5390 leges
3342 5322 3484 5374 ultus

1889 5423 2007 5474 081,
2059 5430 2155 5482 pro
2185 5415 2363 5466 occiso
2393 5413 2600 5465 debitas
2631 5427 2815 5480 pcenas
2852 5417 3074 5481 sumpsit
3101 5454 3116 5475 ,
3167 5424 3362 5481 quanta
3419 5415 3486 5465 sit

1888 5504 2243 5556 sacetdoliutn
2279 5505 2414 5555 inter
2463 5513 2515 5556 et
2560 5504 2841 5569 itttperiunt
2870 5503 3166 5556 tlili'ct‘enlia
3205 5504 3435 5555 ostendit
3465 5503 3484 5566 ”,

1895 5599 2074 5651 1111111111
2110 5598 2300 5650 fastum
2332 5613 2544 5650 omnem
2585 5597 2854 5657 disSOlvit,
2891 5597 3069 5650 mundi
3095 5611 3339 5665 petitpaut
3372 5598 3484 5649 cal—

1887 5692 2060 5754 011111,
2110 5691 2458 5757 Imperatores
2505 5689 2720 5750 docuit,
2782 5702 2848 5743 tte
2880 5680 3016 5740 ultra
3049 5704 3353 5740 mensuram
3384 5687 3482 5740 sibi

1890 5797 1918 5834 a
1949 5781 2057 5836 Deo
2104 5781 2464 5850 pra-scriptam
2507 5788 2823 5849 potestatem
2865 5779 3252 5845 extenderent,
3300 5776 3445 5831 sat-er
