4220 6300
717 335 815 388 571
1419 338 1477 393 S.
1514 334 1791 393 JOANNIS
1827 333 2299 393 CHRYSOSTOMI
2336 336 2652 393 ARCIIIEP.
2694 335 3223 395 CONSTANTINOP.

719 450 867 505 dotes
895 447 1073 504 docuit
1093 490 1108 513 ,
1154 458 1211 503 ut
1231 445 1283 511 in
1310 448 1413 503 hoc
1438 447 1733 518 principatu
1778 462 2010 517 praeesse
2035 456 2295 515 oporteat.

714 539 783 593 Et
812 539 925 593 haec
953 537 1168 608 quidem
1200 538 1385 607 hisque
1410 538 1559 606 plura
1590 537 1716 591 dum
1745 528 1795 591 in
1822 553 1982 592 carne
2000 546 2142 590 esset
2171 553 2184 590 :
2208 535 2297 590 ubi

717 636 891 679 autem
945 627 1068 682 hinc
1111 628 1421 696 emigravit,
1468 627 1730 681 daemonis
1791 627 1950 681 robur
1993 628 2297 691 enervavit,

718 718 993 785 gentilium
1031 719 1287 773 fallaciam
1313 718 1637 784 confutavit,
1680 717 1911 772 vaticinii
1949 719 2299 787 nugacitutem

717 813 921 868 detexit
943 832 977 880 ,-
1009 813 1125 882 ejus
1177 815 1375 868 larvam
1427 813 1717 877 contrivit,
1766 811 2127 866 histrionicum
2184 812 2304 878 ejus

719 920 933 957 onmem
962 903 1173 999 detexit
1198 914 1402 968 artem,
1453 918 1575 958 eum
1602 903 1688 970 qui
1720 903 1771 955 in
1799 915 1861 953 ea
1889 913 2122 999 praeesse
2160 900 2307 999 vide-
2456 937 2473 999 ,
2504 936 2553 999 1η
2575 936 2673 999 “ne
2695 935 2934 999 opusculi
2953 936 3107 987 διήλ
3132 942 3186 986 et
3205 935 3547 999 unusche"
3568 941 3683 999 Ὦρα
3701 937 3983 999 dmm

719 1005 870 1051 retur
925 995 1291 1049 obmutescere
1338 1009 1555 1064 cogens,
1618 1009 1681 1049 ac
1735 1006 1923 1061 magna
1971 990 2304 1045 vehementia
2390 990 3986 1066 principi,habebant;RegnuoneuiutetvirtussetiusJeuChrj-

718 1084 1049 1153 upprimens.
1099 1082 1254 1137 Stant
1296 1057 1557 1151 hodieque
1600 1082 1779 1149 templi
1824 1057 2010 1145 inuri,
2047 1080 2305 1133 daemonis

2414 1057 2453 1106 :ti
2480 1057 2669 1107 Domini
2681 1060 2864 1119 nostri;
2885 1057 3043 1118 ipsum
3055 1061 3213 1111 solum
3232 1060 3364 1111 decet
3374 1058 3553 1125 gloria,
3566 1067 3874 1110 cantatean
3891 1067 3987 1114 Pa-

2414 1133 2466 1168 re
2485 1128 2530 1169 et
2550 1122 2993 1172 cowtemoSniritn
3012 1123 3062 1171 in
3080 1120 3268 1172 inﬁnita
3284 1128 3365 1172 stet
3378 1121 3460 1170 uta
3472 1123 3783 1172 mentorum.
3808 1131 3985 1172 Amen.

720 1173 1062 1243 ignominiam
1110 1174 1355 1229 omnibus
1405 1172 1780 1244 prtedicantes,
1829 1172 1993 1226 risum
2025 1171 2151 1227 item
2195 1170 2296 1225 im—
2393 1135 2873 1244 ῧῗιὲξθὲῗῖἔοῖεηὲιδέ

3887 334 3995 386 573

2406 446 2887 520 becillitatemque;
2939 452 3187 522 martyris
3207 467 3333 506 vero
3357 465 3586 506 coronas
3608 492 3625 517 ,
3667 450 3948 506 victoriam
3975 490 3997 518 ,

2407 544 2679 595 virtutem.
2709 541 2877 595 Tanta
2906 550 2988 597 est
3012 553 3316 597 sanctorum
3346 542 3635 609 fortitudo,
3661 550 3770 598 tam
3798 541 3996 597 invitata

2405 642 2461 687 et
2486 632 2835 687 formidabilis
2854 674 2868 697 ,
2899 644 2953 687 et
2977 633 3386 701 lmperatoribus
3409 644 3464 690 et
3480 633 3818 691 (Iunonibus
3839 675 3858 702 ,
3887 634 3996 690 imo

2409 720 2506 789 ipsi
2532 736 2742 792 quoque
2766 722 3065 776 daemonum
3098 723 3323 792 principi
3346 724 3385 777 ί.

3080 1121 3268 1185 inﬁnita
3284 1128 3365 1172 stet
3376 1121 3460 1170 ida
3472 1123 3783 1185 mentorum.
3808 1131 3985 1175 Amen.

2397 1182 2519 1241 Quae
2544 1198 2571 1231 a
2593 1183 2807 1243 quodam
2830 1181 3050 1246 graculo
3075 1181 3282 1233 librario
3298 1184 3431 1234 haud
3450 1181 3602 1232 dubie
3627 1183 3821 1245 adjecta
3842 1195 3983 1236 sunt.

761 1556 3933 1607 Μ

1156 1796 1238 1861 1N
1282 1797 1660 1859 HOMILIAM
1696 1797 1779 1859 IN
1821 1797 1928 1858 SS.
1972 1798 2387 1862 MARTYRES
2424 1801 2916 1865 IUVENTINUM
2955 1804 3052 1865 ET
3092 1805 3560 1868 MAXIMINUM.

788 2044 858 2098 Ut
893 2041 1050 2096 initio
1071 2038 1231 2109 hujus
1253 2001 1533 2094 concioms
1563 2037 1785 2101 dicitur,
1817 2036 1999 2091 habita
2021 2036 2136 2091 haac
2158 2035 2262 2090 fuit
2295 2035 2487 2106 paucis
2532 2044 2653 2105 post
2680 2035 2970 2092 Homiliam
3026 2037 3079 2091 in
3114 2034 3170 2089 S.
3206 2034 3466 2105 Babylam
3497 2033 3694 2091 diebus
3722 2055 3734 2091 :
3768 2036 3978 2102 Nuper.

718 2144 1159 2225 ἰιιηυὶι.’πρῴην,
1197 2166 1307 2206 non
1338 2160 1543 2213 autem.
1576 2151 1709 2217 lteri,
1765 2162 1824 2233 ut
1852 2159 2087 2205 verterat
2114 2151 2407 2221 Interpres,
2442 2147 2629 2218 Nuper
2673 2150 2856 2204 beatus
2886 2148 3122 2221 Babglae
3147 2164 3267 2202 cum
3324 2147 3494 2201 tribus
3532 2148 3712 2218 pueris
3764 2163 3861 2200 nos
3895 2146 3983 2200 hic

716 2266 1064 2337 congregabat
1096 2282 1114 2319 :
1146 2265 1302 2320 hodie
1331 2278 1469 2321 vero
1495 2283 1595 2334 par
1622 2275 1928 2320 sanctorum
1966 2266 2199 2320 militum
2238 2267 2295 2321 in
2321 2268 2435 2321 acie
2457 2255 2766 2321 exercitum
2797 2264 2998 2321 Christi
3028 2238 3319 2320 constituit.
3465 2272 3643 2319 tamen
3696 2263 3806 2317 hoc
3857 2262 3988 2318 loco
4026 2308 4037 2321 κ

719 2382 836 2437 fulti
869 2384 928 2448 ii,
962 2386 1053 2453 qui
1078 2382 1476 2453 Martyrologiis
1509 2397 1731 2452 operam
1761 2384 2048 2449 dederunt,
2080 2384 2134 2439 in
2163 2384 2233 2438 25
2261 2383 2509 2439 Januarii
2542 2385 2738 2439 horum
2790 2394 3093 2456 martyrum
3121 2358 3266 2442 diem
3295 2383 3528 2437 natalem
3563 2380 3879 2445 conferunt,
3906 2380 3980 2433 li-

632 2540 639 2543 .
717 2502 803 2547 cet
826 2507 933 2546 non
958 2492 1112 2547 initio
1140 2500 1374 2552 tantum,
1412 2493 1506 2548 sed
1533 2494 1695 2547 etiam
1730 2494 1892 2562 paqu
1938 2483 2125 2564 postea
2157 2485 2584 2565 Cbrysostomus
2635 2496 2702 2550 de
2727 2494 2963 2552 ilomilia
2989 2495 3043 2550 in
3072 2493 3132 2550 S.
3159 2494 3419 2565 Babylam
3444 2493 3695 2563 loquens,
3720 2507 3844 2547 eam
3871 2505 3988 2545 non

719 2613 847 2675 heri,
886 2611 977 2665 sed
1010 2627 1193 2680 nuper,
1227 2609 1437 2683 πρῴην,
1465 2611 1666 2668 dictam
1691 2612 1959 2668 enuntiet.
1992 2614 2121 2669 lnde
2154 2584 2353 2669 forsan
2387 2629 2519 2679 mos
2540 2614 2778 2669 obtinuit
2822 2623 2883 2669 ut
2925 2614 3015 2670 die
3041 2612 3239 2675 festum
3276 2611 3334 2667 S.
3374 2611 3589 2682 Bahylae
3633 2610 3989 2679 insequente.

722 2722 822 2779 SS.
858 2724 1131 2779 Juventini
1157 2732 1211 2777 et
1234 2722 1516 2779 Maximini
1545 2727 1862 2780 memoriam
1903 2729 2194 2782 enuntient
2232 2744 2245 2780 :
2278 2742 2385 2782 nou
2419 2744 2486 2783 ex
2507 2728 2821 2784 Graecorum
2851 2728 3071 2785 Menaeis
3101 2727 3153 2782 id
3185 2728 3442 2782 mutuati:
3473 2725 3762 2795 siquidem,
3797 2732 3857 2777 ut
3885 2736 3994 2775 no-

722 2850 798 2893 tat
827 2839 1028 2908 optime
1056 2837 1371 2901 Bollandus,
1403 2839 1552 2893 nulla
1587 2840 1639 2893 in
1672 2838 1912 2907 Menaeis,
1936 2840 2272 2911 Menologiis,
2303 2842 2651 2913 Anthologio,
2686 2843 2875 2897 aliisve
2905 2841 3063 2898 fastis
3092 2842 3263 2897 sacris
3282 2841 3596 2896 Grmmrum
3620 2878 3636 2902 ,
3663 2854 3855 2893 eorum
3885 2853 3993 2892 ex-

721 2971 829 3016 stat
876 2964 1156 3019 memoria.
1206 2961 1308 3017 Sed
1340 2978 1366 3013 a
1402 2963 1818 3031 recentioribus,
1874 2965 1951 3018 ait
1982 2938 2093 3031 ille,
2124 2966 2372 3033 postridie
2407 2964 2467 3019 S.
2501 2951 2719 3037 Babglar
2747 2973 2799 3019 et
2828 2967 2989 3018 trium
3021 2979 3305 3032 puerorum
3330 2962 3617 3026 locantur;
3646 2962 3740 3030 qui
3771 2960 3995 3014 scilicet

726 3095 789 3131 ea
827 3080 879 3132 in
913 3096 970 3133 re
1012 3087 1244 3133 veterem
1276 3079 1420 3132 illam
1457 3078 1707 3134 Homilies
1739 3080 2117 3157 Chrysostomi
2174 3082 2231 3136 in
2272 3081 2373 3137 SS.
2410 3082 2676 3153 Martyres
2712 3081 3215 3151 interpretationem
3245 3089 3553 3149 sequuntur
3580 3098 3594 3132 :
3621 3075 3754 3131 Heri
3791 3075 3999 3129 beatae

724 3192 951 3263 Babylas
982 3178 1100 3244 eum
1135 3190 1301 3244 tribus
1332 3193 1532 3261 pueris.
1576 3191 1808 3248 Videant
1849 3193 2014 3262 igitur
2046 3194 2079 3246 ii
2128 3193 2351 3273 qni‘SS.
2385 3193 2539 3248 lastis
2587 3193 2721 3246 dant
2744 3207 2997 3261 operam.
3034 3207 3164 3246 num
3197 3190 3301 3245 alia
3332 3191 3403 3247 sit
3445 3188 3733 3245 statuenda
3790 3187 3999 3243 colen-

722 3309 805 3362 ἀπε
832 3305 930 3360 SS.
958 3304 1232 3361 Juventini
1249 3314 1304 3360 et
1328 3303 1608 3360 Maximini
1632 3308 1910 3362 memoriae
1930 3308 2062 3363 dies.
2096 3306 2202 3362 llos
2237 3286 2499 3377 martyres
2526 3315 2926 3361 commemorat
2945 3304 3329 3361 Theodoretus
3349 3304 3387 3358 l.
3407 3305 3445 3359 3
3463 3304 3606 3360 Hist.
3635 3303 3783 3358 Eccl.
3808 3318 3859 3359 c.
3891 3304 3918 3357 1
3936 3304 3995 3358 ἂν.

726 3843 1011 3886 EIUSDEM
1054 3843 1118 3885 1N
1164 3843 1248 3886 SS.
1296 3843 1630 3887 ΜΔΒἸῪΒΕΒ
1670 3843 2081 3885 ΠΙῩΕΝΤΙΝΌΜ
2134 3841 2215 3883 ΕΤ
2266 3838 2669 3891 ΜΔΧῙΠΙΝΟΜ,
2730 3836 2839 3889 QUI
2898 3837 3016 3880 SUB
3057 3837 3325 3880 JULIANO
3367 3836 3694 3880 ΑΡοετηΑ
3743 3836 3999 3878 ΝΔίἱτι·

1302 3926 1305 3927 ⁷
1675 3940 1834 3983 ιυωι
1877 3940 2040 3983 smn
2085 3938 2277 3991 passr,
2320 3936 2529 3979 SERMO
2572 3934 3025 3978 PANEGYBICUS.

2123 4065 2529 4133 mm

796 4220 849 4274 Ι.
878 4218 1058 4287 Nuper
1081 4219 1267 4273 beatus
1296 4219 1519 4291 Bnhylas
1542 4234 1661 4274 cum
1691 4219 1857 4274 tribus
1882 4222 2066 4291 pueris
2085 4239 2181 4277 nos
2220 4224 2306 4278 hic

724 4311 1077 4380 Congregabat
1109 4327 1122 4361 :
1166 4310 1324 4365 hodie
1353 4326 1481 4365 vero
1526 4326 1619 4379 par
1643 4323 1944 4366 sanctorum
1978 4315 2205 4368 militum
2251 4316 2303 4368 in

724 4404 838 4457 acie
879 4403 1167 4455 exercitum
1218 4401 1410 4456 Christi
1473 4404 1792 4469 Constituit;
1838 4422 2007 4473 nuper
2050 4409 2303 4478 Quadriga

730 4502 1020 4561 martyrum
1042 4533 1056 4554 ,
1091 4493 1248 4547 hodi?
1279 4494 1416 4563 biga.
1460 4493 1633 4562 Impar
1666 4510 1849 4552 eorum
1888 4507 1969 4551 est
1999 4507 2161 4563 aetas,
2210 4498 2306 4554 sed

728 4596 828 4633 una
863 4581 1032 4646 fides;
1059 4583 1201 4635 varia
1232 4583 1545 4647 certamina,
1574 4584 1665 4637 sed
1693 4584 1876 4639 eadem
1906 4586 2159 4640 fortitudo
2187 4604 2198 4639 :
2232 4588 2306 4642 illi

730 4684 969 4739 tempore
1011 4673 1340 4740 superiores,
1384 4673 1469 4725 isti
1517 4674 1858 4728 recentiores.
1906 4676 2175 4743 Ejusmodi
2223 4686 2307 4731 est

732 4764 1008 4815 thesaurus
1031 4763 1312 4826 Ecclesiae,
1344 4779 1507 4817 novas
1541 4772 1595 4819 ct
1624 4773 1831 4820 veteres
1867 4766 2024 4819 habet
2046 4768 2306 4835 margari-

728 4861 809 4903 tas
841 4868 856 4905 :
886 4852 980 4906 sed
1027 4867 1126 4906 una
1171 4851 1406 4905 omnium
1452 4864 1529 4907 est
1567 4854 1923 4922 pulchritudo.
1970 4856 2167 4910 Eorum
2210 4856 2309 4911 flos

730 4956 901 5009 neque
932 4944 1210 4996 marcescit
1230 4985 1245 5007 ,
1279 4958 1450 5012 neque
1477 4944 1658 4999 deﬂuit
1686 4956 1960 5016 tempore;
2006 4948 2173 5000 nescit
2217 4962 2312 5001 ve-

731 5033 941 5086 tustatis
968 5032 1259 5101 rubiginem
1293 5034 1591 5102 splendoris
1618 5036 1768 5089 istius
1797 5045 2002 5089 natura.
2033 5035 2312 5105 Temporis

730 5120 1077 5177 diuturnitate
1122 5138 1276 5198 opes,
1327 5141 1444 5193 qua:
1467 5126 1533 5179 ad
1574 5142 1796 5195 corpora
1842 5137 2119 5196 spectant,
2157 5128 2312 5183 facile

735 5221 1000 5266 mtereunt
1045 5231 1062 5268 :
1118 5217 1431 5269 vestimenta
1484 5215 1625 5269 enim
1672 5217 2060 5281 absumuntur,
2121 5217 2313 5272 domus

731 5302 1092 5370 destruuntur,
1132 5315 1195 5359 et'
1249 5320 1433 5358 aurum
1476 5306 1714 5374 rubigine
1754 5310 2120 5372 consumitur;
2165 5317 2219 5362 et
2258 5308 2309 5362 in

731 5405 934 5445 summa
957 5434 973 5457 ,
1002 5396 1239 5449 omnium
1266 5396 1595 5449 sensibiliqu
1626 5396 1931 5450 facultatum
1964 5408 2147 5451 natura
2180 5410 2313 5452 tem-

732 5497 861 5544 pore
898 5483 1110 5539 tan‘dem
1137 5485 1380 5541 aboletur
1406 5495 1461 5541 et
1481 5487 1771 5542 intercidit.
1801 5489 1871 5540 At
1900 5503 2003 5540 non
2032 5490 2110 5543 sic
2138 5504 2197 5542 se
2224 5504 2312 5544 res

794 5613 869 5680 tu),
883 5679 888 5680 ν
898 5615 1097 5680 [urbane
1118 5616 1359 5666 homiliam
1381 5617 1587 5680 vidimus
1602 5618 1741 5665 Codd.
1764 5618 1969 5680 unicum.
1990 5622 2186 5680 Regium
2219 5635 2311 5671 set-

737 5674 986 5723 ιιιειῖὅιίῦ
1012 5690 1024 5722 :
1052 5691 1158 5727 nam
1183 5681 1363 5736 perrari
1387 5687 1499 5728 sunt
1523 5678 1666 5737 hujus
1688 5678 1894 5728 boutilize
1916 5674 2133 5731 Codiceis.

2417 4224 2575 4278 habet
2599 4224 2649 4277 in
2680 4222 3044 4293 spiritualibus
3070 4220 3334 4275 thesauris
3354 4260 3369 4285 ,
3420 4218 3487 4274 de
3512 4219 3871 4291 martyribus,
3922 4236 4000 4273 tn-

2412 4330 2567 4383 quam
2593 4355 2608 4379 ,
2653 4315 2740 4382 qui
2766 4328 2981 4381 semper
3001 4311 3267 4365 in-eodem
3306 4312 3758 4379 maneutvigore.
3788 4326 4000 4380 setnp--.

2414 4407 2466 4462 in
2496 4406 2681 4458 eodem
2710 4402 3012 4472 juventutis
3034 4402 3166 4456 ﬂore
3194 4411 3360 4466 sunt,
3408 4417 3623 4469 semper
3664 4416 3777 4454 sua:
3816 4402 4005 4469 gloria

2415 4498 2667 4565 fulgorem
2711 4495 2959 4549 emittunt
3002 4502 3057 4548 et
3095 4494 3292 4547 radios.
3341 4492 3491 4560 Quod
3516 4493 3747 4547 scientes
3772 4507 3869 4545 vos
3895 4508 4007 4548 non

2413 4590 2569 4641 aliter
2600 4588 2830 4655 priscos,
2872 4587 3026 4639 aliter
3053 4584 3375 4638 recentiores
3412 4584 3591 4638 colitis
3629 4591 3841 4637 sanctor
3862 4622 3875 4646 ,
3909 4584 4009 4637 sui

2413 4677 2600 4732 eadem
2631 4676 2930 4739 alacritate,
2961 4675 3147 4729 eodem
3179 4687 3361 4727 amore
3382 4713 3398 4736 ,
3443 4674 3634 4727 eodem
3674 4672 3871 4727 affectu
3909 4688 4008 4726 cu-

2415 4768 2519 4821 litis
2540 4782 2727 4820 oman
2747 4775 2801 4819 ct
2823 4763 3226 4818 commendatis.
3250 4762 3363 4817 Non
3386 4762 3528 4816 enim
3549 4763 3839 4832 exploratis
3864 4754 4004 4815 teni-

2417 4874 2513 4926 pus
2538 4899 2552 4923 ,
2594 4856 2689 4910 sed
2737 4856 3011 4925 exquiritis
3053 4853 3216 4907 animi
3272 4853 3655 4917 fortitudinem,
3699 4854 4008 4923 pietatem,

2418 4951 2573 5004 tidem
2599 4951 2845 5004 invictam
2871 4990 2885 5014 ,
2917 4950 3085 5003 zelum
3115 4947 3389 5001 incitatum
3418 4961 3479 4999 ac
3500 4945 3806 5008 fervidum,
3827 4953 3885 4999 et
3911 4960 4012 5000 eas

2419 5041 2641 5093 virtutes
2662 5081 2677 5105 ,
2702 5053 2832 5107 quas
2866 5054 2974 5106 pra:
3001 5052 3061 5090 se
3092 5037 3268 5089 ferunt
3311 5034 3515 5099 sancti,
3563 5035 3626 5088 ad
3649 5050 3877 5103 quorum
3904 5035 4011 5087 bo-

2420 5145 2602 5183 uorem
2628 5129 2786 5181 hodie
2811 5126 3177 5180 convenimus.
3219 5125 3282 5179 lli
3314 5124 3458 5177 enim
3488 5132 3634 5176 tanto
3684 5138 3872 5178 amore
3908 5123 4011 5178 Dei

2419 5218 2751 5285 flagrabant,
2806 5227 2863 5271 ut
2908 5218 3067 5270 etiam
3113 5224 3262 5268 extra
3315 5214 3743 5281 persequutiouis
3795 5222 4015 5283 tempus

2420 5310 2655 5379 martyrii
2686 5323 2883 5363 corona
2912 5306 3143 5362 redimiti
3190 5303 3421 5369 fuerint,
3469 5303 3670 5374 absque
3694 5319 3870 5374 pugna
3895 5315 4017 5359 tro-

2421 5415 2589 5466 p:eum
2613 5398 2879 5452 erexerint
2908 5437 2924 5462 ,
2969 5396 3169 5463 absque
3196 5394 3380 5461 pnclio
3406 5393 3622 5447 victoria
3661 5393 3830 5463 potiti-
3860 5395 3975 5448 sint
3993 5436 4014 5459 ,

2422 5490 2622 5558 absque
2660 5490 2952 5542 certamine
2997 5485 3239 5540 bravium
3286 5485 3578 5553 rapucrint.
3625 5483 3695 5537 Et
3733 5485 4018 5554 quomodo

2420 5579 2519 5633 hoc
2542 5618 2557 5634 .
2605 5595 2705 5647 ego
2729 5578 2900 5633 dicam
2931 5596 2947 5634 :
2978 5575 3072 5631 sed
3115 5575 3253 5631 ferte
3288 5590 3374 5629 me
3410 5590 3522 5629 rem
3548 5573 3706 5642 paulo
3725 5574 3892 5628 altius
3914 5588 4008 5627 re-

2417 5683 2618 5739 petere.
