4220 6316
352 399 455 454 873

426 515 836 585 I’erscquutionis
879 512 1009 567 ratio
1046 510 1139 564 sub
1157 509 1369 564 Juliano
1398 511 1664 579 Apostata.
1702 536 1774 549 -—
1815 505 1944 561 Erat

357 610 654 680 Imperator
701 606 918 677 quidam
947 645 963 670 ,
1014 603 1174 658 etiam
1218 611 1403 656 nostro
1431 615 1584 664 azvo,
1629 612 1816 653 omnes
1855 597 1944 668 qui

351 718 412 757 se
443 706 831 771 przrcesseraut
856 696 1126 766 impietate
1151 694 1400 758 vincens,
1445 691 1514 746 de
1561 706 1669 760 quo
1699 699 1752 744 et
1781 704 1948 757 nuper

352 792 588 862 pluribus
616 804 644 841 τ
668 803 754 842 me
788 788 989 843 dictum
1015 794 1097 840 est
1128 803 1141 839 :
1184 783 1272 854 qui
1302 799 1424 838 cum
1468 781 1676 836 videret
1718 795 1804 834 res
1851 795 1950 833 no-

350 899 493 940 stras
517 893 811 952 martyrum
840 891 1011 934 morte
1037 878 1292 934 clariores
1314 877 1451 939 fieri.
1484 885 1539 930 et
1563 889 1624 930 ea
1653 889 1811 928 causa
1841 889 1945 925 non

349 977 524 1028 solum
556 975 732 1038 viros,
775 972 868 1026 sed
898 982 954 1026 et
983 980 1196 1025 teneros
1244 982 1439 1038 pueros
1463 964 1821 1035 virginesque
1862 967 1947 1017 in-

351 1080 549 1138 nuptas
573 1109 588 1131 ,
617 1076 673 1121 et
693 1066 745 1119 in
770 1080 976 1119 summa
1003 1078 1070 1118 ex
1095 1063 1240 1118 omni
1268 1076 1398 1116 sexu
1427 1072 1482 1115 et
1507 1069 1662 1114 artate
1689 1058 1946 1129 quosdam
1998 1133 2000 1135 ὶ

349 1174 453 1230 pro
484 1159 742 1229 religione
764 1157 829 1211 ad
859 1165 1088 1211 mortem
1116 1155 1366 1226 prosilire
1383 1195 1395 1218 ,
1419 1153 1754 1208 cruciabatur
1774 1160 1828 1204 et
1853 1151 1951 1203 do-

355 1250 538 1315 lebat;
585 1260 844 1304 caeterum
887 1261 1105 1302 movere
1150 1246 1348 1301 bellum
1387 1244 1666 1298 manifeste
1714 1242 1945 1296 nolebat.

349 1341 555 1397 Omnes
593 1342 759 1402 enim,
811 1339 1054 1404 diccbat,
1105 1337 1170 1391 ad
1212 1337 1561 1408 martyrium,
1591 1334 1741 1404 quasi
1771 1333 1836 1387 ad
1865 1332 1948 1386 al-

351 1435 591 1487 vearium
643 1445 771 1499 apes
822 1429 1098 1484 volabunt.
1150 1428 1275 1481 llaec
1321 1437 1500 1480 autem
1543 1441 1648 1479 non
1697 1425 1763 1480 ab
1805 1424 1946 1489 alio,

350 1539 515 1593 quam
557 1537 586 1575 a
632 1520 923 1589 majoribus
989 1520 1101 1575 suis
1146 1519 1426 1572 didicerat.
1477 1516 1689 1570 Etenim
1739 1514 1948 1584 tyranni

351 1613 648 1669 Ecclesiam
700 1611 1050 1673 infestarunt,
1103 1618 1157 1662 et
1204 1609 1384 1680 populi
1429 1622 1643 1678 quoque
1693 1619 1951 1676 perpetuo

351 1705 797 1761 insurrexerunt'
829 1718 950 1758 cum
978 1703 1153 1759 adhuc
1195 1717 1356 1772 parva
1403 1701 1678 1770 religionis
1718 1701 1948 1755 scintilla

351 1807 537 1861 esset;
571 1811 688 1852 eam
721 1804 898 1849 tamen
924 1810 1031 1848 non
1059 1795 1474 1855 cxstlnxcrunt,
1513 1806 1690 1862 neque
1735 1791 1950 1845 destru-

351 1896 583 1953 teruut,
628 1884 724 1940 sed
778 1885 877 1955 ipsi
931 1883 1109 1954 potius
1152 1883 1408 1938 destructi
1452 1892 1596 1936 sunt.
1646 1880 1954 1951 Augebatur

351 1979 595 2050 quotidie
620 1978 846 2033 scintilla
887 1976 1034 2042 hrec,
1091 1975 1465 2045 ferebaturque
1505 1974 1560 2028 in
1604 1973 1862 2036 sublime,
1898 1980 1954 2027 et

352 2085 572 2126 omnem
602 2069 838 2138 undique
865 2068 1050 2122 orbem
1099 2067 1419 2132 invadebat,
1466 2081 1589 2120 cum
1630 2065 1950 2121 occideren-

353 2173 466 2229 tur,
507 2162 878 2225 adurerentur,
925 2159 1419 2229 suspenderentur,
1465 2159 1947 2238 praecipitarentur,

350 2255 543 2312 bestiis
581 2255 945 2324 objicerentur
967 2269 1154 2307 omnes
1181 2251 1388 2306 fideles.
1436 2252 1645 2306 Etenim
1690 2252 1951 2306 carbones

349 2347 494 2401 sicut
521 2347 690 2401 lutum
722 2345 1030 2409 calcabant,
1058 2355 1110 2397 et
1140 2359 1287 2414 mare
1313 2342 1611 2412 fluctusque
1654 2341 1794 2395 sicut
1823 2358 1950 2411 pra-

349 2448 468 2492 tum
501 2439 865 2500 intuebantur,
895 2434 960 2488 ad
992 2434 1222 2504 gladium
1250 2435 1388 2488 sicut
1412 2433 1479 2486 ad
1505 2431 1750 2486 diadema
1779 2444 1834 2487 et
1859 2447 1952 2487 co-

351 2543 542 2583 ronam
571 2527 895 2592 currebant,
925 2526 1211 2595 omniaque
1241 2532 1629 2578 tormentorum
1656 2538 1853 2592 genera
1877 2523 1951 2575 ita

351 2623 718 2692 superabant,
776 2629 831 2674 ut
859 2634 920 2672 ea
963 2633 1069 2672 non
1128 2616 1302 2670 solum
1349 2630 1610 2685 generose
1649 2625 1703 2668 et
1744 2614 1949 2668 fortiter

353 2717 591 2776 ferrent,
621 2714 714 2768 sed
737 2723 791 2767 et
811 2712 1058 2766 alacriter
1097 2719 1152 2764 et
1191 2725 1312 2764 cum
1338 2702 1631 2778 voluptate.
1663 2707 1951 2761 Enimvero

351 2807 495 2860 sicut
520 2807 716 2875 planta:
756 2805 938 2873 rigata:
968 2801 1136 2872 magis
1161 2810 1438 2864 crescunt,
1488 2801 1558 2854 ita
1587 2809 1641 2853 et
1669 2800 1804 2854 fides
1855 2815 1954 2853 no-

352 2911 468 2953 stra
495 2907 795 2967 oppugnata
825 2896 990 2965 magis
1009 2893 1182 2957 floret,
1201 2903 1255 2948 et
1276 2902 1464 2948 vexata
1493 2893 1818 2947 incrementa
1841 2907 1954 2945 ma-

351 2990 470 3060 jora
500 2990 698 3052 sumit;
732 3005 906 3059 neque
939 2986 1076 3040 horti
1105 2985 1258 3055 aquis
1288 2985 1492 3055 irrigati
1525 2985 1594 3037 ita
1625 2983 1948 3052 germinant,

351 3089 416 3134 et
442 3080 654 3134 fecundi
683 3090 840 3142 sunt,
870 3089 927 3131 ut
956 3075 1206 3131 Ecclesiae
1225 3116 1242 3142 ,
1273 3074 1320 3129 si
1349 3084 1640 3144 martyrum
1667 3072 1953 3142 irrigantur

351 3171 634 3244 sanguine.
685 3172 814 3227 Haec
855 3171 1033 3225 omnia
1069 3179 1231 3238 atque
1274 3167 1422 3236 plura
1461 3180 1583 3220 cum
1630 3166 1717 3220 ille
1753 3166 1949 3228 sciret,

353 3265 720 3321 meﬁculosior
765 3271 923 3328 erat,
975 3275 1136 3330 quam
1177 3268 1235 3312 ut
1283 3257 1562 3312 manifeste
1607 3272 1728 3310 cum
1757 3257 1952 3310 nostris

355 3357 692 3426 confligeret.
722 3355 801 3409 Ne
821 3353 1116 3408 efficiamus
1137 3393 1150 3417 ,
1182 3350 1386 3421 inquit,
1429 3358 1491 3403 ut
1517 3347 1811 3418 frequentia
1844 3349 1952 3402 eri-

352 3459 486 3519 gant
511 3458 708 3517 tropaea
727 3487 742 3509 ,
777 3445 1056 3498 continuas
1084 3452 1360 3510 reportent
1390 3440 1639 3494 victorias
1663 3481 1678 3507 ,
1721 3448 1774 3493 et
1801 3454 1954 3494 Coro-

355 3556 454 3595 nas
474 3540 767 3594 obtineant.
800 3535 906 3592 Sed
937 3535 1063 3604 quid
1092 3532 1260 3588 facit“!
1292 3532 1455 3597 Vide,
1493 3547 1616 3596 oro,
1650 3532 1952 3601 malignita-

356 3643 488 3684 tem.
521 3629 753 3684 Hedicos
772 3670 788 3693 ,
818 3628 1012 3680 milites
1034 3666 1048 3688 ,
1095 3623 1363 3692 sophistas
1391 3632 1446 3674 et
1475 3633 1717 3676 oratores
1764 3638 1954 3679 omnes

357 3725 502 3778 vela
529 3721 949 3793 professionibus
1000 3721 1110 3773 suis
1156 3719 1432 3772 discedere
1473 3717 1556 3770 vel
1597 3716 1758 3771 fidem
1802 3732 1952 3771 suam

355 3816 607 3885 abjurare
626 3814 812 3883 jubet,
845 3812 1201 3879 excitavitque
1245 3810 1296 3863 in
1337 3810 1479 3865 hunc
1523 3809 1740 3862 modum
1769 3818 1954 3862 contra

358 3917 577 3962 nostros
620 3907 814 3960 bellum
853 3904 956 3957 tela
985 3903 1194 3956 eminus
1225 3903 1473 3971 mittens,
1516 3909 1574 3953 ut
1603 3900 1646 3952 si
1674 3915 1705 3953 a
1729 3899 1831 3953 fide
1857 3900 1954 3953 de-

357 4001 614 4054 sisterent
640 4040 653 4063 ,
687 3997 910 4051 ridicule
939 3996 1299 4057 vincerentur,
1337 4001 1517 4060 utpote
1541 3992 1629 4061 qui
1661 3991 1818 4045 fidem
1841 3992 1958 4060 opi-

360 4093 465 4147 bus
495 4109 600 4144 uou
636 4089 990 4160 praeferrent;
1043 4086 1124 4140 Sin
1161 4098 1421 4155 generose
1450 4091 1858 4152 perseverarent
1901 4091 1957 4136 et

358 4187 675 4250 vincerent,
721 4196 894 4252 nequc
922 4181 1000 4235 sic
1037 4179 1249 4248 egregia
1290 4176 1428 4231 foret
1465 4177 1727 4241 victoria;
1784 4191 1956 4245 neque

362 4281 574 4348 insigne
619 4289 920 4346 tropaeum:
952 4272 1083 4326 nihil
1131 4273 1272 4325 enim
1312 4284 1602 4337 magnum,
1656 4276 1827 4322 artem
1873 4269 1953 4322 vel

365 4374 751 4448 prpfessionem
780 4384 876 4440 pro
902 4369 1098 4438 pietate
1125 4376 1492 4420 contemnere.
1526 4363 1706 4434 Neque
1736 4366 1780 4418 is
1804 4366 1958 4419 δτρνὶ-

362 4471 450 4522 tize
479 4466 594 4536 ejus
618 4465 736 4518 finis
765 4472 880 4516 erat
917 4479 930 4513 :
961 4476 1083 4514 nam
1106 4460 1171 4514 ad
1199 4459 1312 4514 haec
1331 4500 1346 4525 ,
1378 4459 1422 4512 si
1451 4460 1571 4528 quis
1592 4459 1958 4526 superioribus

363 4559 521 4612 annis
545 4597 560 4622 ,
591 4571 711 4611 cum
739 4554 913 4608 adhuc
936 4553 1003 4622 pii
1050 4552 1405 4621 Imperatores
1433 4566 1610 4604 rerum
1636 4552 1954 4619 potirentur,

363 4650 447 4704 vel
469 4649 654 4702 altaria
677 4645 964 4700 demolitus
995 4644 1217 4706 fuisset,
1263 4641 1348 4694 vel
1381 4640 1576 4709 templa
1613 4640 1915 4695 suffudisset
1937 4682 1952 4708 ,

366 4740 455 4795 vel
481 4739 702 4793 donaria
724 4735 1066 4804 diripuisset,
1115 4733 1198 4788 vel
1228 4731 1372 4786 aliud
1405 4732 1506 4784 tale
1531 4732 1782 4800 quiddam
1813 4733 1952 4802 egis-

365 4841 477 4895 set,
510 4825 904 4898 rapiebaturad
934 4825 1201 4889 tribunal,
1252 4833 1304 4878 et
1346 4822 1708 4887 occidebatur,
1758 4837 1864 4877 nou
1914 4825 1956 4876 is

364 4924 542 4978 solum
574 4895 662 4991 qui
689 4924 792 4974 tale
814 4895 943 4986 quid
986 4916 1222 4985 egisset,
1269 4914 1362 4967 sed
1409 4915 1499 4983 qui
1546 4913 1752 4967 delatus
1799 4914 1958 4968 dom-

367 5023 509 5069 taxat
549 5012 755 5066 fuisset.
789 5007 1048 5078 Fingebat
1067 5019 1278 5076 quoque
1307 5012 1361 5057 et
1384 5005 1515 5057 alias
1541 5005 1717 5057 varias
1744 5019 1955 5072 causas,

367 5111 440 5162 ita
468 5115 527 5159 ut
552 5106 643 5175 pie-
665 5103 952 5156 viventium
982 5113 1141 5153 nemo
1167 5112 1270 5150 non
1299 5096 1523 5166 lugeret.
1552 5098 1758 5166 Agebat
1777 5108 1956 5152 autem

329 5197 516 5263 'lncc,
549 5205 608 5250 ut
631 5195 1008 5249 Obscuraretur
1034 5188 1273 5260 martyrii
1320 5202 1520 5240 corona
1545 5228 1559 5252 ,
1602 5199 1656 5242 et
1685 5188 1956 5243 nihilomi-

370 5307 470 5345 nus
488 5289 664 5343 caades
683 5296 737 5342 et
757 5296 964 5354 strages
993 5283 1183 5336 fierent
1202 5321 1216 5345 ,
1250 5294 1421 5348 neque
1438 5278 1718 5346 splendida
1741 5281 1958 5349 praamia

368 5393 664 5453 martyrum
693 5382 1013 5448 apparerent
1045 5391 1057 5427 :
1093 5370 1224 5426 nihil
1251 5380 1429 5424 tamen
1450 5381 1571 5424 arte
1597 5370 1694 5424 hac
1714 5372 1958 5442 proﬁcie-

369 5477 481 5530 bat.
508 5472 637 5525 Nam
669 5472 756 5539 qui
785 5470 853 5522 ita
879 5466 1272 5536 alfligebantur,
1306 5477 1410 5516 non
1443 5465 1508 5514 ad
1534 5463 1671 5517 illius
1695 5464 1957 5518 calculum

377 5577 422 5622 3t
452 5561 837 5632 malignitatem
864 5557 1175 5628 spectabant
1201 5596 1217 5620 ,
1258 5554 1350 5608 sed
1378 5553 1444 5607 ad
1475 5553 1837 5624 incorruptum
1863 5555 1958 5611 Ju-

366 5661 544 5716 dicem
568 5698 586 5724 ,
627 5672 657 5710 a
687 5672 791 5726 quo
814 5664 868 5708 et
897 5653 1167 5708 czelestem
1196 5665 1450 5704 coronam
1480 5662 1796 5718 accepturos
1839 5664 1960 5706 sese

366 5749 728 5807 Confidebant.

430 5866 446 5896 ι
473 5861 611 5912 savii.
636 5861 684 5908 in
707 5870 878 5919 marg,
901 5855 1039 5920 quasi
1061 5855 1181 5918 [εγω
1197 5851 1580 5902 insurrexerunt.

1250 391 1314 450 IN
1352 390 1792 450 ,ιυγΕΝτιΝυΜ
1823 390 1910 447 ET
1948 389 2349 448 HAXIMINUM
2386 390 2784 452 MARTYRES.

3544 400 3650 458 δτι

2127 505 2182 560 2.
2226 505 2526 562 Juventinus
2570 519 2618 562 et
2657 507 2972 565 Maximinus
3015 512 3070 567 in
3116 528 3365 569 carcerem
3392 516 3563 581 trusi;
3603 530 3651 572 et

2053 614 2153 669 qua
2181 597 2245 653 de
2274 615 2449 654 causa.
2479 629 2552 641 —
2572 599 2779 656 interea
2807 617 2928 658 cum
2954 602 3070 658 hate
3098 604 3167 658 ita
3194 620 3254 661 se
3280 606 3569 673 haberent,
3598 618 3652 662 et

2053 688 2252 742 bellum
2273 689 2485 759 quidem
2515 690 2604 745 ille
2632 693 2919 761 parturiret
2946 693 3202 750 adversus
3242 708 3454 752 nostros
3473 739 3488 763 ,
3527 714 3649 754 ces-

2053 788 2198 832 saret
2221 773 2398 834 autem
2420 821 2436 848 ,
2465 782 2664 836 veritus
2691 797 2758 837 ne
2780 783 3083 840 vinceretur
3113 803 3127 839 :
3155 789 3350 843 accidit
3375 799 3431 844 ut
3453 791 3649 845 milites

2053 872 2320 940 quoddam
2366 875 2669 929 convivium
2697 874 2958 932 haberent
2985 919 2998 943 ,
3050 879 3102 933 in
3131 896 3237 949 quo
3265 892 3320 934 et
3347 893 3610 953 martyres
3629 925 3647 949 ,

2053 971 2188 1025 quos
2215 957 2374 1012 hodie
2397 959 2644 1024 colimus,
2675 973 2851 1016 erant.
2874 961 3139 1017 Czeterum
3159 1006 3174 1031 ,
3201 976 3258 1019 ut
3277 968 3656 1023 conviviorum

2055 1064 2172 1102 mos
2197 1060 2319 1116 est,
2350 1065 2475 1105 cum
2507 1053 2640 1106 varii
2663 1067 2941 1109 sermones
2978 1055 3104 1110 liiuc
3153 1059 3276 1114 inde
3315 1059 3646 1125 dicerentur,

2054 1144 2252 1211 aliique
2279 1145 2382 1198 alia
2411 1154 2736 1212 tractarent,
2768 1146 2819 1202 hi
2849 1149 2984 1204 mala
3011 1151 3092 1204 sui
3122 1153 3378 1221 temporis
3399 1128 3650 1223 deplora-

2054 1235 2214 1304 bant,
2245 1235 2401 1307 louge
2421 1239 2660 1294 feliciora
2688 1239 2852 1297 fuisse
2877 1244 3152 1313 superiora
3183 1257 3487 1301 asserentes
3509 1287 3524 1312 ,
3560 1246 3649 1301 di-

2054 1328 2353 1399 cebantque
2391 1340 2445 1386 et
2489 1332 2630 1388 inter
2669 1348 2730 1389 se
2772 1345 2826 1390 et
2851 1335 2916 1389 ad
2943 1336 3154 1392 sodales
3187 1338 3394 1408 :Quem
3439 1339 3649 1410 juvaret

2055 1421 2193 1477 ultra
2223 1423 2438 1491 vivere,
2471 1426 2556 1482 vel
2587 1427 2793 1496 spirare
2814 1469 2830 1494 ,
2875 1428 2957 1484 vel
2987 1430 3157 1486 solem
3190 1432 3385 1488 intueri
3413 1474 3430 1497 ,
3478 1435 3647 1489 sacris

2053 1511 2258 1583 legibus
2289 1515 2359 1569 ita
2386 1518 2711 1573 conculcatis
2740 1560 2754 1585 ,
2785 1520 2982 1590 pietate
3008 1523 3077 1576 ita
3105 1523 3298 1578 violata
3322 1568 3337 1592 ,
3370 1535 3646 1582 creatura-

2055 1619 2172 1658 rum
2206 1609 2443 1662 omnium
2474 1609 2700 1665 Domino
2729 1611 2800 1666 ita
2825 1615 3177 1682 contempto?
3221 1615 3410 1670 Omnia
3459 1618 3648 1675 nidore

2056 1696 2209 1765 plena
2241 1710 2366 1752 sunt
2392 1708 2446 1754 et
2471 1699 2654 1766 fumo,
2702 1705 2881 1759 omnia
2907 1705 3185 1762 sacrificiis
3221 1708 3512 1766 immundis
3554 1728 3646 1773 re:-

2058 1787 2236 1844 ferta:
2271 1806 2337 1845 ne
2382 1807 2570 1861 purum
2599 1795 2815 1869 quidem
2859 1812 3038 1852 aerem
3084 1800 3292 1869 spirare
3341 1817 3643 1870 possumus.

2057 1879 2204 1934 Dicta
2237 1881 2352 1935 hare
2381 1898 2450 1938 ne
2489 1884 2851 1955 perfunctorie
2893 1897 3166 1957 transeas,
3198 1892 3292 1948 sed
3326 1895 3604 1950 considera
3626 1939 3642 1962 ,

2051 1973 2270 2041 quando
2292 1989 2355 2029 ea
2387 1975 2589 2045 loquuti
2618 1988 2857 2043 sunt,.et
2876 1990 3074 2050 quanta
3105 1984 3318 2052 pietate.
3367 1986 3497 2041 Nam
3521 1990 3564 2043 si
3593 1992 3645 2045 in

2058 2065 2271 2119 militari
2293 2068 2558 2132 convivio,
2590 2069 2678 2123 ubi
2703 2081 2927 2141 regnant
2946 2073 3179 2130 ebrietas
3200 2086 3251 2130 et
3279 2078 3640 2148 intemperan-

2058 2157 2127 2208 tia
2150 2198 2165 2222 ,
2222 2157 2331 2212 ubi.
2349 2167 2585 2214 certatur
2604 2161 2672 2216 de
2721 2163 3093 2233 prodigalitate
3112 2208 3129 2234 ,
3179 2168 3266 2222 ubi
3293 2185 3427 2241 agon
3455 2183 3539 2226 est
3581 2173 3648 2227 de

2056 2249 2369 2305 temulentia
2395 2259 2449 2304 et
2475 2251 2702 2319 insania,
2728 2254 2807 2308 sic
2839 2256 3255 2326 ingemiscebant
3283 2271 3336 2315 et
3364 2262 3645 2333 lugebant:

2055 2343 2239 2409 quales
2266 2352 2418 2396 erant
2446 2343 2620 2408 domi,
2649 2361 2770 2400 cum
2793 2350 2890 2402 soli
2917 2350 3057 2404 inter
3093 2365 3152 2405 se
3176 2357 3436 2420 agerent?
3459 2357 3648 2426 quales

2056 2441 2209 2485 erant
2231 2434 2281 2486 in
2312 2434 2558 2503 precibus
2583 2446 2638 2491 et
2660 2438 2880 2506 jejuniis
2902 2481 2917 2504 ,
2949 2441 3036 2510 qui
3068 2441 3374 2498 deliciarum
3409 2455 3649 2517 tempore

2057 2531 2164 2577 tam
2218 2533 2613 2593 temperantes,
2657 2529 2947 2598 apostolica
3001 2547 3112 2600 prae
3157 2547 3216 2586 se
3261 2533 3505 2590 ferebant
3556 2553 3648 2606 pe-

2055 2617 2246 2669 ctora?
2289 2614 2563 2672 Cadebant
2609 2620 2720 2684 alii,
2754 2619 2807 2673 bi
2836 2636 2964 2675 vero
2993 2623 3284 2692 lugebant;
3335 2627 3496 2696 impie
3519 2645 3644 2697 age-

2056 2706 2184 2760 bant
2208 2707 2294 2761 alii
2319 2748 2335 2774 ,
2379 2709 2430 2761 hi
2457 2709 2589 2764 vero
2617 2711 2929 2766 urebantur.
2973 2715 3147 2784 Atque
3178 2716 3274 2784 ipsi
3329 2718 3396 2770 ob
3427 2717 3646 2773 fratrum

2055 2797 2420 2852 infirmitatem
2448 2808 2598 2854 Suam
2625 2803 2909 2857 sanitatem
2942 2820 3045 2858 nou
3075 2807 3373 2861 sentiebant
3409 2824 3422 2872 ;
3454 2808 3532 2864 sic
3554 2811 3648 2864 do-

2057 2889 2240 2944 lebant
2268 2899 2321 2944 et
2350 2890 2787 2962 lacrymabautur
2817 2895 2869 2949 in
2906 2896 3060 2949 malis
3083 2937 3098 2961 ,
3130 2913 3248 2967 qua:
3274 2908 3397 2952 tunc
3422 2901 3649 2963 fiebant,

2055 2983 2206 3051 quasi
2229 2984 2482 3038 universo
2508 2983 2707 3038 mundo
2733 2994 2938 3041 tutores
2968 2986 3073 3040 dati
3097 2998 3293 3041 essent.
3338 2989 3521 3058 Neque
3560 3006 3647 3045 oc-

2055 3060 2253 3130 cultu'm
2297 3076 2392 3130 fuit
2440 3077 2564 3131 talia
2609 3093 2703 3132 eos
2753 3078 2954 3134 dixisse
2988 3098 3000 3132 :
3032 3097 3153 3134 nam
3201 3098 3264 3136 ex
3302 3083 3573 3138 sodalibus
3598 3095 3652 3140 et

2055 3167 2296 3222 convivis
2333 3167 2574 3222 adulator
2596 3180 2649 3223 et
2674 3171 2860 3223 irrisor
2886 3169 3101 3241 quidam
3129 3213 3143 3236 ,
3194 3175 3506 3243 obsequium
3549 3175 3652 3229 lm-

2057 3259 2288 3327 peratori
2332 3255 2601 3326 facturus,
2633 3261 2810 3314 omnia
2862 3271 2918 3316 ut
2955 3262 3093 3316 dicta
3125 3273 3277 3317 erant
3307 3265 3513 3318 detulit.
3563 3265 3653 3319 Illo

2057 3358 2268 3417 arrepta
2295 3350 2575 3404 occasione
2604 3351 2714 3418 jam
2755 3351 2843 3406 diu
2875 3352 3096 3423 qumsita
3118 3394 3132 3419 ,
3177 3365 3422 3408 causatus
3464 3366 3545 3409 est
3587 3375 3649 3411 ex

2057 3443 2235 3496 verbis
2264 3442 2372 3497 illis
2396 3442 2693 3497 affectatam
2729 3447 3062 3514 tyrannidem
3085 3488 3098 3509 ,
3146 3457 3202 3500 ut
3232 3448 3298 3498 ita
3327 3463 3420 3501 eos
3450 3461 3650 3520 marty-

2058 3533 2123 3587 rii
2151 3548 2346 3588 corona
2381 3535 2649 3603 privaret,
2698 3546 2755 3590 et
2787 3537 2946 3606 jussit
2991 3537 3270 3608 publicatis
3316 3539 3654 3594 facultatibus

2058 3640 2243 3680 eorum
2273 3626 2521 3681 omnibus
2545 3669 2560 3694 ,
2601 3629 2772 3693 nudos
2797 3630 2849 3684 in
2877 3647 3148 3686 carcerem
3177 3632 3385 3699 conjici.
3433 3631 3512 3688 Illi
3559 3648 3654 3686 au-

2060 3726 2166 3771 tem
2198 3717 2536 3786 gaudebant,
2569 3729 2622 3773 et
2647 3721 2987 3776 exsultabant
3011 3723 3252 3779 dicentes
3285 3763 3298 3774 ι
3332 3723 3466 3801 Quid
3502 3739 3657 3792 nobis

2059 3809 2256 3863 divitiis
2303 3811 2641 3880 pretiosaque
2673 3821 2820 3867 veste
2865 3815 3040 3883 opus?
3083 3815 3126 3868 si
3149 3826 3202 3874 et
3231 3822 3495 3879 indusiuut
3525 3829 3651 3883 inti-

2057 3916 2203 3954 mum
2223 3942 2236 3962 .
2267 3917 2460 3970 nempe
2489 3918 2614 3956 caro
2635 3944 2649 3968 ,
2678 3913 2895 3974 propter
2919 3904 3188 3964 Christum
3220 3917 3520 3970 cxuendum
3548 3929 3654 3985 est,

2060 4007 2166 4046 non
2188 3993 2600 4056 obluctabimur,
2620 3995 2712 4048 sed
2732 4003 2923 4064 sponte
2942 4002 3321 4058 concedetnus.
3342 4006 3490 4061 Tunc
3506 4009 3653 4079 signa

2059 4100 2246 4139 eorum
2291 4084 2538 4139 domibus
2582 4097 2942 4156 apponuntur,
2975 4093 3262 4164 omniaque
3307 4098 3650 4168 diripiuntur.

2060 4175 2229 4231 Porro
2257 4187 2314 4230 ut
2344 4176 2590 4232 homines
2620 4178 2673 4232 in
2703 4180 2924 4247 patriam
2960 4185 3142 4249 procul
3172 4187 3325 4241 sitam
3353 4191 3652 4259 migraturi,

2059 4269 2410 4323 substantiam
2448 4284 2660 4324 onmem
2693 4271 2745 4324 in
2777 4273 3054 4340 pecuniam
3077 4289 3453 4334 commutatam
3480 4297 3654 4354 sa‘pe-

2061 4375 2284 4415 numero
2332 4365 2660 4429 praemittunt
2700 4380 2713 4415 :
2756 4362 2826 4416 ita
2878 4373 2933 4417 et
2980 4364 3086 4419 illis
3136 4368 3348 4424 accidit.
3393 4371 3652 4439 Quoniam

2059 4457 2200 4510 enim
2224 4457 2276 4510 in
2298 4457 2459 4510 caios
2481 4466 2635 4511 erant
2663 4458 2957 4524 transituri,
2984 4457 3212 4515 inimicis
3234 4462 3363 4533 ipsis
3385 4467 3652 4534 negotium

2061 4549 2339 4619 agentibus
2359 4590 2374 4615 ,
2417 4557 2470 4604 et
2500 4549 2552 4603 in
2596 4549 2696 4603 hoc
2724 4550 3184 4619 ministrantibus,
3225 4568 3356 4623 Opes
3386 4572 3509 4611 suas
3530 4571 3655 4614 ante

2061 4659 2120 4697 se
2149 4639 2424 4697 miserunt.
2472 4642 2585 4696 Non
2618 4641 2760 4696 enim
2792 4641 2895 4695 illa:
2926 4651 3126 4697 tantum
3154 4660 3282 4714 opes
3303 4688 3318 4713 ,
3349 4663 3481 4717 quas
3510 4652 3652 4705 cleo-

2061 4753 2298 4807 mosynae
2327 4735 2543 4790 nomine
2583 4733 2856 4804 largimur,
2899 4738 3291 4792 transferuntur
3331 4741 3381 4791 iu
3422 4742 3610 4795 ca-Ium
3635 4786 3653 4808 ,

2059 4827 2154 4882 sed
2179 4828 2337 4881 etiam
2365 4841 2728 4897 quascumque
2767 4826 2920 4880 nobis
2973 4829 3150 4882 hostes
3183 4829 3303 4883 fidei
3340 4831 3656 4906 piorumque

2063 4931 2473 4992 persequutores
2504 4917 2748 4988 rapiunt,
2785 4919 2889 4972 illic
2923 4918 3155 4973 thesauri
3185 4923 3361 4975 erunt.
3391 4924 3484 4977 Est
3511 4926 3654 4980 enim

2062 5013 2166 5067 hoc
2197 5027 2302 5066 non
2331 5012 2504 5064 minus
2529 5025 2689 5081 quam
2716 5010 2839 5064 illud
2871 5026 2883 5062 :
2914 5009 2981 5064 de
3003 5026 3108 5079 quo
3146 5012 3269 5065 audi
3307 5014 3433 5082 quid
3461 5015 3658 5069 Paulus

2062 5107 2204 5161 dicat
2242 5125 2256 5160 :
2296 5105 2363 5161 Et
2405 5105 2669 5176 rapinam,
2702 5103 2902 5173 inquit,
2945 5097 3191 5158 bonorum
3223 5117 3496 5160 uestrorum
3543 5126 3654 5163 cum

2062 5200 2248 5271 gaudio
2270 5197 2451 5251 tulistis
2475 5238 2491 5263 ,
2533 5204 2876 5266 exspectantes
2906 5211 2992 5248 eos
3022 5195 3203 5249 habere
3232 5196 3490 5250 meliorem
3533 5201 3654 5252 sub-

2063 5289 2299 5345 stantiam
2319 5328 2335 5354 ,
2364 5296 2408 5340 et
2433 5296 2718 5340 manentem
2749 5287 2802 5340 in
2829 5285 2966 5339 ralis
2994 5286 3019 5356 (
3033 5284 3283 5341 HeerO.
3311 5290 3374 5342 34
3392 5289 3436 5358 ).
3466 5288 3537 5344 Ut
3565 5306 3658 5343 an.

2065 5393 2172 5438 tem
2204 5381 2570 5453 ingressisunt
2595 5380 2647 5432 in
2677 5394 2970 5443 carcerem,
2990 5379 3245 5433 confluxit
3269 5382 3334 5434 ad
3364 5397 3456 5436 eos
3482 5385 3656 5436 omnis

2064 5476 2250 5530 civitas
2275 5515 2290 5538 ,
2332 5473 2539 5526 tametsi
2570 5471 2750 5523 multis
2779 5471 3072 5524 terroribus
3093 5511 3106 5534 ,
3146 5472 3302 5524 minis
3328 5482 3382 5526 et
3408 5474 3654 5542 periculis

2064 5566 2403 5622 interdictum
2435 5573 2549 5616 erat
2573 5604 2586 5623 ,
2637 5577 2705 5615 ne
2732 5562 2848 5631 quis
2887 5563 2966 5614 vel
2996 5562 3061 5614 ad
3087 5576 3178 5616 eos
3227 5564 3539 5626 accederet,
3578 5569 3654 5620 vel

2066 5659 2146 5713 eis
2176 5657 2503 5725 loqueretur,
2526 5653 2608 5706 vel
2638 5653 2825 5722 quovis
2847 5652 3006 5705 modo
3031 5653 3470 5707 communicaret.
3497 5657 3652 5724 Atqui

2067 5749 2226 5802 timor
2252 5745 2344 5800 Dei
2372 5744 2459 5798 illa
2485 5743 2661 5796 omnia
2692 5743 2926 5796 excassit
2953 5760 2965 5793 :
2997 5743 3138 5796 unde
3165 5743 3313 5796 multi
3335 5744 3406 5795 ob
3426 5759 3655 5798 consue-

2070 5841 2340 5906 tudinem,
2373 5852 2529 5908 quam
2557 5852 2676 5892 cum
2707 5837 2812 5891 illis
2843 5835 3146 5902 habebant,
3187 5837 3306 5891 facti
3337 5849 3455 5891 sunt
3485 5849 3534 5891 et
3557 5841 3654 5910 ipsi
