4224 6302
604 332 713 389 575

607 455 905 515 martyres:
951 433 1099 491 multi
1134 430 1277 486 enim
1320 434 1622 494 contempta
1653 421 1899 493 praesenti
1925 418 2177 515 vita-fre-

615 506 829 605 quenier
853 543 947 585 eos
973 521 1233 582 visitando
1251 560 1266 583 ,
1296 514 1616 589 psalmodias
1638 525 1891 605 sacraque
1910 506 2179 605 pervigilia

609 602 963 680 celebrabant.
993 617 1158 673 Erant
1183 610 1570 667 familiaritates
1600 606 1705 659 illa:
1745 602 2031 672 spiritualis
2056 614 2182 653 eru-

610 713 1009 780 ditionisatque
1044 700 1424 761 consolationis
1465 698 1635 767 plenae
1666 714 1679 749 :
1709 706 1759 749 et
1789 697 1964 747 clausa
2007 690 2183 744 eccle-

611 812 685 862 sia
706 847 723 874 ,
750 819 932 860 career
964 799 1187 855 ecclesia
1223 796 1395 849 factus
1440 799 1542 845 est.
1573 789 1753 857 Neque
1786 785 1820 839 ii
1859 786 2028 837 solum
2049 822 2062 847 ,
2095 780 2186 850 qui

611 894 1001 957 eosvisebant,
1051 886 1147 943 sed
1181 896 1236 939 et
1272 885 1361 952 qui
1389 884 1535 959 intus
1572 894 1689 933 cum
1730 876 1807 930 eis
1851 874 2185 932 tenebantur,

616 988 898 1042 maximam
926 979 1237 1049 sapientiam
1283 983 1338 1028 et
1378 974 1623 1025 virtutem
1654 983 1684 1021 a
1727 961 1975 1035 patientia
2014 959 2191 1014 etfide

616 1093 801 1134 eorum
842 1072 1138 1128 discebant.
1180 1068 1470 1134 Imperator
1515 1071 1570 1116 ut
1616 1060 1730 1113 hmo
1758 1056 1992 1118 audivit,
2040 1052 2191 1105 valde

618 1166 976 1224 stomachatus
1008 1171 1126 1217 est:
1169 1158 1388 1226 Cupiens
1416 1166 1587 1208 tamen
1618 1166 1711 1205 eos
1751 1150 2111 1217 supplantare,
2140 1152 2195 1197 et

618 1263 687 1316 ab
712 1259 984 1313 alacritate
1012 1269 1104 1307 sua
1151 1250 1414 1320 dejicere,
1450 1245 1618 1300 fiedos
1652 1242 1911 1313 quosdam
1954 1238 2195 1292 homines

620 1363 675 1405 et
698 1348 1109 1421 prazstigiatores
1140 1340 1464 1401 subornavit,
1494 1337 1605 1421 qui,
1634 1337 1677 1388 si
1706 1332 1915 1402 quando
1938 1331 2197 1421 privatum

621 1417 940 1509 colloquium
968 1442 1087 1490 seSe
1110 1433 1345 1491 offerret,
1368 1445 1470 1482 non
1502 1436 1557 1480 ut
1583 1418 1652 1479 ab
1678 1423 2002 1493 lmperatore
2029 1417 2196 1479 missi,

624 1533 718 1587 sed
746 1529 895 1602 quasi
923 1526 1136 1597 proprio
1170 1520 1393 1577 consilio
1438 1519 1489 1572 id
1518 1526 1733 1587 agentes
1754 1554 1769 1576 ,
1797 1514 2202 1567 adhortarentur

628 1636 684 1675 ut
714 1638 743 1673 a
786 1620 1038 1687 religione
1076 1614 1334 1685 desistant
1372 1618 1427 1663 et
1455 1607 1519 1661 ad
1546 1607 1869 1677 impietatem
1912 1608 2199 1657 transeant.

628 1711 880 1766 llicebaut
916 1709 1056 1762 enim
1091 1704 1217 1770 :Sic
1265 1717 1369 1755 non
1407 1699 1575 1753 solum
1607 1696 1887 1750 imminens
1913 1693 2203 1761 periculum

625 1801 888 1872 eﬂ‘ugietis
911 1840 926 1864 ,
979 1796 1072 1851 sed
1120 1794 1305 1863 majori
1328 1793 1581 1860 dignitate
1607 1784 1869 1840 honestati
1895 1825 1909 1849 ,
1939 1783 2205 1849 majorem

628 1871 838 1963 quoque
879 1889 1225 1957 principatum
1263 1880 1501 1949 adepturi
1539 1878 1700 1941 estis,
1750 1873 2097 1963 Imperatoris
2132 1871 2207 1963 ira

631 1966 853 2038 feliciter
874 1979 1097 2049 placata.
1126 1974 1311 2028 Nonne
1342 1971 1547 2025 vidistis
1576 1978 1628 2021 et
1659 1966 1977 2047 alios-vestri
2008 1962 2209 2025 ordinis

633 2073 859 2143 idipsum
884 2066 1112 2124 fecisse?
1139 2065 1340 2133 Quibus
1369 2063 1441 2115 illi
1470 2058 1858 2127 responderunt
1884 2072 1895 2107 :
1931 2054 2085 2123 Atqui
2116 2067 2212 2107 nos

632 2164 730 2217 hac
760 2160 1090 2231 potissimum
1116 2158 1320 2210 ratione
1346 2153 1565 2207 viriliter
1601 2150 1860 2203 stabimus
1880 2188 1895 2213 ,
1936 2155 1993 2199 ut
2020 2160 2114 2214 pro
2146 2145 2211 2197 il-

635 2252 979 2319 larum‘lapsu
1011 2247 1363 2317 nosmetipsos
1394 2244 1445 2297 in
1474 2240 1730 2296 sacrificia
1758 2238 2063 2301 oﬂ'eramus.
2109 2234 2213 2289 Be-

639 2345 830 2412 nignus
875 2340 1026 2393 nobis
1054 2337 1307 2391 Dominus
1332 2343 1411 2386 est
1446 2350 1459 2385 :
1489 2332 1624 2384 solet
1662 2330 1822 2383 etiam
1849 2342 1954 2381 uno
1996 2333 2214 2394 accepto

638 2430 897 2487 sacriﬁcio
925 2427 1022 2482 toti
1043 2425 1160 2480 orbi
1183 2421 1475 2478 conciliari.
1507 2423 1574 2473 At
1601 2421 1737 2472 sicut
1761 2418 1887 2470 olim
1932 2427 2037 2470 tres
2068 2413 2214 2484 pueri

636 2522 888 2577 dixerunt
917 2537 929 2572 :
961 2516 1081 2571 Non
1104 2526 1172 2569 est
1198 2516 1248 2567 in
1271 2524 1487 2583 tempore
1512 2512 1605 2564 hoc
1631 2511 1860 2579 princeps
1881 2518 1927 2561 et
1948 2509 2215 2577 praplieta,

636 2624 685 2668 et
710 2614 849 2677 dux,
892 2626 1051 2678 neque
1091 2608 1436 2660 holocaustum
1458 2646 1471 2669 ,
1505 2620 1663 2668 neque
1686 2602 2022 2669 sacriﬁcium,
2064 2615 2219 2667 neque

640 2707 778 2759 locus
808 2702 1045 2769 σπαθηάί
1077 2714 1246 2751 coram
1285 2705 1363 2762 te,
1412 2705 1467 2747 ut
1493 2695 1739 2763 possimus
1780 2692 1999 2745 inuenire
2026 2691 2221 2744 miseri-

641 2793 885 2853 cordiam,
931 2790 1018 2843 sed
1055 2788 1107 2841 in
1154 2788 1322 2838 animo
1366 2784 1578 2836 contrito
1620 2792 1666 2836 et
1705 2784 1885 2851 spiritu
1923 2780 2219 2834 humilitatis

640 2884 971 2954 suscipiantur
1001 2879 1172 2951 (Dan.
1206 2877 1375 2932 5.58.
1405 2875 1512 2945 59)
1543 2894 1555 2928 :
1584 2875 1654 2927 ita
1675 2882 1728 2926 et
1748 2884 2009 2943 martyres
2036 2873 2109 2925 illi
2138 2872 2218 2925 vi-

641 2976 827 3029 dentes
854 2972 1040 3033 altaria
1070 2971 1345 3032 subversa,
1376 2969 1583 3021 clausas
1611 2966 1885 3031 ecclesias,
1917 2963 2221 3020 sacerdotes

645 3065 825 3134 pulsos
846 3104 863 3128 ,
892 3062 1074 3116 fideles
1112 3073 1299 3113 omnes
1332 3058 1565 3127 fugatos,
1594 3054 1875 3111 studebant
1901 3066 1952 3110 ut
1982 3071 2081 3126 pro
2109 3071 2223 3109 om-

647 3157 801 3210 nibus
826 3155 1143 3209 oli‘errentur
1167 3152 1411 3218 Domino,
1444 3152 1746 3221 relictisque
1774 3151 2087 3206 militaribus
2114 3160 2227 3205 tur-

646 3249 769 3311 mis,
800 3246 1053 3316 angelicis
1078 3258 1197 3299 sese
1226 3244 1407 3299 choris
1433 3242 1800 3313 adiungerent.
1824 3242 2043 3298 Etiamsi
2062 3258 2222 3315 nunc,

645 3337 889 3401 aiebant,
923 3351 1026 3390 non
1050 3336 1359 3397 moriamur,
1393 3333 1726 3387 moriendum
1754 3342 1928 3389 tamen
1954 3335 2226 3404 etpatien-

646 3428 770 3481 dum
793 3426 894 3479 hoc
920 3434 1001 3479 est
1033 3440 1136 3478 non
1169 3425 1335 3478 multo
1374 3422 1614 3493 posthac.
1659 3424 1834 3479 Satius
1869 3422 2034 3493 igitur
2072 3423 2227 3479 fuerit

652 3517 784 3570 mori
808 3530 902 3585 pro
925 3514 1068 3584 Rege
1092 3515 1421 3582 angelorum,
1445 3528 1603 3583 quam
1632 3528 1727 3583 pro
1755 3529 1876 3584 rege
1906 3524 2009 3567 tam
2034 3515 2222 3582 impio;

649 3609 814 3661 satius
843 3606 1001 3660 fuerit
1033 3620 1130 3675 pro
1153 3606 1318 3673 patria
1343 3606 1540 3660 cmlesti
1566 3621 1712 3660 arma
1742 3606 2036 3675 deponere,
2066 3622 2224 3677 quam

651 3712 749 3765 pro
779 3707 988 3751 terrena
1015 3705 1071 3751 et
1095 3712 1249 3766 quam
1283 3697 1501 3765 pedibus
1522 3698 1806 3757 calcamus.
1842 3698 1935 3753 llic
1973 3700 2071 3753 etsi
2110 3700 2227 3769 quis

651 3790 927 3855 moriatur,
974 3788 1105 3842 nihil
1135 3789 1357 3857 accipiet
1402 3790 1469 3843 ab
1497 3787 1827 3861 Imperatqre
1876 3806 1969 3844 sua
2013 3793 2228 3861 dignum

650 3878 975 3933 fortitudine.
1024 3879 1093 3931 Et
1130 3856 1259 3947 quid
1309 3889 1492 3948 posset
1545 3856 1704 3933 homo
1748 3856 1999 3935 defuncto
2046 3856 2229 3952 gratiae

650 3969 937 4023 conferre?
962 3969 1122 4036 Atqui
1161 3967 1210 4021 ei
1238 3984 1601 4036 saepenumero
1628 3984 1696 4022 ne
1718 3969 1987 4037 sepultura
2017 3971 2228 4040 quidem

652 4060 939 4128 contingit,
980 4068 1034 4113 et
1063 4074 1166 4112 non
1188 4074 1308 4113 raro
1332 4074 1361 4111 a
1392 4060 1613 4114 canibus
1650 4060 1955 4114 devoratur.
2004 4062 2153 4128 Quod
2186 4064 2229 4116 si

653 4164 752 4218 pro
780 4150 938 4219 \Regc
973 4150 1281 4219 angelorum
1324 4149 1515 4203 mortui
1550 4150 1801 4204 fuerimus
1825 4191 1839 4215 ,
1887 4154 2017 4205 certi
2052 4167 2233 4207 sumus

655 4254 751 4293 nos
779 4247 1087 4308 accepturos
1114 4223 1310 4311 corpus
1340 4240 1507 4295 multo
1525 4242 1829 4310 gloriosius,
1854 4242 2038 4312 majori
2068 4244 2232 4313 gloria

653 4330 921 4398 conSpicui
943 4328 1141 4383 erimus
1162 4372 1176 4397 ,
1212 4331 1366 4399 longe
1396 4330 1592 4399 majora
1623 4331 1775 4386 nobis
1804 4344 1963 4388 erunt
1993 4335 2231 4389 laborum

658 4420 906 4486 irmmia,
944 4429 997 4473 et
1033 4435 1230 4475 corona
1261 4420 1623 4475 redimiemur.
1667 4422 1895 4478 Proinde
1922 4425 2234 4492 arripiamus

655 4526 803 4564 arma
843 4496 1185 4579 spiritualia':
1220 4527 1325 4565 non
1371 4527 1504 4581 opus
1528 4504 1718 4582 jaculis
1744 4521 1797 4567 et
1836 4515 2063 4569 arcubus
2086 4556 2100 4581 ,
2130 4530 2233 4569 non

655 4600 774 4653 aliis
797 4601 958 4654 armis
984 4616 1100 4669 quae
1121 4601 1219 4655 sub
1244 4616 1431 4657 sensus
1458 4603 1691 4669 cadunt;
1724 4605 1915 4660 sufficit
1947 4621 2040 4675 pro
2065 4608 2236 4660 omni-

658 4692 756 4746 bus
779 4692 972 4761 lingua.
1015 4692 1151 4746 Suut
1182 4693 1323 4747 enim
1351 4703 1405 4747 et
1432 4704 1735 4749 sanctorum
1761 4711 1851 4751 ora
1880 4697 2139 4767 pharetra:
2161 4741 2175 4765 ,
2204 4714 2236 4753 e

656 4783 845 4853 quibus
872 4784 1131 4839 diabolica
1163 4786 1319 4855 capiti
1356 4786 1595 4841 continui
1621 4796 1675 4841 et
1702 4788 1873 4843 crebri
1926 4788 2060 4843 ictus
2098 4790 2234 4844 infe—

659 4885 866 4930 I'llllllll'.

731 4969 785 5023 5.
824 4966 1021 5020 Juliani
1050 4967 1307 5035 Apostatw
1331 4970 1601 5023 calliditas.
1630 4968 1930 5024 Juvcruinus
1982 4981 2028 5025 et
2058 4972 2201 5026 .‘llaxi
2221 4999 2234 5012 -

659 5062 821 5113 "tinus
847 5061 1011 5131 capite
1037 5071 1354 5114 truncantur.
1386 5091 1451 5101 —
1476 5061 1725 5115 Nuntiata
1755 5053 1961 5119 suntet
2001 5065 2114 5118 hazc
2154 5074 2236 5120 at-

656 5168 759 5221 que
783 5153 974 5207 similia
1003 5154 1331 5221 Imperatori,
1365 5156 1455 5224 qui
1486 5169 1585 5210 nec
1614 5156 1835 5222 destitit,
1858 5158 1951 5211 sed
1973 5158 2236 5214 illecebris

658 5242 847 5296 iterum
869 5253 1027 5313 atque
1050 5244 1238 5298 lterum
1269 5245 1390 5299 illos
1418 5249 1660 5300 tentavit.
1688 5247 1757 5299 Ita
1783 5255 1958 5302 autem
1980 5249 2235 5305 subdolus

658 5333 749 5388 ille
777 5344 829 5388 et
844 5336 1144 5390 callidusae
1175 5337 1387 5405 sapiens
1407 5337 1470 5390 ad
1501 5338 1638 5391 male
1658 5338 1918 5406 agendum
1953 5355 2063 5395 rem
2107 5356 2237 5394 con—

658 5426 929 5489 cinnavit,
978 5436 1037 5480 ut
1074 5428 1119 5482 si
1158 5429 1593 5496 cedercntvicti,
1638 5433 1737 5485 sub
1765 5430 2001 5486 omnium
2049 5436 2235 5490 oculos

664 5518 1101 5585 producerentur,
1124 5530 1178 5575 et
1204 5520 1455 5594 efficeret,
1487 5523 1957 5578 utsacrilicarent:
1986 5525 2067 5579 sin
2112 5542 2235 5596 per-

661 5602 990 5677 severarent,
1014 5614 1389 5682 tantamquein
1427 5629 1595 5684 pugna
1625 5613 1987 5671 fortitudinem
2016 5616 2237 5672 exhibe-

661 5708 798 5769 rent,
830 5716 937 5757 non
961 5703 1235 5759 manifesta
1256 5705 1391 5759 foret
1416 5707 1624 5761 illorum
1651 5707 1865 5761 victoria
1889 5746 1905 5775 ,
1958 5708 2051 5764 sed
2077 5712 2227 5780 quasi

1314 315 1375 372 ε.
1412 309 1691 371 JOANNIS
1728 300 2199 366 CilBYSOSTOMl
2235 299 2552 357 ARCHIEP.
2594 296 3127 356 CONSTANTINOP.

3764 294 3873 351 5'76

2288 412 2546 467 allectatm
2602 409 2897 480 tyrannidis
2938 410 3015 463 rei
3061 417 3458 462 truncarentnr.
3491 408 3559 461 At
3592 406 3679 475 qui
3711 423 3877 463 reve-

2288 504 2361 556 lat
2383 501 2642 570 profunda
2666 511 2719 554 et
2751 501 2949 565 abdita,
3002 514 3107 552 non
3142 497 3403 566 permisit,
3434 507 3492 551 ut
3519 496 3874 551 machinatio-

2290 608 2385 647 nes
2413 593 2516 647 illa:
2542 592 2762 645 occultae
2805 599 3119 655 manerent,
3157 598 3213 643 et
3244 590 3436 656 ignota:
3487 588 3733 645 insidiae:
3780 589 3876 642 sed

2290 684 2734 752 quemadmodum
2768 683 2853 737 illa
2884 683 3077 737 mulier
3107 681 3356 751 IEgyptia
3394 674 3683 751 Joscphum
3712 681 3764 733 in
3794 696 3877 732 cn.

2295 775 2473 829 biculo
2498 790 2561 829 ac
2585 774 2871 828 solitudine
2898 774 3065 826 multa
3117 770 3529 841 apprehendens
3573 768 3739 841 (Gen.
3786 771 3878 825 59.

2298 870 2385 937 Η)
2408 909 2421 935 ,
2454 870 2577 922 licet
2600 876 2843 937 speraret
2872 866 3067 919 factum
3094 879 3249 919 suum
3294 865 3431 917 clam
3476 862 3593 917 fore
3627 864 3881 917 omnibus

2300 960 2621 1023 hominibus,
2650 974 2753 1012 non
2784 958 2880 1011 fuit
2913 968 3089 1009 tamen
3118 955 3351 1019 occulta,
3385 954 3467 1008 vel
3496 957 3655 1009 oculo
3684 954 3761 1008 illi
3788 970 3881 1009 80-

2301 1052 2445 1120 poris
2473 1051 2677 1113 nescio,
2701 1049 2782 1102 vel
2812 1047 3106 1117 poSteritati
3129 1063 3142 1109 ;
3165 1044 3259 1099 sed
3280 1044 3418 1114 quod
3436 1046 3638 1115 absque
3659 1046 3886 1099 arbitrio

2302 1142 2391 1196 illa
2416 1141 2649 1210 Josepho
2676 1141 2835 1203 dixit,
2856 1140 2907 1192 id
2931 1154 3069 1192 nunc
3099 1138 3276 1207 ibique
3308 1147 3575 1191 terrarum
3626 1139 3837 1191 canitur
3871 1153 3884 1193 :

2304 1232 2373 1286 ita
2400 1240 2453 1286 et
2482 1248 2542 1285 ea
2565 1247 2680 1300 quis
2710 1247 2803 1299 per
2825 1230 3145 1283 subornatos
3169 1228 3505 1283 consiliarios
3528 1229 3614 1282 ille
3632 1228 3889 1297 loqueba-

2308 1334 2391 1378 tur
2429 1339 2651 1393 sperans
2672 1324 2876 1376 occulta
2905 1321 3039 1387 fore,
3074 1336 3404 1391 nequaquam
3455 1330 3765 1375 manserunt
3792 1337 3893 1375 oc-

2306 1419 2469 1473 culta.
2516 1417 2821 1471 Didicerunt
2850 1415 2990 1469 enim
3028 1413 3229 1484 posteri
3259 1428 3447 1467 omnes
3477 1423 3530 1467 et
3575 1414 3796 1466 insidias
3841 1429 3895 1467 et

2310 1510 2747 1579 triumphantium
2773 1510 3047 1561 victorias.
3096 1506 3335 1574 Denique
3381 1518 3524 1568 cum,
3558 1504 3726 1557 multo
3760 1516 3894 1557 tem-

2311 1617 2439 1671 pore
2460 1609 2668 1662 exacto,
2695 1599 3025 1652 alacritatem
3048 1612 3231 1651 eorum
3256 1612 3360 1649 non
3383 1596 3555 1649 solum
3583 1612 3689 1649 non
3742 1596 3893 1649 fran-

2309 1701 2461 1762 geret
2483 1692 2821 1754 diuturnitas,
2855 1688 2949 1743 sed
2971 1689 3148 1759 potius
3173 1687 3406 1740 studium
3433 1697 3489 1742 et
3523 1688 3771 1741 ardorem
3799 1703 3895 1741 ex-

2313 1784 2524 1848 citaret,
2546 1781 2989 1849 mmnlalorcsque
3008 1779 3207 1832 multos
3237 1778 3453 1841 faceret,
3482 1778 3640 1847 jussit
3683 1778 3899 1833 tandem

2315 1875 2491 1931 media
2518 1883 2676 1927 nocte
2714 1873 2770 1931 in
2834 1873 3146 1926 barathrum
3173 1886 3268 1925 eos
3311 1870 3521 1925 abduci.
3563 1871 3901 1924 Duceliautur

2317 1969 2492 2036 itaque
2511 1967 2563 2019 in
2589 1966 2775 2019 mediis
2801 1966 3034 2019 tenebris
3050 1965 3349 2026 luminaria,
3383 1972 3437 2017 et
3458 1964 3529 2016 illi
3558 1962 3905 2017 dccollabam

2320 2069 2428 2112 tur.
2457 2057 2719 2112 Caeterum
2752 2056 2924 2126 capita
2970 2056 3287 2109 detruncata
3329 2064 3455 2107 tune
3492 2053 3705 2108 diabolo
3736 2057 3905 2122 magis

2320 2149 2576 2203 terribilia
2616 2157 2789 2213 erant,
2841 2162 2998 2216 quam
3042 2162 3163 2200 cum
3201 2146 3373 2199 adhuc
3411 2159 3594 2198 vocem
3638 2144 3831 2199 darent
3891 2163 3903 2196 :

2319 2241 2459 2293 sicut
2532 2249 2585 2293 et
2659 2248 2818 2306 caput
2877 2238 3098 2292 Joannis
3179 2252 3281 2292 non
3339 2247 3542 2291 tantum
3612 2239 3905 2300 terrebat,

2320 2345 2440 2386 cum
2460 2330 2787 2399 loqueretur,
2826 2340 3082 2399 quantum
3112 2344 3235 2382 cum
3267 2330 3317 2382 in
3341 2329 3489 2383 disco
3513 2342 3717 2383 mutum
3749 2328 3911 2383 affer-

2323 2433 2491 2478 rctur.
2524 2422 2693 2476 Habet
2709 2422 2851 2475 enim
2879 2430 2935 2475 et
2958 2431 3262 2475 sanctorum
3285 2422 3499 2489 sanguis
3519 2436 3669 2474 suam
3697 2435 3905 2479 vocem,

2322 2531 2441 2585 qua:
2470 2531 2576 2569 non
2607 2530 2698 2583 per
2722 2529 2879 2567 aures
2908 2514 3142 2575 auditur,
3171 2513 3262 2566 sed
3290 2513 3647 2568 occidentium
3692 2515 3907 2567 consci-

2326 2606 2522 2659 entiam
2554 2605 2772 2659 invadit.
2814 2604 2941 2658 Post
2969 2604 3178 2657 beatam
3210 2604 3352 2657 illam
3398 2603 3599 2657 ca:dem
3642 2604 3857 2671 quidam
3894 2646 3912 2668 ,

2326 2697 2486 2750 etiam
2518 2711 2637 2750 cum
2658 2696 2845 2750 salutis
2868 2695 3127 2763 periculo,
3155 2695 3386 2748 athletas
3414 2695 3537 2749 illos
3558 2697 3791 2764 optimos
3828 2711 3913 2747 ra.

2329 2797 2575 2857 puerunt,
2598 2788 2754 2841 etiam
2774 2785 2872 2854 ipsi
2902 2786 3005 2837 vivi
3033 2796 3317 2853 martyres,
3337 2796 3395 2839 ut
3422 2786 3632 2839 illorum
3657 2785 3915 2854 reliquias

2326 2888 2576 2932 curarent
2606 2877 2879 2931 decenter.
2909 2876 3040 2931 Nam
3069 2878 3313 2945 quamvis
3344 2891 3448 2931 non
3485 2877 3871 2931 occidebantur
3897 2918 3911 2940 ,

2328 2969 2582 3037 Optabam
2611 2977 2788 3022 tamen
2816 2967 2954 3021 mori
2976 2984 2990 3032 ;
3016 2967 3213 3035 illoque
3233 2966 3392 3020 modo
3420 2965 3487 3020 ad
3510 2968 3765 3036 rapienda
3788 2983 3910 3020 cor-

2331 3075 2461 3128 pora
2488 3058 2711 3129 profecti
2734 3067 2877 3111 sunt.
2905 3058 3095 3111 Dicunt
3115 3058 3205 3126 qui
3238 3066 3363 3111 tunc
3393 3056 3614 3117 alfuere.
3637 3059 3905 3127 etquibu<

2334 3166 2559 3219 corpora
2590 3150 2677 3203 illa
2708 3164 2895 3204 recens
2920 3150 3096 3204 occisa
3138 3150 3325 3214 videre
3356 3149 3533 3202 datum
3576 3148 3672 3202 fuit
3699 3189 3715 3216 ,
3768 3150 3914 3219 quod

2337 3242 2644 3311 jacentib-us
2676 3242 2835 3295 simul
2867 3242 2967 3296 illis
2998 3249 3122 3295 ante
3142 3243 3489 3311 sepulturam,
3522 3242 3642 3296 talis
3668 3243 3914 3313 qua-dam

2333 3348 2397 3386 ex
2421 3347 2603 3385 eorum
2631 3332 2799 3385 oculis
2815 3341 2869 3385 et
2890 3332 3036 3385 vultu
3063 3333 3232 3401 gratia
3259 3331 3669 3400 resplenduerit,
3700 3334 3914 3405 qualem

2332 3424 2384 3477 in
2412 3422 2682 3491 Stephano
2734 3422 2933 3477 Judaeis
2974 3437 3299 3491 responsura
3352 3422 3514 3478 fuisse
3560 3424 3732 3478 Lucas
3779 3426 3914 3480 dicit

2334 3517 2471 3586 (Act.
2496 3516 2549 3570 6.
2584 3517 2706 3585 15);
2742 3531 2915 3586 neque
2937 3517 3075 3569 ullus
3111 3524 3213 3581 est,
3271 3515 3363 3584 qui
3393 3532 3496 3570 non
3553 3518 3639 3587 pio
3687 3518 3919 3588 quodam

2335 3622 2458 3660 cum
2484 3606 2708 3660 horrore
2732 3607 2835 3659 illis
2860 3606 3169 3661 adstiterit:
3202 3607 3337 3661 adeo
3350 3618 3597 3676 aspectus
3614 3609 3699 3661 ille
3716 3608 3922 3663 alliciii.

2338 3699 2429 3753 bat
2453 3713 2664 3753 omnes.
2695 3698 2834 3765 Quin
2863 3708 2918 3753 et
2945 3712 3133 3753 omnes
3171 3699 3472 3754 clamabant
3501 3700 3553 3753 in
3584 3700 3795 3756 laudem
3831 3718 3915 3757 eo-

2336 3804 2453 3843 rum
2476 3831 2489 3853 ,
2548 3790 2598 3842 id
2620 3788 2761 3856 quod
2792 3804 2821 3841 a
2849 3789 3043 3843 Davide
3069 3789 3268 3843 dictum
3300 3807 3313 3842 :
3340 3788 3406 3841 In
3436 3791 3535 3841 vita
3556 3806 3648 3843 sua
3674 3808 3776 3845 non
3806 3805 3924 3846 sum

2336 3882 2575 3948 separati,
2609 3883 2731 3936 etin
2760 3890 2915 3935 morte
2944 3898 3043 3935 non
3073 3890 3188 3935 sunt
3214 3882 3360 3935 divisi
3404 3882 3481 3951 (αὶ.
3538 3882 3663 3953 Reg.
3713 3884 3761 3937 1.
3804 3882 3923 3953 25).

2340 3977 2544 4030 Pariter
2582 3977 2720 4032 enim
2752 3976 2981 4031 confessi
3010 3986 3153 4040 sunt,
3184 3977 3381 4045 pariter
3408 3992 3677 4032 carcerem
3708 3977 3925 4031 inhabi-

2342 4076 2538 4131 tarunt,
2564 4069 2767 4137 pariter
2795 4069 2845 4121 in
2878 4068 3185 4122 barathrum
3210 4069 3424 4123 abducti
3446 4079 3592 4133 sunt,
3616 4069 3815 4137 pariter
3835 4085 3927 4123 ca-

2341 4159 2449 4225 pite
2480 4158 2719 4213 mulctati
2742 4166 2884 4223 sunt,
2918 4168 2974 4213 et
2998 4175 3105 4213 una
3132 4160 3347 4229 capsula
3381 4160 3658 4229 utriusque
3695 4176 3924 4229 corpora

2342 4260 2519 4305 tenet:
2549 4262 2603 4306 et
2647 4268 2808 4306 unum
2836 4267 3052 4321 quoque
3099 4254 3497 4308 tabernaculum
3547 4255 3599 4308 in
3638 4257 3785 4309 czelis
3830 4272 3927 4311 eos

2340 4342 2585 4410 excipiet,
2609 4343 2821 4412 quando
2854 4344 3042 4412 majori
3066 4353 3186 4398 sunt
3218 4345 3307 4398 illa
3326 4360 3455 4399 cum
3510 4346 3673 4415 gloria
3728 4362 3930 4401 resum-

2341 4432 2501 4499 pturi.
2538 4432 2663 4485 Illos
2699 4450 2802 4487 non
2829 4434 3099 4501 indignant
3130 4434 3287 4488 fuerit
3315 4446 3369 4488 et
3396 4437 3693 4502 columnas,
3722 4448 3775 4491 et
3803 4451 3927 4490 seo-

2343 4524 2513 4592 pulos,
2540 4534 2595 4578 et
2618 4533 2816 4588 turres,
2843 4537 2894 4579 et
2926 4526 3226 4588 luminaria,
3251 4538 3305 4581 et
3334 4537 3519 4582 tauros
3539 4530 3695 4584 simul
3739 4532 3928 4599 appel-

2345 4612 2471 4667 lare.
2502 4614 2631 4668 Nam
2663 4616 2955 4670 Ecclesium
2981 4618 3403 4672 sicntcolumnm
3446 4621 3731 4683 sustinent,
3790 4624 3929 4676 sicut

2343 4717 2515 4763 turres
2538 4709 2811 4773 muniunt;
2846 4720 2900 4762 et
2942 4710 3080 4763 sicut
3107 4712 3308 4778 scopuli
3344 4726 3533 4765 omnes
3574 4712 3795 4767 insidias
3838 4730 3929 4768 re-

2342 4798 2565 4867 pellunt,
2597 4801 2816 4853 multam
2846 4800 2931 4861 iis,
2960 4802 3047 4870 qui
3076 4801 3218 4855 intus
3244 4813 3391 4865 sunt,
3439 4801 3727 4857 aﬂerentes
3778 4815 3929 4858 tran-

2341 4892 2691 4958 quillitatem;
2721 4892 2859 4945 sicut
2894 4894 3177 4947 luminaria
3225 4897 3472 4950 tenebras
3513 4898 3801 4965 impietatis
3830 4904 3933 4953 dis-

2343 4992 2666 5046 cusserunt;
2700 4994 2753 5037 et
2782 4985 2919 5039 sicut
2956 4986 3087 5039 tauri
3114 4988 3287 5040 anima
3321 4995 3374 5042 et
3401 5003 3628 5057 corpore
3660 4993 3930 5057 prompti-

2344 5073 2627 5142 tudineque
2649 5075 2834 5128 eadem
2856 5089 3019 5129 suave
3035 5076 3230 5131 Christi
3256 5078 3441 5146 jugum
3472 5088 3702 5132 traxere.
3724 5078 3932 5133 Idcirco

2342 5177 2485 5232 smpe
2502 5181 2595 5219 eos
2623 5167 2933 5229 invisamus,
2966 5170 3233 5236 capsulam
3256 5171 3603 5240 attingamus,
3628 5187 3931 5242 magnaque

2344 5255 2447 5309 fide
2470 5257 2720 5326 reliquias
2738 5274 2931 5312 eorum
2970 5262 3392 5328 complectamur
3412 5305 3425 5323 ,
3460 5272 3517 5315 ut
3544 5263 3672 5317 inde
3701 5264 3925 5319 benedi-

2342 5347 2570 5400 ctionem
2589 5349 2819 5418 aliquam
2846 5365 3213 5420 assequamur.
3236 5354 3441 5407 Etenim
3461 5356 3597 5409 sicut
3612 5356 3811 5409 milites
3827 5360 3926 5411 vul-

2343 5453 2467 5492 nera
2490 5456 2608 5509 quze
2635 5443 2683 5495 in
2712 5444 2903 5511 pra'liis
2928 5444 3025 5495 sibi
3050 5444 3245 5499 inﬂicta
3262 5455 3385 5500 sunt
3414 5448 3522 5517 regi
3544 5458 3925 5515 monstrantes,

2343 5528 2566 5585 fidenter
2593 5532 2880 5602 loquuntur
2906 5550 2918 5584 :
2956 5535 3025 5586 ita
3056 5536 3204 5587 etilli
3237 5538 3286 5588 in
3321 5537 3568 5592 manibus
3602 5538 3818 5595 absecta
3840 5554 3923 5594 ca-

2343 5627 2452 5690 pita
2479 5633 2770 5691 gesrautes,
2804 5636 2856 5677 et
2895 5626 2946 5678 in
2982 5626 3213 5707 medium
3241 5629 3548 5693 all‘erentes,
3575 5648 3923 5701 qumcumque

2350 5715 2613 5770 voluerint
2640 5716 2777 5786 apud
2810 5716 3012 5787 Regem
3037 5719 3292 5777 cailorum
3336 5721 3626 5795 impetrare
3678 5735 3922 5795 possunt.
