4224 6302
516 324 620 383 577
1335 327 1393 382 S.
1433 326 1724 383 JUANNIS
1759 327 2115 382 CHRYSUSI
2131 329 2250 383 0M1
2288 328 2607 383 AhClllEP.
2652 329 3197 390 CONSTANTINOP.
3862 329 3969 384 578

519 437 847 509 βαδίζωμεν,
908 434 994 488 ἵνα
1022 434 1115 489 καὶ
1143 433 1256 487 ἁπδ
1279 434 1380 505 τῆς
1405 435 1582 505 ὅψεως
1630 437 1739 491 τῶν
1770 440 1941 509 ἁγίων
1985 441 2190 497 τούτων
2299 444 2671 499 καταπλεῦσαι
2693 443 2790 498 τδν
2807 444 3020 514 λιμένα,
3039 443 3255 514 καὶτῆς
3285 440 3560 512 βασιλείας
3586 441 3697 496 τῶν
3722 441 3971 513 οὐρανῶν

521 529 839 600 μνημάτων,
868 522 963 575 καὶ
986 520 1093 575 ἀπὸ
1126 522 1226 592 τῆς
1253 522 1463 586 ἑννοίας
1488 523 1598 577 τῶν
1626 523 1824 588 ἄθλων,
1858 528 1952 581 καὶ
1985 545 2209 581 παντα-ι
2298 531 2595 600 ἐπιτυχεῖν,
2652 530 2836 601 χάριτι
2890 531 2981 584 καὶ
3014 528 3393 600 φιλανθρωπίᾳ
3425 527 3518 580 τοῦ
3565 528 3772 599 Κυρίου
3811 528 3971 597 ἡμῶν

514 614 673 688 κόθεν
709 609 936 673 πολλοὺς
980 609 1076 663 καὶ
1116 608 1387 681 μεγάλους
1418 610 1674 675 λαϐόντες
1703 612 2007 684 θησαυροὺς
2032 656 2046 676 ,
2097 615 2192 669 καὶ
2312 613 2484 683 Ἰησοῦ
2518 612 2774 685 Χριστοῦ,
2821 613 2942 685 μεθ’
2971 606 3031 666 οὗ
3052 612 3133 683 τῷ
3162 612 3357 683 Πατρὶ,
3386 612 3502 683 ἅμα
3533 611 3608 681 τῷ
3637 612 3777 681 ἁγίῳ
3808 613 3974 665 Ilvati-

516 702 609 756 τὸν
660 697 900 769 παρόντα
965 696 1079 767 βίον
1128 696 1442 767 δυνηθῶμεν
1481 698 1704 753 κατὰτὸ
1740 699 1818 771 τῷ
1844 700 1964 772 Θεῷ
2002 700 2191 755 δοκοῦν
2301 718 2453 771 ματ.,
2507 701 2653 766 δόξα,
2706 702 2929 773 κράτος,
2986 702 3121 773 τιμὴ
3172 701 3267 755 καὶ
3304 698 3697 772 προσκύνησις,
3731 699 3815 763 είς
3845 699 3971 761 τοὺς

514 785 784 849 διανύσαι,
838 784 934 839 καὶ
979 783 1119 855 μετά
1152 782 1355 855 πολλῆς
1404 785 1506 856 τῆς
1560 783 1833 858 ἐμπορίας
1865 786 1946 852 εἰς
1985 789 2191 843 ἐκεῖνον
2296 788 2499 857 αἰῶνας
2522 790 2632 843 τῶν
2656 789 2888 846 αίώνων.
2932 788 3125 861 ’Δμήν.

1532 1406 1641 1468 AD
1677 1406 2042 1468 HOMILIAS
2082 1406 2161 1466 IN
2205 1404 2553 1464 SANCTAM
2594 1404 2981 1467 PELAGIAM

669 1570 830 1646 [584]
862 1570 994 1637 Qum
1018 1570 1194 1641 prima
1232 1570 1458 1641 ponitur
1491 1570 1717 1625 homilia
1743 1568 2153 1625 Graeco-Latina
2185 1570 2238 1624 in
2267 1568 2325 1623 S.
2366 1568 2662 1639 Pclagiam,
2690 1567 2993 1624 Antiochia:
3022 1568 3168 1623 haud
3199 1569 3365 1657 dubie
3392 1572 3576 1630 habita
3608 1587 3727 1644 est;
3758 1546 3876 1649 qua

600 1669 657 1720 in
682 1668 819 1723 Urbe
850 1682 1011 1735 passa
1034 1676 1117 1722 est
1140 1665 1377 1737 Pelagia.
1408 1665 1484 1720 De
1511 1682 1620 1749 qua
1642 1674 1829 1721 sancta
1854 1666 2065 1736 virgine
2108 1675 2163 1720 et
2190 1675 2428 1735 martyre
2454 1665 2638 1720 multa:
2666 1664 3029 1719 suboriuntur
3080 1667 3434 1735 quaestiones,
3484 1685 3624 1740 quas
3654 1674 3873 1729 erudite

598 1762 955 1831 prosequitur
982 1776 1084 1816 suo
1118 1776 1268 1815 more
1297 1758 1503 1829 Eronto
1532 1758 1762 1814 Ducmus
1787 1759 1873 1814 his
1900 1759 2105 1814 verbis.
2335 1821 2349 1831 _

678 1871 697 1905 ι
739 1851 818 1907 Ex
838 1852 1061 1907 duabus
1088 1851 1348 1915 homiliis,
1392 1864 1530 1918 quas
1561 1848 1729 1903 edidit
1755 1847 1991 1918 primum
2023 1850 2277 1921 Aloysius
2330 1848 2686 1918 Lipomanus,
2723 1858 2765 1903 t.
2796 1849 2828 1901 7
2851 1849 2920 1917 de
2953 1848 3093 1907 Vitis
3143 1849 3474 1909 Sanctorum
3505 1855 3697 1914 Latine
3746 1870 3895 1917 tans

595 1954 736 2009 tum,
771 1960 936 1999 unam
971 1945 1061 1999 hic
1088 1954 1324 2013 utraque
1354 1943 1535 2012 lingua
1571 1951 1719 1994 nunc
1745 1940 1941 1997 damus
1961 1957 2026 1997 ex
2056 1942 2272 1997 duobus
2319 1940 2449 1997 Mss.
2489 1939 2706 1997 Henrici
2738 1939 2808 1996 Ν
2842 1942 3007 2013 regis,
3063 1942 3119 1997 in
3150 1959 3384 2014 quorum
3420 1947 3595 2004 altero
3655 1952 3875 2010 adseri-

596 2047 723 2109 ptus
754 2039 985 2107 margini
1017 2037 1118 2091 fuit
1142 2036 1260 2097 dies
1282 2033 1538 2089 Octobris
1589 2033 1623 2087 8
1660 2032 1760 2088 hoc
1794 2042 1974 2103 pacto,
2034 2033 2166 2104 μηνὶ
2201 2033 2518 2114 Ὀκτωϐρίψ
2549 2040 2599 2105 η’
2635 2050 2647 2084 :
2682 2042 2736 2089 et
2765 2033 3024 2089 admonet
3068 2034 3477 2094 illustrissimus
3507 2040 3671 2097 Card.
3702 2044 3877 2101 Baro-

592 2134 721 2187 nius
762 2134 815 2185 in
844 2130 1147 2201 Menologio
1174 2129 1490 2185 Graecorum
1526 2130 1716 2198 agi‘de
1742 2122 1849 2183 alia
1904 2128 2121 2198 Pelagia
2149 2127 2510 2193 Antiochena,
2542 2144 2665 2197 quae
2692 2135 2988 2199 antequam
3018 2137 3297 2186 teneretur
3341 2146 3372 2186 a
3399 2140 3876 2207 persecutoribus,

590 2241 767 2283 orans
794 2242 865 2280 ne
904 2224 1250 2294 dispendium
1274 2232 1553 2293 pateretur
1582 2221 1932 2293 virginitatis,
1968 2221 2021 2275 in
2054 2234 2189 2291 pace
2231 2219 2439 2290 quievit
2473 2238 2487 2267 τ
2522 2219 2617 2276 sed
2651 2219 2815 2291 hujus
2845 2219 3075 2292 Pelagia:
3109 2219 3462 2279 festivitatem
3490 2226 3558 2282 ab
3592 2227 3701 2284 illis
3724 2208 3875 2297 cele-

598 2324 744 2379 brari
780 2333 975 2393 quarto
1004 2321 1132 2377 ldus
1160 2321 1331 2385 Junii,
1375 2338 1500 2377 cum
1546 2324 1598 2376 in
1635 2313 1795 2378 Roi'n.
1830 2321 2217 2392 Martyrologio
2272 2321 2571 2377 collocetur
2608 2322 2642 2377 5
2670 2319 2796 2378 ldus
2825 2319 3330 2407 cjusdcm‘menéis,
3369 2325 3473 2379 hoc
3498 2332 3583 2379 est
3633 2322 3667 2372 9
3697 2320 3873 2380 Junii.

598 2419 811 2472 Rursus
840 2416 1134 2471 convenire
1172 2415 1248 2470 ait
1278 2415 1419 2470 inter
1446 2416 1797 2472 Ambrosium
1846 2427 1903 2471 et
1938 2413 2393 2485 Chrysostomum
2424 2415 2570 2484 quod
2600 2424 2830 2485 uterque
2860 2416 3033 2471 civem
3094 2416 3492 2472 Antiochenam
3530 2416 3701 2472 fuisse
3738 2418 3876 2471 velit

591 2508 892 2579 Pclagiam,
923 2518 977 2563 et
1004 2523 1074 2562 ne
1107 2508 1379 2577 jacturam
1411 2505 1613 2563 faceret
1639 2507 1990 2579 virginitatis,
2035 2516 2264 2561 mortem
2305 2506 2671 2561 voluntariam
2699 2508 2996 2578 Oppetiisse
3021 2526 3035 2575 ;
3063 2523 3252 2563 verum
3278 2522 3378 2563 eos
3407 2492 3550 2564 inter
3578 2521 3639 2563 se
3659 2508 3876 2565 discre-

590 2614 742 2668 pare,
769 2600 915 2670 quod
942 2600 1267 2655 Ambrosius
1294 2615 1400 2655 una
1427 2615 1552 2655 cum
1589 2610 1763 2654 matre
1793 2607 1849 2654 et
1874 2614 2063 2655 sorore
2127 2599 2293 2654 iluvio
2324 2614 2561 2654 mersam
2595 2615 2717 2655 eam
2746 2607 3009 2667 testetur;
3042 2601 3474 2672 Cbrysostomus
3503 2610 3685 2655 autem
3710 2616 3741 2657 e
3770 2616 3870 2656 su—

589 2692 746 2747 biimi
774 2702 919 2761 tecto
957 2708 1017 2748 se
1044 2693 1375 2763 praecipitem
1406 2694 1625 2760 dedisse
1656 2709 1670 2746 :
1708 2702 1871 2763 atque
1919 2693 2024 2748 hoc
2072 2694 2252 2764 ipsum
2284 2693 2349 2747 de
2378 2692 2598 2765 Pelagia
2647 2709 2829 2750 mersa
2887 2694 3178 2764 scripsisse
3220 2693 3574 2750 Ambrosium
3606 2692 3702 2749 lib.
3735 2691 3771 2747 3
3803 2693 3874 2749 de

590 2789 910 2861 Virginibus
939 2791 1229 2846 annotavit
1255 2790 1395 2846 Lud.
1436 2790 1595 2846 Vives
1626 2790 1679 2844 in
1715 2790 1813 2844 lib.
1849 2789 1901 2857 l,
1932 2806 1981 2865 cx.
2012 2789 2105 2855 26,
2154 2790 2445 2861 Augustini
2484 2791 2552 2845 de
2576 2790 2819 2847 .Civitate
2849 2789 2946 2845 Dei
2981 2808 2995 2844 :
3027 2790 3188 2847 nobis
3219 2801 3402 2869 tamen
3458 2789 3720 2846 attentius
3749 2790 3873 2859 ejus

589 2882 960 2937 narrationem
987 2882 1475 2953 perpendentibus,
1507 2884 1640 2953 nihil
1673 2883 1779 2938 tale
1799 2882 2014 2939 videtur
2060 2884 2390 2941 Ambrosius
2414 2886 2657 2953 referre;
2694 2884 2788 2941 sed
2815 2884 3139 2941 absentibus
3163 2883 3350 2955 potius
3372 2892 3549 2939 matre
3568 2899 3632 2939 ac
3661 2884 3872 2938 sorori-

591 2978 714 3042 bus,
747 2979 919 3032 solam
957 2978 1105 3033 domi
1133 2978 1555 3047 deprehensam,
1586 2994 1819 3036 vacuam
1849 2980 2127 3049 praesidio,
2159 2982 2253 3037 sed
2284 2980 2396 3038 Deo
2430 2981 2735 3053 pleniorem
2770 2978 3047 3050 Pelagium
3078 2978 3229 3035 salva
3258 2978 3574 3050 virginitate
3595 2976 3665 3033 ad
3697 2992 3869 3048 spon-
3924 3044 3927 3045 γ

587 3091 712 3129 sum
744 3074 1025 3130 Christum
1051 3090 1408 3145 properasse;
1450 3091 1551 3131 nec
1585 3076 1743 3131 aliter
1790 3092 1963 3146 genus
1990 3077 2186 3132 mortis
2215 3078 2473 3146 exprimit
2509 3097 2523 3133 :
2557 3086 2613 3133 at
2658 3083 3041 3157 persecutores
3068 3074 3165 3129 ubi
3207 3082 3449 3143 ereptam
3483 3074 3587 3130 sibi
3613 3072 3870 3128 viderunt

588 3171 828 3242 praedam
871 3170 1119 3241 pudoris,
1156 3178 1387 3227 matrem
1412 3178 1465 3224 et
1495 3184 1713 3225 sorores
1736 3170 1857 3240 ejus
1879 3172 2113 3241 cmpisse
2140 3185 2419 3241 quaerere;
2454 3185 2645 3226 verum
2679 3164 2821 3236 illas,
2845 3168 3117 3224 consertis
3150 3166 3407 3222 manibus
3431 3175 3711 3235 tamquam
3737 3164 3870 3219 eho.

590 3266 989 3329 rosducerent,
1026 3266 1079 3319 in
1115 3264 1355 3319 medium
1387 3265 1601 3319 alveum
1645 3265 1891 3320 ﬂuminis
1950 3281 2273 3336 progressas
2313 3281 2456 3333 esse,
2498 3266 2587 3320 ubi
2649 3263 2797 3320 unda
2826 3263 3147 3328 torrentior,
3188 3261 3283 3317 ubi
3322 3260 3653 3333 profundum
3702 3260 3871 3314 abru-

584 3360 753 3428 ptius,
779 3359 1004 3429 vestigia
1020 3358 1337 3428 dirigentes.
1362 3356 1548 3428 Neque
1567 3373 1697 3413 vero
1718 3355 2083 3429 adstipulatur
2109 3361 2285 3415 eidem
2318 3358 2610 3414 Ambrosio
2640 3357 2977 3429 Augustinus
3004 3356 3195 3413 eodem
3226 3355 3366 3410 libro
3389 3355 3713 3425 jam‘citato,
3741 3368 3872 3408 cum

586 3438 663 3502 a'it
698 3460 919 3504 sanctas
966 3450 1198 3505 feminas
1232 3448 1524 3518 quasdam,
1582 3458 1644 3504 ut
1703 3451 2065 3507 insectatores
2106 3467 2221 3508 sua:
2256 3451 2535 3524 pudicitiae
2556 3450 2884 3517 devitarent,
2906 3450 2962 3504 in
2994 3445 3321 3505 necaturum
3351 3463 3410 3503 se
3441 3447 3643 3501 ﬂumen
3686 3444 3874 3514 proje-

582 3544 758 3608 cissc.
787 3553 954 3615 atque
984 3558 1172 3600 earum
1212 3528 1535 3601 memeriam
1566 3543 1621 3598 in
1663 3543 1907 3601 Ecclesia
1945 3544 2227 3605 Catholica
2283 3545 2634 3602 veneratione
2696 3543 3053 3601 celeberrima
3098 3541 3458 3615 frequentari.
3484 3539 3671 3608 Neque
3717 3544 3871 3599 enim

1970 4367 1989 4379 ρ
2004 4366 2419 4381 α-ι-ρ..η.-,...ι--ο,“-ο
