4246 6320
333 430 435 460 .-;-_-.
1061 405 1144 459 DE
1185 406 1242 460 S.
1288 403 1576 458 PELAGIA
1621 399 1901 456 VIRGINE
1945 399 2010 453 ΕἾ

1968 399 2030 453 ΞΤ
2073 393 2428 453 MARTYRE.
2473 425 2535 434 —
2577 379 2976 444 ΑθΜΟΝΙΤῖΟ.
3540 374 3645 432 578

330 447 431 482 "dt!

339 547 567 602 l'minde
594 564 780 612 magna
814 547 914 602 tide
945 556 994 601 et
1015 544 1290 600 alacritate
1320 542 1423 596 huc
1465 532 1740 594 veniamus
1763 580 1780 605 ,
1828 551 1936 607 quo
2049 535 2322 593 mercibus
2353 533 2729 605 ingrcdiamur,
2753 542 2803 587 et
2829 543 3047 600 regnum
3070 525 3628 584 cmlorumconsenuao

338 652 392 698 et
421 645 546 695 visis
575 652 881 694 sanctorum
895 637 1278 700 monumentis,
1297 646 1350 689 et
1370 632 1726 688 consideratis
1744 643 1934 684 eorum
2050 644 2190 694 mur,
2213 627 2384 696 gratia
2413 634 2468 681 et
2490 625 2817 695 benignitate
2835 619 3047 676 Domini
3070 618 3237 673 nostri
3261 617 3387 672 Jesu
3414 613 3634 676 Christi.

343 732 752 794 certaminibus,
784 730 909 785 inde
935 729 1112 784 varios
1135 728 1418 782 tl.esauros
1445 724 1803 792 nndequaque
1823 719 1938 774 col-
2049 735 2170 777 cum
2195 735 2300 790 quo
2326 717 2468 774 Patri
2522 717 2788 786 simulque
2815 713 3034 784 Spiritui
3083 720 3270 766 sancto
3284 710 3451 780 gloria
3469 747 3487 774 ,
3543 708 3637 762 lm-

345 801 606 899 ίῖέειῐηυδῖ
638 837 694 881 el
718 841 812 896 per
834 832 1152 894 prmsentem
1175 823 1336 874 vitam
1380 820 1450 872 ita
1501 812 1794 870 Secundum
1847 826 1941 864 νο-
2051 812 2294 882 perium,
2349 809 2522 865 honor
2572 819 2625 864 ct
2654 808 2896 862 adoratio
2948 807 2999 860 in
3056 802 3250 859 smeula
3298 800 3640 856 saeculorum.

341 921 597 973 luntatem
631 917 727 974 Dei
757 928 1112 982 transeamus,
1142 917 1194 972 in
1224 912 1431 985 portum
1451 913 1598 966 illum
1617 925 1736 965 cum
1752 907 1933 962 multis
2052 907 2247 958 Amen.

1767 1490 2204 1556 ADMONITIO.

353 1655 624 1726 Pelagiam
654 1654 918 1717 nominat,
940 1663 1035 1707 aut
1062 1650 1451 1723 SOpbroniam,
1476 1650 1568 1706 sed
1596 1651 1846 1720 exemplo
1889 1651 2175 1720 utriusque
2199 1650 2488 1720 desumpto
2516 1665 2581 1705 ex
2615 1650 2906 1706 Ambrosio
2932 1647 3094 1705 Vives
3118 1649 3411 1719 Augustini
3436 1664 3620 1705 narra-

350 1751 554 1806 tionem
579 1747 910 1803 illustravit:
936 1747 1028 1817 qui
1056 1754 1237 1801 tamen
1289 1745 1394 1800 hoc
1434 1759 1528 1799 eas
1566 1743 1762 1800 fecisse
1801 1743 2061 1798 divinitus
2109 1745 2311 1813 jussas,
2354 1759 2462 1797 non
2514 1741 2833 1799 humanitus
2863 1742 3117 1812 deceptas
3163 1750 3336 1812 putat,
3374 1743 3516 1798 sicut
3547 1738 3619 1797 de

353 1843 624 1897 santsone
647 1839 792 1894 aliud
829 1836 911 1893 fas
943 1852 1053 1891 non
1088 1844 1172 1891 est
1205 1836 1425 1890 credere
1465 1849 1477 1884 :
1506 1835 1777 1888 nemiuem
1804 1841 1985 1888 tamen
2032 1845 2392 1903 spontaneam
2443 1843 2671 1890 mortem
2697 1835 2801 1890 sibi
2833 1832 3034 1889 inferre
3064 1832 3282 1897 debere,
3329 1833 3478 1888 velut
3529 1832 3589 1888 fu

352 1934 550 2004 giendo
583 1933 864 1988 molestias
891 1930 1243 1999 temporales,
1275 1943 1344 1984 ne
1375 1930 1428 1983 in
1458 1937 1746 1999 perpetuas
1778 1928 2000 1986 incidat.
2035 1928 2211 2000 Atque
2246 1932 2257 1966 ί
2287 1950 2299 1984 ι
2324 1931 2426 1985 hac
2455 1930 2674 1999 quidem
2705 1929 2927 1985 liomilia
2950 1938 3163 1984 tantum
3193 1929 3297 1983 hoc
3337 1929 3414 1984 ait
3443 1928 3618 2001 Chryo

353 2036 654 2088 sostomus,
689 2023 961 2093 Pelagiam
990 2022 1294 2092 ingressam
1333 2022 1475 2074 intro
1524 2028 1726 2076 vestem
1762 2030 2000 2076 mutasse
2087 2021 2456 2092 ‘ncorruptam
2492 2037 2591 2092 pro
2624 2030 2904 2094 corrupta,
2941 2029 2996 2074 et
3028 2020 3169 2075 infra
3199 2019 3556 2076 dicitmultos
3586 2037 3619 2076 e

352 2117 574 2170 sublimi
608 2124 752 2170 tecto
780 2115 1019 2185 dejeetos
1045 2114 1183 2168 nihil
1210 2112 1338 2168 mali
1367 2128 1582 2183 passos.
1614 2114 1683 2169 At
1711 2115 1766 2168 in
1791 2113 1982 2170 homil.
2016 2115 2070 2178 1,
2111 2130 2234 2186 quae
2267 2124 2351 2171 est
2382 2126 2529 2172 torno
2562 2117 2597 2172 ὅ
2617 2115 2760 2186 apud
2795 2114 3042 2178 Surium,
3078 2112 3298 2170 disertis
3323 2114 3507 2170 verbis
3538 2114 3616 2169 Ita

353 2216 544 2263 narrat
575 2227 588 2261 :
620 2207 701 2273 Ad
722 2209 884 2276 ipsius
917 2208 1040 2262 tecti
1075 2206 1349 2276 fastigium
1381 2192 1647 2270 cucurrit;
1679 2214 1729 2260 et
1769 2207 1918 2261 illinc
1950 2209 2176 2276 seipsam
2206 2209 2527 2278 ρνωείρὶιεηι
2561 2209 2723 2263 dedit.
2765 2207 3035 2278 ldemque_
3079 2207 3147 2262 de
3183 2222 3246 2262 ea
3286 2206 3525 2263 refertur
3559 2207 3618 2262 in

349 2299 502 2354 Actis
525 2298 750 2357 Luciani
775 2313 806 2353 a
824 2297 1035 2354 Joanne
1060 2296 1461 2355 Nicomediensi
1500 2299 1826 2370 conscriptis
1847 2299 1992 2370 apud
2022 2299 2242 2356 Surium
2272 2310 2406 2357 tom.
2432 2302 2484 2357 i.
2511 2302 2691 2372 Atque
2716 2300 2823 2356 hoc
2849 2308 3010 2370 pacto
3038 2299 3213 2355 videri
3244 2305 3426 2370 potest
3458 2298 3620 2353 intri-

349 2393 556 2450 texisse
581 2395 904 2451 Ambrosius
930 2393 1205 2465 Pelagiam
1233 2403 1438 2450 sartam
1465 2404 1664 2451 tectam
1708 2411 2065 2454 conservasse
2121 2400 2511 2470 virginitatem,
2538 2415 2663 2454 cum
2691 2415 2723 2454 e
2755 2406 2898 2454 tecto
2922 2413 2980 2454 se
3003 2397 3320 2453 demisisset
3344 2413 3358 2449 :
3394 2405 3450 2452 et
3497 2393 3616 2451 fieri

350 2495 529 2557 potest
571 2496 631 2542 ut
659 2502 877 2544 sorores
910 2488 1031 2558 ejus
1061 2502 1169 2544 non
1207 2488 1326 2544 alia:
1351 2487 1575 2555 fuerint,
1603 2505 1768 2560 quam
1796 2488 2026 2546 Bernice
2051 2500 2106 2546 et
2127 2491 2422 2557 Prosdoee,
2461 2507 2692 2562 quarum
2721 2491 2954 2546 similem
2984 2490 3192 2545 exitum
3222 2491 3445 2561 exponit
3471 2490 3618 2547 idem

350 2579 779 2649 Cbrysostomus
810 2578 972 2634 infra.
1009 2578 1145 2634 Nam
1175 2579 1310 2634 etin
1337 2579 1722 2651 Martyrologio
1747 2578 1911 2636 Rom.
1945 2582 2013 2636 19
2059 2580 2310 2637 Octobris
2337 2584 2485 2653 passi
2510 2582 2768 2638 dicuntur
2812 2581 3132 2646 Beronicus,
3161 2581 3376 2654 Pelagia
3433 2591 3488 2639 et
3522 2584 3616 2639 alii

348 2681 621 2743 martyres
640 2671 962 2736 Antiochiae,
989 2670 1084 2726 sed
1107 2669 1306 2725 ibidem
1330 2671 1552 2726 alterius
1581 2670 1813 2740 Pelagine
1845 2671 2164 2740 paenitentis
2199 2672 2396 2729 festum
2443 2673 2723 2729 confertur
2776 2673 2830 2728 in
2862 2682 3116 2743 octavum
3147 2673 3292 2729 diem
3340 2674 3616 2741 Octobris.

351 2763 438 2819 cui
467 2739 643 2834 patria
677 2765 804 2819 item
829 2763 936 2821 fuit
959 2764 1271 2834 Antiochia,
1304 2765 1402 2822 sed
1430 2765 1566 2822 obiit
1591 2763 1949 2840 Jerosolymis
2000 2768 2336 2839 temporibus
2381 2769 2672 2826 Theodosii
2701 2739 2958 2840 juniot’is,
2983 2772 3210 2842 ejusque
3239 2770 3491 2826 meminit
3517 2739 3619 2826 Ni;

350 2855 628 2921 ecphorus
654 2855 749 2911 lib.
781 2855 838 2921 4,
875 2872 925 2912 c.
949 2855 1040 2912 ιο.
1074 2875 1094 2908 ι

418 2870 628 2925 pnorus
655 2870 749 2911 nn.
781 2870 838 2921 4,
875 2872 925 2912 c.
949 2870 1040 2912 eu.
1074 2875 1094 2908 ι

421 2943 500 3001 De
529 2953 774 3019 tempore
794 2946 1045 3000 martvrii
1080 2944 1140 3001 S.
1169 2945 1402 3018 Pelagia:
1434 2961 1542 3002 non
1576 2958 1791 3004 constat
1839 2969 1852 3004 :
1895 2950 1986 3005 alii
2022 2952 2123 3006 sub
2153 2950 2512 3016 Diocletiano,
2550 2954 2652 3008 sub
2677 2953 2974 3010 Maximino
3007 2957 3098 3010 alii
3142 2972 3358 3028 passam
3391 2959 3606 3016 volunt.

352 3033 488 3091 Vide
510 3051 633 3106 quae
665 3038 766 3093 hac
795 3039 862 3094 de
885 3054 946 3094 re
979 3040 1232 3095 dicantur
1263 3056 1294 3095 a
1316 3041 1563 3098 Bollandi
1592 3046 2066 3106 eontinuatoribus
2099 3047 2166 3101 ad
2204 3047 2345 3102 diem
2375 3049 2408 3102 9
2433 3042 2606 3111 Junii,
2646 3064 2698 3117 p.
2734 3048 2858 3104 £59.

419 3123 618 3182 Incerti
641 3129 924 3198 cujusdam
950 3130 1472 3199 interpretationem,
1505 3141 1690 3205 utpote
1722 3150 1822 3190 nec
1872 3145 2209 3201 accuratam,
2244 3152 2345 3192 nec
2373 3138 2438 3194 ad
2465 3137 2670 3193 Graecte
2693 3140 2962 3197 orationis
2999 3139 3159 3197 ﬁdem
3201 3134 3613 3211 concinnatam,

345 3219 662 3287 respuimus
694 3236 998 3293 novamque
1020 3225 1356 3293 paravimus.

421 3307 728 3370 Secundam
753 3287 982 3384 eamque
1010 3287 1314 3372 bieviorem
1345 3317 1629 3373 bomiliam
1669 3320 1726 3375 in
1769 3323 1828 3376 δ.
1865 3319 2140 3393 Pelagiam
2166 3337 2232 3378 ex
2258 3321 2644 3394 Metaphraste,
2675 3333 2736 3380 ut
2766 3325 2906 3395 apud
2935 3323 3156 3381 Surium
3201 3287 3368 3382 latine
3393 3324 3614 3396 legitur.

346 3404 714 3475 desumptam,
741 3405 933 3464 Graec
954 3408 1258 3477 deficiente,
1286 3409 1690 3484 sub'jungimus.
1736 3412 1812 3468 Ea
1849 3413 2229 3487 Chrysostomi
2277 3433 2473 3473 nomen
2509 3418 2748 3490 praefert,
2787 3432 2886 3476 nec
2920 3420 3122 3491 injuria
3168 3429 3227 3476 ut
3259 3419 3492 3474 videtur.
3554 3418 3616 3476 in

347 3498 500 3553 nullo
521 3499 666 3553 enim
698 3516 731 3555 a
759 3501 1132 3574 Chrysostomi
1165 3506 1306 3577 stylo
1335 3508 1812 3580 concionandique
1860 3511 1968 3566 ritu
1995 3513 2272 3570 abhorret.
2320 3513 2376 3569 Id
2414 3530 2546 3570 vero
2581 3517 2759 3572 solum
2789 3517 3072 3588 quidpiam
3119 3529 3310 3587 parere
3363 3513 3612 3586 scrupuli

347 3593 549 3684 possit,
575 3593 1074 3684 quodibreviorisit,
1094 3611 1259 3666 quam
1291 3598 1502 3655 soleant
1521 3616 1644 3657 esse
1663 3602 1958 3660 conciones
1989 3605 2127 3676 ejus.
2168 3603 2369 3663 Verum
2391 3606 2511 3663 alia
2535 3617 2836 3666 occurrunt
2859 3608 3105 3681 ejusdem
3129 3605 3436 3678 brevitatis,
3471 3619 3617 3684 quas

348 3696 460 3738 non
500 3682 623 3740 ideo
656 3683 917 3743 debemus
945 3683 1337 3760 clirysostomo
1358 3690 1695 3762 abjudicare.
