  <div class='ocr_page' id='page_1' title='image "/cluster/home/n/w/nwhite01/storage/ocr_20150623/50/pst.000005712496/175.png"; bbox 0 0 4224 6302; ppageno 0'>
   <div class='ocr_carea' id='block_1_1' title="bbox 628 356 732 416">
    <p class='ocr_par' dir='ltr' id='par_1_1' title="bbox 628 356 732 416">
     <span class='ocr_line' id='line_1_1' title="bbox 628 356 732 416; baseline -0.048 -1"><span class='ocrx_word' id='word_1_1' title='bbox 628 356 732 416; x_wconf 68' lang='lat' dir='ltr'><strong>I79</strong></span> 
     </span>
    </p>
   </div>
   <div class='ocr_carea' id='block_1_2' title="bbox 624 474 1917 504">
    <p class='ocr_par' dir='ltr' id='par_1_2' title="bbox 624 474 1917 504">
     <span class='ocr_line' id='line_1_2' title="bbox 624 474 1917 504; baseline -0.013 -2"><span class='ocrx_word' id='word_1_2' title='bbox 624 474 1917 504; x_wconf 56' lang='grc' dir='ltr'><em>Μ</em></span> 
     </span>
    </p>
   </div>
   <div class='ocr_carea' id='block_1_3' title="bbox 1368 318 3190 429">
    <p class='ocr_par' dir='ltr' id='par_1_3' title="bbox 1368 318 3190 429">
     <span class='ocr_line' id='line_1_3' title="bbox 1368 318 3190 429; baseline -0.026 1"><span class='ocrx_word' id='word_1_3' title='bbox 1368 365 1429 429; x_wconf 88' lang='lat' dir='ltr'><strong>S.</strong></span> <span class='ocrx_word' id='word_1_4' title='bbox 1465 368 1745 429; x_wconf 72' lang='lat' dir='ltr'><strong>JOANNIS</strong></span> <span class='ocrx_word' id='word_1_5' title='bbox 1778 351 2254 425; x_wconf 68' lang='lat' dir='ltr'><strong>cnuvsosrmn</strong></span> <span class='ocrx_word' id='word_1_6' title='bbox 2298 349 2614 409; x_wconf 72' lang='lat' dir='ltr'><strong>ARCHlf-ZP.</strong></span> <span class='ocrx_word' id='word_1_7' title='bbox 2655 318 3190 400; x_wconf 62' lang='lat' dir='ltr'><strong>covsrsarntur.</strong></span> 
     </span>
    </p>
   </div>
   <div class='ocr_carea' id='block_1_4' title="bbox 1484 536 3053 646">
    <p class='ocr_par' dir='ltr' id='par_1_4' title="bbox 1484 536 3053 646">
     <span class='ocr_line' id='line_1_4' title="bbox 1484 536 3053 646; baseline -0.02 2"><span class='ocrx_word' id='word_1_8' title='bbox 1484 558 1981 646; x_wconf 83' lang='lat' dir='ltr'><strong>HOMILIA</strong></span> <span class='ocrx_word' id='word_1_9' title='bbox 2036 553 2563 638; x_wconf 76' lang='lat' dir='ltr'><strong>ENCOMIA</strong></span> <span class='ocrx_word' id='word_1_10' title='bbox 2572 538 2898 636; x_wconf 82' lang='lat' dir='ltr'><strong>STICA</strong></span> <span class='ocrx_word' id='word_1_11' title='bbox 2959 536 3053 617; x_wconf 68' lang='grc' dir='ltr'>(α.)</span> 
     </span>
    </p>
   </div>
   <div class='ocr_carea' id='block_1_5' title="bbox 1478 722 2913 779">
    <p class='ocr_par' dir='ltr' id='par_1_5' title="bbox 1478 722 2913 779">
     <span class='ocr_line' id='line_1_5' title="bbox 1478 722 2913 779; baseline -0.009 1"><span class='ocrx_word' id='word_1_12' title='bbox 1478 736 1543 779; x_wconf 70' lang='grc' dir='ltr'><strong>ΓΝ</strong></span> <span class='ocrx_word' id='word_1_13' title='bbox 1587 734 1639 778; x_wconf 75' lang='grc'><strong>8.</strong></span> <span class='ocrx_word' id='word_1_14' title='bbox 1684 728 2036 776; x_wconf 67' lang='grc' dir='ltr'><strong>ΙΙΔΒἸῪΒΕΜ</strong></span> <span class='ocrx_word' id='word_1_15' title='bbox 2085 724 2401 769; x_wconf 70' lang='lat' dir='ltr'><strong>PBL‘AGIAM</strong></span> <span class='ocrx_word' id='word_1_16' title='bbox 2436 722 2913 768; x_wconf 60' lang='grc' dir='ltr'><strong>ΔἾΤΙΟΩΗΕΝΔ..</strong></span> 
     </span>
    </p>
   </div>
   <div class='ocr_carea' id='block_1_6' title="bbox 2086 856 2413 907">
    <p class='ocr_par' dir='ltr' id='par_1_6' title="bbox 2086 856 2413 907">
     <span class='ocr_line' id='line_1_6' title="bbox 2086 856 2413 907; baseline -0.031 0"><span class='ocrx_word' id='word_1_17' title='bbox 2086 857 2140 907; x_wconf 60' lang='grc' dir='ltr'><strong>«κ</strong></span> <span class='ocrx_word' id='word_1_18' title='bbox 2154 856 2413 900; x_wconf 59' lang='grc' dir='ltr'><strong>«0)»ἓῷ</strong></span> 
     </span>
    </p>
   </div>
   <div class='ocr_carea' id='block_1_7' title="bbox 706 976 2205 1069">
    <p class='ocr_par' dir='ltr' id='par_1_7' title="bbox 706 976 2205 1069">
     <span class='ocr_line' id='line_1_7' title="bbox 706 976 2205 1069; baseline -0.018 -15"><span class='ocrx_word' id='word_1_19' title='bbox 706 1001 758 1054; x_wconf 69' lang='grc'><strong>1.</strong></span> <span class='ocrx_word' id='word_1_20' title='bbox 790 997 997 1069; x_wconf 79' lang='lat' dir='ltr'><strong>Pelagia</strong></span> <span class='ocrx_word' id='word_1_21' title='bbox 1018 1010 1108 1048; x_wconf 78' lang='lat' dir='ltr'><strong>cur</strong></span> <span class='ocrx_word' id='word_1_22' title='bbox 1126 991 1328 1065; x_wconf 77' lang='lat' dir='ltr'><strong>tyranni</strong></span> <span class='ocrx_word' id='word_1_23' title='bbox 1350 986 1595 1059; x_wconf 78' lang='lat' dir='ltr'><strong>iudicium</strong></span> <span class='ocrx_word' id='word_1_24' title='bbox 1625 979 1951 1055; x_wconf 71' lang='lat' dir='ltr'><strong>prmerterit.</strong></span> <span class='ocrx_word' id='word_1_25' title='bbox 1970 976 2095 1031; x_wconf 75' lang='lat' dir='ltr'><strong>Iesu</strong></span> <span class='ocrx_word' id='word_1_26' title='bbox 2112 991 2205 1029; x_wconf 73' lang='lat' dir='ltr'><strong>usa</strong></span> 
     </span>
    </p>
   </div>
   <div class='ocr_carea' id='block_1_8' title="bbox 635 1066 2203 1154">
    <p class='ocr_par' dir='ltr' id='par_1_8' title="bbox 635 1066 2203 1154">
     <span class='ocr_line' id='line_1_8' title="bbox 635 1066 2203 1154; baseline -0.017 -9"><span class='ocrx_word' id='word_1_27' title='bbox 635 1066 931 1145; x_wconf 73' lang='lat' dir='ltr'><strong>consiliario</strong></span> <span class='ocrx_word' id='word_1_28' title='bbox 954 1102 1007 1141; x_wconf 76' lang='lat' dir='ltr'><strong>se</strong></span> <span class='ocrx_word' id='word_1_29' title='bbox 1036 1084 1346 1154; x_wconf 73' lang='lat' dir='ltr'><strong>prwcipitem</strong></span> <span class='ocrx_word' id='word_1_30' title='bbox 1374 1077 1525 1133; x_wconf 83' lang='lat' dir='ltr'><strong>dedit.</strong></span> <span class='ocrx_word' id='word_1_31' title='bbox 1556 1104 1628 1116; x_wconf 91' lang='lat'><strong>—-</strong></span> <span class='ocrx_word' id='word_1_32' title='bbox 1664 1070 1982 1128; x_wconf 76' lang='lat' dir='ltr'><strong>Benedictus</strong></span> <span class='ocrx_word' id='word_1_33' title='bbox 2026 1066 2163 1121; x_wconf 87' lang='lat' dir='ltr'><strong>Deus</strong></span> <span class='ocrx_word' id='word_1_34' title='bbox 2188 1082 2203 1119; x_wconf 90' lang='lat'><strong>:</strong></span> 
     </span>
    </p>
   </div>
   <div class='ocr_carea' id='block_1_9' title="bbox 635 1157 2205 1242">
    <p class='ocr_par' dir='ltr' id='par_1_9' title="bbox 635 1157 2205 1242">
     <span class='ocr_line' id='line_1_9' title="bbox 635 1157 2205 1242; baseline -0.017 -6"><span class='ocrx_word' id='word_1_35' title='bbox 635 1184 796 1237; x_wconf 85' lang='lat' dir='ltr'><strong>etiam</strong></span> <span class='ocrx_word' id='word_1_36' title='bbox 823 1177 1094 1241; x_wconf 82' lang='lat' dir='ltr'><strong>mulieros,</strong></span> <span class='ocrx_word' id='word_1_37' title='bbox 1122 1175 1230 1229; x_wconf 91' lang='lat' dir='ltr'><strong>imo</strong></span> <span class='ocrx_word' id='word_1_38' title='bbox 1250 1169 1440 1242; x_wconf 67' lang='lat' dir='ltr'><strong>puella:</strong></span> <span class='ocrx_word' id='word_1_39' title='bbox 1460 1167 1674 1222; x_wconf 91' lang='lat' dir='ltr'><strong>demum</strong></span> <span class='ocrx_word' id='word_1_40' title='bbox 1704 1168 1933 1217; x_wconf 91' lang='lat' dir='ltr'><strong>mortem</strong></span> <span class='ocrx_word' id='word_1_41' title='bbox 1961 1157 2205 1221; x_wconf 89' lang='lat' dir='ltr'><strong>irrident,</strong></span> 
     </span>
    </p>
   </div>
   <div class='ocr_carea' id='block_1_10' title="bbox 636 1249 2209 1343">
    <p class='ocr_par' dir='ltr' id='par_1_10' title="bbox 636 1249 2209 1343">
     <span class='ocr_line' id='line_1_10' title="bbox 636 1249 2209 1343; baseline -0.016 -15"><span class='ocrx_word' id='word_1_42' title='bbox 636 1273 969 1343; x_wconf 75' lang='lat' dir='ltr'><strong>virginesque</strong></span> <span class='ocrx_word' id='word_1_43' title='bbox 1024 1265 1307 1323; x_wconf 87' lang='lat' dir='ltr'><strong>admodum</strong></span> <span class='ocrx_word' id='word_1_44' title='bbox 1343 1263 1565 1332; x_wconf 83' lang='lat' dir='ltr'><strong>juvenes</strong></span> <span class='ocrx_word' id='word_1_45' title='bbox 1586 1264 1642 1312; x_wconf 91' lang='lat' dir='ltr'><strong>et</strong></span> <span class='ocrx_word' id='word_1_46' title='bbox 1693 1256 1928 1324; x_wconf 76' lang='lat' dir='ltr'><strong>innupta:</strong></span> <span class='ocrx_word' id='word_1_47' title='bbox 1964 1253 2019 1306; x_wconf 91' lang='lat' dir='ltr'><strong>in</strong></span> <span class='ocrx_word' id='word_1_48' title='bbox 2064 1249 2209 1319; x_wconf 86' lang='lat' dir='ltr'><strong>ipsos</strong></span> 
     </span>
    </p>
   </div>
   <div class='ocr_carea' id='block_1_11' title="bbox 636 1341 2211 1421">
    <p class='ocr_par' dir='ltr' id='par_1_11' title="bbox 636 1341 2211 1421">
     <span class='ocr_line' id='line_1_11' title="bbox 636 1341 2211 1421; baseline -0.017 0"><span class='ocrx_word' id='word_1_49' title='bbox 636 1341 826 1421; x_wconf 76' lang='lat' dir='ltr'><strong>inferni</strong></span> <span class='ocrx_word' id='word_1_50' title='bbox 857 1360 1103 1418; x_wconf 89' lang='lat' dir='ltr'><strong>stimulos</strong></span> <span class='ocrx_word' id='word_1_51' title='bbox 1149 1357 1409 1419; x_wconf 88' lang='lat' dir='ltr'><strong>insiliunt,</strong></span> <span class='ocrx_word' id='word_1_52' title='bbox 1458 1349 1695 1418; x_wconf 86' lang='lat' dir='ltr'><strong>nihilque</strong></span> <span class='ocrx_word' id='word_1_53' title='bbox 1733 1347 2003 1417; x_wconf 89' lang='lat' dir='ltr'><strong>patiuntur</strong></span> <span class='ocrx_word' id='word_1_54' title='bbox 2046 1341 2211 1397; x_wconf 88' lang='lat' dir='ltr'><strong>detri-</strong></span> 
     </span>
    </p>
   </div>
   <div class='ocr_carea' id='block_1_12' title="bbox 638 1430 2208 1520">
    <p class='ocr_par' dir='ltr' id='par_1_12' title="bbox 638 1430 2208 1520">
     <span class='ocr_line' id='line_1_12' title="bbox 638 1430 2208 1520; baseline -0.018 -8"><span class='ocrx_word' id='word_1_55' title='bbox 638 1456 823 1511; x_wconf 88' lang='lat' dir='ltr'><strong>menti.</strong></span> <span class='ocrx_word' id='word_1_56' title='bbox 846 1452 973 1507; x_wconf 70' lang='lat' dir='ltr'><strong>llaec</strong></span> <span class='ocrx_word' id='word_1_57' title='bbox 998 1463 1155 1520; x_wconf 90' lang='lat' dir='ltr'><strong>porro</strong></span> <span class='ocrx_word' id='word_1_58' title='bbox 1178 1448 1315 1501; x_wconf 90' lang='lat' dir='ltr'><strong>bona</strong></span> <span class='ocrx_word' id='word_1_59' title='bbox 1340 1441 1516 1497; x_wconf 87' lang='lat' dir='ltr'><strong>omnia</strong></span> <span class='ocrx_word' id='word_1_60' title='bbox 1548 1454 1649 1509; x_wconf 88' lang='lat' dir='ltr'><strong>per</strong></span> <span class='ocrx_word' id='word_1_61' title='bbox 1677 1435 1952 1492; x_wconf 78' lang='lat' dir='ltr'><strong>Christum</strong></span> <span class='ocrx_word' id='word_1_62' title='bbox 2001 1447 2066 1489; x_wconf 80' lang='lat' dir='ltr'><strong>ex</strong></span> <span class='ocrx_word' id='word_1_63' title='bbox 2089 1430 2208 1485; x_wconf 80' lang='lat' dir='ltr'><strong>Vir-</strong></span> 
     </span>
    </p>
   </div>
   <div class='ocr_carea' id='block_1_13' title="bbox 635 1529 2210 1617">
    <p class='ocr_par' dir='ltr' id='par_1_13' title="bbox 635 1529 2210 1617">
     <span class='ocr_line' id='line_1_13' title="bbox 635 1529 2210 1617; baseline -0.016 -15"><span class='ocrx_word' id='word_1_64' title='bbox 635 1549 759 1617; x_wconf 80' lang='lat' dir='ltr'><strong>gine</strong></span> <span class='ocrx_word' id='word_1_65' title='bbox 784 1555 963 1600; x_wconf 88' lang='lat' dir='ltr'><strong>natum</strong></span> <span class='ocrx_word' id='word_1_66' title='bbox 993 1542 1146 1596; x_wconf 85' lang='lat' dir='ltr'><strong>allata</strong></span> <span class='ocrx_word' id='word_1_67' title='bbox 1169 1538 1321 1617; x_wconf 87' lang='lat' dir='ltr'><strong>nobis</strong></span> <span class='ocrx_word' id='word_1_68' title='bbox 1342 1541 1465 1589; x_wconf 90' lang='lat' dir='ltr'><strong>sunt</strong></span> <span class='ocrx_word' id='word_1_69' title='bbox 1489 1551 1501 1587; x_wconf 91' lang='lat'><strong>:</strong></span> <span class='ocrx_word' id='word_1_70' title='bbox 1536 1546 1659 1586; x_wconf 86' lang='lat' dir='ltr'><strong>nam</strong></span> <span class='ocrx_word' id='word_1_71' title='bbox 1685 1536 1809 1600; x_wconf 90' lang='lat' dir='ltr'><strong>post</strong></span> <span class='ocrx_word' id='word_1_72' title='bbox 1852 1529 2062 1583; x_wconf 88' lang='lat' dir='ltr'><strong>beatum</strong></span> <span class='ocrx_word' id='word_1_73' title='bbox 2085 1538 2210 1594; x_wconf 91' lang='lat' dir='ltr'><strong>par-</strong></span> 
     </span>
    </p>
   </div>
   <div class='ocr_carea' id='block_1_14' title="bbox 636 1615 2209 1700">
    <p class='ocr_par' dir='ltr' id='par_1_14' title="bbox 636 1615 2209 1700">
     <span class='ocr_line' id='line_1_14' title="bbox 636 1615 2209 1700; baseline -0.017 -6"><span class='ocrx_word' id='word_1_74' title='bbox 636 1615 941 1700; x_wconf 69' lang='lat' dir='ltr'><strong>temvillnm,</strong></span> <span class='ocrx_word' id='word_1_75' title='bbox 962 1644 1017 1689; x_wconf 90' lang='lat' dir='ltr'><strong>et</strong></span> <span class='ocrx_word' id='word_1_76' title='bbox 1071 1616 1432 1685; x_wconf 83' lang='lat' dir='ltr'><strong>admirabilem</strong></span> <span class='ocrx_word' id='word_1_77' title='bbox 1473 1632 1673 1688; x_wconf 89' lang='lat' dir='ltr'><strong>ortum,</strong></span> <span class='ocrx_word' id='word_1_78' title='bbox 1722 1619 1909 1675; x_wconf 90' lang='lat' dir='ltr'><strong>mortis</strong></span> <span class='ocrx_word' id='word_1_79' title='bbox 1937 1615 2087 1673; x_wconf 89' lang='lat' dir='ltr'><strong>nervi</strong></span> <span class='ocrx_word' id='word_1_80' title='bbox 2118 1629 2209 1669; x_wconf 85' lang='lat' dir='ltr'><strong>so-</strong></span> 
     </span>
    </p>
   </div>
   <div class='ocr_carea' id='block_1_15' title="bbox 632 1710 2207 1797">
    <p class='ocr_par' dir='ltr' id='par_1_15' title="bbox 632 1710 2207 1797">
     <span class='ocr_line' id='line_1_15' title="bbox 632 1710 2207 1797; baseline -0.018 -11"><span class='ocrx_word' id='word_1_81' title='bbox 632 1730 748 1797; x_wconf 89' lang='lat' dir='ltr'><strong>luti,</strong></span> <span class='ocrx_word' id='word_1_82' title='bbox 779 1725 971 1782; x_wconf 87' lang='lat' dir='ltr'><strong>diaboli</strong></span> <span class='ocrx_word' id='word_1_83' title='bbox 996 1721 1227 1793; x_wconf 88' lang='lat' dir='ltr'><strong>potentia</strong></span> <span class='ocrx_word' id='word_1_84' title='bbox 1259 1718 1422 1772; x_wconf 87' lang='lat' dir='ltr'><strong>fracta</strong></span> <span class='ocrx_word' id='word_1_85' title='bbox 1454 1726 1557 1781; x_wconf 89' lang='lat' dir='ltr'><strong>est,</strong></span> <span class='ocrx_word' id='word_1_86' title='bbox 1598 1712 1689 1784; x_wconf 92' lang='lat' dir='ltr'><strong>qui</strong></span> <span class='ocrx_word' id='word_1_87' title='bbox 1730 1710 1982 1777; x_wconf 83' lang='lat' dir='ltr'><strong>deinceps</strong></span> <span class='ocrx_word' id='word_1_88' title='bbox 2029 1721 2133 1760; x_wconf 93' lang='lat' dir='ltr'><strong>non</strong></span> <span class='ocrx_word' id='word_1_89' title='bbox 2178 1719 2207 1758; x_wconf 93' lang='lat' dir='ltr'><strong>a</strong></span> 
     </span>
    </p>
   </div>
   <div class='ocr_carea' id='block_1_16' title="bbox 634 1798 2207 1879">
    <p class='ocr_par' dir='ltr' id='par_1_16' title="bbox 634 1798 2207 1879">
     <span class='ocr_line' id='line_1_16' title="bbox 634 1798 2207 1879; baseline -0.017 -5"><span class='ocrx_word' id='word_1_90' title='bbox 634 1820 762 1874; x_wconf 88' lang='lat' dir='ltr'><strong>viris</strong></span> <span class='ocrx_word' id='word_1_91' title='bbox 789 1826 1013 1879; x_wconf 84' lang='lat' dir='ltr'><strong>tantum,</strong></span> <span class='ocrx_word' id='word_1_92' title='bbox 1053 1812 1146 1867; x_wconf 90' lang='lat' dir='ltr'><strong>sed</strong></span> <span class='ocrx_word' id='word_1_93' title='bbox 1176 1811 1334 1864; x_wconf 86' lang='lat' dir='ltr'><strong>etiam</strong></span> <span class='ocrx_word' id='word_1_94' title='bbox 1374 1824 1403 1861; x_wconf 90' lang='lat' dir='ltr'><strong>a</strong></span> <span class='ocrx_word' id='word_1_95' title='bbox 1457 1804 1769 1860; x_wconf 85' lang='lat' dir='ltr'><strong>mulieribus</strong></span> <span class='ocrx_word' id='word_1_96' title='bbox 1807 1798 2207 1860; x_wconf 89' lang='lat' dir='ltr'><strong>contemnitur;</strong></span> 
     </span>
    </p>
   </div>
   <div class='ocr_carea' id='block_1_17' title="bbox 636 1887 2209 1965">
    <p class='ocr_par' dir='ltr' id='par_1_17' title="bbox 636 1887 2209 1965">
     <span class='ocr_line' id='line_1_17' title="bbox 636 1887 2209 1965; baseline -0.015 -2"><span class='ocrx_word' id='word_1_97' title='bbox 636 1923 735 1965; x_wconf 82' lang='lat' dir='ltr'><strong>nec</strong></span> <span class='ocrx_word' id='word_1_98' title='bbox 763 1923 793 1961; x_wconf 88' lang='lat' dir='ltr'><strong>a</strong></span> <span class='ocrx_word' id='word_1_99' title='bbox 824 1902 1130 1960; x_wconf 87' lang='lat' dir='ltr'><strong>mulieribus</strong></span> <span class='ocrx_word' id='word_1_100' title='bbox 1150 1900 1329 1963; x_wconf 80' lang='lat' dir='ltr'><strong>modo,</strong></span> <span class='ocrx_word' id='word_1_101' title='bbox 1362 1897 1453 1952; x_wconf 90' lang='lat' dir='ltr'><strong>sed</strong></span> <span class='ocrx_word' id='word_1_102' title='bbox 1480 1904 1535 1949; x_wconf 89' lang='lat' dir='ltr'><strong>et</strong></span> <span class='ocrx_word' id='word_1_103' title='bbox 1580 1909 1609 1947; x_wconf 89' lang='lat' dir='ltr'><strong>a</strong></span> <span class='ocrx_word' id='word_1_104' title='bbox 1638 1891 1843 1963; x_wconf 89' lang='lat' dir='ltr'><strong>puellis.</strong></span> <span class='ocrx_word' id='word_1_105' title='bbox 1890 1887 2039 1943; x_wconf 85' lang='lat' dir='ltr'><strong>Sicut</strong></span> <span class='ocrx_word' id='word_1_106' title='bbox 2067 1890 2209 1940; x_wconf 91' lang='lat' dir='ltr'><strong>enim</strong></span> 
     </span>
    </p>
   </div>
   <div class='ocr_carea' id='block_1_18' title="bbox 637 1981 2213 2071">
    <p class='ocr_par' dir='ltr' id='par_1_18' title="bbox 637 1981 2213 2071">
     <span class='ocr_line' id='line_1_18' title="bbox 637 1981 2213 2071; baseline -0.016 -15"><span class='ocrx_word' id='word_1_107' title='bbox 637 2011 817 2071; x_wconf 89' lang='lat' dir='ltr'><strong>pastor</strong></span> <span class='ocrx_word' id='word_1_108' title='bbox 844 2008 1091 2053; x_wconf 85' lang='lat' dir='ltr'><strong>strenuus</strong></span> <span class='ocrx_word' id='word_1_109' title='bbox 1117 1995 1343 2047; x_wconf 78' lang='lat' dir='ltr'><strong>leonem</strong></span> <span class='ocrx_word' id='word_1_110' title='bbox 1387 1988 1666 2059; x_wconf 82' lang='lat' dir='ltr'><strong>pecoribus</strong></span> <span class='ocrx_word' id='word_1_111' title='bbox 1710 1981 2132 2055; x_wconf 78' lang='lat' dir='ltr'><strong>formidolosum,</strong></span> <span class='ocrx_word' id='word_1_112' title='bbox 2160 1988 2213 2033; x_wconf 90' lang='lat' dir='ltr'><strong>et</strong></span> 
     </span>
    </p>
   </div>
   <div class='ocr_carea' id='block_1_19' title="bbox 637 2069 2211 2153">
    <p class='ocr_par' dir='ltr' id='par_1_19' title="bbox 637 2069 2211 2153">
     <span class='ocr_line' id='line_1_19' title="bbox 637 2069 2211 2153; baseline -0.017 -7"><span class='ocrx_word' id='word_1_113' title='bbox 637 2069 804 2146; x_wconf 75' lang='lat' dir='ltr'><strong>totum</strong></span> <span class='ocrx_word' id='word_1_114' title='bbox 831 2088 968 2143; x_wconf 80' lang='lat' dir='ltr'><strong>ovile</strong></span> <span class='ocrx_word' id='word_1_115' title='bbox 990 2086 1355 2153; x_wconf 80' lang='lat' dir='ltr'><strong>devastantem</strong></span> <span class='ocrx_word' id='word_1_116' title='bbox 1384 2078 1700 2148; x_wconf 72' lang='lat' dir='ltr'><strong>corripiens,</strong></span> <span class='ocrx_word' id='word_1_117' title='bbox 1729 2073 1927 2129; x_wconf 87' lang='lat' dir='ltr'><strong>avulsis</strong></span> <span class='ocrx_word' id='word_1_118' title='bbox 1943 2069 2211 2134; x_wconf 75' lang='lat' dir='ltr'><strong>dentibus,</strong></span> 
     </span>
    </p>
   </div>
   <div class='ocr_carea' id='block_1_20' title="bbox 638 2161 2215 2247">
    <p class='ocr_par' dir='ltr' id='par_1_20' title="bbox 638 2161 2215 2247">
     <span class='ocr_line' id='line_1_20' title="bbox 638 2161 2215 2247; baseline -0.015 -11"><span class='ocrx_word' id='word_1_119' title='bbox 638 2180 867 2236; x_wconf 61' lang='lat' dir='ltr'><strong>exsectis</strong></span> <span class='ocrx_word' id='word_1_120' title='bbox 895 2176 1175 2247; x_wconf 88' lang='lat' dir='ltr'><strong>unguibus,</strong></span> <span class='ocrx_word' id='word_1_121' title='bbox 1206 2173 1429 2227; x_wconf 78' lang='lat' dir='ltr'><strong>detonsa</strong></span> <span class='ocrx_word' id='word_1_122' title='bbox 1452 2169 1601 2238; x_wconf 90' lang='lat' dir='ltr'><strong>jnha,</strong></span> <span class='ocrx_word' id='word_1_123' title='bbox 1633 2166 1719 2222; x_wconf 85' lang='lat' dir='ltr'><strong>vel</strong></span> <span class='ocrx_word' id='word_1_124' title='bbox 1741 2173 2009 2234; x_wconf 80' lang='lat' dir='ltr'><strong>pastorum</strong></span> <span class='ocrx_word' id='word_1_125' title='bbox 2038 2161 2215 2231; x_wconf 86' lang='lat' dir='ltr'><strong>pueris</strong></span> 
     </span>
    </p>
   </div>
   <div class='ocr_carea' id='block_1_21' title="bbox 638 2250 2216 2337">
    <p class='ocr_par' dir='ltr' id='par_1_21' title="bbox 638 2250 2216 2337">
     <span class='ocr_line' id='line_1_21' title="bbox 638 2250 2216 2337; baseline -0.015 -12"><span class='ocrx_word' id='word_1_126' title='bbox 638 2268 985 2325; x_wconf 87' lang='lat' dir='ltr'><strong>deridendmn</strong></span> <span class='ocrx_word' id='word_1_127' title='bbox 1017 2266 1283 2337; x_wconf 85' lang='lat' dir='ltr'><strong>propinat,</strong></span> <span class='ocrx_word' id='word_1_128' title='bbox 1316 2263 1423 2316; x_wconf 87' lang='lat' dir='ltr'><strong>imo</strong></span> <span class='ocrx_word' id='word_1_129' title='bbox 1450 2260 1612 2314; x_wconf 87' lang='lat' dir='ltr'><strong>etiam</strong></span> <span class='ocrx_word' id='word_1_130' title='bbox 1656 2256 1845 2327; x_wconf 86' lang='lat' dir='ltr'><strong>puellis</strong></span> <span class='ocrx_word' id='word_1_131' title='bbox 1890 2251 2052 2307; x_wconf 83' lang='lat' dir='ltr'><strong>tradit</strong></span> <span class='ocrx_word' id='word_1_132' title='bbox 2096 2250 2216 2303; x_wconf 85' lang='lat' dir='ltr'><strong>illn-</strong></span> 
     </span>
    </p>
   </div>
   <div class='ocr_carea' id='block_1_22' title="bbox 638 2341 2216 2417">
    <p class='ocr_par' dir='ltr' id='par_1_22' title="bbox 638 2341 2216 2417">
     <span class='ocr_line' id='line_1_22' title="bbox 638 2341 2216 2417; baseline -0.015 0"><span class='ocrx_word' id='word_1_133' title='bbox 638 2361 869 2417; x_wconf 89' lang='lat' dir='ltr'><strong>dendum</strong></span> <span class='ocrx_word' id='word_1_134' title='bbox 894 2378 906 2413; x_wconf 88' lang='lat'><strong>:</strong></span> <span class='ocrx_word' id='word_1_135' title='bbox 937 2359 1006 2413; x_wconf 89' lang='lat' dir='ltr'><strong>ita</strong></span> <span class='ocrx_word' id='word_1_136' title='bbox 1032 2367 1088 2412; x_wconf 89' lang='lat' dir='ltr'><strong>et</strong></span> <span class='ocrx_word' id='word_1_137' title='bbox 1110 2355 1353 2409; x_wconf 87' lang='lat' dir='ltr'><strong>Christus</strong></span> <span class='ocrx_word' id='word_1_138' title='bbox 1380 2358 1607 2405; x_wconf 89' lang='lat' dir='ltr'><strong>mortem</strong></span> <span class='ocrx_word' id='word_1_139' title='bbox 1637 2354 1839 2401; x_wconf 61' lang='lat' dir='ltr'><strong>natura;</strong></span> <span class='ocrx_word' id='word_1_140' title='bbox 1883 2351 2077 2399; x_wconf 74' lang='lat' dir='ltr'><strong>nostra:</strong></span> <span class='ocrx_word' id='word_1_141' title='bbox 2110 2341 2216 2395; x_wconf 79' lang='lat' dir='ltr'><strong>for-</strong></span> 
     </span>
    </p>
   </div>
   <div class='ocr_carea' id='block_1_23' title="bbox 641 2433 2214 2518">
    <p class='ocr_par' dir='ltr' id='par_1_23' title="bbox 641 2433 2214 2518">
     <span class='ocr_line' id='line_1_23' title="bbox 641 2433 2214 2518; baseline -0.016 -10"><span class='ocrx_word' id='word_1_142' title='bbox 641 2451 968 2515; x_wconf 86' lang='lat' dir='ltr'><strong>midabilem,</strong></span> <span class='ocrx_word' id='word_1_143' title='bbox 1011 2446 1299 2518; x_wconf 79' lang='lat' dir='ltr'><strong>generique</strong></span> <span class='ocrx_word' id='word_1_144' title='bbox 1343 2451 1527 2497; x_wconf 86' lang='lat' dir='ltr'><strong>nostro</strong></span> <span class='ocrx_word' id='word_1_145' title='bbox 1576 2437 1863 2495; x_wconf 87' lang='lat' dir='ltr'><strong>terribilem</strong></span> <span class='ocrx_word' id='word_1_146' title='bbox 1915 2433 2214 2503; x_wconf 78' lang='lat' dir='ltr'><strong>corripuit,</strong></span> 
     </span>
    </p>
   </div>
   <div class='ocr_carea' id='block_1_24' title="bbox 637 2527 2218 2613">
    <p class='ocr_par' dir='ltr' id='par_1_24' title="bbox 637 2527 2218 2613">
     <span class='ocr_line' id='line_1_24' title="bbox 637 2527 2218 2613; baseline -0.015 -12"><span class='ocrx_word' id='word_1_147' title='bbox 637 2547 859 2613; x_wconf 83' lang='lat' dir='ltr'><strong>ejusque</strong></span> <span class='ocrx_word' id='word_1_148' title='bbox 886 2550 1085 2596; x_wconf 79' lang='lat' dir='ltr'><strong>metum</strong></span> <span class='ocrx_word' id='word_1_149' title='bbox 1109 2537 1371 2603; x_wconf 83' lang='lat' dir='ltr'><strong>dissolvit,</strong></span> <span class='ocrx_word' id='word_1_150' title='bbox 1406 2536 1475 2589; x_wconf 88' lang='lat' dir='ltr'><strong>ita</strong></span> <span class='ocrx_word' id='word_1_151' title='bbox 1508 2542 1565 2588; x_wconf 89' lang='lat' dir='ltr'><strong>ut</strong></span> <span class='ocrx_word' id='word_1_152' title='bbox 1592 2532 1752 2586; x_wconf 88' lang='lat' dir='ltr'><strong>etiam</strong></span> <span class='ocrx_word' id='word_1_153' title='bbox 1774 2528 2003 2598; x_wconf 83' lang='lat' dir='ltr'><strong>virgines</strong></span> <span class='ocrx_word' id='word_1_154' title='bbox 2050 2527 2218 2594; x_wconf 83' lang='lat' dir='ltr'><strong>ipsam</strong></span> 
     </span>
    </p>
   </div>
   <div class='ocr_carea' id='block_1_25' title="bbox 639 2614 2217 2699">
    <p class='ocr_par' dir='ltr' id='par_1_25' title="bbox 639 2614 2217 2699">
     <span class='ocr_line' id='line_1_25' title="bbox 639 2614 2217 2699; baseline -0.015 -7"><span class='ocrx_word' id='word_1_155' title='bbox 639 2636 934 2691; x_wconf 88' lang='lat' dir='ltr'><strong>derideant.</strong></span> <span class='ocrx_word' id='word_1_156' title='bbox 964 2629 1321 2699; x_wconf 74' lang='lat' dir='ltr'><strong>Quamobrem</strong></span> <span class='ocrx_word' id='word_1_157' title='bbox 1350 2628 1500 2682; x_wconf 87' lang='lat' dir='ltr'><strong>beata</strong></span> <span class='ocrx_word' id='word_1_158' title='bbox 1534 2623 1743 2692; x_wconf 82' lang='lat' dir='ltr'><strong>Pelagia</strong></span> <span class='ocrx_word' id='word_1_159' title='bbox 1772 2631 1915 2675; x_wconf 83' lang='lat' dir='ltr'><strong>tanta</strong></span> <span class='ocrx_word' id='word_1_160' title='bbox 1955 2634 2074 2673; x_wconf 86' lang='lat' dir='ltr'><strong>eum</strong></span> <span class='ocrx_word' id='word_1_161' title='bbox 2126 2614 2217 2670; x_wconf 76' lang='lat' dir='ltr'><strong>ve-</strong></span> 
     </span>
    </p>
   </div>
   <div class='ocr_carea' id='block_1_26' title="bbox 643 2710 2220 2798">
    <p class='ocr_par' dir='ltr' id='par_1_26' title="bbox 643 2710 2220 2798">
     <span class='ocr_line' id='line_1_26' title="bbox 643 2710 2220 2798; baseline -0.012 -15"><span class='ocrx_word' id='word_1_162' title='bbox 643 2730 841 2798; x_wconf 79' lang='lat' dir='ltr'><strong>luptate</strong></span> <span class='ocrx_word' id='word_1_163' title='bbox 865 2724 1073 2779; x_wconf 87' lang='lat' dir='ltr'><strong>adeam</strong></span> <span class='ocrx_word' id='word_1_164' title='bbox 1116 2720 1375 2783; x_wconf 81' lang='lat' dir='ltr'><strong>cucurrit,</strong></span> <span class='ocrx_word' id='word_1_165' title='bbox 1434 2726 1492 2772; x_wconf 93' lang='lat' dir='ltr'><strong>ut</strong></span> <span class='ocrx_word' id='word_1_166' title='bbox 1542 2730 1610 2771; x_wconf 90' lang='lat' dir='ltr'><strong>ne</strong></span> <span class='ocrx_word' id='word_1_167' title='bbox 1651 2712 1957 2769; x_wconf 85' lang='lat' dir='ltr'><strong>carnificum</strong></span> <span class='ocrx_word' id='word_1_168' title='bbox 2006 2710 2220 2779; x_wconf 85' lang='lat' dir='ltr'><strong>quidem</strong></span> 
     </span>
    </p>
   </div>
   <div class='ocr_carea' id='block_1_27' title="bbox 644 2801 2219 2884">
    <p class='ocr_par' dir='ltr' id='par_1_27' title="bbox 644 2801 2219 2884">
     <span class='ocr_line' id='line_1_27' title="bbox 644 2801 2219 2884; baseline -0.012 -13"><span class='ocrx_word' id='word_1_169' title='bbox 644 2831 831 2871; x_wconf 84' lang='lat' dir='ltr'><strong>manus</strong></span> <span class='ocrx_word' id='word_1_170' title='bbox 857 2822 1208 2884; x_wconf 82' lang='lat' dir='ltr'><strong>exspectaret,</strong></span> <span class='ocrx_word' id='word_1_171' title='bbox 1240 2823 1413 2879; x_wconf 90' lang='lat' dir='ltr'><strong>neque</strong></span> <span class='ocrx_word' id='word_1_172' title='bbox 1442 2807 1495 2861; x_wconf 92' lang='lat' dir='ltr'><strong>in</strong></span> <span class='ocrx_word' id='word_1_173' title='bbox 1533 2805 1789 2875; x_wconf 87' lang='lat' dir='ltr'><strong>judicium</strong></span> <span class='ocrx_word' id='word_1_174' title='bbox 1832 2801 2219 2872; x_wconf 82' lang='lat' dir='ltr'><strong>ingrederetur,</strong></span> 
     </span>
    </p>
   </div>
   <div class='ocr_carea' id='block_1_28' title="bbox 643 2892 2220 2978">
    <p class='ocr_par' dir='ltr' id='par_1_28' title="bbox 643 2892 2220 2978">
     <span class='ocr_line' id='line_1_28' title="bbox 643 2892 2220 2978; baseline -0.013 -12"><span class='ocrx_word' id='word_1_175' title='bbox 643 2909 736 2966; x_wconf 88' lang='lat' dir='ltr'><strong>sed</strong></span> <span class='ocrx_word' id='word_1_176' title='bbox 770 2907 977 2978; x_wconf 86' lang='lat' dir='ltr'><strong>propria</strong></span> <span class='ocrx_word' id='word_1_177' title='bbox 1004 2904 1162 2959; x_wconf 86' lang='lat' dir='ltr'><strong>animi</strong></span> <span class='ocrx_word' id='word_1_178' title='bbox 1190 2899 1553 2969; x_wconf 73' lang='lat' dir='ltr'><strong>magnitudine</strong></span> <span class='ocrx_word' id='word_1_179' title='bbox 1592 2896 1801 2949; x_wconf 78' lang='lat' dir='ltr'><strong>illorum</strong></span> <span class='ocrx_word' id='word_1_180' title='bbox 1846 2892 2220 2949; x_wconf 83' lang='lat' dir='ltr'><strong>crudelitatem</strong></span> 
     </span>
    </p>
   </div>
   <div class='ocr_carea' id='block_1_29' title="bbox 647 2985 2221 3070">
    <p class='ocr_par' dir='ltr' id='par_1_29' title="bbox 647 2985 2221 3070">
     <span class='ocr_line' id='line_1_29' title="bbox 647 2985 2221 3070; baseline -0.012 -16"><span class='ocrx_word' id='word_1_181' title='bbox 647 3006 1008 3070; x_wconf 68' lang='lat' dir='ltr'><strong>prteverteret.</strong></span> <span class='ocrx_word' id='word_1_182' title='bbox 1053 2994 1185 3049; x_wconf 81' lang='lat' dir='ltr'><strong>Nam</strong></span> <span class='ocrx_word' id='word_1_183' title='bbox 1225 2990 1292 3047; x_wconf 91' lang='lat' dir='ltr'><strong>ad</strong></span> <span class='ocrx_word' id='word_1_184' title='bbox 1346 2996 1607 3044; x_wconf 87' lang='lat' dir='ltr'><strong>tormenta</strong></span> <span class='ocrx_word' id='word_1_185' title='bbox 1649 2985 1885 3057; x_wconf 87' lang='lat' dir='ltr'><strong>quidem,</strong></span> <span class='ocrx_word' id='word_1_186' title='bbox 1933 2985 2221 3047; x_wconf 85' lang='lat' dir='ltr'><strong>cruciatus,</strong></span> 
     </span>
    </p>
   </div>
   <div class='ocr_carea' id='block_1_30' title="bbox 643 3073 2226 3162">
    <p class='ocr_par' dir='ltr' id='par_1_30' title="bbox 643 3073 2226 3162">
     <span class='ocr_line' id='line_1_30' title="bbox 643 3073 2226 3162; baseline -0.014 -15"><span class='ocrx_word' id='word_1_187' title='bbox 643 3088 900 3162; x_wconf 84' lang='lat' dir='ltr'><strong>supplicia</strong></span> <span class='ocrx_word' id='word_1_188' title='bbox 922 3095 1102 3157; x_wconf 84' lang='lat' dir='ltr'><strong>parata</strong></span> <span class='ocrx_word' id='word_1_189' title='bbox 1131 3094 1287 3146; x_wconf 87' lang='lat' dir='ltr'><strong>erat;</strong></span> <span class='ocrx_word' id='word_1_190' title='bbox 1315 3080 1410 3136; x_wconf 90' lang='lat' dir='ltr'><strong>sed</strong></span> <span class='ocrx_word' id='word_1_191' title='bbox 1431 3077 1704 3134; x_wconf 87' lang='lat' dir='ltr'><strong>metuebat</strong></span> <span class='ocrx_word' id='word_1_192' title='bbox 1734 3087 1909 3131; x_wconf 86' lang='lat' dir='ltr'><strong>tamen</strong></span> <span class='ocrx_word' id='word_1_193' title='bbox 1956 3089 2024 3130; x_wconf 88' lang='lat' dir='ltr'><strong>ne</strong></span> <span class='ocrx_word' id='word_1_194' title='bbox 2066 3073 2226 3142; x_wconf 84' lang='lat' dir='ltr'><strong>virgi-</strong></span> 
     </span>
    </p>
   </div>
   <div class='ocr_carea' id='block_1_31' title="bbox 648 3164 2227 3246">
    <p class='ocr_par' dir='ltr' id='par_1_31' title="bbox 648 3164 2227 3246">
     <span class='ocr_line' id='line_1_31' title="bbox 648 3164 2227 3246; baseline -0.013 -8"><span class='ocrx_word' id='word_1_195' title='bbox 648 3183 828 3238; x_wconf 90' lang='lat' dir='ltr'><strong>nitatis</strong></span> <span class='ocrx_word' id='word_1_196' title='bbox 867 3192 1120 3235; x_wconf 87' lang='lat' dir='ltr'><strong>coronam</strong></span> <span class='ocrx_word' id='word_1_197' title='bbox 1164 3174 1433 3246; x_wconf 89' lang='lat' dir='ltr'><strong>perderet.</strong></span> <span class='ocrx_word' id='word_1_198' title='bbox 1463 3169 1535 3227; x_wconf 90' lang='lat' dir='ltr'><strong>Ut</strong></span> <span class='ocrx_word' id='word_1_199' title='bbox 1580 3176 1757 3224; x_wconf 88' lang='lat' dir='ltr'><strong>autem</strong></span> <span class='ocrx_word' id='word_1_200' title='bbox 1803 3168 1942 3222; x_wconf 85' lang='lat' dir='ltr'><strong>scias</strong></span> <span class='ocrx_word' id='word_1_201' title='bbox 1991 3180 2108 3220; x_wconf 90' lang='lat' dir='ltr'><strong>eam</strong></span> <span class='ocrx_word' id='word_1_202' title='bbox 2159 3164 2227 3218; x_wconf 89' lang='lat' dir='ltr'><strong>ab</strong></span> 
     </span>
    </p>
   </div>
   <div class='ocr_carea' id='block_1_32' title="bbox 648 3257 2229 3343">
    <p class='ocr_par' dir='ltr' id='par_1_32' title="bbox 648 3257 2229 3343">
     <span class='ocr_line' id='line_1_32' title="bbox 648 3257 2229 3343; baseline -0.011 -16"><span class='ocrx_word' id='word_1_203' title='bbox 648 3272 930 3343; x_wconf 88' lang='lat' dir='ltr'><strong>impiorum</strong></span> <span class='ocrx_word' id='word_1_204' title='bbox 949 3268 1162 3323; x_wconf 89' lang='lat' dir='ltr'><strong>libidine</strong></span> <span class='ocrx_word' id='word_1_205' title='bbox 1182 3264 1442 3327; x_wconf 87' lang='lat' dir='ltr'><strong>timuisse,</strong></span> <span class='ocrx_word' id='word_1_206' title='bbox 1460 3258 1848 3332; x_wconf 61' lang='lat' dir='ltr'><strong>praeoccupavit</strong></span> <span class='ocrx_word' id='word_1_207' title='bbox 1870 3257 1983 3323; x_wconf 86' lang='lat' dir='ltr'><strong>illa,</strong></span> <span class='ocrx_word' id='word_1_208' title='bbox 2005 3269 2229 3325; x_wconf 85' lang='lat' dir='ltr'><strong>seseque</strong></span> 
     </span>
    </p>
   </div>
   <div class='ocr_carea' id='block_1_33' title="bbox 647 3347 2230 3435">
    <p class='ocr_par' dir='ltr' id='par_1_33' title="bbox 647 3347 2230 3435">
     <span class='ocr_line' id='line_1_33' title="bbox 647 3347 2230 3435; baseline -0.011 -17"><span class='ocrx_word' id='word_1_209' title='bbox 647 3362 845 3435; x_wconf 43' lang='lat' dir='ltr'><strong>a‘turpi</strong></span> <span class='ocrx_word' id='word_1_210' title='bbox 894 3360 1216 3417; x_wconf 85' lang='lat' dir='ltr'><strong>contumelia</strong></span> <span class='ocrx_word' id='word_1_211' title='bbox 1259 3355 1530 3412; x_wconf 73' lang='lat' dir='ltr'><strong>subduxit.</strong></span> <span class='ocrx_word' id='word_1_212' title='bbox 1575 3351 1727 3420; x_wconf 88' lang='lat' dir='ltr'><strong>Quod</strong></span> <span class='ocrx_word' id='word_1_213' title='bbox 1749 3365 1880 3405; x_wconf 86' lang='lat' dir='ltr'><strong>sane</strong></span> <span class='ocrx_word' id='word_1_214' title='bbox 1930 3350 2011 3403; x_wconf 89' lang='lat' dir='ltr'><strong>vir</strong></span> <span class='ocrx_word' id='word_1_215' title='bbox 2055 3347 2230 3401; x_wconf 83' lang='lat' dir='ltr'><strong>nullus</strong></span> 
     </span>
    </p>
   </div>
   <div class='ocr_carea' id='block_1_34' title="bbox 648 3439 2229 3526">
    <p class='ocr_par' dir='ltr' id='par_1_34' title="bbox 648 3439 2229 3526">
     <span class='ocr_line' id='line_1_34' title="bbox 648 3439 2229 3526; baseline -0.013 -14"><span class='ocrx_word' id='word_1_216' title='bbox 648 3470 897 3526; x_wconf 81' lang='lat' dir='ltr'><strong>umquam</strong></span> <span class='ocrx_word' id='word_1_217' title='bbox 924 3466 1206 3525; x_wconf 75' lang='lat' dir='ltr'><strong>aggressus</strong></span> <span class='ocrx_word' id='word_1_218' title='bbox 1226 3457 1309 3505; x_wconf 90' lang='lat' dir='ltr'><strong>est</strong></span> <span class='ocrx_word' id='word_1_219' title='bbox 1338 3466 1352 3501; x_wconf 89' lang='lat'><strong>:</strong></span> <span class='ocrx_word' id='word_1_220' title='bbox 1382 3458 1569 3502; x_wconf 87' lang='lat' dir='ltr'><strong>omnes</strong></span> <span class='ocrx_word' id='word_1_221' title='bbox 1596 3442 1740 3497; x_wconf 90' lang='lat' dir='ltr'><strong>enim</strong></span> <span class='ocrx_word' id='word_1_222' title='bbox 1768 3440 1835 3496; x_wconf 89' lang='lat' dir='ltr'><strong>ad</strong></span> <span class='ocrx_word' id='word_1_223' title='bbox 1859 3439 2114 3510; x_wconf 83' lang='lat' dir='ltr'><strong>judicium</strong></span> <span class='ocrx_word' id='word_1_224' title='bbox 2142 3453 2229 3493; x_wconf 86' lang='lat' dir='ltr'><strong>se-</strong></span> 
     </span>
    </p>
   </div>
   <div class='ocr_carea' id='block_1_35' title="bbox 649 3529 2231 3619">
    <p class='ocr_par' dir='ltr' id='par_1_35' title="bbox 649 3529 2231 3619">
     <span class='ocr_line' id='line_1_35' title="bbox 649 3529 2231 3619; baseline -0.014 -15"><span class='ocrx_word' id='word_1_225' title='bbox 649 3549 800 3619; x_wconf 87' lang='lat' dir='ltr'><strong>quuti</strong></span> <span class='ocrx_word' id='word_1_226' title='bbox 827 3548 1053 3608; x_wconf 81' lang='lat' dir='ltr'><strong>fuerant,</strong></span> <span class='ocrx_word' id='word_1_227' title='bbox 1081 3543 1259 3613; x_wconf 84' lang='lat' dir='ltr'><strong>ibique</strong></span> <span class='ocrx_word' id='word_1_228' title='bbox 1308 3534 1674 3596; x_wconf 75' lang='lat' dir='ltr'><strong>fortitudinem</strong></span> <span class='ocrx_word' id='word_1_229' title='bbox 1719 3546 1871 3588; x_wconf 87' lang='lat' dir='ltr'><strong>suam</strong></span> <span class='ocrx_word' id='word_1_230' title='bbox 1895 3529 2231 3586; x_wconf 83' lang='lat' dir='ltr'><strong>demonstra-</strong></span> 
     </span>
    </p>
   </div>
   <div class='ocr_carea' id='block_1_36' title="bbox 651 3623 2230 3701">
    <p class='ocr_par' dir='ltr' id='par_1_36' title="bbox 651 3623 2230 3701">
     <span class='ocr_line' id='line_1_36' title="bbox 651 3623 2230 3701; baseline -0.013 -5"><span class='ocrx_word' id='word_1_231' title='bbox 651 3649 861 3698; x_wconf 82' lang='lat' dir='ltr'><strong>verunt.</strong></span> <span class='ocrx_word' id='word_1_232' title='bbox 879 3640 949 3695; x_wconf 77' lang='lat' dir='ltr'><strong>At</strong></span> <span class='ocrx_word' id='word_1_233' title='bbox 971 3636 1244 3701; x_wconf 87' lang='lat' dir='ltr'><strong>mulieres,</strong></span> <span class='ocrx_word' id='word_1_234' title='bbox 1278 3639 1457 3701; x_wconf 89' lang='lat' dir='ltr'><strong>utpote</strong></span> <span class='ocrx_word' id='word_1_235' title='bbox 1477 3639 1664 3685; x_wconf 86' lang='lat' dir='ltr'><strong>natura</strong></span> <span class='ocrx_word' id='word_1_236' title='bbox 1685 3640 1781 3683; x_wconf 87' lang='lat' dir='ltr'><strong>sua</strong></span> <span class='ocrx_word' id='word_1_237' title='bbox 1800 3623 2006 3695; x_wconf 60' lang='lat' dir='ltr'><strong>injuria:</strong></span> <span class='ocrx_word' id='word_1_238' title='bbox 2032 3636 2230 3691; x_wconf 87' lang='lat' dir='ltr'><strong>oppor-</strong></span> 
     </span>
    </p>
   </div>
   <div class='ocr_carea' id='block_1_37' title="bbox 580 3712 2231 3795">
    <p class='ocr_par' dir='ltr' id='par_1_37' title="bbox 580 3712 2231 3795">
     <span class='ocr_line' id='line_1_37' title="bbox 580 3712 2231 3795; baseline -0.015 -5"><span class='ocrx_word' id='word_1_239' title='bbox 580 3764 583 3765; x_wconf 53' lang='grc' dir='ltr'><em>ν</em></span> <span class='ocrx_word' id='word_1_240' title='bbox 652 3736 909 3795; x_wconf 84' lang='lat' dir='ltr'><strong>tuniores,</strong></span> <span class='ocrx_word' id='word_1_241' title='bbox 939 3729 1083 3783; x_wconf 91' lang='lat' dir='ltr'><strong>hunc</strong></span> <span class='ocrx_word' id='word_1_242' title='bbox 1109 3725 1212 3782; x_wconf 87' lang='lat' dir='ltr'><strong>sibi</strong></span> <span class='ocrx_word' id='word_1_243' title='bbox 1233 3722 1420 3779; x_wconf 89' lang='lat' dir='ltr'><strong>mortis</strong></span> <span class='ocrx_word' id='word_1_244' title='bbox 1437 3719 1653 3775; x_wconf 75' lang='lat' dir='ltr'><strong>modum</strong></span> <span class='ocrx_word' id='word_1_245' title='bbox 1678 3715 2068 3795; x_wconf 78' lang='lat' dir='ltr'><strong>excogitarunt.</strong></span> <span class='ocrx_word' id='word_1_246' title='bbox 2098 3712 2231 3767; x_wconf 89' lang='lat' dir='ltr'><strong>Nam</strong></span> 
     </span>
    </p>
   </div>
   <div class='ocr_carea' id='block_1_38' title="bbox 653 3792 2233 3893">
    <p class='ocr_par' dir='ltr' id='par_1_38' title="bbox 653 3792 2233 3893">
     <span class='ocr_line' id='line_1_38' title="bbox 653 3792 2233 3893; baseline -0.016 -14"><span class='ocrx_word' id='word_1_247' title='bbox 653 3825 698 3879; x_wconf 86' lang='lat' dir='ltr'><strong>si</strong></span> <span class='ocrx_word' id='word_1_248' title='bbox 730 3792 989 3893; x_wconf 83' lang='lat' dir='ltr'><strong>potuisset</strong></span> <span class='ocrx_word' id='word_1_249' title='bbox 1012 3815 1172 3873; x_wconf 87' lang='lat' dir='ltr'><strong>simul</strong></span> <span class='ocrx_word' id='word_1_250' title='bbox 1196 3824 1249 3870; x_wconf 91' lang='lat' dir='ltr'><strong>et</strong></span> <span class='ocrx_word' id='word_1_251' title='bbox 1276 3811 1630 3883; x_wconf 84' lang='lat' dir='ltr'><strong>virginitatem</strong></span> <span class='ocrx_word' id='word_1_252' title='bbox 1676 3792 1890 3862; x_wconf 67' lang='lat' dir='ltr'><strong>servare</strong></span> <span class='ocrx_word' id='word_1_253' title='bbox 1916 3811 1973 3860; x_wconf 90' lang='lat' dir='ltr'><strong>et</strong></span> <span class='ocrx_word' id='word_1_254' title='bbox 1998 3802 2233 3873; x_wconf 83' lang='lat' dir='ltr'><strong>martyrii</strong></span> 
     </span>
    </p>
   </div>
   <div class='ocr_carea' id='block_1_39' title="bbox 648 3892 2235 3978">
    <p class='ocr_par' dir='ltr' id='par_1_39' title="bbox 648 3892 2235 3978">
     <span class='ocr_line' id='line_1_39' title="bbox 648 3892 2235 3978; baseline -0.016 -6"><span class='ocrx_word' id='word_1_255' title='bbox 648 3892 908 3972; x_wconf 79' lang='lat' dir='ltr'><strong>coronam</strong></span> <span class='ocrx_word' id='word_1_256' title='bbox 951 3908 1228 3978; x_wconf 86' lang='lat' dir='ltr'><strong>consequi,</strong></span> <span class='ocrx_word' id='word_1_257' title='bbox 1279 3916 1612 3975; x_wconf 85' lang='lat' dir='ltr'><strong>nequaquam</strong></span> <span class='ocrx_word' id='word_1_258' title='bbox 1661 3899 1729 3954; x_wconf 92' lang='lat' dir='ltr'><strong>ad</strong></span> <span class='ocrx_word' id='word_1_259' title='bbox 1772 3896 1998 3953; x_wconf 88' lang='lat' dir='ltr'><strong>tribunal</strong></span> <span class='ocrx_word' id='word_1_260' title='bbox 2030 3892 2235 3965; x_wconf 82' lang='lat' dir='ltr'><strong>ingredi</strong></span> 
     </span>
    </p>
   </div>
   <div class='ocr_carea' id='block_1_40' title="bbox 647 3987 2238 4071">
    <p class='ocr_par' dir='ltr' id='par_1_40' title="bbox 647 3987 2238 4071">
     <span class='ocr_line' id='line_1_40' title="bbox 647 3987 2238 4071; baseline -0.016 -8"><span class='ocrx_word' id='word_1_261' title='bbox 647 4011 990 4068; x_wconf 68' lang='lat' dir='ltr'><strong>:recusasset;</strong></span> <span class='ocrx_word' id='word_1_262' title='bbox 1024 4001 1146 4071; x_wconf 88' lang='lat' dir='ltr'><strong>quia</strong></span> <span class='ocrx_word' id='word_1_263' title='bbox 1175 4012 1301 4053; x_wconf 89' lang='lat' dir='ltr'><strong>vero</strong></span> <span class='ocrx_word' id='word_1_264' title='bbox 1328 3999 1395 4049; x_wconf 90' lang='lat' dir='ltr'><strong>ab</strong></span> <span class='ocrx_word' id='word_1_265' title='bbox 1441 3994 1698 4047; x_wconf 90' lang='lat' dir='ltr'><strong>alterutro</strong></span> <span class='ocrx_word' id='word_1_266' title='bbox 1727 3987 1976 4043; x_wconf 79' lang='lat' dir='ltr'><strong>excidere</strong></span> <span class='ocrx_word' id='word_1_267' title='bbox 2016 3998 2238 4039; x_wconf 88' lang='lat' dir='ltr'><strong>necesse</strong></span> 
     </span>
    </p>
   </div>
   <div class='ocr_carea' id='block_1_41' title="bbox 662 4078 2239 4172">
    <p class='ocr_par' dir='ltr' id='par_1_41' title="bbox 662 4078 2239 4172">
     <span class='ocr_line' id='line_1_41' title="bbox 662 4078 2239 4172; baseline -0.016 -17"><span class='ocrx_word' id='word_1_268' title='bbox 662 4113 879 4172; x_wconf 85' lang='lat' dir='ltr'><strong>prorsus</strong></span> <span class='ocrx_word' id='word_1_269' title='bbox 903 4103 1036 4160; x_wconf 81' lang='lat' dir='ltr'><strong>erat,</strong></span> <span class='ocrx_word' id='word_1_270' title='bbox 1060 4104 1312 4162; x_wconf 76' lang='lat' dir='ltr'><strong>extremae</strong></span> <span class='ocrx_word' id='word_1_271' title='bbox 1341 4088 1561 4158; x_wconf 81' lang='lat' dir='ltr'><strong>putabat</strong></span> <span class='ocrx_word' id='word_1_272' title='bbox 1584 4083 1830 4138; x_wconf 65' lang='lat' dir='ltr'><strong>amentiis</strong></span> <span class='ocrx_word' id='word_1_273' title='bbox 1867 4079 2000 4145; x_wconf 89' lang='lat' dir='ltr'><strong>fore,</strong></span> <span class='ocrx_word' id='word_1_274' title='bbox 2046 4078 2089 4132; x_wconf 91' lang='lat' dir='ltr'><strong>si</strong></span> <span class='ocrx_word' id='word_1_275' title='bbox 2117 4092 2239 4131; x_wconf 89' lang='lat' dir='ltr'><strong>cum</strong></span> 
     </span>
    </p>
   </div>
   <div class='ocr_carea' id='block_1_42' title="bbox 665 4171 2242 4259">
    <p class='ocr_par' dir='ltr' id='par_1_42' title="bbox 665 4171 2242 4259">
     <span class='ocr_line' id='line_1_42' title="bbox 665 4171 2242 4259; baseline -0.013 -15"><span class='ocrx_word' id='word_1_276' title='bbox 665 4171 850 4259; x_wconf 72' lang='lat' dir='ltr'><strong>posset</strong></span> <span class='ocrx_word' id='word_1_277' title='bbox 874 4195 1152 4255; x_wconf 86' lang='lat' dir='ltr'><strong>utramque</strong></span> <span class='ocrx_word' id='word_1_278' title='bbox 1178 4181 1455 4236; x_wconf 84' lang='lat' dir='ltr'><strong>victoriam</strong></span> <span class='ocrx_word' id='word_1_279' title='bbox 1505 4174 1781 4244; x_wconf 88' lang='lat' dir='ltr'><strong>consequi,</strong></span> <span class='ocrx_word' id='word_1_280' title='bbox 1831 4171 2103 4226; x_wconf 87' lang='lat' dir='ltr'><strong>dimidiam</strong></span> <span class='ocrx_word' id='word_1_281' title='bbox 2148 4184 2242 4224; x_wconf 88' lang='lat' dir='ltr'><strong>so-</strong></span> 
     </span>
    </p>
   </div>
   <div class='ocr_carea' id='block_1_43' title="bbox 662 4260 2245 4343">
    <p class='ocr_par' dir='ltr' id='par_1_43' title="bbox 662 4260 2245 4343">
     <span class='ocr_line' id='line_1_43' title="bbox 662 4260 2245 4343; baseline -0.015 -7"><span class='ocrx_word' id='word_1_282' title='bbox 662 4279 773 4335; x_wconf 87' lang='lat' dir='ltr'><strong>lum</strong></span> <span class='ocrx_word' id='word_1_283' title='bbox 800 4290 1053 4334; x_wconf 83' lang='lat' dir='ltr'><strong>coronam</strong></span> <span class='ocrx_word' id='word_1_284' title='bbox 1083 4278 1401 4343; x_wconf 87' lang='lat' dir='ltr'><strong>reportaret.</strong></span> <span class='ocrx_word' id='word_1_285' title='bbox 1433 4266 1566 4322; x_wconf 68' lang='lat' dir='ltr'><strong>ddeo</strong></span> <span class='ocrx_word' id='word_1_286' title='bbox 1592 4264 1761 4319; x_wconf 90' lang='lat' dir='ltr'><strong>noluit</strong></span> <span class='ocrx_word' id='word_1_287' title='bbox 1785 4263 1838 4316; x_wconf 91' lang='lat' dir='ltr'><strong>in</strong></span> <span class='ocrx_word' id='word_1_288' title='bbox 1866 4260 2126 4331; x_wconf 86' lang='lat' dir='ltr'><strong>judicium</strong></span> <span class='ocrx_word' id='word_1_289' title='bbox 2157 4274 2245 4313; x_wconf 91' lang='lat' dir='ltr'><strong>ac-</strong></span> 
     </span>
    </p>
   </div>
   <div class='ocr_carea' id='block_1_44' title="bbox 662 4349 2244 4436">
    <p class='ocr_par' dir='ltr' id='par_1_44' title="bbox 662 4349 2244 4436">
     <span class='ocr_line' id='line_1_44' title="bbox 662 4349 2244 4436; baseline -0.016 -7"><span class='ocrx_word' id='word_1_290' title='bbox 662 4371 878 4436; x_wconf 88' lang='lat' dir='ltr'><strong>cedere,</strong></span> <span class='ocrx_word' id='word_1_291' title='bbox 910 4382 1083 4436; x_wconf 88' lang='lat' dir='ltr'><strong>neque</strong></span> <span class='ocrx_word' id='word_1_292' title='bbox 1108 4362 1319 4418; x_wconf 87' lang='lat' dir='ltr'><strong>lascivis</strong></span> <span class='ocrx_word' id='word_1_293' title='bbox 1347 4359 1516 4415; x_wconf 89' lang='lat' dir='ltr'><strong>oculis</strong></span> <span class='ocrx_word' id='word_1_294' title='bbox 1537 4352 1841 4425; x_wconf 87' lang='lat' dir='ltr'><strong>spectaculo</strong></span> <span class='ocrx_word' id='word_1_295' title='bbox 1858 4364 1999 4411; x_wconf 85' lang='lat' dir='ltr'><strong>esse.</strong></span> <span class='ocrx_word' id='word_1_296' title='bbox 2023 4349 2105 4404; x_wconf 88' lang='lat' dir='ltr'><strong>vel</strong></span> <span class='ocrx_word' id='word_1_297' title='bbox 2129 4349 2244 4418; x_wconf 64' lang='lat' dir='ltr'><strong>mli</strong></span> 
     </span>
    </p>
   </div>
   <div class='ocr_carea' id='block_1_45' title="bbox 666 4442 2241 4529">
    <p class='ocr_par' dir='ltr' id='par_1_45' title="bbox 666 4442 2241 4529">
     <span class='ocr_line' id='line_1_45' title="bbox 666 4442 2241 4529; baseline -0.017 -10"><span class='ocrx_word' id='word_1_298' title='bbox 666 4473 723 4519; x_wconf 91' lang='lat' dir='ltr'><strong>nt</strong></span> <span class='ocrx_word' id='word_1_299' title='bbox 757 4463 1168 4529; x_wconf 83' lang='lat' dir='ltr'><strong>intemperantes</strong></span> <span class='ocrx_word' id='word_1_300' title='bbox 1221 4451 1466 4507; x_wconf 86' lang='lat' dir='ltr'><strong>homines</strong></span> <span class='ocrx_word' id='word_1_301' title='bbox 1508 4453 1729 4515; x_wconf 76' lang='lat' dir='ltr'><strong>aSpectu</strong></span> <span class='ocrx_word' id='word_1_302' title='bbox 1773 4457 1873 4498; x_wconf 90' lang='lat' dir='ltr'><strong>suo</strong></span> <span class='ocrx_word' id='word_1_303' title='bbox 1917 4442 2241 4503; x_wconf 87' lang='lat' dir='ltr'><strong>fruerentur,</strong></span> 
     </span>
    </p>
   </div>
   <div class='ocr_carea' id='block_1_46' title="bbox 663 4531 2247 4622">
    <p class='ocr_par' dir='ltr' id='par_1_46' title="bbox 663 4531 2247 4622">
     <span class='ocr_line' id='line_1_46' title="bbox 663 4531 2247 4622; baseline -0.017 -9"><span class='ocrx_word' id='word_1_304' title='bbox 663 4564 1012 4622; x_wconf 85' lang='lat' dir='ltr'><strong>sanctumque</strong></span> <span class='ocrx_word' id='word_1_305' title='bbox 1053 4546 1179 4603; x_wconf 90' lang='lat' dir='ltr'><strong>illud</strong></span> <span class='ocrx_word' id='word_1_306' title='bbox 1216 4557 1413 4615; x_wconf 82' lang='lat' dir='ltr'><strong>corpus</strong></span> <span class='ocrx_word' id='word_1_307' title='bbox 1468 4540 1742 4595; x_wconf 83' lang='lat' dir='ltr'><strong>afficerent</strong></span> <span class='ocrx_word' id='word_1_308' title='bbox 1766 4533 2123 4598; x_wconf 83' lang='lat' dir='ltr'><strong>contumelia;</strong></span> <span class='ocrx_word' id='word_1_309' title='bbox 2151 4531 2247 4587; x_wconf 89' lang='lat' dir='ltr'><strong>sed</strong></span> 
     </span>
    </p>
   </div>
   <div class='ocr_carea' id='block_1_47' title="bbox 661 4622 2244 4709">
    <p class='ocr_par' dir='ltr' id='par_1_47' title="bbox 661 4622 2244 4709">
     <span class='ocr_line' id='line_1_47' title="bbox 661 4622 2244 4709; baseline -0.018 -6"><span class='ocrx_word' id='word_1_310' title='bbox 661 4663 730 4703; x_wconf 75' lang='lat' dir='ltr'><strong>ex</strong></span> <span class='ocrx_word' id='word_1_311' title='bbox 756 4644 987 4699; x_wconf 87' lang='lat' dir='ltr'><strong>thalamo</strong></span> <span class='ocrx_word' id='word_1_312' title='bbox 1012 4647 1066 4694; x_wconf 91' lang='lat' dir='ltr'><strong>et</strong></span> <span class='ocrx_word' id='word_1_313' title='bbox 1084 4648 1337 4709; x_wconf 74' lang='lat' dir='ltr'><strong>gynzeceo</strong></span> <span class='ocrx_word' id='word_1_314' title='bbox 1380 4632 1435 4686; x_wconf 83' lang='lat' dir='ltr'><strong>in</strong></span> <span class='ocrx_word' id='word_1_315' title='bbox 1474 4630 1634 4685; x_wconf 87' lang='lat' dir='ltr'><strong>alium</strong></span> <span class='ocrx_word' id='word_1_316' title='bbox 1670 4626 1997 4690; x_wconf 76' lang='lat' dir='ltr'><strong>thalamum,</strong></span> <span class='ocrx_word' id='word_1_317' title='bbox 2046 4624 2161 4678; x_wconf 81' lang='lat' dir='ltr'><strong>sive</strong></span> <span class='ocrx_word' id='word_1_318' title='bbox 2190 4622 2244 4675; x_wconf 91' lang='lat' dir='ltr'><strong>in</strong></span> 
     </span>
    </p>
   </div>
   <div class='ocr_carea' id='block_1_48' title="bbox 665 4714 2249 4799">
    <p class='ocr_par' dir='ltr' id='par_1_48' title="bbox 665 4714 2249 4799">
     <span class='ocr_line' id='line_1_48' title="bbox 665 4714 2249 4799; baseline -0.015 -8"><span class='ocrx_word' id='word_1_319' title='bbox 665 4737 861 4795; x_wconf 69' lang='lat' dir='ltr'><strong>emtum</strong></span> <span class='ocrx_word' id='word_1_320' title='bbox 883 4772 901 4799; x_wconf 96' lang='lat'><strong>,</strong></span> <span class='ocrx_word' id='word_1_321' title='bbox 927 4731 1108 4786; x_wconf 70' lang='lat' dir='ltr'><strong>~venit.</strong></span> <span class='ocrx_word' id='word_1_322' title='bbox 1135 4727 1379 4797; x_wconf 82' lang='lat' dir='ltr'><strong>Magnum</strong></span> <span class='ocrx_word' id='word_1_323' title='bbox 1401 4721 1593 4794; x_wconf 88' lang='lat' dir='ltr'><strong>quippe</strong></span> <span class='ocrx_word' id='word_1_324' title='bbox 1621 4728 1703 4773; x_wconf 91' lang='lat' dir='ltr'><strong>est</strong></span> <span class='ocrx_word' id='word_1_325' title='bbox 1730 4714 2005 4774; x_wconf 87' lang='lat' dir='ltr'><strong>carnifices</strong></span> <span class='ocrx_word' id='word_1_326' title='bbox 2028 4715 2249 4769; x_wconf 87' lang='lat' dir='ltr'><strong>circum-</strong></span> 
     </span>
    </p>
   </div>
   <div class='ocr_carea' id='block_1_49' title="bbox 668 4806 2253 4887">
    <p class='ocr_par' dir='ltr' id='par_1_49' title="bbox 668 4806 2253 4887">
     <span class='ocr_line' id='line_1_49' title="bbox 668 4806 2253 4887; baseline -0.015 -2"><span class='ocrx_word' id='word_1_327' title='bbox 668 4836 872 4885; x_wconf 81' lang='lat' dir='ltr'><strong>stantes</strong></span> <span class='ocrx_word' id='word_1_328' title='bbox 895 4823 1096 4887; x_wconf 86' lang='lat' dir='ltr'><strong>videre,</strong></span> <span class='ocrx_word' id='word_1_329' title='bbox 1124 4829 1179 4876; x_wconf 89' lang='lat' dir='ltr'><strong>et</strong></span> <span class='ocrx_word' id='word_1_330' title='bbox 1234 4820 1398 4872; x_wconf 86' lang='lat' dir='ltr'><strong>latera</strong></span> <span class='ocrx_word' id='word_1_331' title='bbox 1428 4813 1719 4877; x_wconf 77' lang='lat' dir='ltr'><strong>fodientes;</strong></span> <span class='ocrx_word' id='word_1_332' title='bbox 1762 4809 1857 4865; x_wconf 88' lang='lat' dir='ltr'><strong>sed</strong></span> <span class='ocrx_word' id='word_1_333' title='bbox 1881 4806 2047 4863; x_wconf 88' lang='lat' dir='ltr'><strong>nihilo</strong></span> <span class='ocrx_word' id='word_1_334' title='bbox 2075 4807 2253 4862; x_wconf 89' lang='lat' dir='ltr'><strong>minus</strong></span> 
     </span>
    </p>
   </div>
   <div class='ocr_carea' id='block_1_50' title="bbox 668 4900 2252 4984">
    <p class='ocr_par' dir='ltr' id='par_1_50' title="bbox 668 4900 2252 4984">
     <span class='ocr_line' id='line_1_50' title="bbox 668 4900 2252 4984; baseline -0.017 -9"><span class='ocrx_word' id='word_1_335' title='bbox 668 4920 763 4975; x_wconf 81' lang='lat' dir='ltr'><strong>illo</strong></span> <span class='ocrx_word' id='word_1_336' title='bbox 787 4917 891 4971; x_wconf 89' lang='lat' dir='ltr'><strong>hoc</strong></span> <span class='ocrx_word' id='word_1_337' title='bbox 914 4924 1126 4984; x_wconf 90' lang='lat' dir='ltr'><strong>quoque</strong></span> <span class='ocrx_word' id='word_1_338' title='bbox 1154 4915 1272 4964; x_wconf 85' lang='lat' dir='ltr'><strong>est:</strong></span> <span class='ocrx_word' id='word_1_339' title='bbox 1306 4905 1412 4962; x_wconf 86' lang='lat' dir='ltr'><strong>illis</strong></span> <span class='ocrx_word' id='word_1_340' title='bbox 1439 4903 1579 4959; x_wconf 90' lang='lat' dir='ltr'><strong>enim</strong></span> <span class='ocrx_word' id='word_1_341' title='bbox 1604 4916 1723 4957; x_wconf 86' lang='lat' dir='ltr'><strong>cum</strong></span> <span class='ocrx_word' id='word_1_342' title='bbox 1744 4900 1855 4971; x_wconf 89' lang='lat' dir='ltr'><strong>jam</strong></span> <span class='ocrx_word' id='word_1_343' title='bbox 1889 4911 2081 4953; x_wconf 87' lang='lat' dir='ltr'><strong>sensus</strong></span> <span class='ocrx_word' id='word_1_344' title='bbox 2118 4911 2252 4950; x_wconf 84' lang='lat' dir='ltr'><strong>cru-</strong></span> 
     </span>
    </p>
   </div>
   <div class='ocr_carea' id='block_1_51' title="bbox 667 4986 2255 5065">
    <p class='ocr_par' dir='ltr' id='par_1_51' title="bbox 667 4986 2255 5065">
     <span class='ocr_line' id='line_1_51' title="bbox 667 4986 2255 5065; baseline -0.016 0"><span class='ocrx_word' id='word_1_345' title='bbox 667 5011 904 5065; x_wconf 85' lang='lat' dir='ltr'><strong>ciatunm</strong></span> <span class='ocrx_word' id='word_1_346' title='bbox 933 5003 1189 5058; x_wconf 85' lang='lat' dir='ltr'><strong>varietate</strong></span> <span class='ocrx_word' id='word_1_347' title='bbox 1217 5003 1562 5064; x_wconf 83' lang='lat' dir='ltr'><strong>consumptus</strong></span> <span class='ocrx_word' id='word_1_348' title='bbox 1582 4992 1679 5058; x_wconf 83' lang='lat' dir='ltr'><strong>sit,</strong></span> <span class='ocrx_word' id='word_1_349' title='bbox 1706 5006 1812 5045; x_wconf 92' lang='lat' dir='ltr'><strong>non</strong></span> <span class='ocrx_word' id='word_1_350' title='bbox 1840 4986 2255 5043; x_wconf 86' lang='lat' dir='ltr'><strong>ultra-formida-</strong></span> 
     </span>
    </p>
   </div>
   <div class='ocr_carea' id='block_1_52' title="bbox 670 5075 2251 5156">
    <p class='ocr_par' dir='ltr' id='par_1_52' title="bbox 670 5075 2251 5156">
     <span class='ocr_line' id='line_1_52' title="bbox 670 5075 2251 5156; baseline -0.016 -1"><span class='ocrx_word' id='word_1_351' title='bbox 670 5100 955 5155; x_wconf 80' lang='lat' dir='ltr'><strong>bilistnors</strong></span> <span class='ocrx_word' id='word_1_352' title='bbox 982 5090 1210 5155; x_wconf 86' lang='lat' dir='ltr'><strong>videtur,</strong></span> <span class='ocrx_word' id='word_1_353' title='bbox 1238 5086 1333 5144; x_wconf 86' lang='lat' dir='ltr'><strong>sed</strong></span> <span class='ocrx_word' id='word_1_354' title='bbox 1354 5085 1530 5156; x_wconf 88' lang='lat' dir='ltr'><strong>potius</strong></span> <span class='ocrx_word' id='word_1_355' title='bbox 1553 5083 1853 5153; x_wconf 82' lang='lat' dir='ltr'><strong>urgentium</strong></span> <span class='ocrx_word' id='word_1_356' title='bbox 1895 5078 2155 5133; x_wconf 87' lang='lat' dir='ltr'><strong>malorum</strong></span> <span class='ocrx_word' id='word_1_357' title='bbox 2182 5075 2251 5130; x_wconf 88' lang='lat' dir='ltr'><strong>li-</strong></span> 
     </span>
    </p>
   </div>
   <div class='ocr_carea' id='block_1_53' title="bbox 674 5166 2253 5255">
    <p class='ocr_par' dir='ltr' id='par_1_53' title="bbox 674 5166 2253 5255">
     <span class='ocr_line' id='line_1_53' title="bbox 674 5166 2253 5255; baseline -0.016 -10"><span class='ocrx_word' id='word_1_358' title='bbox 674 5189 878 5246; x_wconf 84' lang='lat' dir='ltr'><strong>heratio</strong></span> <span class='ocrx_word' id='word_1_359' title='bbox 901 5194 1059 5255; x_wconf 88' lang='lat' dir='ltr'><strong>atque</strong></span> <span class='ocrx_word' id='word_1_360' title='bbox 1077 5178 1338 5243; x_wconf 89' lang='lat' dir='ltr'><strong>cessatio;</strong></span> <span class='ocrx_word' id='word_1_361' title='bbox 1367 5178 1481 5231; x_wconf 68' lang='lat' dir='ltr'><strong>haec</strong></span> <span class='ocrx_word' id='word_1_362' title='bbox 1508 5188 1637 5229; x_wconf 90' lang='lat' dir='ltr'><strong>vero</strong></span> <span class='ocrx_word' id='word_1_363' title='bbox 1657 5170 1917 5226; x_wconf 81' lang='lat' dir='ltr'><strong>nihildum</strong></span> <span class='ocrx_word' id='word_1_364' title='bbox 1950 5166 2253 5236; x_wconf 84' lang='lat' dir='ltr'><strong>hujusmodi</strong></span> 
     </span>
    </p>
   </div>
   <div class='ocr_carea' id='block_1_54' title="bbox 678 5260 2257 5354">
    <p class='ocr_par' dir='ltr' id='par_1_54' title="bbox 678 5260 2257 5354">
     <span class='ocr_line' id='line_1_54' title="bbox 678 5260 2257 5354; baseline -0.015 -17"><span class='ocrx_word' id='word_1_365' title='bbox 678 5297 856 5354; x_wconf 82' lang='lat' dir='ltr'><strong>passa,</strong></span> <span class='ocrx_word' id='word_1_366' title='bbox 880 5292 999 5337; x_wconf 89' lang='lat' dir='ltr'><strong>cum</strong></span> <span class='ocrx_word' id='word_1_367' title='bbox 1028 5288 1220 5345; x_wconf 88' lang='lat' dir='ltr'><strong>corpus</strong></span> <span class='ocrx_word' id='word_1_368' title='bbox 1248 5272 1507 5339; x_wconf 82' lang='lat' dir='ltr'><strong>integrum</strong></span> <span class='ocrx_word' id='word_1_369' title='bbox 1528 5265 1771 5327; x_wconf 86' lang='lat' dir='ltr'><strong>haberet,</strong></span> <span class='ocrx_word' id='word_1_370' title='bbox 1792 5261 2027 5332; x_wconf 89' lang='lat' dir='ltr'><strong>nihilque</strong></span> <span class='ocrx_word' id='word_1_371' title='bbox 2056 5260 2257 5313; x_wconf 86' lang='lat' dir='ltr'><strong>doloris</strong></span> 
     </span>
    </p>
   </div>
   <div class='ocr_carea' id='block_1_55' title="bbox 680 5350 2253 5446">
    <p class='ocr_par' dir='ltr' id='par_1_55' title="bbox 680 5350 2253 5446">
     <span class='ocr_line' id='line_1_55' title="bbox 680 5350 2253 5446; baseline -0.018 -17"><span class='ocrx_word' id='word_1_372' title='bbox 680 5350 1002 5446; x_wconf 64' lang='lat' dir='ltr'><strong>pertulisset,</strong></span> <span class='ocrx_word' id='word_1_373' title='bbox 1040 5376 1303 5438; x_wconf 86' lang='lat' dir='ltr'><strong>generoso</strong></span> <span class='ocrx_word' id='word_1_374' title='bbox 1334 5371 1631 5429; x_wconf 84' lang='lat' dir='ltr'><strong>magnoque</strong></span> <span class='ocrx_word' id='word_1_375' title='bbox 1659 5354 1837 5408; x_wconf 84' lang='lat' dir='ltr'><strong>animo</strong></span> <span class='ocrx_word' id='word_1_376' title='bbox 1865 5366 1998 5421; x_wconf 85' lang='lat' dir='ltr'><strong>opus</strong></span> <span class='ocrx_word' id='word_1_377' title='bbox 2051 5350 2253 5412; x_wconf 88' lang='lat' dir='ltr'><strong>habuit,</strong></span> 
     </span>
    </p>
   </div>
   <div class='ocr_carea' id='block_1_56' title="bbox 682 5440 2257 5517">
    <p class='ocr_par' dir='ltr' id='par_1_56' title="bbox 682 5440 2257 5517">
     <span class='ocr_line' id='line_1_56' title="bbox 682 5440 2257 5517; baseline -0.015 0"><span class='ocrx_word' id='word_1_378' title='bbox 682 5440 740 5517; x_wconf 68' lang='lat' dir='ltr'><strong>ut</strong></span> <span class='ocrx_word' id='word_1_379' title='bbox 758 5462 985 5516; x_wconf 83' lang='lat' dir='ltr'><strong>violenta</strong></span> <span class='ocrx_word' id='word_1_380' title='bbox 1023 5464 1194 5512; x_wconf 85' lang='lat' dir='ltr'><strong>morte</strong></span> <span class='ocrx_word' id='word_1_381' title='bbox 1213 5466 1279 5507; x_wconf 78' lang='lat' dir='ltr'><strong>ex</strong></span> <span class='ocrx_word' id='word_1_382' title='bbox 1307 5457 1408 5506; x_wconf 88' lang='lat' dir='ltr'><strong>hac</strong></span> <span class='ocrx_word' id='word_1_383' title='bbox 1431 5451 1535 5504; x_wconf 88' lang='lat' dir='ltr'><strong>vita</strong></span> <span class='ocrx_word' id='word_1_384' title='bbox 1562 5461 1621 5502; x_wconf 88' lang='lat' dir='ltr'><strong>se</strong></span> <span class='ocrx_word' id='word_1_385' title='bbox 1648 5444 1987 5501; x_wconf 88' lang='lat' dir='ltr'><strong>subduceret.</strong></span> <span class='ocrx_word' id='word_1_386' title='bbox 2014 5442 2188 5510; x_wconf 83' lang='lat' dir='ltr'><strong>Quare</strong></span> <span class='ocrx_word' id='word_1_387' title='bbox 2212 5440 2257 5494; x_wconf 91' lang='lat' dir='ltr'><strong>si</strong></span> 
     </span>
    </p>
   </div>
   <div class='ocr_carea' id='block_1_57' title="bbox 683 5532 2257 5617">
    <p class='ocr_par' dir='ltr' id='par_1_57' title="bbox 683 5532 2257 5617">
     <span class='ocr_line' id='line_1_57' title="bbox 683 5532 2257 5617; baseline -0.016 -7"><span class='ocrx_word' id='word_1_388' title='bbox 683 5552 893 5610; x_wconf 77' lang='lat' dir='ltr'><strong>miraris</strong></span> <span class='ocrx_word' id='word_1_389' title='bbox 914 5551 1123 5605; x_wconf 88' lang='lat' dir='ltr'><strong>illorum</strong></span> <span class='ocrx_word' id='word_1_390' title='bbox 1152 5542 1479 5617; x_wconf 89' lang='lat' dir='ltr'><strong>patientiam,</strong></span> <span class='ocrx_word' id='word_1_391' title='bbox 1506 5538 1665 5609; x_wconf 89' lang='lat' dir='ltr'><strong>hujus</strong></span> <span class='ocrx_word' id='word_1_392' title='bbox 1690 5536 1885 5591; x_wconf 89' lang='lat' dir='ltr'><strong>mirare</strong></span> <span class='ocrx_word' id='word_1_393' title='bbox 1909 5533 2189 5599; x_wconf 74' lang='lat' dir='ltr'><strong>virtutem;</strong></span> <span class='ocrx_word' id='word_1_394' title='bbox 2213 5532 2257 5587; x_wconf 92' lang='lat' dir='ltr'><strong>si</strong></span> 
     </span>
    </p>
   </div>
   <div class='ocr_carea' id='block_1_58' title="bbox 745 5691 1934 5776">
    <p class='ocr_par' dir='ltr' id='par_1_58' title="bbox 745 5691 1934 5776">
     <span class='ocr_line' id='line_1_58' title="bbox 745 5691 1934 5776; baseline -0.018 -13"><span class='ocrx_word' id='word_1_395' title='bbox 745 5710 820 5776; x_wconf 54' lang='lat' dir='ltr'><strong>tu)</strong></span> <span class='ocrx_word' id='word_1_396' title='bbox 850 5706 1144 5761; x_wconf 71' lang='lat' dir='ltr'><strong>Contulimtts</strong></span> <span class='ocrx_word' id='word_1_397' title='bbox 1163 5702 1361 5756; x_wconf 82' lang='lat' dir='ltr'><strong>codices</strong></span> <span class='ocrx_word' id='word_1_398' title='bbox 1381 5698 1554 5763; x_wconf 71' lang='lat' dir='ltr'><strong>Regios</strong></span> <span class='ocrx_word' id='word_1_399' title='bbox 1573 5693 1699 5749; x_wconf 74' lang='lat'><strong>2029</strong></span> <span class='ocrx_word' id='word_1_400' title='bbox 1718 5700 1771 5748; x_wconf 91' lang='lat' dir='ltr'><strong>et</strong></span> <span class='ocrx_word' id='word_1_401' title='bbox 1790 5691 1934 5745; x_wconf 70' lang='lat'><strong>2343.</strong></span> 
     </span>
    </p>
   </div>
   <div class='ocr_carea' id='block_1_59' title="bbox 2313 975 3897 1048">
    <p class='ocr_par' dir='ltr' id='par_1_59' title="bbox 2313 975 3897 1048">
     <span class='ocr_line' id='line_1_59' title="bbox 2313 975 3897 1048; baseline 0.002 -19"><span class='ocrx_word' id='word_1_402' title='bbox 2313 985 2494 1045; x_wconf 87' lang='lat' dir='ltr'><strong>stupes</strong></span> <span class='ocrx_word' id='word_1_403' title='bbox 2520 991 2704 1032; x_wconf 91' lang='lat' dir='ltr'><strong>eorum</strong></span> <span class='ocrx_word' id='word_1_404' title='bbox 2732 976 3090 1042; x_wconf 81' lang='lat' dir='ltr'><strong>tolerantiam,</strong></span> <span class='ocrx_word' id='word_1_405' title='bbox 3110 975 3227 1046; x_wconf 90' lang='lat' dir='ltr'><strong>ejus</strong></span> <span class='ocrx_word' id='word_1_406' title='bbox 3251 984 3407 1047; x_wconf 85' lang='lat' dir='ltr'><strong>stupe</strong></span> <span class='ocrx_word' id='word_1_407' title='bbox 3431 992 3753 1048; x_wconf 84' lang='lat' dir='ltr'><strong>generosum</strong></span> <span class='ocrx_word' id='word_1_408' title='bbox 3785 978 3897 1032; x_wconf 86' lang='lat' dir='ltr'><strong>ani-</strong></span> 
     </span>
    </p>
   </div>
   <div class='ocr_carea' id='block_1_60' title="bbox 2312 1066 3899 1137">
    <p class='ocr_par' dir='ltr' id='par_1_60' title="bbox 2312 1066 3899 1137">
     <span class='ocr_line' id='line_1_60' title="bbox 2312 1066 3899 1137; baseline 0.004 -18"><span class='ocrx_word' id='word_1_409' title='bbox 2312 1081 2481 1129; x_wconf 90' lang='lat' dir='ltr'><strong>mum,</strong></span> <span class='ocrx_word' id='word_1_410' title='bbox 2503 1080 2611 1137; x_wconf 91' lang='lat' dir='ltr'><strong>quo</strong></span> <span class='ocrx_word' id='word_1_411' title='bbox 2641 1066 2801 1122; x_wconf 86' lang='lat' dir='ltr'><strong>talem</strong></span> <span class='ocrx_word' id='word_1_412' title='bbox 2829 1066 2980 1122; x_wconf 90' lang='lat' dir='ltr'><strong>adire</strong></span> <span class='ocrx_word' id='word_1_413' title='bbox 3005 1075 3231 1123; x_wconf 89' lang='lat' dir='ltr'><strong>mortem</strong></span> <span class='ocrx_word' id='word_1_414' title='bbox 3261 1081 3389 1123; x_wconf 89' lang='lat' dir='ltr'><strong>ausa</strong></span> <span class='ocrx_word' id='word_1_415' title='bbox 3412 1067 3501 1123; x_wconf 89' lang='lat' dir='ltr'><strong>sit.</strong></span> <span class='ocrx_word' id='word_1_416' title='bbox 3534 1068 3612 1124; x_wconf 88' lang='lat' dir='ltr'><strong>Ne</strong></span> <span class='ocrx_word' id='word_1_417' title='bbox 3629 1084 3761 1125; x_wconf 89' lang='lat' dir='ltr'><strong>vero</strong></span> <span class='ocrx_word' id='word_1_418' title='bbox 3785 1083 3899 1124; x_wconf 58' lang='lat' dir='ltr'><strong>cur»</strong></span> 
     </span>
    </p>
   </div>
   <div class='ocr_carea' id='block_1_61' title="bbox 2313 1155 3899 1229">
    <p class='ocr_par' dir='ltr' id='par_1_61' title="bbox 2313 1155 3899 1229">
     <span class='ocr_line' id='line_1_61' title="bbox 2313 1155 3899 1229; baseline 0.003 -20"><span class='ocrx_word' id='word_1_419' title='bbox 2313 1156 2413 1209; x_wconf 89' lang='lat' dir='ltr'><strong>sim</strong></span> <span class='ocrx_word' id='word_1_420' title='bbox 2442 1171 2553 1210; x_wconf 89' lang='lat' dir='ltr'><strong>rem</strong></span> <span class='ocrx_word' id='word_1_421' title='bbox 2582 1164 2902 1225; x_wconf 71' lang='lat' dir='ltr'><strong>prtetereas;</strong></span> <span class='ocrx_word' id='word_1_422' title='bbox 2934 1155 3028 1212; x_wconf 88' lang='lat' dir='ltr'><strong>sed</strong></span> <span class='ocrx_word' id='word_1_423' title='bbox 3056 1157 3228 1227; x_wconf 80' lang='lat' dir='ltr'><strong>cogita</strong></span> <span class='ocrx_word' id='word_1_424' title='bbox 3250 1171 3357 1228; x_wconf 83' lang='lat' dir='ltr'><strong>quo</strong></span> <span class='ocrx_word' id='word_1_425' title='bbox 3380 1171 3543 1213; x_wconf 82' lang='lat' dir='ltr'><strong>sensu</strong></span> <span class='ocrx_word' id='word_1_426' title='bbox 3574 1158 3734 1213; x_wconf 86' lang='lat' dir='ltr'><strong>fuerit</strong></span> <span class='ocrx_word' id='word_1_427' title='bbox 3748 1160 3899 1229; x_wconf 73' lang='lat' dir='ltr'><strong>virgo</strong></span> 
     </span>
    </p>
   </div>
   <div class='ocr_carea' id='block_1_62' title="bbox 2314 1244 3933 1316">
    <p class='ocr_par' dir='ltr' id='par_1_62' title="bbox 2314 1244 3933 1316">
     <span class='ocr_line' id='line_1_62' title="bbox 2314 1244 3933 1316; baseline 0.003 -16"><span class='ocrx_word' id='word_1_428' title='bbox 2314 1254 2519 1312; x_wconf 87' lang='lat' dir='ltr'><strong>tenera,</strong></span> <span class='ocrx_word' id='word_1_429' title='bbox 2547 1261 2667 1316; x_wconf 64' lang='lat' dir='ltr'><strong>qua:</strong></span> <span class='ocrx_word' id='word_1_430' title='bbox 2695 1244 2985 1302; x_wconf 87' lang='lat' dir='ltr'><strong>thalamum</strong></span> <span class='ocrx_word' id='word_1_431' title='bbox 3004 1255 3208 1302; x_wconf 82' lang='lat' dir='ltr'><strong>tantum</strong></span> <span class='ocrx_word' id='word_1_432' title='bbox 3231 1257 3470 1315; x_wconf 74' lang='lat' dir='ltr'><strong>noverat,</strong></span> <span class='ocrx_word' id='word_1_433' title='bbox 3495 1248 3756 1304; x_wconf 82' lang='lat' dir='ltr'><strong>militibus</strong></span> <span class='ocrx_word' id='word_1_434' title='bbox 3777 1263 3900 1303; x_wconf 84' lang='lat' dir='ltr'><strong>con-</strong></span> <span class='ocrx_word' id='word_1_435' title='bbox 3928 1306 3933 1307; x_wconf 60' lang='lat'><strong>,</strong></span> 
     </span>
    </p>
   </div>
   <div class='ocr_carea' id='block_1_63' title="bbox 2312 1336 3901 1410">
    <p class='ocr_par' dir='ltr' id='par_1_63' title="bbox 2312 1336 3901 1410">
     <span class='ocr_line' id='line_1_63' title="bbox 2312 1336 3901 1410; baseline 0.003 -19"><span class='ocrx_word' id='word_1_436' title='bbox 2312 1336 2487 1391; x_wconf 84' lang='lat' dir='ltr'><strong>fertim</strong></span> <span class='ocrx_word' id='word_1_437' title='bbox 2522 1336 2959 1406; x_wconf 86' lang='lat' dir='ltr'><strong>irrumpentibus,</strong></span> <span class='ocrx_word' id='word_1_438' title='bbox 2996 1348 3121 1392; x_wconf 88' lang='lat' dir='ltr'><strong>ante</strong></span> <span class='ocrx_word' id='word_1_439' title='bbox 3153 1336 3296 1393; x_wconf 88' lang='lat' dir='ltr'><strong>fures</strong></span> <span class='ocrx_word' id='word_1_440' title='bbox 3343 1339 3628 1407; x_wconf 89' lang='lat' dir='ltr'><strong>stantibus,</strong></span> <span class='ocrx_word' id='word_1_441' title='bbox 3655 1340 3723 1395; x_wconf 90' lang='lat' dir='ltr'><strong>ad</strong></span> <span class='ocrx_word' id='word_1_442' title='bbox 3757 1340 3901 1410; x_wconf 81' lang='lat' dir='ltr'><strong>judi-</strong></span> 
     </span>
    </p>
   </div>
   <div class='ocr_carea' id='block_1_64' title="bbox 2314 1427 3898 1501">
    <p class='ocr_par' dir='ltr' id='par_1_64' title="bbox 2314 1427 3898 1501">
     <span class='ocr_line' id='line_1_64' title="bbox 2314 1427 3898 1501; baseline 0.002 -17"><span class='ocrx_word' id='word_1_443' title='bbox 2314 1430 2454 1484; x_wconf 90' lang='lat' dir='ltr'><strong>cium</strong></span> <span class='ocrx_word' id='word_1_444' title='bbox 2476 1427 2807 1494; x_wconf 88' lang='lat' dir='ltr'><strong>vocantibus,</strong></span> <span class='ocrx_word' id='word_1_445' title='bbox 2839 1429 2891 1483; x_wconf 91' lang='lat' dir='ltr'><strong>in</strong></span> <span class='ocrx_word' id='word_1_446' title='bbox 2916 1429 3087 1483; x_wconf 86' lang='lat' dir='ltr'><strong>forum</strong></span> <span class='ocrx_word' id='word_1_447' title='bbox 3110 1443 3209 1499; x_wconf 91' lang='lat' dir='ltr'><strong>pro</strong></span> <span class='ocrx_word' id='word_1_448' title='bbox 3238 1429 3432 1483; x_wconf 84' lang='lat' dir='ltr'><strong>talibus</strong></span> <span class='ocrx_word' id='word_1_449' title='bbox 3453 1432 3718 1501; x_wconf 88' lang='lat' dir='ltr'><strong>tantisque</strong></span> <span class='ocrx_word' id='word_1_450' title='bbox 3739 1432 3898 1487; x_wconf 78' lang='lat' dir='ltr'><strong>rebus</strong></span> 
     </span>
    </p>
   </div>
   <div class='ocr_carea' id='block_1_65' title="bbox 2317 1519 3899 1590">
    <p class='ocr_par' dir='ltr' id='par_1_65' title="bbox 2317 1519 3899 1590">
     <span class='ocr_line' id='line_1_65' title="bbox 2317 1519 3899 1590; baseline 0.002 -13"><span class='ocrx_word' id='word_1_451' title='bbox 2317 1521 2670 1577; x_wconf 88' lang='lat' dir='ltr'><strong>trahentibus.</strong></span> <span class='ocrx_word' id='word_1_452' title='bbox 2703 1519 2819 1575; x_wconf 88' lang='lat' dir='ltr'><strong>Non</strong></span> <span class='ocrx_word' id='word_1_453' title='bbox 2850 1528 3001 1589; x_wconf 85' lang='lat' dir='ltr'><strong>pater</strong></span> <span class='ocrx_word' id='word_1_454' title='bbox 3024 1522 3189 1587; x_wconf 89' lang='lat' dir='ltr'><strong>intus,</strong></span> <span class='ocrx_word' id='word_1_455' title='bbox 3214 1535 3324 1575; x_wconf 92' lang='lat' dir='ltr'><strong>non</strong></span> <span class='ocrx_word' id='word_1_456' title='bbox 3352 1528 3523 1577; x_wconf 90' lang='lat' dir='ltr'><strong>mater</strong></span> <span class='ocrx_word' id='word_1_457' title='bbox 3546 1522 3754 1590; x_wconf 88' lang='lat' dir='ltr'><strong>aderat,</strong></span> <span class='ocrx_word' id='word_1_458' title='bbox 3792 1539 3899 1580; x_wconf 89' lang='lat' dir='ltr'><strong>non</strong></span> 
     </span>
    </p>
   </div>
   <div class='ocr_carea' id='block_1_66' title="bbox 2317 1612 3900 1681">
    <p class='ocr_par' dir='ltr' id='par_1_66' title="bbox 2317 1612 3900 1681">
     <span class='ocr_line' id='line_1_66' title="bbox 2317 1612 3900 1681; baseline 0.002 -13"><span class='ocrx_word' id='word_1_459' title='bbox 2317 1613 2516 1679; x_wconf 82' lang='lat' dir='ltr'><strong>nutrix,</strong></span> <span class='ocrx_word' id='word_1_460' title='bbox 2541 1627 2648 1666; x_wconf 94' lang='lat' dir='ltr'><strong>non</strong></span> <span class='ocrx_word' id='word_1_461' title='bbox 2666 1612 2880 1678; x_wconf 89' lang='lat' dir='ltr'><strong>ancilla,</strong></span> <span class='ocrx_word' id='word_1_462' title='bbox 2912 1627 3018 1666; x_wconf 90' lang='lat' dir='ltr'><strong>non</strong></span> <span class='ocrx_word' id='word_1_463' title='bbox 3044 1613 3237 1677; x_wconf 81' lang='lat' dir='ltr'><strong>vicina,</strong></span> <span class='ocrx_word' id='word_1_464' title='bbox 3271 1628 3376 1667; x_wconf 89' lang='lat' dir='ltr'><strong>non</strong></span> <span class='ocrx_word' id='word_1_465' title='bbox 3403 1614 3609 1681; x_wconf 89' lang='lat' dir='ltr'><strong>amica,</strong></span> <span class='ocrx_word' id='word_1_466' title='bbox 3654 1615 3752 1671; x_wconf 90' lang='lat' dir='ltr'><strong>sed</strong></span> <span class='ocrx_word' id='word_1_467' title='bbox 3787 1616 3900 1671; x_wconf 81' lang='lat' dir='ltr'><strong>sola</strong></span> 
     </span>
    </p>
   </div>
   <div class='ocr_carea' id='block_1_67' title="bbox 2318 1703 3903 1777">
    <p class='ocr_par' dir='ltr' id='par_1_67' title="bbox 2318 1703 3903 1777">
     <span class='ocr_line' id='line_1_67' title="bbox 2318 1703 3903 1777; baseline 0.003 -18"><span class='ocrx_word' id='word_1_468' title='bbox 2318 1706 2460 1760; x_wconf 90' lang='lat' dir='ltr'><strong>inter.</strong></span> <span class='ocrx_word' id='word_1_469' title='bbox 2479 1704 2757 1760; x_wconf 83' lang='lat' dir='ltr'><strong>carnifices</strong></span> <span class='ocrx_word' id='word_1_470' title='bbox 2777 1704 2895 1759; x_wconf 90' lang='lat' dir='ltr'><strong>illos</strong></span> <span class='ocrx_word' id='word_1_471' title='bbox 2915 1714 3049 1759; x_wconf 89' lang='lat' dir='ltr'><strong>erat.</strong></span> <span class='ocrx_word' id='word_1_472' title='bbox 3082 1703 3236 1772; x_wconf 83' lang='lat' dir='ltr'><strong>Quod</strong></span> <span class='ocrx_word' id='word_1_473' title='bbox 3260 1705 3402 1760; x_wconf 87' lang='lat' dir='ltr'><strong>enim</strong></span> <span class='ocrx_word' id='word_1_474' title='bbox 3425 1706 3574 1761; x_wconf 78' lang='lat' dir='ltr'><strong>exire</strong></span> <span class='ocrx_word' id='word_1_475' title='bbox 3599 1716 3655 1762; x_wconf 91' lang='lat' dir='ltr'><strong>et</strong></span> <span class='ocrx_word' id='word_1_476' title='bbox 3679 1722 3903 1777; x_wconf 67' lang='lat' dir='ltr'><strong>respono</strong></span> 
     </span>
    </p>
   </div>
   <div class='ocr_carea' id='block_1_68' title="bbox 2316 1792 3900 1865">
    <p class='ocr_par' dir='ltr' id='par_1_68' title="bbox 2316 1792 3900 1865">
     <span class='ocr_line' id='line_1_68' title="bbox 2316 1792 3900 1865; baseline 0.003 -16"><span class='ocrx_word' id='word_1_477' title='bbox 2316 1794 2445 1850; x_wconf 88' lang='lat' dir='ltr'><strong>dere</strong></span> <span class='ocrx_word' id='word_1_478' title='bbox 2464 1792 2800 1849; x_wconf 85' lang='lat' dir='ltr'><strong>carnificibus</strong></span> <span class='ocrx_word' id='word_1_479' title='bbox 2825 1794 2927 1850; x_wconf 88' lang='lat' dir='ltr'><strong>illis</strong></span> <span class='ocrx_word' id='word_1_480' title='bbox 2952 1793 3209 1849; x_wconf 90' lang='lat' dir='ltr'><strong>militibus</strong></span> <span class='ocrx_word' id='word_1_481' title='bbox 3227 1795 3479 1864; x_wconf 88' lang='lat' dir='ltr'><strong>potuerit,</strong></span> <span class='ocrx_word' id='word_1_482' title='bbox 3502 1795 3644 1865; x_wconf 90' lang='lat' dir='ltr'><strong>quod</strong></span> <span class='ocrx_word' id='word_1_483' title='bbox 3669 1795 3900 1865; x_wconf 87' lang='lat' dir='ltr'><strong>hiscere,</strong></span> 
     </span>
    </p>
   </div>
   <div class='ocr_carea' id='block_1_69' title="bbox 2317 1884 3900 1957">
    <p class='ocr_par' dir='ltr' id='par_1_69' title="bbox 2317 1884 3900 1957">
     <span class='ocr_line' id='line_1_69' title="bbox 2317 1884 3900 1957; baseline 0.001 -17"><span class='ocrx_word' id='word_1_484' title='bbox 2317 1885 2459 1957; x_wconf 91' lang='lat' dir='ltr'><strong>quod</strong></span> <span class='ocrx_word' id='word_1_485' title='bbox 2488 1899 2675 1941; x_wconf 85' lang='lat' dir='ltr'><strong>vocem</strong></span> <span class='ocrx_word' id='word_1_486' title='bbox 2706 1886 2971 1951; x_wconf 88' lang='lat' dir='ltr'><strong>emittere,</strong></span> <span class='ocrx_word' id='word_1_487' title='bbox 3001 1884 3143 1954; x_wconf 90' lang='lat' dir='ltr'><strong>quod</strong></span> <span class='ocrx_word' id='word_1_488' title='bbox 3190 1886 3482 1955; x_wconf 85' lang='lat' dir='ltr'><strong>respicere,</strong></span> <span class='ocrx_word' id='word_1_489' title='bbox 3510 1885 3653 1956; x_wconf 90' lang='lat' dir='ltr'><strong>quod</strong></span> <span class='ocrx_word' id='word_1_490' title='bbox 3693 1890 3900 1942; x_wconf 85' lang='lat' dir='ltr'><strong>consis-</strong></span> 
     </span>
    </p>
   </div>
   <div class='ocr_carea' id='block_1_70' title="bbox 2321 1977 3919 2047">
    <p class='ocr_par' dir='ltr' id='par_1_70' title="bbox 2321 1977 3919 2047">
     <span class='ocr_line' id='line_1_70' title="bbox 2321 1977 3919 2047; baseline 0 -14"><span class='ocrx_word' id='word_1_491' title='bbox 2321 1988 2433 2033; x_wconf 88' lang='lat' dir='ltr'><strong>tere</strong></span> <span class='ocrx_word' id='word_1_492' title='bbox 2452 1993 2514 2033; x_wconf 90' lang='lat' dir='ltr'><strong>ae</strong></span> <span class='ocrx_word' id='word_1_493' title='bbox 2544 1977 2830 2046; x_wconf 88' lang='lat' dir='ltr'><strong>respirare,</strong></span> <span class='ocrx_word' id='word_1_494' title='bbox 2889 1991 2995 2047; x_wconf 93' lang='lat' dir='ltr'><strong>quo</strong></span> <span class='ocrx_word' id='word_1_495' title='bbox 3021 1991 3128 2031; x_wconf 90' lang='lat' dir='ltr'><strong>non</strong></span> <span class='ocrx_word' id='word_1_496' title='bbox 3172 1986 3394 2046; x_wconf 76' lang='lat' dir='ltr'><strong>stupore</strong></span> <span class='ocrx_word' id='word_1_497' title='bbox 3446 1986 3503 2032; x_wconf 94' lang='lat' dir='ltr'><strong>et</strong></span> <span class='ocrx_word' id='word_1_498' title='bbox 3551 1977 3919 2033; x_wconf 80' lang='lat' dir='ltr'><strong>admiratione</strong></span> 
     </span>
    </p>
   </div>
   <div class='ocr_carea' id='block_1_71' title="bbox 2319 2066 3904 2141">
    <p class='ocr_par' dir='ltr' id='par_1_71' title="bbox 2319 2066 3904 2141">
     <span class='ocr_line' id='line_1_71' title="bbox 2319 2066 3904 2141; baseline -0.002 -14"><span class='ocrx_word' id='word_1_499' title='bbox 2319 2070 2536 2141; x_wconf 72' lang='lat' dir='ltr'><strong>dignum</strong></span> <span class='ocrx_word' id='word_1_500' title='bbox 2565 2069 2763 2124; x_wconf 79' lang='lat' dir='ltr'><strong>fuerit?</strong></span> <span class='ocrx_word' id='word_1_501' title='bbox 2789 2069 2905 2124; x_wconf 86' lang='lat' dir='ltr'><strong>Non</strong></span> <span class='ocrx_word' id='word_1_502' title='bbox 2935 2079 3091 2125; x_wconf 89' lang='lat' dir='ltr'><strong>erant</strong></span> <span class='ocrx_word' id='word_1_503' title='bbox 3121 2068 3237 2128; x_wconf 62' lang='lat' dir='ltr'><strong>hac</strong></span> <span class='ocrx_word' id='word_1_504' title='bbox 3284 2068 3533 2124; x_wconf 62' lang='lat' dir='ltr'><strong>humanae</strong></span> <span class='ocrx_word' id='word_1_505' title='bbox 3559 2078 3784 2136; x_wconf 61' lang='lat' dir='ltr'><strong>naturae,</strong></span> <span class='ocrx_word' id='word_1_506' title='bbox 3810 2066 3904 2124; x_wconf 88' lang='lat' dir='ltr'><strong>sed</strong></span> 
     </span>
    </p>
   </div>
   <div class='ocr_carea' id='block_1_72' title="bbox 2322 2160 3905 2234">
    <p class='ocr_par' dir='ltr' id='par_1_72' title="bbox 2322 2160 3905 2234">
     <span class='ocr_line' id='line_1_72' title="bbox 2322 2160 3905 2234; baseline -0.001 -16"><span class='ocrx_word' id='word_1_507' title='bbox 2322 2164 2581 2234; x_wconf 83' lang='lat' dir='ltr'><strong>majorem</strong></span> <span class='ocrx_word' id='word_1_508' title='bbox 2607 2162 2705 2218; x_wconf 86' lang='lat' dir='ltr'><strong>Dei</strong></span> <span class='ocrx_word' id='word_1_509' title='bbox 2731 2170 2887 2217; x_wconf 90' lang='lat' dir='ltr'><strong>nutus</strong></span> <span class='ocrx_word' id='word_1_510' title='bbox 2913 2170 3118 2232; x_wconf 86' lang='lat' dir='ltr'><strong>partem</strong></span> <span class='ocrx_word' id='word_1_511' title='bbox 3149 2160 3433 2217; x_wconf 84' lang='lat' dir='ltr'><strong>inferebat.</strong></span> <span class='ocrx_word' id='word_1_512' title='bbox 3462 2160 3644 2232; x_wconf 87' lang='lat' dir='ltr'><strong>Neque</strong></span> <span class='ocrx_word' id='word_1_513' title='bbox 3675 2172 3787 2216; x_wconf 89' lang='lat' dir='ltr'><strong>tum</strong></span> <span class='ocrx_word' id='word_1_514' title='bbox 3819 2161 3905 2217; x_wconf 88' lang='lat' dir='ltr'><strong>illa</strong></span> 
     </span>
    </p>
   </div>
   <div class='ocr_carea' id='block_1_73' title="bbox 2321 2252 3904 2323">
    <p class='ocr_par' dir='ltr' id='par_1_73' title="bbox 2321 2252 3904 2323">
     <span class='ocr_line' id='line_1_73' title="bbox 2321 2252 3904 2323; baseline -0.001 -14"><span class='ocrx_word' id='word_1_515' title='bbox 2321 2256 2496 2311; x_wconf 87' lang='lat' dir='ltr'><strong>stabat</strong></span> <span class='ocrx_word' id='word_1_516' title='bbox 2522 2254 2713 2322; x_wconf 89' lang='lat' dir='ltr'><strong>otiosa,</strong></span> <span class='ocrx_word' id='word_1_517' title='bbox 2747 2253 2842 2309; x_wconf 90' lang='lat' dir='ltr'><strong>sed</strong></span> <span class='ocrx_word' id='word_1_518' title='bbox 2870 2252 3012 2323; x_wconf 93' lang='lat' dir='ltr'><strong>quod</strong></span> <span class='ocrx_word' id='word_1_519' title='bbox 3059 2253 3112 2307; x_wconf 90' lang='lat' dir='ltr'><strong>in</strong></span> <span class='ocrx_word' id='word_1_520' title='bbox 3162 2266 3222 2307; x_wconf 90' lang='lat' dir='ltr'><strong>se</strong></span> <span class='ocrx_word' id='word_1_521' title='bbox 3248 2261 3363 2307; x_wconf 90' lang='lat' dir='ltr'><strong>erat</strong></span> <span class='ocrx_word' id='word_1_522' title='bbox 3412 2261 3580 2307; x_wconf 66' lang='lat' dir='ltr'><strong>totum</strong></span> <span class='ocrx_word' id='word_1_523' title='bbox 3628 2252 3904 2321; x_wconf 67' lang='lat' dir='ltr'><strong>elei-tabat,</strong></span> 
     </span>
    </p>
   </div>
   <div class='ocr_carea' id='block_1_74' title="bbox 2320 2346 3910 2418">
    <p class='ocr_par' dir='ltr' id='par_1_74' title="bbox 2320 2346 3910 2418">
     <span class='ocr_line' id='line_1_74' title="bbox 2320 2346 3910 2418; baseline -0.001 -16"><span class='ocrx_word' id='word_1_524' title='bbox 2320 2348 2674 2414; x_wconf 88' lang='lat' dir='ltr'><strong>alacritatem,</strong></span> <span class='ocrx_word' id='word_1_525' title='bbox 2702 2361 3023 2418; x_wconf 88' lang='lat' dir='ltr'><strong>generosum</strong></span> <span class='ocrx_word' id='word_1_526' title='bbox 3067 2346 3328 2412; x_wconf 90' lang='lat' dir='ltr'><strong>animum,</strong></span> <span class='ocrx_word' id='word_1_527' title='bbox 3376 2346 3727 2411; x_wconf 86' lang='lat' dir='ltr'><strong>voluntatem,</strong></span> <span class='ocrx_word' id='word_1_528' title='bbox 3786 2360 3910 2416; x_wconf 89' lang='lat' dir='ltr'><strong>pro-</strong></span> 
     </span>
    </p>
   </div>
   <div class='ocr_carea' id='block_1_75' title="bbox 2322 2437 3910 2510">
    <p class='ocr_par' dir='ltr' id='par_1_75' title="bbox 2322 2437 3910 2510">
     <span class='ocr_line' id='line_1_75' title="bbox 2322 2437 3910 2510; baseline 0.001 -17"><span class='ocrx_word' id='word_1_529' title='bbox 2322 2440 2575 2510; x_wconf 85' lang='lat' dir='ltr'><strong>positum,</strong></span> <span class='ocrx_word' id='word_1_530' title='bbox 2601 2438 3020 2504; x_wconf 86' lang='lat' dir='ltr'><strong>festinationem,</strong></span> <span class='ocrx_word' id='word_1_531' title='bbox 3063 2440 3346 2505; x_wconf 87' lang='lat' dir='ltr'><strong>ardorem;</strong></span> <span class='ocrx_word' id='word_1_532' title='bbox 3400 2453 3592 2493; x_wconf 88' lang='lat' dir='ltr'><strong>eorum</strong></span> <span class='ocrx_word' id='word_1_533' title='bbox 3614 2452 3745 2493; x_wconf 89' lang='lat' dir='ltr'><strong>vero</strong></span> <span class='ocrx_word' id='word_1_534' title='bbox 3789 2437 3910 2494; x_wconf 74' lang='lat' dir='ltr'><strong>ﬁnis</strong></span> 
     </span>
    </p>
   </div>
   <div class='ocr_carea' id='block_1_76' title="bbox 2325 2528 3911 2601">
    <p class='ocr_par' dir='ltr' id='par_1_76' title="bbox 2325 2528 3911 2601">
     <span class='ocr_line' id='line_1_76' title="bbox 2325 2528 3911 2601; baseline -0.003 -14"><span class='ocrx_word' id='word_1_535' title='bbox 2325 2532 2418 2587; x_wconf 84' lang='lat' dir='ltr'><strong>Dei</strong></span> <span class='ocrx_word' id='word_1_536' title='bbox 2444 2546 2545 2601; x_wconf 89' lang='lat' dir='ltr'><strong>ope</strong></span> <span class='ocrx_word' id='word_1_537' title='bbox 2568 2541 2623 2586; x_wconf 89' lang='lat' dir='ltr'><strong>et</strong></span> <span class='ocrx_word' id='word_1_538' title='bbox 2668 2545 2897 2600; x_wconf 87' lang='lat' dir='ltr'><strong>superna</strong></span> <span class='ocrx_word' id='word_1_539' title='bbox 2945 2528 3319 2585; x_wconf 85' lang='lat' dir='ltr'><strong>benevolentia</strong></span> <span class='ocrx_word' id='word_1_540' title='bbox 3363 2538 3621 2599; x_wconf 85' lang='lat' dir='ltr'><strong>sequutus</strong></span> <span class='ocrx_word' id='word_1_541' title='bbox 3663 2536 3788 2584; x_wconf 89' lang='lat' dir='ltr'><strong>est:</strong></span> <span class='ocrx_word' id='word_1_542' title='bbox 3840 2529 3911 2583; x_wconf 82' lang='lat' dir='ltr'><strong>ita</strong></span> 
     </span>
    </p>
   </div>
   <div class='ocr_carea' id='block_1_77' title="bbox 2326 2620 3909 2691">
    <p class='ocr_par' dir='ltr' id='par_1_77' title="bbox 2326 2620 3909 2691">
     <span class='ocr_line' id='line_1_77' title="bbox 2326 2620 3909 2691; baseline -0.003 -13"><span class='ocrx_word' id='word_1_543' title='bbox 2326 2633 2384 2679; x_wconf 86' lang='lat' dir='ltr'><strong>ut</strong></span> <span class='ocrx_word' id='word_1_544' title='bbox 2410 2622 2555 2677; x_wconf 88' lang='lat' dir='ltr'><strong>illam</strong></span> <span class='ocrx_word' id='word_1_545' title='bbox 2578 2632 2634 2678; x_wconf 89' lang='lat' dir='ltr'><strong>et</strong></span> <span class='ocrx_word' id='word_1_546' title='bbox 2654 2621 2911 2677; x_wconf 87' lang='lat' dir='ltr'><strong>admirari</strong></span> <span class='ocrx_word' id='word_1_547' title='bbox 2934 2629 2990 2676; x_wconf 93' lang='lat' dir='ltr'><strong>et</strong></span> <span class='ocrx_word' id='word_1_548' title='bbox 3017 2622 3227 2691; x_wconf 80' lang='lat' dir='ltr'><strong>beatam</strong></span> <span class='ocrx_word' id='word_1_549' title='bbox 3250 2620 3545 2691; x_wconf 63' lang='lat' dir='ltr'><strong>pradicare</strong></span> <span class='ocrx_word' id='word_1_550' title='bbox 3578 2620 3909 2685; x_wconf 79' lang='lat' dir='ltr'><strong>debeamus;</strong></span> 
     </span>
    </p>
   </div>
   <div class='ocr_carea' id='block_1_78' title="bbox 2325 2689 3914 2783">
    <p class='ocr_par' dir='ltr' id='par_1_78' title="bbox 2325 2689 3914 2783">
     <span class='ocr_line' id='line_1_78' title="bbox 2325 2689 3914 2783; baseline -0.004 -12"><span class='ocrx_word' id='word_1_551' title='bbox 2325 2713 2536 2771; x_wconf 82' lang='lat' dir='ltr'><strong>beatam</strong></span> <span class='ocrx_word' id='word_1_552' title='bbox 2562 2712 2850 2783; x_wconf 67' lang='lat' dir='ltr'><strong>prmdicare</strong></span> <span class='ocrx_word' id='word_1_553' title='bbox 2879 2713 2948 2768; x_wconf 91' lang='lat' dir='ltr'><strong>ob</strong></span> <span class='ocrx_word' id='word_1_554' title='bbox 2967 2689 3337 2769; x_wconf 75' lang='lat' dir='ltr'><strong>commilitium</strong></span> <span class='ocrx_word' id='word_1_555' title='bbox 3372 2711 3491 2779; x_wconf 89' lang='lat' dir='ltr'><strong>Dei,</strong></span> <span class='ocrx_word' id='word_1_556' title='bbox 3517 2710 3795 2777; x_wconf 74' lang='lat' dir='ltr'><strong>admirari,</strong></span> <span class='ocrx_word' id='word_1_557' title='bbox 3843 2712 3914 2766; x_wconf 85' lang='lat' dir='ltr'><strong>ob</strong></span> 
     </span>
    </p>
   </div>
   <div class='ocr_carea' id='block_1_79' title="bbox 2327 2803 3915 2877">
    <p class='ocr_par' dir='ltr' id='par_1_79' title="bbox 2327 2803 3915 2877">
     <span class='ocr_line' id='line_1_79' title="bbox 2327 2803 3915 2877; baseline -0.001 -16"><span class='ocrx_word' id='word_1_558' title='bbox 2327 2806 2599 2877; x_wconf 88' lang='lat' dir='ltr'><strong>propriam</strong></span> <span class='ocrx_word' id='word_1_559' title='bbox 2621 2804 2784 2873; x_wconf 77' lang='lat' dir='ltr'><strong>animi</strong></span> <span class='ocrx_word' id='word_1_560' title='bbox 2840 2805 3193 2861; x_wconf 88' lang='lat' dir='ltr'><strong>alacritatem.</strong></span> <span class='ocrx_word' id='word_1_561' title='bbox 3249 2803 3382 2873; x_wconf 89' lang='lat' dir='ltr'><strong>Quis</strong></span> <span class='ocrx_word' id='word_1_562' title='bbox 3436 2804 3580 2860; x_wconf 90' lang='lat' dir='ltr'><strong>enim</strong></span> <span class='ocrx_word' id='word_1_563' title='bbox 3632 2818 3741 2859; x_wconf 87' lang='lat' dir='ltr'><strong>non</strong></span> <span class='ocrx_word' id='word_1_564' title='bbox 3794 2805 3915 2873; x_wconf 77' lang='lat' dir='ltr'><strong>jure</strong></span> 
     </span>
    </p>
   </div>
   <div class='ocr_carea' id='block_1_80' title="bbox 2327 2894 3919 2973">
    <p class='ocr_par' dir='ltr' id='par_1_80' title="bbox 2327 2894 3919 2973">
     <span class='ocr_line' id='line_1_80' title="bbox 2327 2894 3919 2973; baseline -0.003 -20"><span class='ocrx_word' id='word_1_565' title='bbox 2327 2900 2669 2967; x_wconf 82' lang='lat' dir='ltr'><strong>Obstupescat</strong></span> <span class='ocrx_word' id='word_1_566' title='bbox 2692 2896 2918 2973; x_wconf 88' lang='lat' dir='ltr'><strong>audiens</strong></span> <span class='ocrx_word' id='word_1_567' title='bbox 2948 2896 3089 2952; x_wconf 87' lang='lat' dir='ltr'><strong>illam</strong></span> <span class='ocrx_word' id='word_1_568' title='bbox 3118 2894 3376 2967; x_wconf 87' lang='lat' dir='ltr'><strong>temporis</strong></span> <span class='ocrx_word' id='word_1_569' title='bbox 3435 2904 3711 2950; x_wconf 87' lang='lat' dir='ltr'><strong>momento</strong></span> <span class='ocrx_word' id='word_1_570' title='bbox 3739 2895 3919 2950; x_wconf 76' lang='lat' dir='ltr'><strong>consi-</strong></span> 
     </span>
    </p>
   </div>
   <div class='ocr_carea' id='block_1_81' title="bbox 2330 2983 3912 3051">
    <p class='ocr_par' dir='ltr' id='par_1_81' title="bbox 2330 2983 3912 3051">
     <span class='ocr_line' id='line_1_81' title="bbox 2330 2983 3912 3051; baseline -0.003 -10"><span class='ocrx_word' id='word_1_571' title='bbox 2330 2988 2458 3041; x_wconf 92' lang='lat' dir='ltr'><strong>lium</strong></span> <span class='ocrx_word' id='word_1_572' title='bbox 2506 2987 2707 3051; x_wconf 87' lang='lat' dir='ltr'><strong>iniisse,</strong></span> <span class='ocrx_word' id='word_1_573' title='bbox 2754 2985 3103 3041; x_wconf 85' lang='lat' dir='ltr'><strong>confirmasse</strong></span> <span class='ocrx_word' id='word_1_574' title='bbox 3140 2992 3195 3041; x_wconf 91' lang='lat' dir='ltr'><strong>et</strong></span> <span class='ocrx_word' id='word_1_575' title='bbox 3233 2984 3302 3039; x_wconf 86' lang='lat' dir='ltr'><strong>ad</strong></span> <span class='ocrx_word' id='word_1_576' title='bbox 3352 2984 3552 3040; x_wconf 80' lang='lat' dir='ltr'><strong>exitum</strong></span> <span class='ocrx_word' id='word_1_577' title='bbox 3596 2983 3912 3040; x_wconf 73' lang='lat' dir='ltr'><strong>deduxisse?</strong></span> 
     </span>
    </p>
   </div>
   <div class='ocr_carea' id='block_1_82' title="bbox 2328 3073 3915 3146">
    <p class='ocr_par' dir='ltr' id='par_1_82' title="bbox 2328 3073 3915 3146">
     <span class='ocr_line' id='line_1_82' title="bbox 2328 3073 3915 3146; baseline -0.001 -15"><span class='ocrx_word' id='word_1_578' title='bbox 2328 3076 2508 3132; x_wconf 86' lang='lat' dir='ltr'><strong>Nostis</strong></span> <span class='ocrx_word' id='word_1_579' title='bbox 2529 3077 2728 3146; x_wconf 85' lang='lat' dir='ltr'><strong>quippe</strong></span> <span class='ocrx_word' id='word_1_580' title='bbox 2755 3090 2941 3131; x_wconf 89' lang='lat' dir='ltr'><strong>omnes</strong></span> <span class='ocrx_word' id='word_1_581' title='bbox 2962 3089 3107 3145; x_wconf 71' lang='lat' dir='ltr'><strong>saepe</strong></span> <span class='ocrx_word' id='word_1_582' title='bbox 3135 3074 3399 3141; x_wconf 87' lang='lat' dir='ltr'><strong>accidere,</strong></span> <span class='ocrx_word' id='word_1_583' title='bbox 3431 3083 3491 3130; x_wconf 93' lang='lat' dir='ltr'><strong>ut</strong></span> <span class='ocrx_word' id='word_1_584' title='bbox 3514 3089 3635 3145; x_wconf 57' lang='lat' dir='ltr'><strong>qua;</strong></span> <span class='ocrx_word' id='word_1_585' title='bbox 3659 3073 3753 3130; x_wconf 87' lang='lat' dir='ltr'><strong>diu</strong></span> <span class='ocrx_word' id='word_1_586' title='bbox 3799 3088 3915 3129; x_wconf 85' lang='lat' dir='ltr'><strong>me-</strong></span> 
     </span>
    </p>
   </div>
   <div class='ocr_carea' id='block_1_83' title="bbox 2331 3162 3921 3235">
    <p class='ocr_par' dir='ltr' id='par_1_83' title="bbox 2331 3162 3921 3235">
     <span class='ocr_line' id='line_1_83' title="bbox 2331 3162 3921 3235; baseline -0.001 -14"><span class='ocrx_word' id='word_1_587' title='bbox 2331 3166 2482 3221; x_wconf 89' lang='lat' dir='ltr'><strong>ditati</strong></span> <span class='ocrx_word' id='word_1_588' title='bbox 2513 3181 2719 3228; x_wconf 90' lang='lat' dir='ltr'><strong>sumus,</strong></span> <span class='ocrx_word' id='word_1_589' title='bbox 2748 3164 2978 3220; x_wconf 84' lang='lat' dir='ltr'><strong>instante</strong></span> <span class='ocrx_word' id='word_1_590' title='bbox 3002 3164 3257 3235; x_wconf 88' lang='lat' dir='ltr'><strong>temporis</strong></span> <span class='ocrx_word' id='word_1_591' title='bbox 3271 3164 3573 3233; x_wconf 89' lang='lat' dir='ltr'><strong>occasione,</strong></span> <span class='ocrx_word' id='word_1_592' title='bbox 3601 3162 3921 3235; x_wconf 73' lang='lat' dir='ltr'><strong>modicoque</strong></span> 
     </span>
    </p>
   </div>
   <div class='ocr_carea' id='block_1_84' title="bbox 2334 3254 3919 3322">
    <p class='ocr_par' dir='ltr' id='par_1_84' title="bbox 2334 3254 3919 3322">
     <span class='ocr_line' id='line_1_84' title="bbox 2334 3254 3919 3322; baseline -0.002 -11"><span class='ocrx_word' id='word_1_593' title='bbox 2334 3267 2568 3313; x_wconf 86' lang='lat' dir='ltr'><strong>mentem</strong></span> <span class='ocrx_word' id='word_1_594' title='bbox 2591 3256 2876 3311; x_wconf 90' lang='lat' dir='ltr'><strong>invadente</strong></span> <span class='ocrx_word' id='word_1_595' title='bbox 2905 3264 3071 3322; x_wconf 89' lang='lat' dir='ltr'><strong>metu,</strong></span> <span class='ocrx_word' id='word_1_596' title='bbox 3100 3255 3323 3310; x_wconf 87' lang='lat' dir='ltr'><strong>consilia</strong></span> <span class='ocrx_word' id='word_1_597' title='bbox 3353 3255 3532 3311; x_wconf 88' lang='lat' dir='ltr'><strong>omnia</strong></span> <span class='ocrx_word' id='word_1_598' title='bbox 3557 3255 3722 3309; x_wconf 84' lang='lat' dir='ltr'><strong>missa</strong></span> <span class='ocrx_word' id='word_1_599' title='bbox 3751 3254 3919 3309; x_wconf 83' lang='lat' dir='ltr'><strong>facia-</strong></span> 
     </span>
    </p>
   </div>
   <div class='ocr_carea' id='block_1_85' title="bbox 2336 3343 3923 3418">
    <p class='ocr_par' dir='ltr' id='par_1_85' title="bbox 2336 3343 3923 3418">
     <span class='ocr_line' id='line_1_85' title="bbox 2336 3343 3923 3418; baseline -0.004 -14"><span class='ocrx_word' id='word_1_600' title='bbox 2336 3364 2473 3413; x_wconf 90' lang='lat' dir='ltr'><strong>mus,</strong></span> <span class='ocrx_word' id='word_1_601' title='bbox 2502 3348 2741 3418; x_wconf 86' lang='lat' dir='ltr'><strong>angustia</strong></span> <span class='ocrx_word' id='word_1_602' title='bbox 2774 3345 3058 3400; x_wconf 85' lang='lat' dir='ltr'><strong>confestim</strong></span> <span class='ocrx_word' id='word_1_603' title='bbox 3086 3345 3348 3400; x_wconf 87' lang='lat' dir='ltr'><strong>deterriti.</strong></span> <span class='ocrx_word' id='word_1_604' title='bbox 3382 3345 3471 3399; x_wconf 85' lang='lat' dir='ltr'><strong>llla</strong></span> <span class='ocrx_word' id='word_1_605' title='bbox 3502 3360 3633 3400; x_wconf 88' lang='lat' dir='ltr'><strong>vero</strong></span> <span class='ocrx_word' id='word_1_606' title='bbox 3661 3353 3771 3399; x_wconf 88' lang='lat' dir='ltr'><strong>tam</strong></span> <span class='ocrx_word' id='word_1_607' title='bbox 3798 3343 3923 3398; x_wconf 76' lang='lat' dir='ltr'><strong>hor—</strong></span> 
     </span>
    </p>
   </div>
   <div class='ocr_carea' id='block_1_86' title="bbox 2335 3434 3923 3507">
    <p class='ocr_par' dir='ltr' id='par_1_86' title="bbox 2335 3434 3923 3507">
     <span class='ocr_line' id='line_1_86' title="bbox 2335 3434 3923 3507; baseline -0.003 -12"><span class='ocrx_word' id='word_1_608' title='bbox 2335 3439 2580 3503; x_wconf 91' lang='lat' dir='ltr'><strong>rendum,</strong></span> <span class='ocrx_word' id='word_1_609' title='bbox 2631 3447 2738 3491; x_wconf 88' lang='lat' dir='ltr'><strong>tam</strong></span> <span class='ocrx_word' id='word_1_610' title='bbox 2780 3436 3119 3491; x_wconf 88' lang='lat' dir='ltr'><strong>formidabile</strong></span> <span class='ocrx_word' id='word_1_611' title='bbox 3170 3436 3451 3492; x_wconf 86' lang='lat' dir='ltr'><strong>consilium</strong></span> <span class='ocrx_word' id='word_1_612' title='bbox 3504 3452 3612 3490; x_wconf 86' lang='lat' dir='ltr'><strong>uno</strong></span> <span class='ocrx_word' id='word_1_613' title='bbox 3663 3434 3923 3507; x_wconf 83' lang='lat' dir='ltr'><strong>temporis</strong></span> 
     </span>
    </p>
   </div>
   <div class='ocr_carea' id='block_1_87' title="bbox 2337 3524 3919 3596">
    <p class='ocr_par' dir='ltr' id='par_1_87' title="bbox 2337 3524 3919 3596">
     <span class='ocr_line' id='line_1_87' title="bbox 2337 3524 3919 3596; baseline -0.006 -12"><span class='ocrx_word' id='word_1_614' title='bbox 2337 3538 2607 3584; x_wconf 87' lang='lat' dir='ltr'><strong>momento</strong></span> <span class='ocrx_word' id='word_1_615' title='bbox 2622 3527 2912 3596; x_wconf 87' lang='lat' dir='ltr'><strong>suscipere,</strong></span> <span class='ocrx_word' id='word_1_616' title='bbox 2930 3525 3244 3592; x_wconf 84' lang='lat' dir='ltr'><strong>decernere,</strong></span> <span class='ocrx_word' id='word_1_617' title='bbox 3263 3540 3427 3596; x_wconf 90' lang='lat' dir='ltr'><strong>opere</strong></span> <span class='ocrx_word' id='word_1_618' title='bbox 3444 3525 3701 3595; x_wconf 86' lang='lat' dir='ltr'><strong>perficere</strong></span> <span class='ocrx_word' id='word_1_619' title='bbox 3717 3524 3888 3596; x_wconf 89' lang='lat' dir='ltr'><strong>potuit</strong></span> <span class='ocrx_word' id='word_1_620' title='bbox 3906 3537 3919 3574; x_wconf 93' lang='lat'>:</span> 
     </span>
    </p>
   </div>
   <div class='ocr_carea' id='block_1_88' title="bbox 2339 3616 3923 3690">
    <p class='ocr_par' dir='ltr' id='par_1_88' title="bbox 2339 3616 3923 3690">
     <span class='ocr_line' id='line_1_88' title="bbox 2339 3616 3923 3690; baseline -0.002 -16"><span class='ocrx_word' id='word_1_621' title='bbox 2339 3635 2444 3674; x_wconf 91' lang='lat' dir='ltr'><strong>non</strong></span> <span class='ocrx_word' id='word_1_622' title='bbox 2471 3618 2815 3690; x_wconf 67' lang='lat' dir='ltr'><strong>praesentium</strong></span> <span class='ocrx_word' id='word_1_623' title='bbox 2862 3629 3055 3682; x_wconf 87' lang='lat' dir='ltr'><strong>terror,</strong></span> <span class='ocrx_word' id='word_1_624' title='bbox 3092 3616 3478 3672; x_wconf 65' lang='lat' dir='ltr'><strong>nowceleritas</strong></span> <span class='ocrx_word' id='word_1_625' title='bbox 3509 3616 3788 3686; x_wconf 81' lang='lat' dir='ltr'><strong>temporis,</strong></span> <span class='ocrx_word' id='word_1_626' title='bbox 3817 3631 3923 3672; x_wconf 80' lang='lat' dir='ltr'><strong>non</strong></span> 
     </span>
    </p>
   </div>
   <div class='ocr_carea' id='block_1_89' title="bbox 2338 3708 3925 3784">
    <p class='ocr_par' dir='ltr' id='par_1_89' title="bbox 2338 3708 3925 3784">
     <span class='ocr_line' id='line_1_89' title="bbox 2338 3708 3925 3784; baseline -0.003 -16"><span class='ocrx_word' id='word_1_627' title='bbox 2338 3712 2569 3769; x_wconf 89' lang='lat' dir='ltr'><strong>solitudo</strong></span> <span class='ocrx_word' id='word_1_628' title='bbox 2594 3713 2733 3766; x_wconf 91' lang='lat' dir='ltr'><strong>inter</strong></span> <span class='ocrx_word' id='word_1_629' title='bbox 2761 3709 3001 3777; x_wconf 88' lang='lat' dir='ltr'><strong>insidias,</strong></span> <span class='ocrx_word' id='word_1_630' title='bbox 3028 3725 3135 3765; x_wconf 91' lang='lat' dir='ltr'><strong>non</strong></span> <span class='ocrx_word' id='word_1_631' title='bbox 3162 3709 3304 3780; x_wconf 90' lang='lat' dir='ltr'><strong>quod</strong></span> <span class='ocrx_word' id='word_1_632' title='bbox 3323 3709 3438 3763; x_wconf 82' lang='lat' dir='ltr'><strong>sola</strong></span> <span class='ocrx_word' id='word_1_633' title='bbox 3467 3708 3610 3784; x_wconf 80' lang='lat' dir='ltr'><strong>intus</strong></span> <span class='ocrx_word' id='word_1_634' title='bbox 3628 3718 3796 3775; x_wconf 88' lang='lat' dir='ltr'><strong>esset,</strong></span> <span class='ocrx_word' id='word_1_635' title='bbox 3820 3723 3925 3763; x_wconf 89' lang='lat' dir='ltr'><strong>non</strong></span> 
     </span>
    </p>
   </div>
   <div class='ocr_carea' id='block_1_90' title="bbox 2338 3798 3927 3879">
    <p class='ocr_par' dir='ltr' id='par_1_90' title="bbox 2338 3798 3927 3879">
     <span class='ocr_line' id='line_1_90' title="bbox 2338 3798 3927 3879; baseline -0.005 -17"><span class='ocrx_word' id='word_1_636' title='bbox 2338 3806 2481 3863; x_wconf 90' lang='lat' dir='ltr'><strong>aliud</strong></span> <span class='ocrx_word' id='word_1_637' title='bbox 2504 3804 2773 3879; x_wconf 88' lang='lat' dir='ltr'><strong>quidpiam</strong></span> <span class='ocrx_word' id='word_1_638' title='bbox 2803 3802 3105 3875; x_wconf 89' lang='lat' dir='ltr'><strong>hujusmodi</strong></span> <span class='ocrx_word' id='word_1_639' title='bbox 3132 3801 3343 3857; x_wconf 86' lang='lat' dir='ltr'><strong>beatam</strong></span> <span class='ocrx_word' id='word_1_640' title='bbox 3367 3801 3509 3855; x_wconf 88' lang='lat' dir='ltr'><strong>illam</strong></span> <span class='ocrx_word' id='word_1_641' title='bbox 3541 3798 3804 3868; x_wconf 66' lang='lat' dir='ltr'><strong>turbavit;</strong></span> <span class='ocrx_word' id='word_1_642' title='bbox 3832 3799 3927 3855; x_wconf 90' lang='lat' dir='ltr'><strong>sed</strong></span> 
     </span>
    </p>
   </div>
   <div class='ocr_carea' id='block_1_91' title="bbox 2340 3891 3931 3971">
    <p class='ocr_par' dir='ltr' id='par_1_91' title="bbox 2340 3891 3931 3971">
     <span class='ocr_line' id='line_1_91' title="bbox 2340 3891 3931 3971; baseline -0.004 -18"><span class='ocrx_word' id='word_1_643' title='bbox 2340 3900 2492 3971; x_wconf 89' lang='lat' dir='ltr'><strong>quasi</strong></span> <span class='ocrx_word' id='word_1_644' title='bbox 2521 3896 2874 3968; x_wconf 64' lang='lat' dir='ltr'><strong>praesentibus</strong></span> <span class='ocrx_word' id='word_1_645' title='bbox 2893 3895 3080 3950; x_wconf 89' lang='lat' dir='ltr'><strong>amicis</strong></span> <span class='ocrx_word' id='word_1_646' title='bbox 3125 3902 3180 3949; x_wconf 89' lang='lat' dir='ltr'><strong>et</strong></span> <span class='ocrx_word' id='word_1_647' title='bbox 3215 3893 3380 3959; x_wconf 90' lang='lat' dir='ltr'><strong>notis,</strong></span> <span class='ocrx_word' id='word_1_648' title='bbox 3422 3893 3501 3948; x_wconf 89' lang='lat' dir='ltr'><strong>sic</strong></span> <span class='ocrx_word' id='word_1_649' title='bbox 3524 3907 3647 3948; x_wconf 90' lang='lat' dir='ltr'><strong>cum</strong></span> <span class='ocrx_word' id='word_1_650' title='bbox 3679 3891 3931 3947; x_wconf 84' lang='lat' dir='ltr'><strong>libertate</strong></span> 
     </span>
    </p>
   </div>
   <div class='ocr_carea' id='block_1_92' title="bbox 2342 3980 3930 4055">
    <p class='ocr_par' dir='ltr' id='par_1_92' title="bbox 2342 3980 3930 4055">
     <span class='ocr_line' id='line_1_92' title="bbox 2342 3980 3930 4055; baseline -0.004 -12"><span class='ocrx_word' id='word_1_651' title='bbox 2342 3990 2518 4044; x_wconf 88' lang='lat' dir='ltr'><strong>omnia</strong></span> <span class='ocrx_word' id='word_1_652' title='bbox 2550 3987 2711 4051; x_wconf 89' lang='lat' dir='ltr'><strong>fecit;</strong></span> <span class='ocrx_word' id='word_1_653' title='bbox 2744 4000 2807 4041; x_wconf 87' lang='lat' dir='ltr'><strong>ac</strong></span> <span class='ocrx_word' id='word_1_654' title='bbox 2825 3980 2946 4055; x_wconf 89' lang='lat' dir='ltr'><strong>jure</strong></span> <span class='ocrx_word' id='word_1_655' title='bbox 2964 3984 3178 4055; x_wconf 90' lang='lat' dir='ltr'><strong>quidem</strong></span> <span class='ocrx_word' id='word_1_656' title='bbox 3210 3984 3425 4038; x_wconf 90' lang='lat' dir='ltr'><strong>merito.</strong></span> <span class='ocrx_word' id='word_1_657' title='bbox 3456 3982 3574 4037; x_wconf 91' lang='lat' dir='ltr'><strong>Non</strong></span> <span class='ocrx_word' id='word_1_658' title='bbox 3623 3984 3769 4037; x_wconf 87' lang='lat' dir='ltr'><strong>enim</strong></span> <span class='ocrx_word' id='word_1_659' title='bbox 3815 3981 3930 4037; x_wconf 87' lang='lat' dir='ltr'><strong>sola</strong></span> 
     </span>
    </p>
   </div>
   <div class='ocr_carea' id='block_1_93' title="bbox 2346 4073 3933 4143">
    <p class='ocr_par' dir='ltr' id='par_1_93' title="bbox 2346 4073 3933 4143">
     <span class='ocr_line' id='line_1_93' title="bbox 2346 4073 3933 4143; baseline -0.004 -8"><span class='ocrx_word' id='word_1_660' title='bbox 2346 4080 2487 4135; x_wconf 86' lang='lat' dir='ltr'><strong>intus</strong></span> <span class='ocrx_word' id='word_1_661' title='bbox 2512 4088 2647 4143; x_wconf 89' lang='lat' dir='ltr'><strong>erat,</strong></span> <span class='ocrx_word' id='word_1_662' title='bbox 2678 4077 2772 4132; x_wconf 90' lang='lat' dir='ltr'><strong>sed</strong></span> <span class='ocrx_word' id='word_1_663' title='bbox 2797 4077 2978 4132; x_wconf 82' lang='lat' dir='ltr'><strong>Jesum</strong></span> <span class='ocrx_word' id='word_1_664' title='bbox 3000 4075 3230 4131; x_wconf 82' lang='lat' dir='ltr'><strong>habebat</strong></span> <span class='ocrx_word' id='word_1_665' title='bbox 3252 4074 3615 4129; x_wconf 87' lang='lat' dir='ltr'><strong>consiliarium</strong></span> <span class='ocrx_word' id='word_1_666' title='bbox 3647 4093 3661 4129; x_wconf 88' lang='lat'><strong>:</strong></span> <span class='ocrx_word' id='word_1_667' title='bbox 3694 4075 3808 4143; x_wconf 88' lang='lat' dir='ltr'><strong>ipse</strong></span> <span class='ocrx_word' id='word_1_668' title='bbox 3836 4073 3933 4129; x_wconf 87' lang='lat' dir='ltr'><strong>ad-</strong></span> 
     </span>
    </p>
   </div>
   <div class='ocr_carea' id='block_1_94' title="bbox 2347 4164 3933 4240">
    <p class='ocr_par' dir='ltr' id='par_1_94' title="bbox 2347 4164 3933 4240">
     <span class='ocr_line' id='line_1_94' title="bbox 2347 4164 3933 4240; baseline -0.007 -11"><span class='ocrx_word' id='word_1_669' title='bbox 2347 4183 2482 4239; x_wconf 87' lang='lat' dir='ltr'><strong>erat,</strong></span> <span class='ocrx_word' id='word_1_670' title='bbox 2514 4174 2631 4240; x_wconf 87' lang='lat' dir='ltr'><strong>ipse</strong></span> <span class='ocrx_word' id='word_1_671' title='bbox 2656 4186 2751 4239; x_wconf 82' lang='lat' dir='ltr'><strong>cor</strong></span> <span class='ocrx_word' id='word_1_672' title='bbox 2775 4168 2890 4240; x_wconf 88' lang='lat' dir='ltr'><strong>ejus</strong></span> <span class='ocrx_word' id='word_1_673' title='bbox 2922 4167 3193 4239; x_wconf 78' lang='lat' dir='ltr'><strong>tangebat,</strong></span> <span class='ocrx_word' id='word_1_674' title='bbox 3220 4167 3335 4238; x_wconf 88' lang='lat' dir='ltr'><strong>ipse</strong></span> <span class='ocrx_word' id='word_1_675' title='bbox 3376 4168 3612 4220; x_wconf 89' lang='lat' dir='ltr'><strong>animum</strong></span> <span class='ocrx_word' id='word_1_676' title='bbox 3641 4164 3933 4221; x_wconf 49' lang='lat' dir='ltr'><strong>confirma-</strong></span> 
     </span>
    </p>
   </div>
   <div class='ocr_carea' id='block_1_95' title="bbox 2347 4256 3933 4334">
    <p class='ocr_par' dir='ltr' id='par_1_95' title="bbox 2347 4256 3933 4334">
     <span class='ocr_line' id='line_1_95' title="bbox 2347 4256 3933 4334; baseline -0.007 -14"><span class='ocrx_word' id='word_1_677' title='bbox 2347 4267 2462 4332; x_wconf 89' lang='lat' dir='ltr'><strong>bat,</strong></span> <span class='ocrx_word' id='word_1_678' title='bbox 2492 4265 2607 4334; x_wconf 88' lang='lat' dir='ltr'><strong>ipse</strong></span> <span class='ocrx_word' id='word_1_679' title='bbox 2632 4271 2832 4317; x_wconf 73' lang='lat' dir='ltr'><strong>mt-tum</strong></span> <span class='ocrx_word' id='word_1_680' title='bbox 2859 4259 3110 4331; x_wconf 88' lang='lat' dir='ltr'><strong>pellebat.</strong></span> <span class='ocrx_word' id='word_1_681' title='bbox 3137 4257 3270 4313; x_wconf 86' lang='lat' dir='ltr'><strong>Illud</strong></span> <span class='ocrx_word' id='word_1_682' title='bbox 3297 4267 3474 4312; x_wconf 89' lang='lat' dir='ltr'><strong>autem</strong></span> <span class='ocrx_word' id='word_1_683' title='bbox 3502 4271 3607 4311; x_wconf 90' lang='lat' dir='ltr'><strong>non</strong></span> <span class='ocrx_word' id='word_1_684' title='bbox 3637 4256 3755 4311; x_wconf 89' lang='lat' dir='ltr'><strong>sine</strong></span> <span class='ocrx_word' id='word_1_685' title='bbox 3774 4269 3933 4310; x_wconf 79' lang='lat' dir='ltr'><strong>causa</strong></span> 
     </span>
    </p>
   </div>
   <div class='ocr_carea' id='block_1_96' title="bbox 2350 4346 3935 4422">
    <p class='ocr_par' dir='ltr' id='par_1_96' title="bbox 2350 4346 3935 4422">
     <span class='ocr_line' id='line_1_96' title="bbox 2350 4346 3935 4422; baseline -0.006 -12"><span class='ocrx_word' id='word_1_686' title='bbox 2350 4354 2600 4421; x_wconf 86' lang='lat' dir='ltr'><strong>faciebat,</strong></span> <span class='ocrx_word' id='word_1_687' title='bbox 2626 4352 2721 4408; x_wconf 87' lang='lat' dir='ltr'><strong>sed</strong></span> <span class='ocrx_word' id='word_1_688' title='bbox 2752 4352 2872 4422; x_wconf 89' lang='lat' dir='ltr'><strong>quia</strong></span> <span class='ocrx_word' id='word_1_689' title='bbox 2897 4350 3009 4421; x_wconf 88' lang='lat' dir='ltr'><strong>ipsa</strong></span> <span class='ocrx_word' id='word_1_690' title='bbox 3038 4356 3243 4420; x_wconf 86' lang='lat' dir='ltr'><strong>martyr</strong></span> <span class='ocrx_word' id='word_1_691' title='bbox 3265 4360 3328 4403; x_wconf 87' lang='lat' dir='ltr'><strong>se</strong></span> <span class='ocrx_word' id='word_1_692' title='bbox 3364 4356 3521 4402; x_wconf 86' lang='lat' dir='ltr'><strong>antea</strong></span> <span class='ocrx_word' id='word_1_693' title='bbox 3573 4347 3791 4417; x_wconf 82' lang='lat' dir='ltr'><strong>dignam</strong></span> <span class='ocrx_word' id='word_1_694' title='bbox 3820 4346 3935 4416; x_wconf 83' lang='lat' dir='ltr'><strong>ejus</strong></span> 
     </span>
    </p>
   </div>
   <div class='ocr_carea' id='block_1_97' title="bbox 2349 4446 2868 4515">
    <p class='ocr_par' dir='ltr' id='par_1_97' title="bbox 2349 4446 2868 4515">
     <span class='ocr_line' id='line_1_97' title="bbox 2349 4446 2868 4515; baseline -0.013 -12"><span class='ocrx_word' id='word_1_695' title='bbox 2349 4448 2530 4503; x_wconf 80' lang='lat' dir='ltr'><strong>auxilii</strong></span> <span class='ocrx_word' id='word_1_696' title='bbox 2551 4446 2868 4515; x_wconf 54' lang='lat' dir='ltr'><strong>pra‘buerat.</strong></span> 
     </span>
    </p>
   </div>
   <div class='ocr_carea' id='block_1_98' title="bbox 2420 4526 3937 4609">
    <p class='ocr_par' dir='ltr' id='par_1_98' title="bbox 2420 4526 3937 4609">
     <span class='ocr_line' id='line_1_98' title="bbox 2420 4526 3937 4609; baseline -0.007 -16"><span class='ocrx_word' id='word_1_697' title='bbox 2420 4539 2476 4593; x_wconf 73' lang='grc'><strong>2.</strong></span> <span class='ocrx_word' id='word_1_698' title='bbox 2504 4539 2726 4609; x_wconf 84' lang='lat' dir='ltr'><strong>Egressa</strong></span> <span class='ocrx_word' id='word_1_699' title='bbox 2769 4536 2945 4605; x_wconf 83' lang='lat' dir='ltr'><strong>itaque</strong></span> <span class='ocrx_word' id='word_1_700' title='bbox 2969 4547 2999 4587; x_wconf 89' lang='lat' dir='ltr'><strong>a</strong></span> <span class='ocrx_word' id='word_1_701' title='bbox 3029 4529 3295 4586; x_wconf 88' lang='lat' dir='ltr'><strong>militibus</strong></span> <span class='ocrx_word' id='word_1_702' title='bbox 3325 4528 3499 4600; x_wconf 88' lang='lat' dir='ltr'><strong>petiit,</strong></span> <span class='ocrx_word' id='word_1_703' title='bbox 3530 4535 3591 4583; x_wconf 89' lang='lat' dir='ltr'><strong>ut</strong></span> <span class='ocrx_word' id='word_1_704' title='bbox 3618 4526 3719 4582; x_wconf 90' lang='lat' dir='ltr'><strong>sibi</strong></span> <span class='ocrx_word' id='word_1_705' title='bbox 3745 4527 3937 4583; x_wconf 84' lang='lat' dir='ltr'><strong>liceret</strong></span> 
     </span>
    </p>
   </div>
   <div class='ocr_carea' id='block_1_99' title="bbox 2353 4616 3937 4703">
    <p class='ocr_par' dir='ltr' id='par_1_99' title="bbox 2353 4616 3937 4703">
     <span class='ocr_line' id='line_1_99' title="bbox 2353 4616 3937 4703; baseline -0.01 -16"><span class='ocrx_word' id='word_1_706' title='bbox 2353 4630 2557 4703; x_wconf 84' lang='lat' dir='ltr'><strong>ingredi</strong></span> <span class='ocrx_word' id='word_1_707' title='bbox 2585 4637 2639 4684; x_wconf 88' lang='lat' dir='ltr'><strong>et</strong></span> <span class='ocrx_word' id='word_1_708' title='bbox 2663 4636 2867 4682; x_wconf 84' lang='lat' dir='ltr'><strong>vestem</strong></span> <span class='ocrx_word' id='word_1_709' title='bbox 2902 4631 3111 4680; x_wconf 80' lang='lat' dir='ltr'><strong>mutare</strong></span> <span class='ocrx_word' id='word_1_710' title='bbox 3142 4640 3157 4677; x_wconf 90' lang='lat'><strong>:</strong></span> <span class='ocrx_word' id='word_1_711' title='bbox 3183 4629 3343 4692; x_wconf 86' lang='lat' dir='ltr'><strong>atque</strong></span> <span class='ocrx_word' id='word_1_712' title='bbox 3370 4620 3606 4691; x_wconf 87' lang='lat' dir='ltr'><strong>ingressa</strong></span> <span class='ocrx_word' id='word_1_713' title='bbox 3642 4616 3815 4672; x_wconf 91' lang='lat' dir='ltr'><strong>induit</strong></span> <span class='ocrx_word' id='word_1_714' title='bbox 3852 4617 3937 4672; x_wconf 85' lang='lat' dir='ltr'><strong>in-</strong></span> 
     </span>
    </p>
   </div>
   <div class='ocr_carea' id='block_1_100' title="bbox 2341 4709 3956 4790">
    <p class='ocr_par' dir='ltr' id='par_1_100' title="bbox 2341 4709 3956 4790">
     <span class='ocr_line' id='line_1_100' title="bbox 2341 4709 3956 4790; baseline -0.01 -11"><span class='ocrx_word' id='word_1_715' title='bbox 2341 4720 2750 4790; x_wconf 78' lang='lat' dir='ltr'><strong>corruptionem</strong></span> <span class='ocrx_word' id='word_1_716' title='bbox 2799 4731 2898 4787; x_wconf 88' lang='lat' dir='ltr'><strong>pro</strong></span> <span class='ocrx_word' id='word_1_717' title='bbox 2937 4712 3302 4783; x_wconf 88' lang='lat' dir='ltr'><strong>corruptione,</strong></span> <span class='ocrx_word' id='word_1_718' title='bbox 3351 4709 3805 4766; x_wconf 85' lang='lat' dir='ltr'><strong>immortalitatem</strong></span> <span class='ocrx_word' id='word_1_719' title='bbox 3847 4723 3956 4778; x_wconf 76' lang='lat' dir='ltr'><strong>pro,</strong></span> 
     </span>
    </p>
   </div>
   <div class='ocr_carea' id='block_1_101' title="bbox 2354 4800 3940 4880">
    <p class='ocr_par' dir='ltr' id='par_1_101' title="bbox 2354 4800 3940 4880">
     <span class='ocr_line' id='line_1_101' title="bbox 2354 4800 3940 4880; baseline -0.011 -7"><span class='ocrx_word' id='word_1_720' title='bbox 2354 4825 2548 4880; x_wconf 90' lang='lat' dir='ltr'><strong>morte,</strong></span> <span class='ocrx_word' id='word_1_721' title='bbox 2604 4813 2766 4867; x_wconf 86' lang='lat' dir='ltr'><strong>vitam</strong></span> <span class='ocrx_word' id='word_1_722' title='bbox 2818 4806 3214 4865; x_wconf 87' lang='lat' dir='ltr'><strong>interminatam</strong></span> <span class='ocrx_word' id='word_1_723' title='bbox 3268 4820 3367 4877; x_wconf 90' lang='lat' dir='ltr'><strong>pro</strong></span> <span class='ocrx_word' id='word_1_724' title='bbox 3408 4814 3774 4873; x_wconf 85' lang='lat' dir='ltr'><strong>temporanea.</strong></span> <span class='ocrx_word' id='word_1_725' title='bbox 3826 4800 3940 4873; x_wconf 78' lang='lat' dir='ltr'><strong>Ego</strong></span> 
     </span>
    </p>
   </div>
   <div class='ocr_carea' id='block_1_102' title="bbox 2354 4891 3941 4977">
    <p class='ocr_par' dir='ltr' id='par_1_102' title="bbox 2354 4891 3941 4977">
     <span class='ocr_line' id='line_1_102' title="bbox 2354 4891 3941 4977; baseline -0.01 -16"><span class='ocrx_word' id='word_1_726' title='bbox 2354 4922 2484 4964; x_wconf 83' lang='lat' dir='ltr'><strong>vero</strong></span> <span class='ocrx_word' id='word_1_727' title='bbox 2510 4912 2706 4977; x_wconf 60' lang='lat' dir='ltr'><strong>praeter</strong></span> <span class='ocrx_word' id='word_1_728' title='bbox 2730 4917 2816 4967; x_wconf 89' lang='lat' dir='ltr'><strong>ea,</strong></span> <span class='ocrx_word' id='word_1_729' title='bbox 2844 4915 2961 4971; x_wconf 66' lang='lat' dir='ltr'><strong>quae</strong></span> <span class='ocrx_word' id='word_1_730' title='bbox 2980 4899 3119 4954; x_wconf 90' lang='lat' dir='ltr'><strong>dicta</strong></span> <span class='ocrx_word' id='word_1_731' title='bbox 3140 4904 3287 4960; x_wconf 84' lang='lat' dir='ltr'><strong>sunt,</strong></span> <span class='ocrx_word' id='word_1_732' title='bbox 3314 4905 3370 4951; x_wconf 89' lang='lat' dir='ltr'><strong>et</strong></span> <span class='ocrx_word' id='word_1_733' title='bbox 3394 4894 3497 4950; x_wconf 90' lang='lat' dir='ltr'><strong>hoc</strong></span> <span class='ocrx_word' id='word_1_734' title='bbox 3524 4891 3779 4958; x_wconf 90' lang='lat' dir='ltr'><strong>admiror,</strong></span> <span class='ocrx_word' id='word_1_735' title='bbox 3805 4906 3941 4964; x_wconf 87' lang='lat' dir='ltr'><strong>quo-</strong></span> 
     </span>
    </p>
   </div>
   <div class='ocr_carea' id='block_1_103' title="bbox 2358 4985 3943 5071">
    <p class='ocr_par' dir='ltr' id='par_1_103' title="bbox 2358 4985 3943 5071">
     <span class='ocr_line' id='line_1_103' title="bbox 2358 4985 3943 5071; baseline -0.011 -15"><span class='ocrx_word' id='word_1_736' title='bbox 2358 5000 2518 5057; x_wconf 89' lang='lat' dir='ltr'><strong>modo</strong></span> <span class='ocrx_word' id='word_1_737' title='bbox 2544 4998 2741 5071; x_wconf 84' lang='lat' dir='ltr'><strong>milites</strong></span> <span class='ocrx_word' id='word_1_738' title='bbox 2761 5009 2878 5048; x_wconf 90' lang='lat' dir='ltr'><strong>eam</strong></span> <span class='ocrx_word' id='word_1_739' title='bbox 2911 4992 2985 5048; x_wconf 93' lang='lat' dir='ltr'><strong>illi</strong></span> <span class='ocrx_word' id='word_1_740' title='bbox 3013 4989 3379 5047; x_wconf 79' lang='lat' dir='ltr'><strong>concesserint</strong></span> <span class='ocrx_word' id='word_1_741' title='bbox 3396 4987 3643 5058; x_wconf 82' lang='lat' dir='ltr'><strong>gratiam,</strong></span> <span class='ocrx_word' id='word_1_742' title='bbox 3670 4985 3943 5058; x_wconf 88' lang='lat' dir='ltr'><strong>quomodo</strong></span> 
     </span>
    </p>
   </div>
   <div class='ocr_carea' id='block_1_104' title="bbox 2359 5078 3991 5154">
    <p class='ocr_par' dir='ltr' id='par_1_104' title="bbox 2359 5078 3991 5154">
     <span class='ocr_line' id='line_1_104' title="bbox 2359 5078 3991 5154; baseline -0.011 -7"><span class='ocrx_word' id='word_1_743' title='bbox 2359 5091 2553 5148; x_wconf 89' lang='lat' dir='ltr'><strong>mulier</strong></span> <span class='ocrx_word' id='word_1_744' title='bbox 2576 5089 2720 5143; x_wconf 85' lang='lat' dir='ltr'><strong>viros</strong></span> <span class='ocrx_word' id='word_1_745' title='bbox 2756 5078 3359 5154; x_wconf 37' lang='lat' dir='ltr'><strong>deceperit,&gt;quomodo</strong></span> <span class='ocrx_word' id='word_1_746' title='bbox 3406 5078 3540 5133; x_wconf 86' lang='lat' dir='ltr'><strong>nihil</strong></span> <span class='ocrx_word' id='word_1_747' title='bbox 3585 5092 3797 5143; x_wconf 87' lang='lat' dir='ltr'><strong>eorum,</strong></span> <span class='ocrx_word' id='word_1_748' title='bbox 3828 5089 3947 5147; x_wconf 65' lang='lat' dir='ltr'><strong>qua:</strong></span> <span class='ocrx_word' id='word_1_749' title='bbox 3978 5104 3991 5113; x_wconf 87' lang='lat'><em>-</em></span> 
     </span>
    </p>
   </div>
   <div class='ocr_carea' id='block_1_105' title="bbox 2356 5166 3943 5243">
    <p class='ocr_par' dir='ltr' id='par_1_105' title="bbox 2356 5166 3943 5243">
     <span class='ocr_line' id='line_1_105' title="bbox 2356 5166 3943 5243; baseline -0.01 -5"><span class='ocrx_word' id='word_1_750' title='bbox 2356 5190 2613 5238; x_wconf 88' lang='lat' dir='ltr'><strong>eventura</strong></span> <span class='ocrx_word' id='word_1_751' title='bbox 2653 5187 2826 5238; x_wconf 88' lang='lat' dir='ltr'><strong>erant,</strong></span> <span class='ocrx_word' id='word_1_752' title='bbox 2866 5172 3117 5243; x_wconf 82' lang='lat' dir='ltr'><strong>suspicati</strong></span> <span class='ocrx_word' id='word_1_753' title='bbox 3150 5171 3279 5237; x_wconf 85' lang='lat' dir='ltr'><strong>sint,</strong></span> <span class='ocrx_word' id='word_1_754' title='bbox 3320 5167 3587 5240; x_wconf 89' lang='lat' dir='ltr'><strong>quomodo</strong></span> <span class='ocrx_word' id='word_1_755' title='bbox 3613 5166 3797 5222; x_wconf 86' lang='lat' dir='ltr'><strong>delum</strong></span> <span class='ocrx_word' id='word_1_756' title='bbox 3839 5181 3943 5222; x_wconf 85' lang='lat' dir='ltr'><strong>non</strong></span> 
     </span>
    </p>
   </div>
   <div class='ocr_carea' id='block_1_106' title="bbox 2360 5257 3945 5334">
    <p class='ocr_par' dir='ltr' id='par_1_106' title="bbox 2360 5257 3945 5334">
     <span class='ocr_line' id='line_1_106' title="bbox 2360 5257 3945 5334; baseline -0.011 -5"><span class='ocrx_word' id='word_1_757' title='bbox 2360 5269 2743 5330; x_wconf 73' lang='lat' dir='ltr'><strong>intellexerint.</strong></span> <span class='ocrx_word' id='word_1_758' title='bbox 2773 5266 2957 5334; x_wconf 89' lang='lat' dir='ltr'><strong>Neque</strong></span> <span class='ocrx_word' id='word_1_759' title='bbox 2990 5264 3133 5319; x_wconf 91' lang='lat' dir='ltr'><strong>enim</strong></span> <span class='ocrx_word' id='word_1_760' title='bbox 3178 5268 3265 5317; x_wconf 86' lang='lat' dir='ltr'><strong>est</strong></span> <span class='ocrx_word' id='word_1_761' title='bbox 3293 5258 3433 5330; x_wconf 88' lang='lat' dir='ltr'><strong>quod</strong></span> <span class='ocrx_word' id='word_1_762' title='bbox 3475 5258 3644 5325; x_wconf 87' lang='lat' dir='ltr'><strong>dicas,</strong></span> <span class='ocrx_word' id='word_1_763' title='bbox 3676 5257 3945 5313; x_wconf 87' lang='lat' dir='ltr'><strong>neminem</strong></span> 
     </span>
    </p>
   </div>
   <div class='ocr_carea' id='block_1_107' title="bbox 2362 5346 3949 5436">
    <p class='ocr_par' dir='ltr' id='par_1_107' title="bbox 2362 5346 3949 5436">
     <span class='ocr_line' id='line_1_107' title="bbox 2362 5346 3949 5436; baseline -0.011 -15"><span class='ocrx_word' id='word_1_764' title='bbox 2362 5378 2614 5436; x_wconf 86' lang='lat' dir='ltr'><strong>umquam</strong></span> <span class='ocrx_word' id='word_1_765' title='bbox 2646 5374 2761 5415; x_wconf 88' lang='lat' dir='ltr'><strong>rem</strong></span> <span class='ocrx_word' id='word_1_766' title='bbox 2791 5356 3020 5411; x_wconf 89' lang='lat' dir='ltr'><strong>similem</strong></span> <span class='ocrx_word' id='word_1_767' title='bbox 3058 5353 3248 5409; x_wconf 87' lang='lat' dir='ltr'><strong>fecisse</strong></span> <span class='ocrx_word' id='word_1_768' title='bbox 3280 5370 3294 5405; x_wconf 92' lang='lat'>:</span> <span class='ocrx_word' id='word_1_769' title='bbox 3341 5350 3523 5405; x_wconf 74' lang='lat' dir='ltr'><strong>multa:</strong></span> <span class='ocrx_word' id='word_1_770' title='bbox 3552 5348 3696 5402; x_wconf 89' lang='lat' dir='ltr'><strong>enim</strong></span> <span class='ocrx_word' id='word_1_771' title='bbox 3723 5346 3949 5404; x_wconf 85' lang='lat' dir='ltr'><strong>fortasse</strong></span> 
     </span>
    </p>
   </div>
   <div class='ocr_carea' id='block_1_108' title="bbox 2364 5441 3950 5529">
    <p class='ocr_par' dir='ltr' id='par_1_108' title="bbox 2364 5441 3950 5529">
     <span class='ocr_line' id='line_1_108' title="bbox 2364 5441 3950 5529; baseline -0.017 -11"><span class='ocrx_word' id='word_1_772' title='bbox 2364 5476 2422 5518; x_wconf 83' lang='lat' dir='ltr'><strong>se</strong></span> <span class='ocrx_word' id='word_1_773' title='bbox 2450 5455 2750 5529; x_wconf 69' lang='lat' dir='ltr'><strong>prrecipites</strong></span> <span class='ocrx_word' id='word_1_774' title='bbox 2774 5451 3036 5506; x_wconf 74' lang='lat' dir='ltr'><strong>dederunt</strong></span> <span class='ocrx_word' id='word_1_775' title='bbox 3061 5489 3077 5514; x_wconf 94' lang='lat'><strong>,</strong></span> <span class='ocrx_word' id='word_1_776' title='bbox 3109 5458 3334 5515; x_wconf 88' lang='lat' dir='ltr'><strong>seseque</strong></span> <span class='ocrx_word' id='word_1_777' title='bbox 3375 5443 3428 5497; x_wconf 91' lang='lat' dir='ltr'><strong>in</strong></span> <span class='ocrx_word' id='word_1_778' title='bbox 3457 5441 3672 5512; x_wconf 87' lang='lat' dir='ltr'><strong>pelagus</strong></span> <span class='ocrx_word' id='word_1_779' title='bbox 3701 5441 3950 5508; x_wconf 80' lang='lat' dir='ltr'><strong>ronjeee-</strong></span> 
     </span>
    </p>
   </div>
   <div class='ocr_carea' id='block_1_109' title="bbox 2364 5532 3957 5618">
    <p class='ocr_par' dir='ltr' id='par_1_109' title="bbox 2364 5532 3957 5618">
     <span class='ocr_line' id='line_1_109' title="bbox 2364 5532 3957 5618; baseline -0.019 -9"><span class='ocrx_word' id='word_1_780' title='bbox 2364 5562 2511 5617; x_wconf 89' lang='lat' dir='ltr'><strong>runt,</strong></span> <span class='ocrx_word' id='word_1_781' title='bbox 2534 5548 2615 5605; x_wconf 86' lang='lat' dir='ltr'><strong>vel</strong></span> <span class='ocrx_word' id='word_1_782' title='bbox 2640 5556 2823 5618; x_wconf 85' lang='lat' dir='ltr'><strong>pectus</strong></span> <span class='ocrx_word' id='word_1_783' title='bbox 2844 5540 3019 5615; x_wconf 83' lang='lat' dir='ltr'><strong>gladio</strong></span> <span class='ocrx_word' id='word_1_784' title='bbox 3049 5537 3390 5608; x_wconf 77' lang='lat' dir='ltr'><strong>traiecerunt,</strong></span> <span class='ocrx_word' id='word_1_785' title='bbox 3411 5534 3495 5588; x_wconf 87' lang='lat' dir='ltr'><strong>vel</strong></span> <span class='ocrx_word' id='word_1_786' title='bbox 3517 5532 3709 5603; x_wconf 87' lang='lat' dir='ltr'><strong>laqueo</strong></span> <span class='ocrx_word' id='word_1_787' title='bbox 3732 5545 3793 5585; x_wconf 84' lang='lat' dir='ltr'><strong>sc</strong></span> <span class='ocrx_word' id='word_1_788' title='bbox 3818 5546 3957 5600; x_wconf 68' lang='grc' dir='ltr'><strong>ιιι-ιν-</strong></span> 
     </span>
    </p>
   </div>
   <div class='ocr_carea' id='block_1_110' title="bbox 2370 5621 3954 5705">
    <p class='ocr_par' dir='ltr' id='par_1_110' title="bbox 2370 5621 3954 5705">
     <span class='ocr_line' id='line_1_110' title="bbox 2370 5621 3954 5705; baseline -0.015 -6"><span class='ocrx_word' id='word_1_789' title='bbox 2370 5645 2612 5699; x_wconf 78' lang='lat' dir='ltr'><strong>locarunt</strong></span> <span class='ocrx_word' id='word_1_790' title='bbox 2640 5659 2651 5692; x_wconf 95' lang='lat'><strong>:</strong></span> <span class='ocrx_word' id='word_1_791' title='bbox 2682 5647 2892 5705; x_wconf 88' lang='lat' dir='ltr'><strong>tempus</strong></span> <span class='ocrx_word' id='word_1_792' title='bbox 2919 5634 3115 5705; x_wconf 88' lang='lat' dir='ltr'><strong>quippe</strong></span> <span class='ocrx_word' id='word_1_793' title='bbox 3140 5627 3267 5687; x_wconf 90' lang='lat' dir='ltr'><strong>illud</strong></span> <span class='ocrx_word' id='word_1_794' title='bbox 3295 5623 3599 5697; x_wconf 88' lang='lat' dir='ltr'><strong>hujusmodi</strong></span> <span class='ocrx_word' id='word_1_795' title='bbox 3621 5621 3954 5676; x_wconf 86' lang='lat' dir='ltr'><strong>dramatibus</strong></span> 
     </span>
    </p>
   </div>
   <div class='ocr_carea' id='block_1_111' title="bbox 2376 5711 3953 5808">
    <p class='ocr_par' dir='ltr' id='par_1_111' title="bbox 2376 5711 3953 5808">
     <span class='ocr_line' id='line_1_111' title="bbox 2376 5711 3953 5808; baseline -0.018 -16"><span class='ocrx_word' id='word_1_796' title='bbox 2376 5713 2587 5808; x_wconf 63' lang='lat' dir='ltr'><strong>plenum</strong></span> <span class='ocrx_word' id='word_1_797' title='bbox 2615 5739 2751 5787; x_wconf 78' lang='lat' dir='ltr'><strong>erat.</strong></span> <span class='ocrx_word' id='word_1_798' title='bbox 2785 5728 2852 5783; x_wconf 82' lang='lat' dir='ltr'><strong>At</strong></span> <span class='ocrx_word' id='word_1_799' title='bbox 2872 5726 3013 5783; x_wconf 88' lang='lat' dir='ltr'><strong>Deus</strong></span> <span class='ocrx_word' id='word_1_800' title='bbox 3037 5737 3132 5781; x_wconf 91' lang='lat' dir='ltr'><strong>cor</strong></span> <span class='ocrx_word' id='word_1_801' title='bbox 3159 5715 3672 5784; x_wconf 70' lang='lat' dir='ltr'><strong>eorum&#39;excmcavit,</strong></span> <span class='ocrx_word' id='word_1_802' title='bbox 3700 5724 3756 5769; x_wconf 89' lang='lat' dir='ltr'><strong>ut</strong></span> <span class='ocrx_word' id='word_1_803' title='bbox 3774 5711 3953 5768; x_wconf 87' lang='lat' dir='ltr'><strong>dolum</strong></span> 
     </span>
    </p>
   </div>
  </div>
