4246 6320
424 364 532 426 I79

1321 387 1411 448 DE
1452 390 1509 446 S.
1544 386 1841 447 PELAGIA
1881 384 2162 443 VIRGINE
2199 384 2285 440 ΕΤ
2326 379 2682 440 MARTYRE.
2728 375 2958 435 HOMIL.
3008 372 3047 428 l.

565 503 3787 535 ww

1396 583 1542 658 [⁵⁸⁵]
1618 591 2011 681 ΟΜΙΛΙΑ
2060 590 2907 679 ΕΓΚΩΜΙΑ-ΣΤΙΚΗ

1195 737 1302 803 Εἰς
1351 734 1467 805 τὴν
1520 735 1696 807 ἁγίαν
1745 731 2018 806 μάρτυρα
2068 731 2371 801 Πελαγίαν
2400 744 2427 774 ι
2480 731 2595 801 τὴν
2638 732 2709 787 ἐν
2752 732 3094 819 Ἀντιοχείᾳ.

488 918 890 992 α’,Εύλογητδς
915 918 944 973 6
971 917 1102 984 Θεός
1127 935 1141 948 °
1194 919 1289 975 καὶ
1339 920 1590 989 γυναῖκες
1635 918 1882 973 θανάτου.
1905 918 2092 975 λοιπὸν

418 1006 813 1073 ωαπαίζουσι
837 1050 853 1074 ,
898 1006 994 1063 καὶ
1042 1006 1201 1079 κόραι
1254 1006 1608 1076 καταγελῶσι
1654 1007 1945 1080 τελευτῆς,
2000 1009 2094 1063 καί⁸

416 1093 679 1166 παρθένοι
705 1095 902 1168 κομιδῇ
935 1095 1058 1149 νέαι
1103 1096 1198 1150 καὶ⁵
1243 1097 1619 1169 ἀπειρόγαμοι
1654 1096 1735 1161 εἰς
1767 1096 1905 1150 αίιτά
1937 1113 2092 1170 σκιρ-

412 1182 548 1237 τῶσι
574 1182 604 1224 ιδ
629 1182 724 1237 τοῦ
766 1183 894 1255 ᾅδου
925 1182 994 1236 τὰ
1028 1184 1255 1257 κέντρα,
1295 1185 1391 1239 καί⁵
1417 1183 1570 1239 οὐδὲν
1600 1185 1868 1256 πάσχουσι
1899 1183 2090 1241 δεινόν.

412 1272 602 1328 ταῦτα
633 1275 699 1348 δὴ
743 1276 923 1330 πάντα
952 1276 1043 1330 διὰ
1077 1276 1169 1331 τὸν
1210 1278 1275 1332 ἐκ
1305 1277 1575 1351 παρθένου
1606 1278 1842 1350 Χριστὸν
1873 1280 2094 1348 γέγονεν

396 1362 544 1433 -ὴμῐν
581 1362 651 1416 τὰ
687 1362 900 1432 ἀγαθά·
944 1364 1087 1435 μετά
1115 1364 1225 1437 7&9
1264 1364 1366 1428 τὰς
1408 1366 1686 1436 μακαρίας
1720 1364 1920 1431 ώδῖνας
1952 1366 2096 1420 ἐκεί-

411 1466 531 1514 νας,
556 1451 652 1505 καὶ
680 1450 771 1502 τὸν
798 1450 1237 1521 φρικωδέστατον
1268 1452 1428 1506 τόκον
1456 1451 1685 1525 ἐξελύθη
1726 1452 1821 1507 τοῦ
1856 1452 2091 1507 θανάτου

411 1536 481 1591 τὰ
504 1537 691 1608 νεῦρα,
715 1536 996 1610 παρελύθη
1026 1539 1059 1609 ή
1094 1536 1189 1593 τοῦ
1213 1538 1460 1593 διαϐόλου
1494 1539 1747 1611 δύναμις,
1778 1541 1873 1594 καὶ
1904 1540 2093 1595 λοιπὸν

411 1624 511 1678 οὐκ
548 1624 775 1696 ἀνδράσι
817 1624 1002 1693 μόνον,
1034 1624 1181 1679 ἀλλά
1202 1626 1303 1680 καὶ
1337 1626 1585 1696 γυναιξὶν
1614 1629 2094 1700 εὐκαταφρόνητος

411 1713 624 1782 γέγονε,
647 1714 742 1767 καὶ
762 1714 822 1767 οὐ
849 1714 1065 1783 γυναιξὶ
1092 1713 1438 1785 μόνον,.ἀλλά
1470 1715 1568 1778 καὶ
1588 1715 1798 1788 κόραις.
1829 1716 2094 1788 Καθάπερ

410 1801 519 1873 γάρ
549 1817 635 1879 τις
681 1802 887 1873 ποιμὴν
918 1802 1139 1873 ἀριστος
1184 1801 1379 1856 λέοντα
1433 1802 1772 1873 ἐκφοϐοῦντα
1803 1803 1876 1858 τὰ
1920 1803 2095 1876 θρέμ-

416 1906 566 1958 ματα
606 1888 704 1944 καὶ
746 1892 814 1961 τῇ
869 1890 1079 1962 ποίμνῃ
1125 1889 1279 1964 πάσῃ
1322 1886 1721 1963 λυμαινόμενον
1752 1890 1956 1958 λαϐὼν,
2002 1894 2096 1946 καὶ

412 1978 539 2041 τοὺς
582 1976 805 2040 ὀδόντας
832 1976 1110 2045 ἐκκόψας,
1154 1976 1406 2042 καὶτοὺς
1444 1976 1643 2048 ὄνυχας
1688 1979 1960 2051 ἐκτεμὼν,
1999 1979 2095 2035 καὶ

410 2063 510 2133 τὴν
552 2063 733 2135 κόμην
770 2062 1096 2135 ἀποκείρας,
1142 2062 1623 2135 εὔκαταφρόνητον
1659 2065 1753 2118 καὶ
1785 2067 2093 2135 καταγέλα-

414 2165 539 2204 στον
567 2152 733 2215 ποιεῖ,
779 2151 873 2205 καὶ
912 2149 1148 2214 παιδίοις
1193 2154 1531 2223 ποιμενικοϊς
1569 2154 1664 2207 καὶ
1702 2152 1894 2225 κόραις
1919 2171 2095 2225 παρα-

410 2236 591 2291 δίδωσι
624 2237 991 2302 καταπαίζειν
1032 2236 1247 2292 λοιπόν
1280 2238 1423 2291 οὓτω
1460 2238 1523 2312 δὴ
1552 2240 1647 2293 καί
1672 2243 1700 2295 6
1727 2241 1962 2313 Χριστὸς
2003 2244 2095 2296 τον

413 2324 643 2380 θάνατον
669 2317 898 2396 φοϐερὸν
924 2323 1053 2377 ὅντα
1075 2327 1140 2395 τῇ
1170 2324 1331 2394 φύσει
1353 2327 1419 2397 τῇ
1448 2327 1693 2399 ἡμετέρᾳ
1715 2330 1806 2381 καὶ
1827 2328 2094 2399 φοϐοῦντα

411 2410 473 2465 τὸ
490 2412 646 2481 γένος
675 2405 831 2482 ἡμῶν
855 2411 1000 2465 άπαν
1027 2408 1227 2476 λαϐὼν,
1242 2411 1447 2466 καὶτὸν
1476 2413 1638 2481 φόϐον
1653 2413 1816 2468 αὑτοῦ
1839 2414 2095 2480 διαλύσας

411 2495 630 2554 ἅπαντα
692 2498 1029 2569 παρέδωκεν,
1069 2496 1211 2552 ὥστε
1253 2497 1347 2552 καὶ
1389 2499 1691 2572 παρθένους
1736 2502 2095 2568 καταπαίζειν

410 2587 596 2642 αὑτοῦ.
622 2587 721 2641 Διά
753 2586 912 2641 τοῦτο
940 2588 1036 2641 καὶ
1059 2588 1093 2658 ἡ
1126 2587 1369 2660 μακαρία
1394 2588 1635 2657 Πελαγία
1664 2588 1804 2659 μετά
1827 2589 2094 2661 τοσαύτης

411 2675 499 2730 ἐπ’
516 2677 681 2730 αὑτὸν
704 2674 937 2747 ἔδραμεν
963 2674 1153 2745 ἡδονῆς
1173 2675 1249 2738 ὠς
1277 2675 1410 2745 μηδὲ
1437 2676 1725 2746 ἀναμεῖναι
1750 2677 1961 2748 δημίων
1985 2680 2097 2748 χεῖ-

412 2780 533 2837 ρας,
562 2763 698 2836 μηδὲ
726 2766 806 2827 εἰς
832 2762 1179 2834 δικαστήριον
1204 2762 1483 2829 είσελθεῖν,
1513 2765 1648 2818 άλλά
1677 2768 1742 2837 τῇ
1768 2769 1867 2837 τῆς
1890 2767 2095 2830 οἰκείας

412 2851 720 2924 προθυμίας
743 2849 1016 2921 ὑπερϐολῇ
1051 2851 1255 2919 φθάσαι
1281 2849 1380 2922 τὴν
1399 2852 1622 2905 ἐκείνων
1648 2851 1927 2925 ὠμότητα.
1958 2856 2097 2923 nap-

412 2939 714 2994 εσκεύαστο
748 2939 849 3010 μέν
878 2939 986 3009 γάρ
1010 2940 1106 2993 καὶ
1135 2939 1272 3011 πρὸς
1303 2939 1590 3010 βασάνους,
1613 2943 1707 2995 καὶ
1740 2942 2091 3017 κολαστήρια,

416 3027 509 3083 καὶ
551 3026 699 3081 ἅπαν
728 3024 1011 3098 τιμωριῶν
1055 3022 1226 3093 εἶδος,
1270 3026 1384 3080 ἀλλ’
1432 3027 1709 3094 ἐδεδοίκει,
1748 3028 1823 3100 μὴ
1861 3030 1953 3082 τὸν
1974 3019 2096 3101 ’τῆς

411 3118 715 3192 παρθενίας
734 3116 979 3190 ἀπολέσῃ
1000 3115 1287 3186 στέφανον.
1304 3116 1417 3171 Καὶ
1445 3117 1531 3172 ἵνα
1558 3116 1737 3190 μάθῃς
1760 3120 1841 3173 ὅτι
1863 3119 1963 3191 τὴν
1986 3118 2095 3173 τῶν

409 3205 921 3274 ἀσεϐὦνάσέλγειαν
950 3203 1224 3272 ἐδεδοίκει,
1256 3204 1651 3276 προλαμϐάνει,
1676 3208 1772 3259 καὶ
1798 3207 1895 3277 τῆς
1925 3208 2095 3279 ἀσχή-

413 3311 576 3367 μονος
608 3293 817 3366 ὕϐρεως
850 3291 1051 3364 ἐαυτὴν
1078 3291 1515 3366 προεξαρπάζετ·
1543 3292 1571 3345 6
1594 3292 1897 3365 ἀνθρώπων
1920 3295 2094 3360 οὐδεὶς

410 3382 670 3437 οὐδέποτε.
710 3380 950 3435 τοιοῦτον
982 3380 1136 3433 οὐδὲν
1171 3380 1547 3451 ἐπεχείρησεν,
1579 3380 1695 3435 ἀλλ’
1719 3380 2091 3452 ἠκολούθησαν

408 3470 650 3533 ἅπαντες
673 3470 753 3533 εἰς
784 3468 846 3522 τὸ
877 3468 1249 3540 δικαστήριον,
1278 3470 1440 3522 κάκεῖ
1470 3468 1570 3539 τὴν
1600 3470 1851 3541 ἀνδρείαν
1878 3470 2090 3524 ἐπεδεί-

411 3559 604 3626 ξαντο·
636 3560 894 3628 γυναῖκες
938 3557 997 3612 δὲ
1030 3557 1122 3611 διὰ
1160 3557 1222 3611 τὸ
1252 3557 1354 3627 τῆς
1402 3558 1616 3627 φύσεως
1658 3558 2086 3631 εύεπηρέαστον,

409 3646 598 3702 τοῦτον
638 3648 939 3716 ἐπενόησαν
969 3648 1188 3709 ἐαυταῖς
1229 3645 1323 3699 τὸν
1352 3645 1551 3716 τρόπον
1586 3646 1684 3717 τῆς
1715 3646 1991 3718 τελευτῆς.
2026 3647 2088 3702 Εἰ

414 3735 516 3805 μδν
541 3734 650 3807 γὰρ
678 3730 747 3805 ἦν
768 3734 865 3788 καὶ
890 3732 987 3804 τὴν
1014 3731 1309 3805 παρθενίαν
1328 3732 1713 3800 διασώσασθαι,
1741 3735 1836 3789 καὶ
1861 3735 1968 3788 τῶν
1993 3737 2087 3791 τοῦ

414 3823 716 3897 μαρτυρίου
753 3825 1032 3892 στεφάνων
1057 3823 1358 3893 ἐπιτυχεῖν,
1385 3822 1485 3875 οὐκ
1512 3821 1578 3877 ἂν
1608 3823 1962 3897 παρῃτήσατο
1989 3824 2089 3897 τὴν

411 3913 494 3977 είς
528 3912 589 3966 τὸ
623 3912 973 3983 δικαστήριον
1023 3910 1259 3966 εἴσοδονο
1305 3908 1494 3981 ἐπειδὴ
1527 3909 1583 3963 δὲ
1612 3911 1826 3983 ἀνάγκη
1861 3911 2088 3984 θατέρου

410 3999 634 4062 πάντως
673 3994 742 4070 ἦν
782 4000 1058 4065 ἐκπεσεῖν,
1105 3997 1342 4069 ἐσχάτης
1380 3994 1629 4068 ἐνόμιζεν
1652 4012 1675 4037 ε
1705 3995 1849 4053 εἶναι
1879 3998 2085 4065 ἀνοίας,

413 4087 589 4160 παρὸν
624 4086 891 4158 ἐκατέρας
920 4086 1057 4156 αὐτῇ
1088 4086 1188 4156 τῆς
1220 4085 1378 4156 νίκης
1408 4084 1708 4155 ἐπιτυχεῖν,
1742 4084 1802 4151 ἐξ
1831 4086 2089 4157 ἡμισείας

411 4176 850 4246 στεφανωθεῖσαν
890 4174 1169 4229 ἀπελθεῖν.
1223 4176 1323 4228 Διά
1365 4173 1526 4228 τοῦτο
1569 4174 1676 4227 οὐκΔ
1709 4173 1972 4245 ἠθέλησεν
2008 4176 2086 4239 εἰς

410 4263 475 4316 τδ
498 4261 849 4333 δικαστήριον
872 4261 1151 4327 ἀπελθεῖν,
1184 4262 1308 4316 ούδέ
1339 4261 1594 4330 γενέσθαι
1623 4260 1853 4332 θέατρον
1886 4262 2088 4315 ἀκολά-

414 4368 563 4417 στοις
618 4336 945 4421 όφθαλμοῖς,
998 4350 1120 4403 οὐδὲ
1168 4351 1472 4421 παρασχεῖν
1507 4349 1794 4418 ἀσελγέσιν
1845 4349 2089 4421 ὄμμασιν

410 4440 751 4511 ἐντρυφῆσαι
783 4440 850 4510 τῇ
883 4438 985 4508 τῆς
1017 4437 1225 4501 οίκείας
1253 4436 1430 4507 ὅψεως
1464 4435 1689 4507 θεωρίᾳ,
1718 4437 1810 4491 καὶ
1844 4438 1903 4490 τὺ
1934 4440 2089 4506 ἆγιον

411 4526 592 4580 ἐκεῖνο
645 4524 981 4598 καθυϐρίσαι
1030 4522 1221 4596 σῶμαο
1269 4523 1385 4578 ἀλλ’
1430 4523 1539 4577 ἀπὸ
1573 4523 1668 4578 τοῦ
1715 4523 1960 4595 θαλάμου
1995 4526 2089 4579 καὶ

410 4613 512 4685 τῆς
552 4612 989 4682 γυναικωνίτιδος
1019 4612 1105 4682 ἐφ’
1127 4612 1316 4685 ἕτερον
1347 4607 1479 4683 ἦλθε
1506 4610 1768 4683 θάλαμον,
1794 4612 1885 4665 τὸν
1926 4612 2081 4684 ούρα-

408 4702 524 4757 νόν.
557 4702 720 4772 Μέγα
762 4700 863 4772 μέν
912 4699 1019 4772 7&9
1047 4701 1142 4754 καὶ
1184 4700 1246 4753 τὸ
1278 4699 1505 4771 δημίους
1538 4698 1663 4753 ἰδεῖν
1693 4699 2087 4770 περιεστῶτας,

410 4786 511 4844 καὶ
559 4787 659 4852 τὰς
709 4785 953 4860 πλευρὰς
998 4785 1377 4856 διορύττοντας
1399 4802 1413 4817 ·
1461 4787 1562 4839 οὐκ
1597 4784 1814 4838 ἔλαττον
1858 4785 1915 4839 δέ
1966 4786 2089 4839 ούδέ

408 4873 573 4929 τοῦτο
610 4874 838 4930 ἐκείνου.
870 4875 996 4938 Τοῖς
1033 4874 1140 4945 μὲν
1172 4872 1281 4943 γάρ
1326 4873 1426 4943 τῆς
1468 4872 1774 4943 αἰσθήσεως
1814 4873 1915 4944 ήδη
1954 4882 2089 4945 προ-

408 4961 783 5033 αναλωθείσης
822 4963 890 5033 τῇ
942 4959 1186 5032 ποικιλίᾳ
1220 4959 1333 5013 τῶν
1374 4958 1644 5028 βασάνων,
1692 4958 1813 5012 ούδέ
1861 4959 2090 5029 φοϐερὸς

409 5050 502 5105 In
537 5049 788 5121 φαίνεται
817 5053 845 5105 6
876 5048 1126 5115 θάνατος,
1174 5047 1289 5103 ἀλλ’
1338 5046 1625 5119 ἀπαλλαγή
1671 5064 1757 5111 τις
1784 5048 1879 5102 καὶ
1908 5047 2090 5112 ἄνεσις

392 5137 523 5193 τῶν
555 5137 921 5208 ἐπικειμένων
948 5136 1138 5190 δεινῶν
1156 5152 1171 5168 ·
1200 5138 1235 5207 ἡ
1272 5134 1331 5190 δέ
1368 5135 1533 5206 μηδὲν
1576 5135 1805 5205 μηδέπω
1841 5135 2092 5190 παθοῦσα

410 5222 676 5290 τοιοῦτον,
705 5224 843 5278 ἀλλά
868 5222 1127 5294 ἀκέραιον
1156 5222 1239 5275 ἔτι
1268 5222 1331 5275 τὸ
1374 5221 1533 5293 σῶμα
1561 5219 1780 5293 ἔχουσα,
1812 5222 1907 5276 καὶ
1937 5222 2087 5296 [586]

416 5310 692 5383 μηδεμιᾶς
718 5310 909 5382 ὀδύνης
940 5309 1239 5381 αἰσθομένη
1277 5310 1522 5381 μηδέπω,
1556 5308 1794 5380 μεγάλου
1822 5309 1966 5373 τινὸς
1997 5311 2093 5363 καί

409 5398 662 5470 γενναίου
712 5399 1058 5470 φρονήματος
1108 5397 1300 5464 δεῖται,
1340 5396 1390 5450 εἰ
1438 5396 1621 5468 μέλλοι
1667 5395 1827 5468 βιαίῳ
1881 5396 2093 5469 θανάτῳ

409 5486 516 5557 τῆς
559 5486 841 5559 παρούσης
883 5486 1083 5557 ἑαυτὴν
1120 5484 1340 5554 ἐξάγειν
1390 5484 1555 5553 ζωῆς.
1588 5484 1750 5537 ’Ὥστε
1788 5485 1919 5538 ὅταν
1966 5486 2093 5538 θαυ-

413 5571 597 5646 μάζῃς
636 5572 877 5637 ἐκείνους
920 5573 1021 5645 τῆς
1060 5572 1374 5644 καρτερίας,
1426 5570 1709 5642 θαύμασον
1754 5571 1959 5644 ταύτην
1994 5572 2093 5645 τῆς

477 5691 497 5712 ⁸
521 5687 639 5738 Hec
665 5690 715 5737 in
736 5689 900 5748 ιίιιιιο,
923 5689 1009 5747 τὴν
1050 5688 1097 5737 ἐν
1126 5686 1409 5751 Ἀντιοχείᾳ,
1436 5685 1681 5736 habentur
1703 5687 1753 5735 In
1778 5700 1875 5737 uno
1915 5687 2092 5751 Regio,

447 5753 471 5800 ι
494 5750 622 5801 lecta
642 5755 760 5800 sunt.
779 5745 840 5800 ab
861 5751 1161 5801 interurete.

411 5762 471 5800 οι
496 5762 622 5801 Iecu
642 5762 760 5800 sum.
779 5762 840 5800 an
861 5762 1161 5813 tutel-prem.

469 5808 505 5875 P
530 5810 681 5860 Suvil.
705 5813 756 5861 in
786 5818 927 5862 textu
953 5811 1105 5862 habet
1123 5811 1335 5875 πηδῶσι,
1363 5811 1410 5859 In
1438 5822 1590 5875 marg.
1615 5811 1866 5875 σκιρτῶσι,
1901 5814 1961 5865 υι
1988 5810 2095 5863 Mo-

403 5871 501 5939 rel:
537 5879 785 5939 969ml!”
802 5887 919 5924 mss.
945 5875 997 5927 In
1019 5887 1114 5926 uno
1140 5872 1258 5925 infra
1283 5872 1515 5939 μακαρίας
1536 5871 1698 5923 deest.

478 5934 502 5965 ⁸
525 5933 626 5986 Alii
659 5935 890 5999 ὶνᾷμὶσεν.

2194 919 2476 992 ἀνδρείας·
2502 920 2632 975 ὅταν
2675 919 2957 992 ἐκπλαγῇς
2991 919 3233 985 ἐκείνους
3275 920 3426 993 ὑπὲρ
3443 920 3540 995 τῆς
3570 920 3846 994 ύπομονῆ,

2194 1008 2504 1081 ἐκπλάγηθι
2533 1008 2631 1063 καὶ
2666 1007 2874 1082 ταύτην
2907 1010 3048 1082 ύπέρ
3083 1008 3179 1063 τοῦ
3216 1011 3468 1078 γενναίου
3503 1012 3847 1082 φρονήματα,

2193 1098 2278 1155 δτι
2315 1096 2691 1169 κατετόλμησε
2726 1097 2981 1169 τελευτῆς
3016 1096 3292 1169 τοιαύτης.
3326 1098 3437 1152 Καὶ
3470 1099 3546 1170 μὴ
3598 1098 3875 1169 παραδρά-

2198 1202 2305 1258 μῃς
2358 1184 2548 1249 ἀπλῶς
2588 1183 2659 1239 τὸλ
2703 1184 2941 1257 συμϐάν,
2989 1184 3105 1239 ἀλλ’
3154 1185 3409 1257 ἐννόησον
3449 1187 3568 1251 πῶς
3611 1182 3875 1265 ἦνὶείκδς

2196 1273 2364 1346 κόρην
2397 1272 2707 1342 διατεθῆναι
2754 1272 2996 1345 ἀπαλὴνῖ
3036 1272 3131 1327 τοῦ
3186 1273 3431 1345 θαλάμου
3480 1274 3639 1329 πλέον
3670 1273 3874 1327 εἰδυῖαν

2194 1360 2377 1425 οὐδὲν,
2401 1360 2749 1431 στρατιωτῶν
2779 1359 2992 1432 ἀθρόως
3033 1363 3391 1427 ἐπιστάντων,
3436 1363 3545 1436 πρὸ
3575 1362 3674 1432 τῆς
3703 1362 3872 1432 θύρας

2197 1448 2468 1514 ἑστώτων,
2522 1447 2835 1502 καλούντων
2863 1449 2943 1511 ε’ἰς
2975 1448 3349 1522 δικαστήριον,
3400 1452 3480 1515 εἰς
3529 1450 3738 1524 ἀγορὰν
3787 1449 3876 1505 ἐλ-

2195 1538 2399 1592 κόντων
2452 1536 2592 1607 ὑπὲρ
2651 1535 2909 1590 τοιούτων
2964 1538 3057 1591 καὶ
3113 1538 3449 1610 τηλικούτων
3499 1538 3869 1610 πραγμάτωνι

2196 1624 2271 1678 Οὐ
2310 1623 2490 1697 πατὴρ
2525 1622 2695 1690 ἔνδον,
2732 1624 2793 1677 οὐ
2829 1626 3011 1697 μήτηρ
3044 1627 3247 1698 παρῆν,
3273 1627 3335 1680 ού
3367 1626 3591 1698 τροφὸς,
3618 1627 3680 1679 ού
3714 1626 3881 1696 θερακ

2197 1711 2401 1785 παινὶς,
2437 1711 2498 1765 ού
2532 1710 2749 1779 γείτων,
2779 1712 2840 1765 οὐ
2870 1712 3021 1784 φίλη,
3059 1714 3194 1768 ἀλλὰ
3237 1715 3373 1786 μόνη
3405 1714 3608 1784 μεταξὺ
3641 1714 3753 1767 τῶν
3781 1713 3875 1782 δη-

2200 1801 2340 1872 μίων
2386 1800 2612 1854 ἐκείνων
2652 1800 2976 1870 ἀπείληπτο.
3013 1803 3133 1855 Ὀτι
3176 1802 3285 1875 γὰρ
3324 1801 3558 1866 ἐξελθεῖν
3605 1802 3876 1859 καὶ-ἀπςὲ

2196 1888 2628 1960 κρίνασθαιτοῖς
2655 1886 2871 1958 δημίοις
2911 1888 3145 1953 ἐκείνοις
3190 1893 3299 1954 τοῖς
3334 1888 3696 1960 στρατιώταις
3734 1889 3877 1959 ἴσχυε

2198 1990 2313 2040 σεν,
2342 1974 2425 2027 ὅτι
2466 1974 2648 2045 διᾶραι
2697 1974 2908 2045 στόμα,
2958 1976 3053 2029 καὶ
3102 1976 3285 2048 φωνὴν
3336 1979 3585 2046 ἀφεῖναι,
3632 1978 3714 2031 ὅτι
3765 1975 3876 2049 7&9

2200 2061 2347 2125 ἰδεῖν,
2370 2063 2452 2115 ὃτι
2489 2061 2682 2131 στῆναι
2724 2061 2820 2115 καὶ
2870 2062 3243 2125 ἀναπνεῦσαι,
3291 2062 3408 2128 πῶς
3455 2065 3554 2117 οὐκ
3596 2064 3746 2128 ἀξιον
3779 2065 3876 2117 ἐκ·

2198 2147 2528 2218 πλήττεσθαι
2555 2148 2650 2201 καὶ
2679 2146 3012 2218 θαυμάζεινς
3056 2150 3171 2203 Οὐκ
3210 2146 3277 2220 ἦν
3307 2151 3482 2205 ταῦτα
3525 2150 3876 2225 ἀνθρωπίνης

2196 2234 2444 2305 φύσεωςο
2495 2233 2555 2287 τὸ
2608 2234 2708 2305 μὲν
2766 2232 2876 2304 γὰρ
2930 2234 3094 2289 πλέον
3145 2238 3465 2308 εἰσήνεγκεν
3521 2240 3555 2309 ἡ
3596 2238 3687 2292 τοῦ
3738 2238 3876 2292 Θεοῦ

2199 2322 2364 2393 ῥοπή.
2397 2321 2469 2375 Ού
2506 2320 2612 2392 μὴν
2645 2321 2764 2375 ούδέ
2794 2321 2935 2393 αῦτη
2969 2323 3090 2376 τότε
3133 2323 3383 2395 ἀργοῦσα
3429 2326 3696 2395 εἱστήκει,
3742 2325 3881 2380 ἀλλὰ

2196 2408 2263 2463 τὰ
2302 2409 2432 2481 παρ’
2462 2408 2660 2479 ἑαυτῆς
2696 2408 2871 2462 πάντα
2917 2410 3287 2475 ἐπεδείκνυτο,
3323 2413 3421 2482 τὴν
3454 2412 3785 2484 προθυμίαν,
3817 2413 3878 2466 τὸ

2196 2497 2475 2567 φρόνημα,
2517 2496 2581 2549 τὸ
2612 2498 2881 2563 γενναῖον,
2917 2497 2979 2550 τὸ
3014 2496 3377 2568 βουληθῆναι,
3423 2498 3482 2552 τὸ
3524 2498 3877 2569 προελέσθαι,

2195 2582 2256 2635 τὸ
2286 2581 2547 2645 σπεῦσαι,
2592 2582 2655 2635 τὸ
2704 2582 3056 2653 ἐπειχθῆναι·
3102 2583 3164 2636 τὸ
3202 2583 3259 2637 δέ
3305 2584 3387 2647 εἰς
3437 2584 3611 2656 πέρας
3662 2585 3878 2639 ἅπαντα

2195 2668 2367 2723 ταῦτα
2400 2668 2595 2732 ἐλθεῖν,
2627 2668 2726 2741 τῆς
2766 2668 2862 2722 τοῦ
2892 2668 3318 2747 Θεοῖηβοηθείας
3360 2671 3609 2741 ἐγίγνετο
3640 2674 3734 2727 καὶ
3774 2673 3895 2743 τῆς.

2195 2758 2400 2813 ἄνωθεν
2431 2757 2644 2821 ευνοίας
2663 2774 2678 2788 ⁸
2710 2756 2852 2810 ὥστε
2885 2758 2981 2813 καὶ
3019 2757 3322 2827 θαυμάζειν
3350 2760 3523 2831 αύτὴν
3554 2762 3649 2814 καὶ
3691 2779 3875 2832 μακα-

2200 2844 2367 2916 ρίζειν
2397 2843 2545 2910 ἀξιον
2566 2861 2577 2873 ο
2615 2843 2942 2916 μακαρίζειν
2974 2845 3073 2916 μέν
3103 2846 3245 2917 ὑπὲρ
3292 2847 3387 2916 τῆς
3420 2847 3513 2899 τοῦ
3552 2847 3688 2900 Θεοῦ
3734 2866 3883 2919 σύμ-η

2199 2931 2422 3002 μαχίας,
2460 2930 2762 3003 θαυμάζειν
2793 2931 2849 2984 δὲ
2882 2931 3023 3003 ὑπὲρ
3053 2933 3151 3003 τῆς
3178 2934 3386 2997 οἰκείας
3421 2933 3750 3006 προθυμίας.
3781 2936 3893 3002 Τίς

2195 3019 2305 3088 γὰρ
2353 3019 2455 3072 οὐκ
2494 3019 2561 3073 ἂν
2608 3019 2914 3089 ἐκπλαγείη
2952 3018 3178 3085 δικαίως
3225 3020 3497 3084 ἀκούσας,
3546 3022 3627 3075 ὅτι
3674 3024 3739 3081 ἐν,
3773 3027 3885 3096 μιᾷ-

2196 3105 2390 3177 καιροῦ
2434 3108 2573 3177 ῥοπῇ
2618 3105 2846 3178 γνώμην
2903 3106 3175 3178 τοσαύτην
3218 3107 3309 3160 καὶ
3366 3108 3730 3164 ἐϐουλεύσατο
3784 3117 3879 3167 καὶ

2195 3194 2477 3267 ἐκύρωσε,
2525 3193 2618 3247 καὶ
2655 3195 2736 3257 εἰς
2783 3192 2943 3267 ἔργον
2994 3193 3298 3265 ἐξὴγαγεν;
3337 3196 3482 3249 Ἴστε
3536 3196 3642 3269 γὰρ
3673 3199 3874 3271 δήπου,

2196 3282 2416 3347 πάντες,
2463 3282 2544 3337 ὅτι
2589 3281 2660 3335 τά
2692 3281 2950 3346 πολλάκις
2981 3283 3115 3352 ἡμῖν
3161 3284 3219 3336 ἐν
3256 3282 3454 3355 μακρῷ
3510 3284 3879 3357 μελετηθέντα

2196 3369 2392 3442 χρόνῳ,
2435 3369 2700 3437 παρόντος
2731 3367 2825 3422 τοῦ
2856 3369 3050 3440 καιροῦ
3081 3367 3176 3422 τοῦ
3214 3370 3315 3441 τὴν
3355 3373 3550 3442 πεῖραν
3582 3372 3877 3428 ἀπαιτοῦν-

2196 3475 2287 3529 τος
2317 3459 2483 3529 ἡμᾶς,
2515 3457 2609 3511 καὶ
2638 3455 2804 3527 φόϐου
2842 3455 3041 3528 μικροῦ
3072 3455 3171 3528 τὴν
3196 3455 3445 3512 διάνοιαν
3475 3460 3877 3527 καταλαϐόντος

2198 3551 2413 3605 ᾶπαντα
2466 3549 2760 3619 ἐξεχέαμεν
2802 3547 2871 3603 τὰ
2919 3547 3266 3619 βουλεύματα
3318 3549 3424 3602 ὑπὸ
3481 3550 3579 3621 τῆς
3634 3552 3880 3620 ἀγωνίας

2197 3639 2390 3710 ἀθρόον
2425 3636 2771 3708 πτοηθέντες.
2801 3635 2952 3708 Αὕτη
2984 3636 3041 3690 δέ
3078 3635 3273 3707 βουλὴν
3306 3635 3451 3690 οῦτω
3501 3640 3737 3711 φρικτὴν
3781 3643 3877 3697 καὶ

2197 3725 2435 3796 φοϐεράν
2461 3725 2519 3778 ἐν
2557 3725 2658 3796 μιᾷ
2687 3723 2881 3796 καιροῦ
2917 3726 3058 3796 ῥοπῇ
3094 3724 3189 3778 καὶ
3224 3724 3609 3793 ὑποδέξασθαι,
3640 3731 3733 3782 καὶ
3765 3729 3875 3802 ψη-

2198 3813 2478 3884 φίσασθαι,
2525 3813 2619 3866 καὶ
2649 3814 2763 3877 τοῖς
2808 3811 2991 3883 ἔργοις
3040 3810 3331 3884 πληρῶσαι
3367 3812 3579 3884 ἴσχυσε,
3620 3817 3716 3871 καὶ
3751 3816 3877 3872 οὔτε

2194 3902 2256 3955 τὸ
2301 3900 2531 3973 φοϐερὸν
2562 3899 2673 3954 τῶν
2710 3899 3015 3971 παρόντων,
3065 3899 3164 3971 ούχ
3194 3901 3228 3971 ἡ
3269 3898 3468 3973 ὀξύτης
3510 3902 3606 3957 τοῦ
3657 3892 3874 3978 καιροῦ,

2195 3991 2294 4062 οὐχ
2329 3993 2362 4062 η
2391 3989 2597 4061 ἐρημία
2635 3989 2735 4060 τῆς
2770 3980 3291 4060 ἐπιϐουλευομένης,
3320 3990 3382 4043 οὺ
3412 3990 3472 4045 τὸ
3518 3991 3688 4063 μόνην
3725 3993 3875 4048 ἔνδον

2196 4079 2564 4149 ἀπειλῆφθαι,
2608 4078 2710 4131 ούκ
2760 4075 2888 4130 ἀλλο
2924 4075 3077 4129 οὐδὲν
3124 4077 3367 4132 τοιοῦτον
3429 4078 3731 4154 ἐθορύϐησε
3774 4084 3875 4153 τὴν

2199 4166 2474 4238 μακαρίαν
2501 4163 2746 4235 ἐκείνηνο
2795 4162 2909 4217 ἀλλ’
2959 4161 3149 4235 ὣσπερ
3194 4164 3363 4234 φίλων
3391 4166 3556 4220 τινῶν
3589 4169 3886 4241 παρόντων-

2196 4254 2291 4310 καὶ
2328 4254 2641 4325 γνωρίμων,
2668 4252 2811 4306 οὕτω
2843 4251 2983 4321 μετὰ
3010 4253 3195 4316 ἀδείας
3223 4255 3440 4309 άπαντα
3469 4256 3705 4328 ἔπραττε
3728 4276 3740 4288 ·
3778 4260 3875 4314 καὶ

2198 4342 2343 4415 μάλα
2374 4343 2618 4406 εἰκότως.
2662 4342 2737 4396 Ού
2779 4342 2889 4412 γὰρ
2923 4337 2991 4412 ἦν
3031 4341 3180 4397 ἔνδον
3212 4344 3372 4416 μόνη,
3415 4344 3527 4399 ἀλλ’
3570 4341 3684 4418 εἶχε
3731 4345 3881 4419 σύμι

2196 4432 2381 4484 ϐουλον
2421 4430 2660 4501 Ἰησοῦν·
2689 4432 2899 4494 ἐκεῖνος
2933 4432 3068 4503 αὐτῇ
3107 4432 3323 4502 παρῆν,
3353 4434 3559 4496 ἐκεῖνος
3600 4435 3700 4504 τῆς
3739 4452 3876 4506 καρ-

2194 4520 2314 4583 δίας
2358 4517 2529 4589 αύτῆς
2560 4518 2784 4590 ἥπτετο,
2826 4520 3032 4583 ἐκεῖνος
3069 4521 3167 4590 τὴν
3202 4519 3382 4591 ψυχὴν
3435 4520 3889 4594 παρεθάρρυνεν,,

2194 4608 2401 4671 ἐκεῖνος
2431 4606 2710 4677 μόνοςοτὸν
2760 4606 2925 4676 φόϐον
2957 4608 3201 4672 ἐξέϐαλε.
3234 4608 3420 4663 Ταῦτα
3448 4610 3506 4665 δέ
3544 4612 3643 4682 οὐχ
3686 4612 3873 4679 ἁπλῶς

2194 4694 2388 4759 ἐποίει,
2414 4693 2531 4747 ἀλλ’
2554 4693 2740 4766 ἐπειδὴ
2770 4694 3035 4767 πρότερον
3064 4696 3265 4769 ἑαυτὴν
3300 4696 3457 4763 ἀξίαν
3494 4700 3874 4771 παρεσκεύασε

2191 4782 2290 4851 τῆς
2315 4780 2521 4834 ἐκείνου
2558 4779 2809 4852 βοηθείας
2840 4784 2874 4853 ἡ
2915 4783 3147 4854 μάρτυς.

2265 4867 2331 4938 β’.
2367 4867 2689 4933 Ἐξελθοῦσα
2721 4868 2899 4923 τοίνυν
2926 4869 3086 4942 χάριν
3120 4871 3287 4942 ᾔτησε
3332 4872 3460 4936 τοὺς
3494 4876 3835 4947 στρατιώτας
3858 4917 3897 4941 ,.

2191 4955 2334 5009 ὥστε
2378 4956 2662 5021 εἰσελθεῖν,
2713 4960 2809 5012 καί.
2858 4960 3379 5031 μεταμφιάσασθαι⁶
3425 4963 3522 5017 καὶ
3560 4964 3877 5021 εἰσελθοῦσα

2195 5044 2616 5116 μετημφιάσατο
2648 5046 2959 5118 ἀφθαρσίαν
2993 5048 3115 5102 ἀντὶ
3146 5049 3377 5122 φθορᾶς,
3413 5050 3712 5107 ἀθανασίαν
3752 5054 3878 5109 ἀντὶ

2192 5132 2449 5198 θανάτου,
2486 5132 2632 5205 ζωὴν
2670 5134 3029 5207 ἀτελεύτητον
3070 5137 3193 5192 ἀντὶ
3235 5138 3574 5211 προσκαίρου
3612 5140 3878 5213 περιϐαλ-

2190 5220 2392 5293 λομένη
2430 5221 2595 5293 ζωῆς.
2634 5222 2778 5291 Ἐγὼ
2808 5221 2866 5277 δέ
2899 5223 3037 5295 πρὸς
3082 5227 3196 5289 τοῖς
3233 5227 3548 5298 εἰρημένοις
3583 5229 3676 5283 καὶ
3716 5229 3877 5284 τοῦτο

2193 5307 2479 5378 θαυμάζω,
2516 5310 2635 5373 πῶς
2683 5310 2894 5366 ἔδωκαν
2924 5312 3022 5384 τὴν
3068 5314 3229 5385 χάριν
3267 5315 3316 5368 οί
3368 5316 3723 5387 στρατιῶται,
3757 5316 3877 5381 πῶς

2193 5396 2443 5465 ὴπάτησε
2481 5399 2609 5462 τοὺς
2643 5398 2842 5470 ἀνδρας
2883 5402 2915 5471 ἠ
2949 5400 3108 5471 γυνὴ,
3146 5401 3264 5466 πῶς
3302 5404 3455 5456 οὐδὲν
3503 5404 3613 5457 τῶν
3653 5401 3875 5473 μελλόνο

2194 5502 2305 5538 των
2360 5484 2737 5556 συμϐήσεσθαι
2774 5489 3055 5544 ὑπείδοντο
3105 5492 3336 5554 ἐκεῖνοι,
3386 5490 3503 5555 πῶς
3529 5492 3593 5544 ού
3636 5494 3875 5561 συνῆκαν

2193 5573 2287 5627 τὸν
2316 5573 2488 5628 δόλον.
2518 5574 2653 5628 Οὐδὲ
2688 5576 2798 5649 7&9
2830 5577 2950 5632 ἐστι
2979 5577 3137 5633 τοῦτο
3167 5582 3361 5648 εἰπεῖν,
3584 5580 3666 5635 ὅτι
3698 5581 3875 5644 οὐδεὶς

2197 5660 2346 5714 οὐδὲν
2387 5658 2629 5715 τοιοῦτον
2685 5664 3011 5736 εἰργάσατοο
3068 5665 3260 5721 πολλαὶ
3304 5668 3415 5740 γὰρ
3463 5668 3595 5732 ἴσως
3644 5669 3739 5721 καὶ
3794 5670 3875 5731 είς

2196 5747 2439 5821 κρημνὸν
2485 5745 2685 5814 ἐαυτάς
2712 5751 2952 5823 ἀφῆκαν,
2996 5755 3089 5807 καὶ
3117 5757 3196 5819 εἰς
3229 5756 3463 5825 πέλαγος
3496 5755 3748 5829 ἔρριψαν,
3780 5756 3879 5809 καὶ

2194 5837 2348 5906 ξίφος
2385 5836 2473 5891 διὰ
2503 5836 2598 5891 τοῦ
2634 5839 2867 5913 στήθους
2902 5843 3128 5913 ἤλασαν,
3162 5846 3254 5900 καὶ
3290 5846 3483 5918 βρόχον
3515 5846 3747 5917 ἀνῆψαν,
3779 5844 3876 5899 καὶ

2201 5923 2408 5981 πολλῶν
2457 5926 2711 5983 τοιούτων
2760 5929 3055 6004 δραμάτων
3095 5936 3121 5991 6
3157 5936 3343 6010 καιρός
3390 5938 3585 6010 ἔγεμεν
3633 5936 3862 5990 ἐκεῖνος’
