4224 6302
282 395 377 451 sst
876 376 877 381 ‘
1065 388 1153 444 DE
1189 386 1247 444 s.
1289 384 1584 442 PELAGIA
1629 380 1856 438 VIRGIN

1960 381 2017 438 ΞΤ
2050 383 2405 440 MAllTYllE.
2448 386 2675 443 llOMlL.
2701 387 2740 443 ι.

280 519 388 561 non
416 502 792 559 odorat-eatur.
840 498 1194 570 Quamobrem
1225 514 1289 553 ex
1318 496 1507 552 mediis
1543 494 1629 550 illa
1660 494 1860 549 retibus

279 594 513 650 avolavit
537 612 549 646 :
574 608 636 648 ac
661 590 1108 663 quemadmodum
1134 603 1288 645 cerva
1313 589 1365 643 in
1393 587 1534 659 ipsas
1549 598 1861 644 venatorum

284 702 471 742 manus
494 686 737 756 delapsa,
762 684 990 755 indeque
1016 692 1198 755 postea
1219 682 1495 753 aufugiens
1524 682 1577 736 in
1604 682 1863 736 verticem

282 778 477 832 montis
506 775 849 832 venatoribus
878 784 933 831 ct
968 774 1086 830 telis
1127 774 1458 830 inaccessum
1514 788 1575 829 se
1611 772 1860 839 confert,

281 882 604 936 cursumque
647 864 862 921 tandem
916 866 1077 931 sistit,
1124 874 1287 936 atque
1325 866 1379 920 in
1412 873 1525 920 tuto
1550 865 1722 935 posita
1747 878 1863 930 eos,

282 956 369 1025 qui
415 956 519 1011 sibi
547 955 1210 1026 insidiabantur,,respicit
1237 973 1252 1010 :
1278 957 1359 1012 sic
1390 965 1445 1011 ct
1476 956 1563 1011 illa
1591 956 1645 1011 in
1677 970 1865 1011 manus

280 1046 645 1102 insidiantium
674 1047 890 1117 delapsa
915 1087 932 1113 ,
972 1055 1030 1102 et
1056 1047 1348 1117 parietibus
1375 1048 1526 1118 quasi
1555 1048 1757 1103 retibus
1780 1047 1863 1102 in-

282 1145 367 1192 tus
406 1137 819 1209 comprehensa,
856 1137 1080 1209 aufugit,
1109 1154 1215 1194 non
1262 1139 1315 1194 in
1362 1140 1560 1194 montis
1587 1140 1861 1202 verticem,

281 1229 376 1285 sed
405 1231 458 1285 in
484 1230 657 1301 ipsum
678 1230 797 1285 caeli
818 1244 1105 1301 cacumen;
1132 1230 1273 1285 unde
1297 1231 1419 1285 illos
1448 1230 1661 1285 intuens
1681 1232 1864 1285 vacuis

280 1321 522 1377 manibus
542 1330 892 1389 revertentes,
916 1320 1140 1377 multum
1168 1322 1451 1393 gaudebat,
1480 1338 1598 1376 cum
1623 1322 1863 1378 inlldcles

279 1411 484 1482 pudore
510 1410 744 1466 suffusos
766 1420 1030 1467 cerneret.
1051 1411 1264 1482 Cogites
1277 1426 1504 1481 namque
1523 1413 1681 1467 velim
1702 1412 1863 1482 quale

279 1501 377 1556 fuit
416 1501 567 1568 illud,
610 1502 831 1558 sedente
869 1503 1066 1573 judice,
1124 1503 1455 1559 adstantibus
1499 1504 1856 1571 carnificibus,

279 1594 479 1660 paratis
508 1594 807 1661 tormentis,
836 1593 1085 1648 universa
1114 1602 1299 1649 coacta
1326 1593 1686 1658 multitudine,
1736 1608 1859 1648 cum

269 1684 480 1740 milites
516 1693 908 1755 exspectarent,
932 1700 1045 1757 prae
1072 1684 1342 1755 voluptate
1369 1686 1719 1755 gestientibus
1738 1700 1860 1739 om-

277 1775 454 1841 nibus,
487 1790 545 1831 se
579 1776 812 1845 prtedam
841 1786 1156 1847 accepturos
1192 1777 1553 1847 sperantibus,
1586 1787 1711 1832 tunc
1739 1776 1863 1833 red-

278 1865 401 1921 iisse
446 1879 562 1933 eos,
602 1866 691 1937 qui
727 1866 795 1922 ad
833 1867 885 1929 id
934 1867 1085 1925 missi
1114 1867 1355 1933 fuerant,
1388 1868 1534 1922 vultu
1564 1868 1616 1922 in
1662 1880 1860 1923 terram

278 1956 531 2024 demisso,
560 1972 778 2029 remque
805 1968 1005 2028 gestam
1031 1973 1297 2014 narrasse.
1315 1958 1581 2025 Quantum
1603 1957 1859 2025 dedecus,

276 2058 533 2117 quantum
576 2065 866 2105 mmrorem
912 2064 977 2106 ac
1017 2051 1275 2121 probrum
1317 2050 1562 2107 infideles
1589 2051 1708 2106 illos
1736 2062 1861 2106 tunc

276 2139 519 2195 aﬂ‘ccisse
546 2156 643 2211 par
669 2148 754 2197 est
776 2142 801 2194 ‘l
824 2156 985 2211 quam
1012 2141 1159 2196 vultu
1198 2142 1450 2207 demisso,
1493 2150 1694 2211 quanto
1737 2158 1857 2197 cum

275 2233 480 2301 pudore
506 2232 730 2289 rediisse
753 2246 909 2305 putes
948 2235 1070 2290 illos
1093 2277 1108 2301 ,
1138 2250 1259 2291 cum
1302 2234 1614 2290 didicissent
1640 2248 1701 2290 se
1749 2250 1855 2289 non

274 2337 392 2377 cum
414 2324 740 2390 hominibus,
771 2325 863 2380 sed
885 2340 1005 2381 cum
1036 2326 1150 2381 Deo
1176 2325 1374 2382 bellum
1401 2327 1633 2397 gerere?
1660 2325 1858 2395 Ioseph

274 2412 417 2469 herae
441 2430 553 2469 sua:
579 2414 787 2471 insidiis
815 2419 1101 2488 appetitus,
1143 2419 1478 2484 vestimento,
1522 2417 1665 2489 quod
1702 2417 1859 2474 fcedis

273 2505 516 2562 barbarae
564 2508 807 2564 mulieris
849 2510 1095 2565 manibus
1123 2510 1423 2578 tenebatur,
1447 2510 1656 2576 relicto,
1686 2511 1861 2582 nudus

271 2597 401 2652 exiit
425 2616 439 2652 :
470 2597 587 2654 haec
613 2614 743 2654 vero
762 2614 959 2670 corpus
986 2601 1199 2656 lascivis
1223 2602 1451 2657 detineri
1475 2602 1719 2658 manibus
1749 2618 1856 2675 non

276 2689 421 2755 sivit,
437 2689 530 2745 sed
552 2689 695 2745 nuda
720 2705 841 2755 cum
864 2690 1040 2745 anima
1065 2691 1381 2759 ascendens,
1410 2706 1725 2763 sacramque
1740 2706 1859 2747 car-

270 2795 393 2834 nem
422 2781 562 2851 apud
592 2780 774 2836 hostes
797 2782 1129 2851 relinquens,
1150 2782 1205 2836 in
1227 2798 1468 2851 magnam
1490 2783 1613 2838 illos
1642 2782 1853 2839 consilii

271 2870 503 2940 inopiam
535 2871 806 2942 conjecit:
839 2888 1014 2943 neque
1042 2873 1183 2929 enim
1214 2874 1457 2930 sciebant
1492 2874 1619 2945 quid
1643 2875 1713 2929 de
1731 2876 1859 2931 reli-

268 2962 409 3032 quiis
430 2962 534 3017 illis
562 2963 818 3019 facerent.
848 2965 995 3020 Talia
1020 2973 1146 3019 sunt
1181 2964 1273 3020 Dei
1308 2966 1561 3034 praeclara
1588 2974 1761 3037 gesta,
1795 2974 1857 3021 ut

268 3068 456 3108 servos
479 3068 608 3111 suos
626 3069 689 3109 ex
717 3056 958 3126 angustia
985 3057 1035 3110 in
1059 3056 1489 3125 tranquillitatem
1504 3071 1745 3126 magnam
1758 3057 1855 3111 de-

270 3142 466 3209 ducat;
518 3145 853 3201 adversarios
894 3154 1073 3200 autem
1090 3154 1180 3228 __et
1220 3147 1401 3200 hostes
1448 3160 1569 3201 cum
1604 3160 1856 3216 prospere

272 3239 474 3297 habere
500 3241 750 3296 videntur
776 3282 791 3307 ,
814 3241 866 3295 in
894 3250 1203 3296 extremam
1226 3241 1431 3295 consilii
1472 3240 1703 3310 inopiam
1724 3240 1859 3309 deji-

274 3334 400 3388 ciat.
442 3332 573 3400 Quae
609 3333 753 3387 enim
782 3334 1023 3403 angustia
1062 3333 1234 3402 major
1263 3332 1369 3396 illa,
1404 3332 1455 3386 in
1488 3348 1645 3403 quam
1678 3332 1850 3402 puella

272 3434 397 3480 tunc
422 3424 730 3479 inciderat?
754 3424 878 3494 quid
910 3422 1163 3478 facilitate
1192 3424 1279 3477 illa
1316 3423 1507 3491 majus,
1538 3423 1591 3477 in
1615 3438 1717 3492 qua
1741 3430 1854 3477 tum

271 3514 466 3569 milites
515 3513 905 3569 versabantur?
951 3512 1133 3568 Solam
1189 3513 1332 3566 illam
1379 3512 1521 3566 intus
1577 3512 1849 3566 habebant

270 3604 735 3676 comprehensam,
757 3605 903 3661 domi
929 3620 1026 3661 ceu
1056 3605 1109 3660 in
1132 3620 1352 3661 carcere
1380 3605 1663 3669 inclusam,
1691 3614 1746 3658 et
1772 3614 1854 3659 ta-

270 3692 392 3753 men
420 3696 796 3751 abscesserunt
819 3698 1013 3751 amissa
1040 3696 1237 3766 prteda.
1272 3695 1503 3750 Rursum
1535 3696 1709 3765 puclla
1741 3695 1855 3750 sola

271 3787 470 3843 auxilio
491 3804 714 3859 prorsus
734 3798 788 3844 et
816 3804 919 3859 ope
956 3788 1230 3856 destituta,
1262 3789 1463 3843 nullum
1487 3788 1856 3858 undecumque

270 3879 340 3932 ah
369 3877 622 3934 aerumnis
647 3879 849 3935 exitum
890 3879 1095 3943 videns,
1128 3878 1361 3933 ferarum
1391 3879 1572 3933 oribus
1595 3878 1854 3949 proxima,

270 3985 334 4025 ex
359 3972 511 4039 ipsis,
542 3980 601 4025 ut
627 3972 698 4025 ita
738 3971 936 4036 dicam,
977 3970 1219 4026 faucibus
1248 3980 1453 4039 erepta,
1484 3969 1705 4025 insidias
1723 3968 1857 4025 cllu-

269 4061 366 4130 git,
393 4061 611 4129 milites,
636 4061 866 4131 judiees,
899 4061 1170 4132 principes
1201 4051 1492 4131 superavit.
1520 4062 1602 4116 Ac
1619 4060 1746 4115 dum
1768 4060 1856 4115 illa

271 4155 492 4221 viveret,
512 4154 681 4223 ipsam
707 4168 767 4209 se
786 4164 1133 4224 superaturos
1155 4155 1445 4225 sperabant
1464 4168 1654 4210 omnes
1671 4140 1690 4221 ’;
1710 4163 1858 4224 post-

269 4259 427 4313 quam
458 4253 634 4298 autem
679 4253 891 4299 mortua
942 4252 1059 4312 est,
1090 4255 1215 4300 tunc
1262 4245 1314 4300 in
1345 4246 1603 4315 majorem
1646 4246 1856 4301 consilii

270 4334 502 4403 inopiam
526 4333 729 4404 delapsi
754 4342 879 4390 sunt
902 4345 993 4389 :ut
1022 4335 1293 4391 discerent
1326 4352 1544 4391 nomen
1565 4351 1855 4391 uanam:

272 4440 395 4479 esse
421 4424 697 4479 victoriam
737 4432 1052 4496 martyrum.
1078 4426 1306 4482 Perinde
1327 4441 1456 4482 vero
1476 4425 1689 4493 accidit,
1718 4441 1782 4482 ac
1809 4426 1857 4482 si

272 4515 424 4570 navis
476 4516 774 4571 innumeris
824 4517 1094 4573 mercibus
1150 4518 1555 4589 margaritisque
1608 4518 1858 4589 pretiosis

271 4614 483 4671 onusta,
532 4607 585 4661 in
632 4607 749 4677 ipso
791 4606 978 4677 pertus
1028 4608 1174 4664 aditu
1212 4608 1568 4664 decumanum
1613 4608 1853 4676 ﬂuctum,

273 4712 393 4751 tuux
413 4697 561 4752 illam
582 4698 1008 4767 submersarum,
1032 4700 1309 4771 effugiens,
1334 4701 1451 4769 ipso
1472 4701 1733 4756 undarum
1757 4702 1859 4755 im-

273 4798 392 4856 petu
419 4788 650 4843 celerius
677 4788 733 4844 in
773 4799 987 4861 portum
1006 4791 1433 4846 transmittatur.
1480 4790 1570 4847 Sic
1604 4799 1662 4855 et
1686 4791 1857 4846 beata

273 4877 498 4948 Pelagia:
532 4880 776 4951 contigit.
827 4880 963 4936 Nam
992 4881 1220 4936 militum
1260 4881 1526 4947 incursus,
1560 4881 1855 4937 futurorum

267 4972 602 5026 crueiatuum
630 4982 822 5041 metus,
871 4973 1032 5029 minas
1052 4974 1265 5045 judicis,
1302 4974 1419 5029 hate
1458 4990 1650 5045 nempe
1676 4974 1855 5029 omnia

266 5062 516 5119 fluctibus
563 5054 933 5126 vehementius
992 5067 1291 5137 ingruentia
1345 5068 1395 5121 id
1447 5067 1755 5133 effecerunt,
1801 5078 1857 5122 ut

270 5155 435 5209 multo
482 5154 714 5211 celerius
744 5156 796 5210 in
823 5158 1012 5211 caelum
1040 5158 1313 5223 avolaret;
1342 5156 1640 5227 ﬂuctusque
1664 5174 1855 5215 navem

268 5246 647 5301 suliinersurus
669 5246 812 5300 illam
830 5247 987 5301 citius
1010 5247 1064 5301 in
1083 5249 1420 5317 tranquillum
1441 5260 1651 5319 portum
1679 5260 1855 5306 trans-

268 5338 411 5391 misit
438 5354 455 5404 ;
488 5339 679 5394 deinde
699 5354 893 5410 corpus
921 5340 1050 5395 illud
1068 5343 1152 5396 vel
1172 5341 1379 5413 fulgure
1404 5343 1734 5413 splendidius
1756 5346 1853 5401 de-

270 5428 561 5496 ferebatur,
607 5429 803 5485 diaboli
846 5431 1029 5486 oculos
1056 5430 1276 5487 feriens.
1302 5432 1418 5487 Non
1445 5434 1585 5488 enim
1626 5434 1832 5505 fulgure

268 5520 399 5574 caelo
422 5518 713 5575 demissum
744 5520 815 5575 ita
844 5522 996 5578 nobis
1015 5523 1251 5579 terribile
1270 5533 1375 5591 est,
1410 5538 1464 5581 ut
1485 5542 1680 5596 corpus
1708 5544 1852 5583 mar-

270 5612 401 5680 tyris
434 5610 639 5682 fulgure
669 5614 784 5685 ipso
807 5616 1020 5685 gravius
1048 5616 1349 5673 daemonum
1394 5620 1684 5692 phalangas
1730 5637 1854 5691 per-

272 5703 663 5758 tcrrel'acicbat.
1798 5772 1803 5775 _

338 5793 393 5850 3.
425 5793 507 5849 Ex
531 5796 698 5851 dicina
726 5806 851 5852 nutu
882 5796 1092 5871 Pelagia
1116 5817 1169 5857 se
1205 5803 1505 5873 pra'cipitrm
1548 5805 1651 5861 dat.
1691 5840 1747 5847 πμ
1785 5808 1853 5865 lit

3458 398 3563 457 589.

1970 510 2099 548 vero
2129 496 2301 551 discas
2330 497 2379 552 id
2412 514 2514 553 non
2543 500 2656 555 sine
2680 499 2858 556 divino
2889 519 3014 558 nutu
3058 504 3252 563 factum
3296 508 3477 577 fuisse,
3512 515 3561 568 id

1968 585 2199 643 maxime
2237 592 2559 659 comperias,
2611 602 2721 669 tum
2751 610 2816 648 ex
2843 595 3059 666 virginis
3104 598 3403 669 alacritate,
3452 615 3563 661 tum

1932 740 1937 743 Α
1968 694 2032 734 ex
2058 695 2145 745 eo,
2167 683 2309 752 quod
2332 683 2525 740 milites
2544 684 2722 740 dolum
2752 702 2857 742 non
2879 688 3179 761 olfecerint,
3203 697 3343 765 quod
3366 703 3563 768 petenti

1968 774 2272 837 annuerint,
2294 782 2350 829 et
2365 775 2504 845 quod
2522 794 2606 832 res
2618 776 2684 832 ad
2705 781 2903 859 exitum
2920 782 3141 841 deducta
3156 787 3225 843 sit
3242 807 3257 843 :
3278 795 3532 862 nequcmi
3546 825 3563 836 -

1968 878 2067 916 nus
2098 862 2148 916 id
2191 865 2432 921 ediscere
2460 867 2618 923 liccat
2643 885 2707 924 ex
2752 871 2865 941 ipsa
2911 875 3101 930 mortis
3139 878 3363 939 ratione.
3416 883 3563 938 Multi

1968 952 2110 1007 enim
2137 971 2167 1009 e
2194 955 2405 1011 sublimi
2439 967 2578 1023 tecto
2602 950 2829 1032 delapsi,
2861 963 2991 1019 nihil
3039 967 3162 1022 mali
3216 973 3355 1038 passi
3404 986 3564 1042 sunt;

1968 1042 2056 1096 alii
2088 1043 2213 1097 item
2245 1044 2502 1103 membris
2520 1048 2839 1118 quibusdam
2860 1056 3104 1123 corporis
3126 1054 3373 1126 mutilati,
3405 1063 3564 1135 longe

1968 1144 2088 1202 post
2111 1134 2313 1205 lapsum
2344 1147 2585 1208 tempore
2627 1141 2919 1198 vixerunt:
2955 1144 3123 1202 beata:
3162 1157 3339 1206 autem
3378 1134 3565 1225 virgini

1966 1224 2100 1280 nihil
2126 1226 2433 1297 hujusmodi
2481 1232 2793 1304 contingere
2820 1236 2986 1294 voluit
3038 1240 3218 1309 Deus;
3265 1245 3360 1300 sed
3408 1224 3571 1316 jussit

1964 1318 2195 1370 animam
2222 1321 2399 1374 Statim
2431 1335 2495 1375 ex
2523 1332 2749 1392 corpore
2772 1328 2941 1397 exire,
2979 1339 3034 1386 et
3060 1346 3200 1401 eam,
3258 1346 3315 1390 ut
3342 1352 3459 1407 qua:
3484 1355 3569 1395 sn-

1970 1410 2036 1463 tis
2065 1420 2320 1466 certasset
2346 1414 2628 1485 omniaque
2655 1418 2945 1488 implesset,
2988 1426 3219 1494 excepit.
3263 1427 3377 1482 Non
3422 1432 3583 1485 enim.

1964 1516 2033 1556 ex
2060 1516 2216 1589 casus
2236 1514 2441 1570 natura,
2483 1506 2574 1561 sed
2620 1524 2687 1563 ex
2732 1510 2825 1566 Dei
2865 1512 3017 1581 jussu
3058 1532 3204 1571 mors
3237 1533 3563 1591 consequuta

1964 1600 2065 1646 est.
2096 1590 2311 1649 Jacebat
2339 1596 2529 1651 deinde
2550 1614 2751 1668 corpus
2790 1616 2896 1656 non
2924 1603 2977 1659 in
3003 1604 3165 1673 lecto,
3193 1608 3288 1663 sed
3311 1609 3363 1663 in
3403 1590 3520 1664 solo
3549 1630 3561 1665 :

1966 1690 2021 1734 at
2051 1700 2155 1737 non
2179 1684 2299 1740 ideo
2321 1701 2515 1757 expers
2541 1688 2763 1747 honoris
2792 1702 2907 1759 erat
2933 1696 3078 1766 quod
3103 1698 3155 1751 in
3182 1699 3297 1754 solo
3312 1700 3517 1771 jaccret
3544 1722 3557 1767 ;

1964 1772 2057 1827 sed
2084 1775 2255 1829 solum
2284 1777 2457 1845 ipsum
2486 1782 2845 1837 venerandum
2874 1793 2991 1840 erat
3019 1824 3036 1853 ,
3061 1788 3202 1857 quod
3231 1798 3370 1845 tanta
3396 1792 3595 1863 gloriae

1968 1867 2250 1936 praeditum
2277 1884 2467 1941 corpus
2493 1875 2814 1943 excepisset.
2842 1877 2919 1932 Ex
2950 1878 3052 1960 hoc
3077 1880 3196 1950 ipso
3216 1882 3374 1953 igitur
3403 1900 3567 1941 vene-

1965 1958 2181 2013 rabilius
2208 1974 2405 2031 corpus
2432 1962 2561 2018 illud
2588 1976 2723 2033 erat,
2748 1968 2892 2037 quod
2922 1969 2975 2023 in
2992 1958 3130 2025 solo
3150 1972 3357 2042 jaceret
3384 1992 3399 2028 :
3430 1990 3564 2031 con-

1966 2050 2196 2106 tumelize
2226 2069 2454 2123 namque
2482 2068 2699 2127 propter
2723 2059 2992 2115 Christum
3016 2062 3266 2134 irrogata:
3286 2070 3589 2125 accensio-

1962 2156 2087 2197 nem
2126 2143 2279 2199 nobis
2311 2147 2550 2215 pnehent
2594 2149 2829 2206 honoris.
2899 2150 3119 2209 Jacebat
3149 2156 3307 2227 igitur
3330 2160 3383 2213 iu
3422 2160 3563 2225 solo,

1962 2247 2186 2304 angusto
2215 2238 2355 2306 loco,
2388 2239 2682 2309 virgineum
2716 2242 2844 2297 illud
2865 2254 2918 2298 et
2945 2260 3076 2299 auro
3105 2248 3388 2316 pretiosius
3438 2266 3563 2306 eor-

1966 2342 2063 2396 pus
2094 2345 2107 2381 :
2139 2328 2557 2386 circumstabant
2588 2334 2782 2403 angeli,
2821 2337 3210 2393 venerabantur
3258 2343 3572 2412 archangeli

1962 2431 2150 2473 omnes
2179 2437 2193 2474 :
2218 2419 2404 2476 aderat
2430 2422 2543 2492 ipse
2569 2422 2837 2481 Christus.
2867 2426 3000 2481 Nam
3017 2429 3062 2483 si
3094 2429 3208 2484 heri
3237 2430 3585 2489 domesticos.

1964 2508 2297 2567 honestiores
2324 2525 2563 2569 mortuos
2590 2514 2837 2584 efferunt,
2882 2535 2981 2575 nec
3009 2522 3350 2591 erubescunt,
3396 2527 3597 2582 multm

1963 2603 2132 2673 magis
2156 2603 2398 2660 Christus
2426 2622 2564 2675 eam,
2590 2624 2709 2679 qum
2740 2611 2821 2666 sui
2849 2626 3009 2667 causa
3038 2614 3269 2669 animam
3287 2618 3561 2689 emiserat,

1967 2704 2278 2770 tantumque
2300 2701 2521 2770 periculi
2565 2703 2790 2770 adierat,
2846 2723 2941 2762 sua
2981 2713 3264 2779 praesentia
3296 2711 3591 2772 honorare-

1961 2802 2067 2843 non
2088 2790 2379 2846 erubuerit.
2394 2792 2613 2849 Iacebat
2638 2797 2798 2867 igitur
2822 2814 3072 2869 maguum
3098 2800 3337 2859 funerale
3356 2805 3584 2865 habent

1906 2944 1907 2947 η
1960 2880 2273 2951 martyrium
2300 2883 2653 2942 confessionis
2681 2898 2872 2944 ornatu
2903 2890 3174 2960 decerata,
3218 2896 3365 2950 omni
3409 2899 3575 2969 regia-

1961 2984 2214 3040 purpura,
2246 2975 2390 3027 omni
2419 2986 2564 3030 veste
2591 2980 2822 3047 pretiosa
2848 2982 3162 3049 pretiosiore
3192 2986 3329 3045 stola
3352 2988 3562 3058 induta,

1958 3073 2129 3131 eaque
2153 3061 2374 3132 duplici,
2408 3080 2602 3135 nempe
2643 3067 2964 3138 virginitatis
3003 3082 3059 3127 et
3103 3078 3390 3146 martyrii:
3432 3095 3557 3134 eum

1960 3151 2043 3229 his
2070 3152 2401 3211 funeralibus
2444 3158 2675 3213 adstabit
2720 3161 2968 3216 tribunali
2995 3162 3211 3221 Christi.
3244 3167 3430 3226 Talem
3461 3186 3563 3228 nos

1959 3258 2171 3313 quoque
2190 3256 2397 3301 vestem
2422 3248 2731 3305 studeamus
2748 3253 2991 3309 viventes
3015 3270 3079 3310 ac
3101 3260 3294 3313 mortui
3324 3252 3523 3319 habere
3543 3280 3556 3317 :

1958 3338 2108 3404 gnari
2137 3352 2282 3405 eum,
2311 3340 2398 3408 qui
2429 3342 2609 3396 aureis
2624 3345 2958 3402 vestimentis
2974 3362 3171 3418 corpus
3196 3361 3441 3422 exornet,
3473 3354 3558 3428 ni-

1961 3425 2036 3480 bil
2061 3428 2181 3483 inde
2210 3430 2450 3486 utilitatis
2482 3434 2779 3504 percipere,
2824 3437 2933 3493 imo
2958 3440 3135 3508 potius
3166 3441 3219 3496 in
3259 3425 3581 3501 multorum.

1960 3520 2431 3588 reprehensionem
2450 3524 2743 3592 incurrere,
2778 3536 2835 3582 ut
2854 3530 2943 3600 qui
2968 3545 3036 3585 ne
3068 3532 3119 3585 in
3141 3544 3317 3590 morte
3339 3536 3557 3607 quidem

1959 3622 1989 3661 a
2013 3625 2144 3663 vana
2172 3610 2337 3681 gloria
2378 3614 2628 3680 recedat;
2658 3617 2740 3671 sin
2775 3618 2973 3674 virtute
3012 3622 3080 3674 sit
3108 3622 3327 3691 inditus,
3363 3628 3578 3682 multos-

1960 3700 2119 3756 etiam
2148 3714 2266 3771 post
2292 3715 2519 3760 mortem
2551 3708 2853 3764 laudatores
2895 3711 3130 3767 habebit.
3182 3714 3395 3771 Etenim
3425 3717 3567 3787 ipsis

1959 3792 2119 3846 etiam
2153 3793 2515 3864 imperialibus
2542 3800 2677 3854 aulis
2704 3800 3035 3872 splendidius
3064 3805 3204 3874 apud
3228 3821 3419 3863 omnes
3452 3812 3557 3865 erit

1960 3885 2263 3953 sepulcrum
2282 3886 2430 3954 illud,
2454 3889 2541 3945 ubi
2564 3905 2760 3961 corpus
2775 3891 3024 3961 jacuerit,
3059 3896 3199 3965 quod
3220 3912 3345 3953 cum
3363 3898 3559 3956 virtute

1960 3990 2023 4030 ac
2056 3976 2251 4044 pietate
2278 3980 2486 4034 vixerit.
2510 3980 2677 4051 llujus
2694 3986 2770 4037 rei
2799 3992 2962 4039 testes
2985 4002 3078 4040 vos
3106 3988 3256 4061 estis,
3288 3990 3380 4059 qui
3422 3991 3556 4046 divi-

1962 4075 2073 4121 tum
2109 4069 2380 4137 sepulcra,
2425 4072 2527 4126 etsi
2583 4073 2761 4129 aureis
2805 4073 2994 4131 ornata
3047 4079 3404 4149 vestimentis,
3454 4098 3556 4138 ceu

1960 4159 2242 4227 speluncas
2268 4164 2758 4233 praetermittentes,
2786 4167 2853 4221 ad
2880 4177 3119 4224 sanetam
3147 4186 3344 4243 magno
3374 4175 3557 4229 studio

1961 4252 2257 4319 accurritis,
2303 4256 2427 4323 quia
2468 4270 2589 4309 eum
2634 4271 2756 4313 sese
2799 4260 3073 4331 martyrio,
3119 4263 3459 4322 confessione
3502 4278 3558 4323 et

1961 4340 2271 4409 virginitate,
2308 4344 2535 4399 vestium
2580 4362 2862 4403 aurcarum
2896 4350 3012 4405 loco
3038 4351 3321 4423 induisset,
3352 4368 3558 4431 martyr

1962 4430 2227 4487 discessit.
2273 4433 2406 4489 Eam
2456 4436 2635 4506 itaque
2675 4453 2771 4508 pro
2815 4440 3016 4497 viribus
3064 4436 3335 4499 imitemur
3376 4430 3556 4503 :con-

1964 4524 2277 4592 tempsitilla
2298 4527 2482 4591 vitam,
2510 4539 2917 4587 contemnamus
2933 4541 2986 4588 et
3013 4549 3110 4591 nos
3130 4536 3373 4605 delicias,
3406 4555 3557 4599 sum.-

1964 4624 2183 4684 ptuosos
2211 4617 2531 4675 irrideamus
2554 4633 2860 4692 apparatus,
2890 4626 3258 4686 abstineamus
3283 4631 3353 4687 ab
3382 4633 3557 4690 ebrie-

1964 4714 2093 4775 tate,
2116 4710 2386 4779 crapulam
2403 4711 2685 4783 fugiamus.
2706 4714 2893 4787 Neque
2908 4719 3026 4775 sine
3042 4734 3202 4776 causa
3224 4723 3303 4777 sic
3328 4723 3555 4794 loquor:

1963 4797 2057 4853 sed
2079 4802 2199 4870 quia
2226 4801 2423 4858 multos
2445 4802 2556 4874 jam
2583 4806 2760 4874 video,
2785 4809 2875 4880 qui
2906 4818 3025 4879 post
3045 4811 3279 4869 solutum
3308 4814 3415 4871 hoc
3440 4817 3555 4886 apis

1962 4891 2152 4946 rituale
2177 4893 2443 4949 theatrum
2470 4895 2536 4951 ad
2563 4897 2897 4967 ebrietatem,
2926 4902 2995 4958 ad
3022 4919 3312 4976 cauponas,
3362 4908 3431 4964 ad
3474 4910 3558 4965 'di-

1965 4984 2323 5041 versoriorum
2341 5002 2575 5056 mensas,
2594 4990 2661 5044 ad
2679 4991 2888 5063 aliaque
2907 4998 3078 5065 turpia
3096 4997 3393 5054 advolaturi
3409 5009 3555 5058 sunt.

1964 5076 2319 5143 Quamobrem
2350 5095 2482 5151 rogo
2510 5092 2564 5136 et
2588 5081 2795 5152 hortor,
2830 5093 2888 5140 ut
2912 5102 3123 5157 semper
3151 5088 3288 5144 hanc
3312 5103 3554 5147 sanctam

1963 5170 2220 5239 virginem
2265 5171 2317 5225 in
2344 5174 2601 5229 memoria
2623 5185 2676 5230 et
2702 5187 2881 5231 mente
2916 5178 3176 5246 habeatis,
3222 5198 3394 5251 neque
3437 5199 3561 5239 con-

1964 5262 2171 5316 cionem
2194 5262 2331 5318 hanc
2350 5264 2703 5335 dedecoretis,
2730 5284 2904 5337 neque
2928 5285 3067 5336 eam,
3099 5287 3219 5340 qua:
3248 5288 3313 5327 ex
3344 5271 3442 5328 hac
3469 5288 3562 5329 ee-

1966 5351 2210 5409 lebritate
2238 5357 2391 5409 nobis
2420 5357 2648 5425 accedit,
2699 5357 2946 5414 ﬁduciam
2995 5361 3063 5416 de
3108 5362 3286 5417 medio
3329 5365 3552 5423 tollatis.

1966 5442 2175 5498 Etenim
2198 5462 2303 5499 non
2335 5456 2537 5502 temere
2568 5464 2689 5503 cum
2732 5452 3018 5520 gentilibus
3055 5454 3418 5524 colloquentes
3464 5458 3560 5512 hu.-

1921 5591 1929 5598 ,
1959 5533 2049 5603 jus
2101 5535 2452 5590 solemnitatis
2496 5537 2791 5607 frequentia
2831 5543 3155 5612 gloriamur,
3197 5545 3423 5615 illosque
3470 5565 3560 5603 ru-

1964 5627 2095 5682 bore
2126 5630 2491 5697 perfundimus
2520 5631 2779 5700 dicentes,
2816 5635 3117 5689 universam
3139 5638 3407 5692 civitatem
3434 5650 3555 5694 tan-

1910 5774 1913 5779 ,
1966 5729 2184 5789 tumque.
2213 5723 2463 5791 populum
2494 5739 2523 5778 a
2560 5724 2733 5794 puella
2765 5736 2972 5781 mortua
2995 5729 3217 5798 singulis
3244 5732 3398 5808 anuis
3439 5748 3560 5803 pcr-

1970 5813 2127 5879 trahi,
2156 5829 2251 5869 nec
2279 5803 2493 5883 postitot
2520 5830 2688 5872 annos
2716 5834 2744 5871 a
2776 5819 2862 5871 tali
2892 5803 3291 5878 consuetudine
3313 5837 3561 5891 supersc-
