4224 6302
670 380 774 434 533

656 493 824 547 dere:
852 507 1034 547 verum
1054 491 1098 546 si
1123 488 1388 550 senserint
1413 503 1498 554 ea,
1529 503 1647 556 qua:
1682 487 1733 541 in
1767 487 1865 540 hac
1932 485 2237 540 celebritate

659 584 1028 647 admittuntur,
1053 594 1244 652 magna
1275 578 1486 633 laudum
1515 587 1663 647 parte
1688 576 2006 631 carebimus.
2029 572 2161 628 Nam
2193 575 2237 628 si

664 673 797 738 haec,
839 686 957 742 qua:
980 685 1120 724 nunc
1165 672 1436 732 convenit,
1465 667 1749 722 multitudo
1797 667 1874 719 sic
1899 679 2019 718 cum
2058 663 2238 717 dehito

659 763 848 818 ordine
866 763 1104 828 accedat,
1132 761 1185 817 id
1223 774 1412 830 magno
1440 759 1596 815 nobis
1635 760 1739 814 erit
1766 764 2118 820 ornamento;
2157 756 2237 810 sin

661 870 782 910 cum
823 853 1048 925 segnitia
1088 868 1150 908 ac
1196 851 1535 922 negligentia,
1575 851 1825 920 probrum
1875 846 2028 900 nobis
2052 846 2152 900 erit
2179 861 2240 901 ac

660 947 996 1014 vituperium.
1539 929 1546 935 ’

731 1039 786 1091 ι.
825 1036 1004 1091 Honor
1031 1034 1339 1106 longi-ibus
1364 1034 1576 1087 debitus.
1601 1061 1672 1074 —
1707 1031 1776 1086 Ut
1813 1031 1970 1100 igitur
1998 1030 2243 1085 caritatis

663 1137 857 1182 vestra:
885 1127 1178 1201 frequentia
1203 1126 1415 1194 gloriari
1447 1125 1710 1194 possimus
1734 1164 1748 1188 ,
1775 1137 1894 1176 cum
1917 1122 2101 1176 eadem
2129 1137 2244 1176 mo-

667 1218 841 1274 destia
881 1217 1096 1272 domum
1141 1215 1452 1271 recedamus
1475 1254 1491 1279 ,
1532 1229 1635 1283 qua
1673 1228 1769 1283 par
1797 1221 1879 1267 est
1915 1227 2009 1266 eos
2052 1212 2198 1266 abire
2225 1252 2238 1276 ,

666 1310 758 1379 qui
786 1323 906 1363 cum
935 1307 1032 1362 hac
1058 1315 1291 1379 martyre
1317 1307 1705 1360 convenerunt.
1737 1303 1867 1357 Nam
1908 1303 1951 1356 si
1986 1304 2106 1372 quis
2135 1316 2240 1354 non

670 1405 770 1455 hoc
799 1401 902 1454 ritu
929 1399 1182 1464 discedat,
1210 1412 1314 1452 non
1342 1396 1513 1450 solum
1545 1395 1672 1448 nihil
1703 1395 2024 1464 profecerit,
2057 1409 2242 1446 verum

663 1491 821 1545 etiam
845 1490 1136 1560 periculum
1156 1489 1254 1543 sibi
1272 1488 1557 1540 maximum
1575 1485 1868 1540 attraxerit.
1889 1485 2010 1540 Scio
2031 1487 2242 1556 quidem

669 1599 768 1639 vos
793 1584 893 1638 hoc
915 1583 1100 1638 morbo
1129 1596 1233 1636 non
1258 1582 1522 1646 laborare,
1551 1578 1644 1634 sed
1673 1579 1724 1632 id
1751 1593 1854 1632 non
1885 1577 1950 1632 ad
1975 1579 2243 1632 defensio-

666 1691 788 1729 nem
821 1674 969 1728 vobis
1006 1672 1135 1727 satis
1154 1680 1236 1726 est
1262 1684 1282 1727 ‘:
1328 1679 1538 1740 oportet
1579 1670 1721 1724 enim
1747 1670 1905 1724 etiam
1937 1669 2125 1724 fratres
2151 1685 2243 1724 ve-

665 1774 828 1830 stros,
851 1765 938 1834 qui
963 1763 1208 1818 indecore
1225 1777 1283 1817 se
1303 1770 1513 1832 gerunt,
1535 1760 1601 1815 ad
1627 1760 1911 1814 maximam
1934 1759 2243 1814 modestiam

667 1869 722 1910 et
740 1857 805 1909 ad
825 1857 1100 1910 decentem
1127 1865 1324 1910 statum
1351 1853 1622 1908 reducere.
1651 1851 1930 1907 Honorasti
1958 1863 2246 1923 martyrem

671 1947 982 2016 praesentia?
999 1947 1145 2001 Illam
1163 1946 1321 2000 etiam
1345 1930 1674 2013 propriorum
1697 1943 2057 1997 membrorum
2073 1959 2248 1997 emen-

671 2038 885 2092 datione
917 2037 1139 2090 honora.
1168 2035 1223 2091 Si
1250 2034 1446 2089 videris
1475 2033 1878 2088 immoderatum
1910 2033 2097 2098 risum,
2127 2049 2249 2088 cur-

671 2145 789 2183 sum
818 2128 1146 2183 indecentem
1175 2167 1190 2192 ,
1233 2129 1496 2183 incessum
1527 2127 1861 2191 illiberalem,
1895 2125 2131 2180 habitum
2162 2127 2246 2180 in-

673 2219 922 2273 decorum
940 2259 955 2282 ,
989 2217 1212 2284 accede,
1241 2225 1295 2272 et
1322 2215 1413 2272 tali
1437 2216 1654 2273 affectos
1674 2216 1833 2271 modo
1863 2217 2168 2271 terribiliter
2194 2226 2250 2272 et

674 2319 822 2364 torve
862 2307 1088 2362 intuere.
1127 2307 1196 2361 At
1238 2315 1290 2361 te
1328 2305 1661 2375 despiciunt,
1696 2306 1965 2375 magisque
1991 2306 2248 2360 irrident?

672 2400 835 2454 Sume
869 2407 1041 2453 tecum
1078 2397 1214 2452 duos
1241 2407 1414 2452 tresve
1437 2439 1450 2462 ,
1483 2406 1574 2452 aut
1609 2398 1787 2467 plures
1825 2397 2016 2453 fratres
2041 2440 2055 2464 ,
2087 2409 2145 2452 ut
2181 2412 2248 2453 ex

675 2505 898 2545 numero
936 2491 1122 2561 majori
1152 2491 1204 2544 in
1244 2491 1585 2546 veneratione
1627 2491 1763 2546 sitis.
1803 2491 1953 2558 Quod
1995 2493 2040 2547 si
2081 2509 2148 2546 ne
2178 2493 2249 2547 ita

672 2580 885 2650 quidem
911 2595 1094 2634 eorum
1120 2581 1405 2634 amentiam
1433 2581 1709 2650 reprimas,
1738 2596 1830 2636 eos
1857 2582 1922 2636 ad
1945 2582 2250 2638 sacerdotes

674 2671 903 2728 deferas.
929 2673 997 2726 At
1019 2673 1100 2727 vix
1124 2681 1346 2743 possunt
1377 2673 1449 2727 illi
1476 2673 1527 2727 in
1561 2681 1763 2729 tantum
1790 2675 2132 2744 impudentiae
2158 2674 2252 2730 de-

676 2763 861 2818 venire
883 2804 900 2828 ,
931 2773 989 2818 ut
1012 2764 1266 2833 increpati
1290 2773 1345 2818 et
1378 2765 1563 2818 moniti
1592 2780 1694 2818 non
1724 2773 1972 2831 cessent,
2002 2779 2101 2820 nec
2129 2781 2250 2820 eru-

676 2855 913 2918 hescant,
941 2869 1113 2924 neque
1137 2854 1204 2908 ab
1230 2854 1526 2911 inordinata
1552 2861 1606 2909 et
1630 2854 1832 2909 ludicra
1861 2855 2056 2910 chorea
2083 2871 2142 2911 se
2168 2871 2253 2911 re-

677 2946 907 3010 trahant.
941 2946 994 3001 Si
1021 2947 1101 3000 vel
1130 2945 1338 3012 decem,
1367 2947 1411 3002 si
1441 2947 1523 3002 vel
1554 2955 1682 3011 tres,
1714 2948 1800 3002 vel
1825 2947 1950 3015 duo,
1977 2949 2060 3002 vel
2090 2963 2250 3002 unum

677 3036 908 3091 lucratus
938 3037 1117 3101 fueris,
1152 3052 1386 3091 mercem
1411 3038 1632 3092 multam
1666 3039 2040 3107 reportaveris.
2065 3038 2253 3107 Magna

679 3135 762 3180 cst
792 3127 889 3179 viae
929 3124 1238 3194 longitudo:
1273 3125 1374 3179 viae
1411 3126 1567 3196 igitur
1596 3126 1921 3195 longitudine
1945 3126 2010 3181 ad
2045 3142 2106 3182 ea
2137 3143 2253 3196 qua:

677 3215 815 3269 dicta
840 3223 964 3270 sunt
991 3215 1286 3285 colligenda
1316 3225 1525 3270 utamur
1557 3231 1573 3281 ;
1609 3215 1967 3271 odoramentis
2005 3217 2263 3272 suavibus.

678 3307 816 3362 viam
847 3305 1166 3374 repleamus.
1197 3304 1377 3376 Neque
1404 3307 1546 3361 enim
1578 3307 1647 3361 ita
1678 3315 1861 3362 ornata
1888 3308 1969 3361 via
1997 3322 2253 3377 apparue—

678 3397 786 3462 rit,
816 3397 860 3451 si
887 3395 1246 3452 odoramentis
1275 3392 1393 3452 eam
1425 3399 1638 3468 replens
1665 3398 1923 3468 quispiam
1964 3400 2114 3453 suavi
2145 3399 2252 3453 fra-

678 3487 884 3559 grantia
907 3501 1084 3541 aerem
1114 3485 1420 3557 perfuderit,
1451 3497 1509 3541 ut
1530 3487 1751 3542 honesta
1782 3503 1921 3542 nunc
1941 3489 2211 3558 apparebit
2235 3531 2248 3551 ,

680 3579 726 3634 si
752 3591 936 3632 omnes
964 3587 1220 3648 quotquot
1249 3577 1407 3632 hodie
1428 3593 1522 3647 per
1543 3578 1684 3632 illam
1712 3577 1981 3644 incedunt,
2009 3579 2254 3649 martyris

681 3666 972 3720 certamina
1003 3666 1138 3721 inter
1168 3682 1226 3722 se
1250 3676 1526 3721 narrantes
1555 3666 1771 3721 domum
1797 3668 2051 3734 redeant,
2078 3668 2252 3738 lingua

683 3773 777 3812 sua
805 3758 993 3828 singuli
1023 3772 1118 3813 ceu
1145 3757 1412 3813 thuribulo
1439 3768 1664 3815 utentes.
1698 3762 1887 3815 Annon
1913 3760 2123 3827 videtis,
2153 3761 2256 3814 lm-

685 3858 928 3919 peratore
973 3847 1025 3902 in
1063 3849 1247 3904 urbem
1292 3848 1620 3918 ingrediente
1643 3890 1658 3914 ,
1699 3848 1896 3919 quanto
1921 3865 2040 3905 cum
2068 3850 2256 3905 ordine

685 3939 880 3993 milites
906 3938 1150 4006 utrinque
1177 3939 1331 4009 positi
1359 3941 1544 3992 armati
1575 3937 1882 4008 gradiantur
1903 3982 1918 4006 ,
1959 3942 2095 3995 alter
2121 3942 2252 3995 alte-

685 4047 799 4086 rum
832 4031 1171 4086 cohortantes
1196 4071 1210 4096 ,
1242 4041 1298 4085 ut
1335 4032 1512 4100 quiete
1545 4041 1598 4087 et
1627 4045 1747 4086 cum
1776 4033 2073 4086 reverentia
2109 4035 2254 4090 ince-

1397 382 1450 437 S.
1479 382 1761 439 JOANNIS
1791 380 2268 438 CIIRYSOSTOMI
2297 379 2612 437 ARCHIEP.
2647 377 3186 436 CONSTANTINOP.

3805 371 3912 429 581

2344 480 2494 546 dant,
2524 495 2630 551 quo
2658 488 2899 549 spectatu
2928 478 3072 548 digni
3104 477 3421 534 videantur?
3451 477 3579 534 Illos
3609 480 3787 550 itaque
3815 468 3940 535 imi-

2347 582 2524 628 temur
2552 590 2566 627 :
2593 583 2647 628 et
2675 588 2770 627 nos
2809 573 3004 642 quippe
3031 570 3409 641 imperatorem
3442 571 3790 637 deducimus;
3833 573 3938 627 lm-

2347 673 2648 733 peratorem
2669 705 2684 729 ,
2715 664 2948 732 inquam,
2983 676 3086 715 non
3123 662 3453 730 sensibilem,
3483 678 3587 718 non
3620 672 3889 717 terrenum
3917 702 3936 728 ,

2347 755 2440 810 sed
2473 755 2778 823 angelorum
2812 755 3114 808 Dominum.
3142 755 3228 810 Sic
3256 768 3384 823 ergo
3415 765 3467 809 et
3488 769 3585 809 nos
3623 762 3770 808 recto
3811 769 3938 808 cunt

2346 847 2532 902 ordine
2561 846 2941 914 ingrediamur,
2974 861 3072 900 nos
3104 855 3286 899 mutuo
3305 846 3668 909 cohortantes,
3695 853 3752 898 ut
3776 845 3937 898 modo

2347 939 2557 1006 rituque
2597 937 2805 992 decenti
2856 936 3297 1008 progrediamur,
3340 945 3396 990 ut
3439 951 3546 989 non
3593 934 3937 989 multitudine

2349 1036 2571 1090 tantum,
2601 1027 2694 1082 sed
2715 1028 2874 1081 etiam
2901 1036 3090 1082 ornatu
3126 1035 3453 1097 spectatores
3486 1033 3704 1094 stupore
3728 1016 3934 1080 afficia-

2348 1134 2485 1172 mus.
2517 1119 2625 1173 lino
2655 1134 2782 1171 vero
2807 1120 2905 1172 etsi
2943 1134 3099 1174 nemo
3125 1118 3339 1174 adesset
3372 1118 3538 1182 alius,
3571 1117 3665 1172 sed
3704 1117 3806 1171 soli
3833 1118 3938 1172 iter

2349 1208 2642 1265 faceremus
2663 1252 2676 1274 ,
2702 1225 2766 1264 ne
2796 1211 2872 1264 sic
2895 1210 3106 1280 quidem
3139 1209 3388 1264 indecore
3416 1225 3474 1265 se
3501 1225 3688 1278 gerere
3717 1223 3934 1280 Oporte-

2348 1312 2449 1362 ret.
2473 1302 2542 1355 ob
2568 1302 2870 1371 pervigilem
2902 1303 3046 1354 illum
3080 1301 3292 1355 oculum
3326 1302 3519 1372 ubique
3543 1315 3858 1373 praesentem
3881 1317 3938 1362 et

2347 1394 2525 1446 omnia
2553 1392 2840 1446 videntem.
2861 1391 3010 1447 Nunc
3029 1406 3156 1445 vero
3177 1392 3513 1446 considerate
3541 1395 3740 1448 multos
3766 1395 3938 1451 haere-

2349 1483 2482 1538 ticos
2521 1498 2638 1538 esse
2677 1484 2828 1538 nobis
2869 1482 3200 1555 permixtos;
3232 1486 3320 1553 qui
3360 1484 3406 1538 si
3449 1499 3546 1540 nos
3593 1487 3824 1542 viderint
3866 1489 3938 1543 ita

2348 1572 2574 1628 choreas
2597 1582 2834 1642 agentes,
2867 1575 3123 1640 ridentes,
3153 1574 3465 1640 clamantes,
3499 1575 3696 1643 ebrios,
3727 1594 3938 1634 summe

2349 1677 2447 1717 nos
2475 1663 2790 1718 danmantes
2835 1664 3109 1719 recedent.
3142 1664 3293 1732 Quod
3323 1665 3368 1720 si
3402 1666 3444 1719 is
3469 1708 3484 1731 ,
3511 1667 3604 1736 qui
3630 1669 3712 1724 vel
3739 1671 3828 1722 uni
3856 1670 3937 1724 of-

2351 1755 2616 1810 fendiculo
2637 1755 2814 1822 fuerit,
2840 1757 3130 1811 inevitabili
3159 1772 3313 1828 paena
3335 1759 3633 1827 plectetur:
3663 1761 3752 1830 qui
3779 1761 3832 1814 in
3863 1771 3939 1816 tot

2350 1847 2622 1903 hominum
2667 1847 3018 1904 offensionem
3064 1851 3420 1918 incurrimus,
3468 1854 3653 1922 quales
3693 1854 3937 1911 dabimus

2353 1941 2579 2010 pinnas?
2621 1940 2724 1994 Sed
2766 1941 2937 2009 absit,
2980 1952 3039 1996 ut
3075 1953 3197 2013 post
3239 1952 3317 1996 tot
3359 1959 3634 1998 sermones
3673 1947 3939 2017 talemque

2351 2031 2776 2086 adhortationem
2815 2033 3076 2102 quispiam
3119 2035 3416 2103 reperiatur
3461 2049 3621 2104 supra
3661 2036 3816 2091 dictis
3843 2038 3939 2092 ob-

2351 2123 2541 2178 noxius
2563 2122 2755 2193 culpis.
2783 2123 2913 2178 Nam
2935 2122 2980 2178 si
3011 2124 3239 2179 antehac
3265 2124 3396 2179 tales
3423 2140 3584 2180 ausus
3607 2127 3761 2181 venia
3791 2126 3939 2197 digni

2350 2227 2456 2268 non
2485 2222 2676 2282 erant,
2716 2221 2834 2284 post
2874 2213 3177 2283 hujusmodi
3215 2215 3499 2270 consilium
3537 2225 3591 2270 et
3619 2216 3940 2286 increpatio-

2351 2319 2471 2359 nem
2503 2304 2671 2359 multo
2709 2305 3062 2360 inevitabilior
3090 2306 3192 2360 erit
3217 2320 3373 2376 poena
3401 2315 3506 2360 tam
3547 2306 3610 2359 iis
3633 2347 3648 2371 ,
3690 2308 3780 2375 qui
3822 2307 3940 2362 haec

2350 2404 2678 2466 perpetrant,
2701 2411 2857 2466 quam
2887 2397 2970 2464 iis,
2999 2397 3090 2466 qui
3118 2396 3239 2451 talia
3265 2397 3581 2467 despiciunt.
3607 2398 3677 2455 Ut
3700 2399 3860 2468 igitur
3885 2410 3942 2454 et

2352 2502 2446 2543 eos
2466 2504 2496 2543 a
2523 2489 2782 2559 supplicio
2809 2489 3062 2552 liberetis,
3089 2505 3151 2545 ac
3179 2489 3331 2545 vobis
3358 2491 3486 2560 ipsis
3508 2491 3762 2560 majorem
3791 2506 3944 2545 com-

2352 2581 2550 2656 paretis
2584 2581 2884 2636 mercedem
2918 2622 2933 2648 ,
2979 2580 3204 2636 fratrum
3230 2592 3528 2636 vestrorum
3557 2598 3738 2637 curam
3769 2584 3946 2638 susci-

2353 2672 2484 2740 pite,
2513 2685 2608 2727 eos
2633 2671 2699 2726 ad
2726 2672 2814 2727 illa
2829 2671 3124 2741 colligenda
3152 2679 3206 2727 et
3233 2671 3527 2746 enarranda
3560 2672 3798 2726 inducite
3832 2689 3844 2727 :
3879 2681 3942 2728 ut

2355 2764 2471 2821 haec
2493 2779 2588 2834 per
2617 2773 2781 2820 totam
2806 2766 2945 2818 viam
2977 2763 3323 2832 meditantes,
3351 2774 3510 2834 atque
3538 2766 3602 2819 iis
3626 2806 3642 2832 ,
3669 2766 3756 2835 qui
3787 2765 3942 2822 domi

2353 2866 2728 2912 remanserunt
2763 2872 2827 2912 ac
2856 2857 3026 2912 relicti
3064 2864 3190 2911 sunt
3217 2897 3232 2920 ,
3266 2855 3422 2926 hujus
3452 2871 3652 2911 mensae
3682 2858 3944 2927 reliquias

2354 2949 2658 3012 merentes,
2681 2946 3015 3017 splendidum
3039 2957 3094 3001 et
3115 2947 3223 3001 illic
3243 2947 3542 3002 convivium
3571 2946 3830 3002 habeatis.
3863 2947 3946 3004 Ita

2353 3041 2496 3094 enim
2525 3048 2579 3094 et
2606 3039 2762 3109 hujus
2799 3037 2917 3092 festi
2951 3052 3168 3092 sensum
3210 3038 3503 3098 maximum
3540 3039 3810 3108 capiemus
3837 3081 3852 3106 ,
3886 3049 3947 3096 et

2355 3139 2590 3184 sanctam
2631 3139 2920 3200 martyrem
2950 3127 3017 3182 ad
3058 3127 3314 3198 majorem
3356 3129 3776 3184 benevolentiam
3809 3145 3944 3201 pro-

2356 3223 2663 3277 vocabimus
2686 3261 2702 3285 ,
2726 3235 2854 3275 vero
2879 3219 3021 3274 illam
3052 3221 3254 3274 honore
3283 3231 3666 3289 prosequentes
3697 3239 3712 3274 :
3745 3222 3943 3289 majori

2354 3313 2550 3384 quippe
2576 3312 2675 3380 ipsi
2707 3311 2963 3381 voluptati
2993 3311 3135 3378 erit,
3178 3311 3222 3366 si
3268 3311 3634 3391 spiritualibus
3677 3312 3948 3370 fructibus

2356 3401 2479 3456 hinc
2505 3401 2682 3455 onusti
2709 3401 3038 3463 recedamus,
3059 3415 3217 3470 quam
3248 3403 3290 3454 si
3317 3401 3420 3455 huc
3447 3415 3566 3455 cum
3597 3405 3822 3458 tumultu
3848 3420 3950 3461 ve-

2357 3492 2562 3546 neritis.
2596 3490 2806 3546 Utinam
2829 3506 2955 3546 vero
2981 3500 3090 3544 tum
3115 3499 3313 3545 sancte
3342 3490 3497 3560 hujus
3521 3534 3535 3558 ,
3571 3501 3679 3546 tum
3711 3509 3900 3549 eorum
3929 3539 3944 3560 ,

2356 3584 2444 3653 qui
2470 3583 2715 3637 similiter
2737 3591 3108 3648 certaverunt,
3141 3582 3406 3652 precibus,
3435 3592 3489 3638 et
3514 3583 3700 3639 horum
3724 3596 3778 3641 et
3808 3587 3953 3642 alio~

2359 3689 2498 3740 rum,
2527 3689 2644 3744 qum
2669 3673 2810 3728 dicta
2839 3681 2982 3738 sunt,
3013 3675 3322 3728 memoriam
3354 3676 3647 3742 retineatis,
3679 3686 3731 3730 et
3759 3678 3948 3746 operi-

2360 3767 2457 3820 bus
2481 3765 2657 3818 omnia
2686 3764 2997 3819 exhibentes
3021 3805 3035 3828 ,
3077 3764 3131 3818 in
3170 3765 3418 3820 omnibus
3455 3765 3564 3820 Deo
3587 3781 3800 3836 semper
3823 3768 3949 3838 pla-

2359 3856 2525 3910 ceatis
2550 3898 2563 3922 ,
2593 3855 2675 3910 cui
2705 3853 2872 3924 gloria
2897 3863 2951 3910 et
2980 3855 3257 3924 imperium
3284 3855 3336 3910 in
3371 3857 3562 3911 szccula
3594 3857 3944 3914 surculorum.

2361 3948 2548 4003 Amen.
