4224 6302
325 380 432 438 583

316 492 566 549 τοσοῦτον
595 491 734 565 κόρη
779 491 878 564 μία
905 492 1275 562 τελευτήσασα
1308 490 1441 561 πρὸς
1466 489 1662 560 ἑαυτὴν
1691 489 1990 545 ἐπισπᾶται

317 580 436 633 καθ’
467 579 700 633 ικαστον
735 579 997 642 ἐνιαυτὸν,
1027 577 1123 630 καὶ
1159 577 1296 648 μετά
1325 577 1560 630 τοσαῦτα
1590 576 1706 648 ἔτη,
1743 577 1836 630 καὶ
1866 576 1985 648 χρό-

317 683 402 730 νος
431 666 607 730 οὐδεὶς
633 667 734 738 τὴν
788 664 1110 719 ἀκολουθίαν
1142 665 1241 735 τῆς
1281 665 1446 734 τιμῆς
1492 663 1708 734 διέκοψε
1755 663 1983 734 ταύτης-

320 755 435 808 axx
462 755 558 808 ἐὰν
587 755 880 809 αἴσθωνται
906 754 1014 806 τῶν
1048 755 1106 807 ἐν
1137 756 1201 824 τῇ
1236 752 1542 824 πανηγύρει
1587 752 1905 822 γινομένων,
1931 751 1993 806 τὸ

319 842 483 897 πλέον
516 841 851 916 ἀφῃρήμεθα
876 840 988 894 τῶν
1017 841 1329 910 ἐγκωμίων.
1360 840 1435 892 Τὸ
1459 839 1568 910 7&9
1597 839 1801 910 πλῆθος
1830 841 1992 894 τοῦτο

315 930 378 983 τὸ
408 928 853 999 παραγενόμενον
878 927 994 990 νῦν,
1027 927 1093 981 ἂν
1124 927 1222 998 μὲν
1256 928 1370 996 μετ’
1401 926 1653 992 εὐταξίας
1685 925 1991 997 παραγενη-

313 1034 428 1081 ται,
463 1016 664 1084 κόσμος
702 1018 836 1086 ημῖν
883 1015 1166 1086 μέγιστοςο
1203 1015 1268 1068 ἂν
1297 1014 1354 1067 δὲ
1387 1013 1526 1085 μετὰ
1557 1013 1850 1087 ῥᾳθυμίας,
1899 1014 1990 1066 καὶ

314 1103 609 1171 ὀλιγωρίας
641 1102 862 1172 πολλῆς,
887 1102 1090 1165 ὄνειδος
1114 1103 1210 1154 καὶ
1239 1100 1560 1171 κατηγορία.

394 1191 458 1246 δ’.
492 1190 610 1245 Ἵνα
638 1187 732 1245 οὖν
764 1189 1192 1261 ἐναδρυνὼμεθα
1220 1189 1298 1260 τῷ
1328 1189 1524 1260 πλήθει
1571 1193 1670 1259 τῆς
1717 1188 1990 1262 ὑμετέρας

316 1279 562 1350 ἀγάπης,
596 1279 736 1350 μετὰ
761 1278 863 1348 τῆς
891 1279 1063 1350 αὐτῆς
1095 1278 1278 1332 οίκαδε
1314 1278 1568 1341 εὐταξίας
1597 1278 1988 1348 ἀναχωρῶμεν,

317 1362 436 1430 μεθ’
449 1363 584 1431 ὅσης
609 1363 756 1425 είκδς
782 1363 1024 1433 μάρτυρι
1056 1361 1282 1434 τοιαύτῃ
1304 1361 1733 1431 συγγινομένους
1749 1361 1989 1415 ἀπιέναι.

314 1451 379 1503 Εἰ
413 1450 524 1520 γάρ
563 1466 649 1513 τις
683 1449 759 1520 μὴ
803 1449 978 1513 οὕτως
1028 1449 1210 1502 οῖκαδε
1258 1450 1508 1511 ἀπέλθοι,
1546 1449 1608 1500 οὐ
1653 1449 1814 1518 μόνον
1839 1449 1994 1502 οὐδὲν

313 1538 546 1605 ὤνησεν,
577 1537 714 1590 ἀλλά
741 1539 834 1589 καὶ
883 1536 1127 1589 κίνδυνον
1163 1536 1284 1589 καθ’
1328 1536 1522 1590 ἑαυτοῦ
1579 1538 1837 1608 μέγιστον
1865 1537 1990 1588 ἐπε-

316 1627 582 1679 σπάσατο.
631 1619 762 1676 Οῐδα
829 1624 911 1676 ὅτι
967 1623 1202 1694 καθαροί
1257 1623 1368 1675 τῶν
1415 1625 1742 1694 νοσημάτων
1788 1622 1993 1676 τούτων

315 1715 496 1782 ὑμεῖς,
525 1711 641 1765 ἀλλ’
672 1711 772 1763 οὐκ
804 1712 968 1780 ἀρκεῖ
999 1711 1159 1778 ¹ι;,οῦτο
1203 1712 1283 1773 είς
1323 1711 1620 1779 ἀπολογίαν
1664 1713 1822 1780 ὑμῖν·
1859 1710 1993 1764 ἀλλά

311 1799 513 1852 δεῖκαί
541 1799 670 1862 τοὺς
710 1798 976 1866 ἀδελφοὺς
1022 1797 1403 1866 ἀκοσμοῦντας
1435 1800 1516 1860 εἰς
1556 1797 1808 1864 εὐταξίαν
1841 1797 1994 1868 μεγί-

317 1905 450 1957 στην
502 1888 660 1953 ἄγειν
716 1885 811 1939 καὶ
856 1885 1122 1955 καθιστᾷν
1174 1887 1232 1938 ἐν
1289 1885 1369 1956 τῷ
1418 1886 1684 1957 πρέποντι
1729 1887 1988 1955 σχήματι.

327 1975 632 2045 Ἐτίμησας
657 1973 758 2042 τὴν
793 1973 1049 2044 μάρτυρα
1077 1975 1144 2042 τῇ
1178 1973 1488 2042 παρουσίας
1536 1973 1770 2043 τίμησον
1824 1972 1992 2042 αὐτὴν

314 2063 408 2116 καὶ
436 2065 506 2132 τῇ
549 2061 836 2132 διορθώσει
868 2059 978 2112 τῶν
1006 2059 1224 2112 οἰκείων
1263 2059 1443 2130 μελῶν
1465 2075 1480 2090 ·
1532 2060 1598 2112 ἂν
1638 2060 1754 2129 ἴδῃς
1783 2057 1994 2125 γέλωτα

313 2149 575 2211 ἄτακτον,
608 2147 705 2200 καὶ
735 2146 937 2218 δρόμον
968 2145 1277 2215 ἀσχήμονα,
1314 2145 1411 2198 καὶ
1463 2145 1677 2215 βάδισιν
1707 2143 1994 2197 ἀνελεύθε-

319 2255 431 2309 ρον,
453 2239 552 2291 καὶ
586 2238 774 2308 σχῆμα
803 2237 1078 2307 ἀπρεπὲς,
1104 2236 1390 2308 πρόσελθε,
1416 2237 1511 2289 καὶ
1544 2234 1736 2305 βλέψον
1765 2235 1846 2296 εἰς
1869 2233 1996 2296 τοὺς

315 2325 492 2379 ταῦτα
524 2323 809 2387 ποιοῦντας
843 2325 1009 2394 οριμύ
1041 2324 1138 2377 καὶ
1193 2324 1448 2394 φοϐερόν.
1502 2322 1666 2376 Ἀλλά
1716 2337 1996 2391 καταφρο-

314 2413 467 2468 νοῦσι
491 2413 588 2466 καὶ
609 2411 951 2480 καταγεΑῶσι
988 2411 1287 2482 μειζόνως;
1314 2411 1462 2465 Λαῦἐ
1497 2411 1634 2480 μετά
1658 2409 1754 2462 σοῦ
1786 2409 1878 2462 δύο
1903 2409 2000 2460 καὶ

316 2502 466 2571 τρεῖς
483 2498 822 2568 ἀδελφοὺς,ἢ
848 2499 943 2552 καὶ
965 2498 1208 2561 πλείους,
1227 2497 1369 2550 ὥστε
1396 2499 1489 2551 καὶ
1508 2497 1614 2550 ἀπὸ
1639 2496 1732 2549 τοῦ
1762 2494 2000 2565 πλήθους

316 2584 575 2654 γενέσθαι
599 2585 1057 2656 αἰδεσιμωτέρους
1075 2597 1101 2625 ι
1118 2601 1131 2615 ·
1154 2587 1202 2637 εἰ
1228 2585 1284 2638 δὲ
1310 2586 1446 2655 μηδὲ
1469 2584 1611 2637 οὕτω
1633 2582 1881 2636 καθίκοιο
1901 2582 2000 2652 τῆς

316 2673 506 2736 ἀνοίας
526 2671 773 2737 ἐκείνων,
804 2675 917 2735 τοῖς
950 2671 1156 2743 ἱερεῦσι
1186 2672 1413 2734 τούτους
1429 2671 1657 2741 ποίησον
1693 2668 1997 2738 φανερούς·

323 2765 526 2834 μᾶλλον
567 2760 624 2813 δέ
669 2761 952 2830 ἀμήχανον
983 2763 1063 2823 εἰς
1093 2761 1367 2830 τοσαύτην
1400 2760 1577 2812 ἐλθεῖν
1610 2758 2001 2828 ἀναισχυντίαν

321 2849 538 2911 αὐτοὺς,
558 2847 700 2901 ὥστε
737 2850 1199 2919 ἐπιτιμωμένους,
1223 2847 1743 2919 παρακαλουμένους
1767 2849 1841 2918 μὴ
1866 2844 2001 2914 εἶξαι

319 2937 416 2991 καὶ
445 2934 598 3008 [590]
624 2935 963 3006 ἐντραπῆναι
999 2938 1092 2988 καὶ
1144 2935 1461 3005 καθυφῆναι
1493 2935 1591 3005 τῆς
1639 2936 1875 2988 ἀτάκτου
1907 2935 2002 2987 καὶ¹

321 3023 583 3092 παιδικῆς
614 3024 854 3093 χορείας.
891 3022 1009 3074 Κᾶν
1046 3023 1201 3087 δέκα,
1233 3022 1338 3074 κᾶν
1373 3026 1543 3092 τρεῖς,
1601 3022 1704 3074 κᾶν
1749 3022 1862 3083 δύο,
1896 3021 2000 3074 κᾶν

320 3115 416 3169 ενα
444 3109 714 3182 κερδάνῃς
744 3109 924 3178 μόνον,
943 3109 1146 3179 πολλὴν
1169 3108 1347 3161 λαϐὼν
1382 3109 1666 3182 εἰσελεύσῃ
1702 3111 1800 3179 τὴν
1832 3109 2004 3178 ἐμπο-

327 3198 469 3269 ρίαν.
502 3195 646 3249 Πολὺ
678 3197 776 3265 τῆς
804 3195 923 3248 όδοῦ
955 3196 1018 3248 τὺ
1055 3197 1228 3266 μῆκος
1249 3214 1262 3227 ο
1293 3195 1368 3265 τῷ
1407 3198 1572 3268 μήκει
1610 3196 1791 3248 τοίνυν
1827 3194 2004 3264 τούτῳ

325 3282 463 3354 πρὸς
498 3281 766 3350 συλλογήν
799 3281 909 3333 τῶν
942 3281 1251 3351 εἰρημένων
1285 3279 1766 3350 ἀποχρησώμεθα’
1809 3280 2006 3350 θυμια-

329 3370 516 3442 μάτων
573 3370 944 3440 ἐμπλήσωμεν
998 3370 1096 3438 τήν
1148 3369 1440 3440 λεωφόρον.
1496 3369 1630 3422 Οὐδέ
1693 3369 1802 3440 γὰρ
1862 3367 2004 3421 οὕτω

329 3457 779 3546 σεμνὴᾼφανεῖται
807 3458 840 3526 ή
868 3455 1003 3546 ὁδός.
1042 3458 1090 3508 εἰ
1122 3456 1209 3508 διά
1242 3456 1426 3546 πάσης
1455 3455 1628 3524 αὐτῆς
1660 3454 2006 3525 θυμιατήριά

326 3539 413 3604 τις
438 3540 613 3603 τιθεὶς
648 3540 748 3610 τῆς
780 3540 1008 3615 εὐωδίας
1047 3539 1386 3610 ἀναχρὼσειε
1409 3542 1501 3593 τὸν
1541 3541 1700 3612 ἀέρα,
1730 3541 1806 3603 ὼς
1829 3541 2004 3610 σεμνὴ

330 3629 582 3695 φανεῖται
634 3625 750 3690 νῦν,
789 3628 837 3679 εἰ
882 3627 1085 3688 πάντες
1133 3628 1180 3678 oi
1211 3627 1458 3698 τήμερον
1511 3627 1679 3697 αὐτὴν
1724 3626 2006 3691 ὁδεύοντες

328 3715 455 3777 τοὺς
480 3714 680 3778 άθλους
722 3715 824 3783 τῆς
868 3715 1146 3785 μάρτυρος
1185 3714 1323 3784 πρὸς
1354 3717 1581 3778 ἑαυτοὺς
1615 3715 2005 3786 διηγούμενοι,

333 3799 598 3870 βαδίζοιεν
653 3799 874 3862 οίκαδε,
928 3799 1292 3870 θυμιατήριον
1346 3801 1447 3872 τὴν
1501 3800 1698 3854 ἐαυτοῦ
1757 3801 2006 3870 γλῶτταν

330 3885 559 3949 ἕκαστος
587 3885 781 3938 ποιῶν.
813 3886 925 3955 Οὐχ
958 3886 1122 3957 δρᾶτε
1154 3887 1420 3956 βασιλέως
1443 3887 1702 3950 εἰσιόντος
1723 3890 1804 3952 εἰς
1828 3887 2002 3953 πόλιν,

333 3976 452 4049 μεθ’
476 3977 612 4046 ὅσης
639 3975 895 4040 εὐταξίας
921 3978 970 4030 οἰ
1006 3979 1337 4048 στρατιῶται
1362 3979 1639 4050 στοιχηδὸν
1663 3980 2006 4048 ἑκατέρωθεν

330 4063 773 4134 καθωπλισμένοι
826 4064 1155 4133 βαδίζουσιν,
1189 4067 1452 4136 ἀλλήλους
1500 4067 2006 4137 παρακελευόμενοι

326 4165 980 4277 ηᾶἓῗοαίδεσιμωτέρους,
1006 4169 1088 4232 α’,ἱὶ
1110 4168 1396 4232 αἰδεσίμους.
1425 4169 1534 4218 Mox
1561 4169 1643 4218 alii
1669 4170 1904 4228 ωθίκοιο,
1921 4167 2004 4218 alii

1200 380 1288 436 DE
1326 383 1383 436 S.
1427 375 1723 434 PELAGIA
1765 373 2048 429 VIRGINE
2089 372 2174 428 ET
2217 371 2554 428 MARTYRE
2594 365 2826 425 HOMIL.
2876 368 2918 423 1.

3638 379 3742 434 εει

2091 491 2308 562 ἠρέμα,
2364 490 2456 542 καὶ
2510 486 2650 558 μετὰ
2699 487 2865 557 φόϐου
2923 484 3120 539 πολλοῦ
3165 486 3398 556 χωρεῖν,
3453 484 3594 538 ὥστε
3648 487 3762 550 τοῖς

2093 577 2391 649 θεωροῦσιν
2418 577 2613 638 αὐτοὺς
2637 575 2940 641 ἀξιοθέατοι
2969 572 3252 644 φαίνεσθαι
3279 588 3294 637 ;
3328 573 3601 636 Ἐκείνους
3627 571 3763 642 γοῦν

2095 664 2464 736 μιμησώμεθα
2479 683 2492 696 '
2520 665 2614 718 καὶ⁸
2641 664 2748 734 7&9
2771 663 2865 716 καὶ
2882 664 3045 733 ἡμεῖς
3062 661 3324 733 βασιλέως
3346 661 3763 735 προηγούμεθα,

2094 752 2361 822 βασιλέως
2413 752 2513 805 οὐκ
2568 749 2851 820 αἰσθητοῦ,
2894 752 2995 803 οὐκ
3027 750 3294 819 ἐπιγείου,
3329 749 3467 804 ἀλλά
3507 748 3602 803 τοῦ
3650 749 3765 802 τῶν

2093 840 2342 908 ἀγγέλων
2375 839 2665 893 Δεσπότου.
2697 836 2854 890 Οὕτω
2880 838 3061 890 τοίνυν
3090 835 3425 908 εἰσέλθωμεν
3453 838 3547 891 καί
3577 837 3762 907 ἡμεῖς,

2096 927 2214 997 μετ’
2242 927 2497 992 εὐταξίας
2531 925 2795 996 ἀλλήλους
2823 925 2852 964 δ
2891 925 3393 996 παρακελευόμενοι
3448 924 3640 995 ῥυθμῷ
3669 925 3766 979 καὶ

2091 1015 2241 1081 τάξει
2268 1015 2602 1084 προϐαίνειν,
2638 1014 2725 1067 ῖνα
2757 1013 2831 1083 μὴ
2864 1012 2942 1083 τῷ
2975 1012 3169 1083 πλήθει
3201 1013 3383 1081 μόνον,
3420 1011 3556 1066 ἀλλά
3573 1012 3666 1066 καὶ
3686 1012 3765 1082 τῷ

2092 1105 2282 1173 κόσμῳ
2313 1104 2438 1164 τοὺς
2461 1101 2770 1171 θεωμένους
2798 1099 3180 1170 ἐκπλήξωμεν.
3232 1099 3487 1154 Μάλιστα
3516 1100 3615 1170 μὲν
3655 1101 3766 1170 7&9

2099 1193 2146 1246 εἰ
2174 1209 2261 1244 και
2312 1190 2501 1260 μηδεὶς
2547 1188 2706 1252 ἀλλος
2741 1187 2949 1258 παρῆν,
2982 1187 3117 1241 ἀλλά
3153 1187 3305 1258 μόνοι
3333 1187 3477 1240 κατὰ
3503 1186 3605 1259 τὴν
3644 1186 3766 1240 όδδν

2094 1277 2437 1346 ἐϐαδίζομεν,
2472 1276 2594 1329 οὐδὲ
2649 1275 2824 1339 οὕτως
2880 1276 3214 1346 ἀσχημονεῖν
3276 1275 3467 1346 ἐχρῆν,
3526 1274 3615 1329 διὰ
3673 1273 3768 1329 τὸν

2094 1366 2392 1436 ἀκοίμητον
2423 1364 2700 1433 ὀφθαλμὸν
2729 1363 2820 1416 τὸν
2855 1362 3132 1433 πανταχοῦ
3166 1363 3413 1432 παρόντα
3443 1363 3537 1418 καὶ
3583 1364 3765 1417 πάντα

2096 1451 2361 1521 βλέποντα
2383 1469 2394 1483 ο
2444 1449 2537 1504 νῦν
2575 1452 2632 1504 δέ
2675 1452 2967 1520 ἐννοήσατε
2995 1451 3077 1502 ὅτι
3106 1449 3290 1502 πολλοὶ
3321 1449 3429 1502 τῶν
3471 1452 3767 1521 αἱρετικῶν

2095 1542 2234 1591 εἰσιν
2289 1540 2420 1608 ἡμῖν
2464 1537 2938 1607 ἀναμεμιγμένοι·
2998 1537 3104 1590 κᾶν
3159 1537 3342 1590 ἴδωσιν
3393 1539 3588 1608 ήμᾶςε
3623 1538 3768 1591 οὕτω

2095 1627 2439 1698 χορεύοντας,
2477 1625 2772 1694 γελῶντας,
2808 1624 3065 1695 βοῶντας,
3100 1625 3422 1694 μεθύοντας,
3454 1625 3522 1678 τά
3565 1625 3770 1695 ἔσχατα

2095 1715 2632 1784 καταγνόντες-ήμῶν
2659 1714 3150 1768 ἀπε).εύσονται.Εί
3171 1715 3227 1766 δέ
3254 1714 3348 1768 ἕνα
3372 1731 3456 1776 τις
3484 1714 3771 1768 σκανδσλί-

2095 1803 2200 1866 ζων
2232 1802 2606 1872 ἀπαραίτητον
2643 1801 2904 1871 ὑπομένει
2947 1801 3192 1864 κόλασιν,
3219 1802 3267 1853 οἱ
3292 1800 3578 1864 τοσούτους
3606 1818 3772 1855 σκαν-

2091 1888 2421 1952 δαλίζοντες.
2451 1888 2610 1940 ποίαν
2639 1887 2885 1957 δώσομεν
2905 1887 3095 1956 δίκην;
3128 1885 3262 1940 ἀλλά
3295 1887 3369 1957 μὴ
3394 1885 3606 1955 γένοιτο
3631 1890 3770 1958 μετά

2092 1976 2217 2037 τοὺς
2241 1975 2432 2040 λόγους
2451 1975 2672 2036 τούτους
2689 1975 2782 2025 καί
2809 1972 2902 2043 τὴν
2919 1975 3242 2044 παραίνεσιν
3262 1972 3395 2026 ταύτ
3407 1991 3466 2042 ην
3483 1972 3772 2045 εὑρεθῆναί

2094 2077 2215 2113 τινα
2258 2062 2559 2114 ὑπεύθυνον
2599 2063 2730 2114 δντα
2757 2064 2867 2124 τοῖς
2897 2063 3230 2132 εἰρημένοις.
3278 2060 3343 2113 Εί
3382 2059 3493 2130 γὰρ
3528 2061 3622 2114 καὶ
3665 2061 3774 2130 πρὸ

2094 2148 2286 2201 τούτου
2341 2149 2517 2203 ταῦτα
2571 2148 2900 2219 τολμώμενα
2951 2148 3314 2216 ἀσύγγνωστα
3353 2143 3442 2218 ἦν,
3496 2147 3636 2218 μετὰ
3671 2147 3774 2219 τὴν

2102 2236 2413 2308 συμϐουλὴν
2438 2235 2646 2308 ταύτην
2672 2237 2767 2290 καὶ
2795 2237 2897 2306 τὴν
2924 2235 3217 2305 ἐπίπληξιν
3247 2234 3426 2306 πολλῷ
3492 2235 3656 2290 πλέον
3711 2238 3776 2290 ά·-

2098 2324 2434 2394 παραίτητον
2489 2325 2633 2376 πυιεῖ
2649 2323 2747 2394 τὴν
2765 2322 3054 2394 τιμωρίαν,
3085 2323 3180 2376 καί¹
3218 2325 3329 2386 τοῖς
3358 2324 3499 2376 αὐτά
3526 2322 3774 2388 ποιοῦσι,

2100 2409 2331 2471 καὶτοῖς
2363 2409 2659 2480 περιορῶσι
2696 2409 3171 2484 γιγνόμεναηἽνα
3213 2403 3307 2462 οὖν
3340 2408 3631 2472 κάκείνους
3675 2410 3775 2480 τῆς

2100 2495 2374 2558 κολάσεως
2406 2496 2778 2565 ἀπαλλάξητε,
2815 2496 2911 2550 καί⁵
2937 2496 3065 2566 ὑμῖν
3090 2493 3117 2535 ιι
3148 2495 3370 2549 πλείονα
3402 2495 3778 2567 προξενήτητε

2100 2583 2191 2636 τὸν
2215 2583 2424 2654 μισθὸν,
2460 2582 2812 2638 ἀπιλάὁεσθε
2834 2583 2934 2653 τῆς
2956 2582 3066 2637 τῶν
3094 2582 3339 2652 ἀδελφῶν
3360 2584 3468 2638 τῶν
3491 2583 3778 2655 ἡμετέρων

2103 2671 2459 2741 κηδεμονίας,
2501 2673 2582 2733 εἰς
2613 2671 2713 2742 τὴν
2741 2670 3007 2742 συλλογὴν
3040 2671 3239 2730 αὐτοὺς
3274 2670 3370 2724 καὶ
3395 2671 3493 2741 τὴν
3521 2671 3778 2740 διήγησιν

2102 2759 2209 2812 τῶν
2256 2759 2563 2829 εἰρημένων
2619 2758 2949 2829 ἐμϐάλλετε,
2989 2759 3076 2812 ἵνα
3115 2757 3205 2813 διά
3261 2759 3362 2829 τῆς
3417 2757 3539 2813 ὀδοῦ
3595 2759 3778 2829 πάσης

2108 2845 2505 2914 μελετήσαντες
2534 2846 2730 2909 ταῦτα,
2758 2848 2852 2900 καί
2880 2849 2994 2908 τοῖς
3023 2845 3161 2900 οίκοι
3190 2847 3407 2917 μείνασι
3437 2846 3533 2899 καὶ
3555 2846 3783 2899 ἀπολει-.

2112 2931 2293 2999 φθεῖσι
2345 2933 2575 3002 λείψανα
2627 2933 2729 3003 τῆς
2775 2934 3060 3004 τραπέζης
3097 2933 3308 3004 ταύτης
3357 2933 3777 3002 ἀπενεγκόντες,

2103 3019 2364 3088 λαμπρὰν
2399 3021 2562 3072 κάκεῖ
2587 3021 2854 3090 ποιήσητε
2885 3021 2983 3091 τήν
3021 3021 3279 3091 εὐωχίαν.
3322 3020 3480 3074 Οὐτω
3533 3021 3643 3091 7&9
3683 3019 3781 3073 καὶ

2103 3107 2203 3176 τῆς
2253 3107 2447 3177 ἑορτῆς
2495 3107 2702 3177 ταύτης
2734 3107 3004 3177 μεγίστην
3052 3108 3306 3177 αἴσθησιν
3345 3106 3648 3177 ληψόμεθα,
3685 3109 3782 3161 καὶ

2104 3192 2202 3264 τὴν
2246 3195 2504 3265 μάρτυρα
2535 3195 2634 3266 τὴν
2655 3194 2815 3262 ἀγίαν
2846 3196 2925 3257 είς
2971 3195 3194 3247 πλείονα
3236 3194 3655 3265 ἐπισπασάμεθα
3691 3193 3784 3248 εὗ-

2105 3297 2276 3343 νοιαν,
2305 3281 2473 3351 τιμήν
2499 3281 2598 3351 τὴν
2629 3279 2803 3350 ἀληθῆ
2835 3279 3107 3350 τιμῶντες
3156 3281 3346 3350 αὐτήν.
3398 3279 3504 3334 Τοῦ
3547 3280 3656 3352 γάρ
3698 3282 3782 3333 ἐν-

2106 3364 2282 3419 ταῦθα
2309 3366 2720 3437 παραγενέσθαι
2760 3366 2854 3419 καὶ
2885 3366 3188 3437 θορυϐῆσαι
3221 3365 3407 3437 πολλῷ
3439 3365 3610 3437 μείζω
3641 3366 3782 3437 αὐτῇ

2105 3453 2204 3524 τὴν
2235 3454 2434 3525 ἡδονὴν
2463 3456 2597 3507 οῐσει
2632 3454 2694 3507 τὸ
2737 3439 3209 3526 καρπῶσαμένους
3256 3456 3351 3508 καὶ
3397 3454 3785 3524 ὠφεληθέντας

2107 3543 2489 3612 πνευματικήν
2522 3559 2646 3596 τινα
2675 3542 2946 3610 ὠφέλειαν
2964 3542 3240 3595 ἀπελθεῖν.
3274 3542 3492 3596 Γένοιτο
3520 3541 3576 3594 δέ
3600 3543 3787 3611 εὐχαῖς

2107 3631 2207 3699 τῆς
2257 3627 2420 3697 ἀγίας
2449 3629 2673 3700 ταύτης,
2723 3630 2816 3683 καὶ
2847 3630 2958 3684 τῶν
2990 3630 3058 3684 τά
3091 3629 3234 3684 αὐτά
3263 3629 3582 3700 ήθληκότων
3619 3631 3782 3703 αὐτῇ,

2107 3717 2202 3768 καί
2229 3715 2458 3778 τούτων,
2485 3718 2582 3770 καὶ
2610 3717 2718 3772 τῶν
2750 3717 2928 3771 ἀλλων
2972 3719 3082 3771 τῶν
3118 3716 3428 3788 εἰρημένων
3452 3719 3655 3790 ἀκριϐῆ
3689 3719 3789 3789 τὴν

2113 3804 2333 3874 μνήμην
2363 3805 2506 3873 ὑμᾶς
2537 3807 2852 3874 κατασχεῖν,
2908 3806 3003 3859 καὶ
3051 3804 3138 3858 διά
3183 3807 3294 3858 τῶν
3349 3808 3524 3879 ἔργων
3572 3807 3792 3860 ἅπαντα

2109 3889 2573 3960 ἐπιδειξαμένους,
2628 3893 2686 3944 ἐν
2733 3892 2900 3945 πᾶσιν
2936 3892 3369 3962 εὐαρεστοῦντας
3417 3893 3677 3946 διατελεῖν
3711 3893 3792 3964 τῷ

2110 3977 2250 4048 Θεῷ,
2304 3973 2348 4045 ᾧ
2403 3979 2436 4048 ή
2484 3977 2609 4044 δόξα
2656 3978 2752 4032 καὶ
2799 3979 2861 4032 τὸ
2907 3980 3108 4052 κράτος
3148 3982 3227 4045 εἰς
3273 3983 3398 4045 τοὺς
3447 3980 3650 4045 αἰῶνας
3679 3978 3791 4034 τῶν

2111 4083 2342 4119 αιωνων.
2398 4065 2592 4136 ’Δμήν.

2174 4166 2202 4231 If
2224 4167 2321 4231 Alii
2345 4169 2593 4228 ἀλλήλους,
2618 4169 2699 4220 alii
2723 4171 2960 4231 ἀλλήλοις.

2345 4171 2593 4236 ἀλλήλους,
2618 4171 2699 4236 alii
2723 4171 2960 4231 ἀλλήλοις.
3121 4175 3143 4204 ⁸
3169 4171 3267 4224 Alii
3286 4175 3418 4236 ὑμᾶς

2175 4226 2202 4267 d
2223 4229 2323 4279 Alii
2347 4231 2473 4293 ὐμῖν,
2500 4226 2588 4282 ιιίἱ
2607 4234 2738 4296 ἡμῖν.
