4224 6302
675 340 779 394 εδδ

683 541 1486 569 ν--οα--ν--Ψῦν--Ὗ

1360 342 1411 397 S.
1451 341 1738 399 JUANNiS
1778 343 2276 401 CHRYSOSTO)“
2318 343 2644 399 ARCiilEP.
2691 339 3244 409 CONSTANTINOP.
3823 338 3928 393 555

1561 793 2010 872 HOMILIA
2072 793 2147 871 ll
2211 791 2318 871 IN
2374 794 2458 871 S.
2517 795 3070 874 PELAGIAM.

734 1517 932 1587 Maiore
967 1516 1176 1586 quidem
1215 1514 1424 1570 theatro
1450 1516 1634 1585 sancta
1660 1515 1810 1587 virgo
1839 1515 2047 1588 Pelagia
2077 1518 2233 1589 digna

661 1619 804 1665 esset
833 1626 848 1662 :
875 1622 1063 1677 magna
1102 1606 1243 1662 enim
1281 1606 1437 1678 hujus
1475 1607 1662 1677 puella:
1693 1609 1983 1663 certamina
2022 1613 2240 1665 exstite~

663 1712 785 1755 runt
807 1741 821 1764 ,
852 1701 922 1754 ob
963 1699 1121 1769 idque
1149 1699 1500 1766 copiosiorem
1535 1699 1725 1753 theatri
1767 1700 2111 1770 frequentiam
2151 1718 2238 1757 rc-

659 1793 894 1861 quirunt.
927 1774 1151 1845 At’satis
1177 1789 1249 1843 illi
1273 1799 1446 1843 tamen
1467 1801 1549 1843 est
1567 1789 1827 1856 Christus,
1850 1792 1941 1860 qui
1968 1793 2111 1847 solus
2142 1808 2236 1858 pro

663 1885 808 1940 omni
837 1892 1153 1939 ornamento
1178 1881 1333 1950 hujus
1356 1881 1574 1951 virginis
1593 1883 1907 1953 panegyrim
1936 1900 1999 1938 ac
2024 1885 2236 1939 celebri-

663 1987 821 2030 tatem
842 1966 1073 2044 priesens
1090 1981 1319 2027 exornat
1340 1991 1354 2026 :
1373 1987 1476 2040 quo
1498 1972 1638 2026 enim
1661 1973 1778 2026 loco
1798 1973 2038 2029 Christus
2061 1977 2232 2042 adest,

637 2067 769 2137 illic
797 2066 1039 2120 omnium
1066 2063 1371 2134 angelorum
1392 2063 1588 2117 chorus
1615 2073 1808 2132 prtesto
1830 2074 1930 2120 est.
1960 2065 2025 2118 Et
2050 2082 2235 2121 onmes

661 2156 874 2224 quidem
923 2163 1186 2226 martyres
1229 2169 1322 2206 sua
1368 2168 1592 2222 corpora
1646 2154 1966 2209 cruciatibus
2016 2156 2234 2211 fortiora

659 2243 1054 2313 prtestiterunt,
1097 2243 1168 2296 ob
1203 2237 1360 2312 idque
1397 2259 1642 2313 magnum
1670 2245 1933 2314 quoddam
1970 2247 2233 2301 theatrum

662 2335 917 2389 adversus
941 2333 1209 2388 diabolum
1237 2333 1335 2388 sibi
1366 2343 1718 2402 paraverunt,
1746 2349 1865 2389 cum
1896 2336 2234 2407 incorporeos

660 2409 879 2496 spiritus
914 2438 1141 2495 corpore
1175 2423 1290 2493 ipso
1330 2425 1695 2491 superaverint
1716 2465 1730 2489 ,
1757 2434 1810 2478 et
1832 2440 2043 2480 carnem
2085 2441 2234 2481 suam

661 2531 782 2591 cum
824 2513 965 2569 ferro
1010 2513 1416 2569 contendentem
1463 2513 1672 2568 fortiter
1712 2514 2069 2571 exhibuerint.
2102 2515 2234 2573 Cum

663 2621 790 2660 vero
815 2606 972 2661 etiam
1001 2603 1202 2672 puellas
1243 2605 1384 2672 ipsas
1411 2603 1565 2658 video
1596 2619 1694 2674 pro
1721 2606 1928 2660 Christo
1975 2608 2234 2664 crucifixo

662 2696 798 2749 mori
828 2694 1113 2765 gestientes
1137 2734 1153 2760 ,
1181 2703 1306 2748 tunc
1340 2693 1532 2748 diaboli
1566 2697 1916 2750 temeritatem
1955 2700 2120 2767 magis
2163 2700 2238 2754 ri-

662 2783 796 2850 deo,
816 2785 904 2854 qui
929 2798 1051 2838 cum
1075 2783 1331 2853 permulta
1357 2784 1673 2838 vaticinandi
1701 2784 1816 2839 loca
1842 2786 1941 2838 sibi
1971 2788 2237 2856 excogita-

660 2879 800 2932 verit
821 2916 838 2942 ,
864 2876 1015 2947 quasi
1055 2889 1142 2931 res
1170 2874 1372 2929 futuras
1399 2876 1454 2929 in
1482 2875 1584 2929 illis
1626 2876 1754 2945 ipsis
1789 2878 2234 2945 przenuntiaturus

658 2980 820 3037 esset,
843 2985 946 3024 non
974 2968 1101 3023 illud
1127 2967 1427 3037 prteviderit
1449 2977 1513 3022 ‘ac
1534 2969 1843 3024 vaticinatus
1864 2970 1951 3037 sit,
1973 2979 2231 3040 quantum

637 3062 886 3116 dedecus
910 3099 926 3125 ,
953 3061 1141 3128 quovis
1167 3058 1275 3112 risu
1305 3058 1545 3127 dignum,
1576 3057 1836 3113 hodierno
1861 3059 1947 3114 die
1977 3076 2232 3129 passurus

656 3161 819 3207 esset.
867 3151 1002 3217 Quid
1041 3151 1182 3204 enim
1216 3151 1392 3219 magis
1435 3149 1709 3204 ridendum
1745 3151 1934 3219 aliquis
1972 3152 2211 3229 duceret,

655 3258 814 3312 quam
842 3242 981 3310 quod
1022 3241 1178 3295 hodie
1206 3254 1391 3309 paSsuS
1427 3250 1508 3298 est
1544 3241 1826 3297 diabolus?
1851 3243 1938 3312 qui
1976 3244 2098 3299 licet
2127 3246 2234 3298 vir-

656 3333 832 3401 ginem
858 3333 1113 3386 irretitam
1137 3330 1373 3396 haberet,
1399 3345 1428 3382 a
1458 3331 1634 3400 praeda
1665 3341 1836 3386 tamen
1868 3333 1977 3402 ipsa
2009 3334 2227 3401 excidit,

658 3435 712 3480 et
741 3424 964 3493 puellam
990 3465 1004 3489 ,
1037 3438 1194 3494 quam
1235 3421 1624 3492 apprehendit,
1661 3432 1844 3479 tenere
1883 3440 1986 3480 non
2016 3428 2216 3504 potuit,

657 3518 809 3586 quasi
837 3517 1075 3570 umbram
1099 3556 1114 3579 ,
1148 3530 1253 3568 non
1284 3514 1539 3583 virginem
1566 3553 1580 3579 ,
1610 3515 2067 3583 apprehendisset.
2097 3517 2227 3572 Nam

657 3624 777 3661 cum
824 3606 910 3660 illa
949 3605 1338 3674 simplicitatem
1368 3604 1626 3659 columbae
1655 3620 1775 3659 cum
1819 3609 2079 3676 serpentis
2110 3625 2233 3677 pru-

657 3697 835 3752 dentis
860 3696 1196 3765 conjunctam
1224 3695 1478 3760 haberet,
1513 3705 1568 3749 ut
1596 3696 1837 3750 columba
1868 3698 2080 3767 quidem
2104 3700 2232 3754 sim-

658 3790 779 3858 plex
803 3787 1184 3858 comprehensa
1215 3796 1296 3840 est
1324 3827 1338 3849 ,
1367 3785 1461 3841 sed
1492 3795 1549 3840 ut
1576 3787 1812 3856 prudens
1831 3803 2051 3858 serpens
2075 3790 2230 3844 diti'u-

659 3881 735 3947 git
765 3896 779 3932 :
806 3878 1044 3946 quamvis
1085 3877 1226 3931 enim
1270 3886 1413 3931 esset
1448 3878 1829 3947 comprehensa
1854 3919 1868 3944 ,
1909 3880 1976 3935 de
2011 3870 2230 3937 victoria

659 3980 837 4023 tamen
881 3983 986 4021 non
1029 3968 1333 4036 desperavit
1377 3985 1392 4034 ;
1433 3983 1606 4037 neque
1651 3970 1829 4026 animo
1866 3981 1956 4026 aut
2009 3975 2233 4028 consilio

663 4067 813 4127 capta
853 4057 991 4123 fuit,
1038 4059 1163 4113 licet
1203 4073 1425 4128 corpore
1458 4059 1672 4114 detenta
1709 4068 1893 4116 esset:
1923 4061 2016 4116 sed
2065 4073 2233 4119 artem

659 4148 938 4217 quamdam
959 4158 1114 4218 atque
1139 4149 1418 4204 consilium
1445 4150 1801 4225 excogitavit,
1832 4168 1937 4221 quo
1961 4168 2174 4220 eorum,
2202 4169 2234 4210 α

661 4240 853 4307 quibus
876 4238 1257 4308 comprehensa
1284 4238 1479 4306 fuerat,
1509 4243 1858 4298 temeritatem
1887 4243 2146 4309 eluderet,
2179 4255 2234 4301 et

661 4343 758 4383 eos
785 4339 1049 4398 tamquam
1096 4329 1336 4398 stupidos
1377 4330 1640 4386 redderet.
1693 4332 1798 4408 Sed
1839 4334 2087 4402 quidnam
2134 4336 2237 4391 hoc

664 4417 803 4472 fuit?
827 4419 895 4473 Se
915 4421 1192 4475 consilium
1215 4431 1447 4477 mutasse
1467 4422 1640 4492 puella
1671 4423 1936 4478 simulavit
1960 4441 1976 4479 :
2007 4424 2163 4494 idque
2191 4435 2249 4481 ut

660 4507 915 4563 credibile
952 4511 1238 4577 videretur,
1264 4514 1505 4581 quamvis
1531 4512 1583 4566 in
1615 4523 1775 4568 tantae
1806 4513 2168 4569 ﬂuctuationis
2195 4524 2250 4570 et

643 4598 926 4683 ’naufragii
957 4602 1192 4669 periculo
1220 4603 1506 4656 constituta
1532 4612 1709 4669 esset,
1742 4605 1892 4658 vultu
1923 4613 2096 4659 tamen
2132 4606 2248 4675 ipso

659 4689 977 4745 hilaritatem
1025 4691 1366 4760 praeferebat.
1409 4692 1690 4762 Figmento
1737 4695 1894 4764 igitur
1933 4697 2022 4750 illo
2052 4697 2246 4752 milites

658 4783 818 4848 capti,
850 4791 903 4835 et
929 4783 1113 4850 puella:
1145 4783 1411 4847 hilaritate
1436 4785 1664 4855 decepti,
1697 4786 1982 4843 humanius
2014 4789 2066 4842 in
2100 4789 2243 4842 illam

657 4886 716 4925 se
746 4887 934 4940 gerere
977 4885 1274 4942 cmperunt.
1310 4874 1440 4941 Qua:
1465 4889 1584 4930 cum
1615 4876 1683 4932 ab
1713 4878 1842 4946 ipsis
1877 4880 2114 4952 petiisset
2139 4922 2154 4945 ,
2189 4889 2246 4934 ut

659 4961 859 5014 tamdiu
890 4963 1074 5017 liceret
1099 4964 1307 5030 abesse,
1331 4965 1502 5034 quoad
1530 4975 1779 5020 ornatum
1811 4983 2020 5038 sponsa:
2047 4985 2244 5025 conve-

656 5051 888 5104 nientem
930 5052 1032 5105 sibi
1073 5053 1359 5120 indueret,
1399 5056 1558 5110 eundi
1602 5066 1916 5127 potestatem
1964 5062 2157 5116 milites
2192 5063 2244 5118 ei

657 5130 1039 5198 concesserunt
1070 5147 1295 5214 :quippe
1321 5148 1409 5217 qui
1432 5163 1493 5202 ea
1525 5164 1582 5203 re
1605 5164 1709 5203 non
1740 5151 1912 5205 solum
1942 5152 2016 5205 illi
2050 5154 2238 5222 virgini

656 5245 862 5302 gratum
894 5236 1082 5291 facturi
1114 5249 1313 5301 essent,
1344 5240 1436 5292 sed
1460 5239 1697 5294 futurum
1723 5244 1881 5296 etiam
1915 5245 2235 5313 cogitabant,

656 5335 710 5377 ut
746 5341 774 5378 a
812 5327 988 5395 judice
1031 5329 1147 5397 ipso
1174 5329 1340 5398 magis
1372 5329 1728 5397 laudarentur,
1760 5335 1802 5387 si
1833 5335 2063 5405 puellam
2091 5350 2238 5393 veste

653 5426 892 5471 ornatam
921 5420 1216 5475 duxissent.
1246 5420 1334 5477 illa
1365 5437 1489 5476 vero
1514 5424 1720 5478 consilii
1748 5425 1828 5479 sui
1851 5441 2070 5496 compos
2103 5428 2235 5484 facta

651 5511 827 5562 statim
856 5526 914 5564 se
933 5524 1077 5567 veste
1099 5514 1284 5579 induit,
1305 5531 1424 5586 quae
1446 5532 1569 5571 vere
1590 5517 1784 5572 decora
1806 5528 1905 5573 est.
1931 5519 2061 5574 Cum
2091 5523 2234 5576 enim

650 5598 809 5651 animi
843 5600 1148 5658 fortitudine
1177 5646 1190 5669 ,
1220 5614 1273 5660 et
1302 5608 1708 5664 resurrectionis
1737 5623 1831 5678 spe
1875 5610 2035 5665 multa
2068 5627 2126 5666 se
2156 5614 2233 5667 in-

649 5690 848 5748 duisset
873 5706 1032 5764 atque
1061 5699 1452 5755 corroborusset
1478 5743 1492 5769 ,
1525 5700 1590 5756 ad
1624 5702 1785 5772 ipsius
1816 5704 1937 5759 tecti
1969 5701 2229 5772 fastigium

2325 1517 2592 1583 cucurrit,
2629 1527 2688 1576 et
2731 1515 2872 1570 illinc
2913 1515 3138 1584 seipsam
3181 1516 3504 1585 prmcipitem
3533 1514 3700 1568 dedit.
3735 1515 3923 1580 lzaqne

2325 1608 2583 1678 palaestra;
2607 1621 2774 1677 genus
2811 1606 2938 1660 illud
2967 1607 3141 1675 exegit
3168 1647 3184 1671 ,
3213 1607 3353 1674 quod
3385 1616 3440 1659 ut
3482 1621 3731 1676 magnum
3759 1608 3916 1675 quid-

2327 1701 2466 1767 piam
2486 1697 2771 1767 aliquando
2791 1696 3033 1751 diabolus
3056 1696 3280 1750 Domino
3309 1696 3407 1763 ipsi
3435 1709 3732 1762 proponere
3754 1710 3918 1748 ausus

2327 1787 2516 1854 fuerat,
2545 1803 2665 1842 cum
2693 1788 2870 1842 dixit:
2903 1787 2962 1842 Si
2992 1786 3160 1840 Filius
3194 1786 3290 1838 Dei
3316 1802 3387 1852 es,
3429 1785 3566 1838 mitte
3606 1797 3653 1837 te
3680 1786 3918 1838 deorsum

2329 1878 2352 1951 <
2368 1880 2556 1933 Matth.
2581 1881 2635 1934 4.
2663 1879 2755 1949 6).
2787 1878 2952 1949 Hujus
2970 1878 3171 1948 puella:
3197 1877 3355 1932 ﬁdem
3383 1887 3436 1930 et
3461 1877 3623 1929 animi
3652 1878 3920 1945 magnitu-

2327 1971 2505 2026 dinem
2535 1971 2690 2026 valde
2729 1971 3068 2039 obstupesco.
3101 1969 3235 2034 Quid
3276 1971 3419 2024 enim
3459 1979 3584 2023 tunc
3623 1968 3726 2021 alia
3767 1969 3918 2037 virgo

2325 2075 2506 2116 secum
2550 2062 2662 2130 ipsa
2712 2076 2817 2114 non
2863 2059 3195 2130 cogitasset?
3241 2059 3468 2113 Dixisset
3516 2058 3731 2128 quidem
3775 2074 3789 2110 :
3837 2051 3919 2112 Do

2327 2151 2584 2220 meipsam
2615 2167 2678 2205 ex
2709 2149 2811 2205 hoc
2840 2150 2959 2205 loco
2987 2149 3311 2219 praecipitem
3336 2190 3351 2215 ,
3381 2165 3500 2204 cum
3544 2150 3594 2202 id
3643 2147 3824 2203 facere
3853 2164 3918 2201 eo

2326 2243 2442 2312 ipso
2468 2251 2649 2296 coacta
2676 2243 2774 2296 sim
2804 2283 2818 2307 ,
2844 2242 2986 2311 quod
3017 2251 3259 2312 stuprum
3287 2252 3481 2294 metuo.
3515 2241 3807 2294 Laudabile
3837 2251 3919 2295 est

2327 2333 2660 2403 propositum
2689 2375 2704 2399 ,
2743 2333 2902 2387 modo
2931 2349 3112 2388 casum
3142 2334 3310 2402 ipsum
3343 2345 3487 2386 mors
3511 2344 3875 2400 consequatur
3902 2349 3914 2383 :

2326 2425 2570 2493 quamvis
2597 2422 2736 2477 enim
2759 2423 2811 2476 in
2842 2438 2929 2477 me
2961 2429 3220 2477 mortuam
3251 2422 3432 2476 hostes
3459 2421 3765 2474 debaccltati
3800 2419 3916 2474 fue-

2323 2515 2449 2579 rint,
2481 2516 2532 2570 id
2563 2524 2735 2570 tamen
2761 2529 2860 2584 ego
2887 2529 2990 2568 non
3022 2515 3244 2568 sentiam
3265 2555 3279 2577 ,
3312 2527 3504 2582 meque
3531 2513 3787 2567 insciente
3816 2513 3918 2566 hoc

2326 2605 2544 2660 facient.
2579 2606 2653 2659 Ac
2679 2607 2725 2660 si
2750 2605 2802 2659 in
2829 2614 3023 2659 terram
3044 2605 3242 2659 collisae
3265 2604 3507 2672 corporis
3534 2604 3769 2656 membra
3794 2618 3915 2671 pcr-

2326 2697 2488 2752 fracta
2520 2698 2744 2764 fuerint,
2773 2698 2948 2751 anima
2975 2711 3100 2750 vero
3142 2696 3192 2750 in
3237 2695 3491 2749 membris
3521 2694 3915 2764 permanserit,

2325 2792 2564 2858 corporis
2594 2791 2975 2859 turpitudinem
3003 2790 3224 2845 moleste
3255 2787 3434 2843 ferens
3464 2803 3526 2841 ac
3551 2787 3762 2852 dolens,
3792 2799 3918 2840 tunc

2326 2882 2667 2937 nihilominus
2696 2883 2763 2937 ad
2784 2884 3017 2952 judicem
3046 2883 3220 2948 ducta,
3250 2898 3311 2937 ea
3341 2882 3529 2952 patiar,
3560 2897 3678 2951 quae
3703 2896 3917 2949 semper

2328 2973 2478 3027 timui
2513 2991 2526 3027 :
2562 2975 2771 3028 tradent
2809 2975 2949 3028 enim
2994 2983 3179 3043 stupro
3211 2989 3408 3042 corpus
3449 2973 3619 3042 ipsum
3660 2973 3915 3026 membris

2329 3062 2510 3117 laesum
2539 3105 2554 3130 ,
2583 3079 2647 3119 ac
2687 3079 2772 3118 me
2797 3065 3044 3118 violatam
3090 3063 3361 3119 dimittent
3393 3082 3406 3116 :
3437 3067 3618 3133 sicque
3647 3062 3912 3132 duplicem

2325 3158 2492 3211 feram
2509 3158 2885 3223 calamitatem,
2915 3168 3021 3211 tum
3046 3157 3318 3226 corporeis
3341 3159 3596 3212 membris
3623 3157 3770 3218 lmsa,
3803 3167 3912 3210 tum

2324 3250 2626 3320 virginitate
2666 3251 2906 3320 spoliata.
2955 3251 3078 3304 llaec
3129 3249 3259 3303 satis
3304 3249 3519 3319 quidem
3565 3248 3830 3313 fuissent,
3859 3259 3914 3303 ut

2323 3340 2481 3393 aliam
2524 3341 2756 3408 puellam
2796 3341 3180 3408 perturbarent.
3220 3340 3288 3392 At
3327 3341 3411 3392 illa
3445 3340 3514 3394 ita
3554 3340 3757 3394 conlisa
3790 3351 3911 3406 est,

2325 3430 2477 3499 quasi
2505 3430 2626 3483 linis
2656 3431 2820 3498 ipsius
2844 3445 3153 3498 sponsorem
3179 3430 3407 3498 aliquem
3434 3429 3656 3484 haberet
3683 3447 3696 3482 :
3727 3431 3796 3483 oh
3826 3429 3910 3483 id-

2325 3536 2432 3590 que
2463 3531 2707 3588 prompto
2742 3521 2919 3574 animo
2957 3521 3024 3574 ad
3050 3536 3168 3574 eum
3195 3535 3378 3574 casum
3409 3519 3696 3574 festinavit.
3731 3521 3911 3590 itaque

2327 3612 2519 3680 puella:
2545 3621 2597 3664 et
2628 3609 2842 3679 virginis
2871 3609 3178 3664 fortitudine
3205 3619 3362 3679 atque
3401 3610 3580 3663 animo
3623 3610 3713 3664 illo
3743 3611 3912 3663 victus

2325 3714 2384 3756 es
2407 3741 2423 3766 ,
2451 3700 2678 3756 diabole.
2707 3701 2834 3768 Qua:
2859 3702 2999 3754 enim
3033 3701 3255 3754 Domino
3282 3700 3382 3769 ipsi
3408 3700 3535 3754 olim
3565 3699 3905 3769 proposuisti,

2326 3781 2395 3836 ad
2421 3797 2482 3837 ea
2513 3783 2684 3852 puella
2709 3783 2950 3853 quazdam
2976 3826 2991 3851 ,
3017 3784 3131 3855 ejus
3156 3783 3380 3851 famula,
3413 3783 3467 3838 te
3494 3787 3794 3853 provocavit
3816 3829 3830 3850 ,
3858 3798 3911 3841 et

2324 3870 2392 3926 ad
2416 3874 2549 3927 tecti
2579 3873 2844 3944 fastigium
2881 3888 3188 3941 accurrens,
3221 3874 3367 3929 illinc
3411 3874 3644 3942 seipsam
3679 3875 3906 3945 jaculala

2327 3971 2410 4017 est
2439 3980 2466 4042 ί
2486 3980 2712 4035 cumque
2750 3981 2782 4021 a
2821 3965 2999 4036 judice
3043 3976 3227 4021 vocata
3265 3975 3447 4032 esset,
3493 3965 3631 4030 tibi,
3671 3966 3761 4035 qui
3811 3966 3913 4022 hoc

2326 4055 2630 4124 suggessisti
2652 4098 2666 4122 ,
2698 4072 2803 4110 non
2833 4058 3252 4126 obtemperavit,
3299 4071 3471 4126 neque
3499 4054 3780 4111 subdolam
3811 4072 3906 4125 pu-

2325 4157 2483 4214 gnam
2509 4127 2683 4201 'subiit
2714 4165 2727 4200 :
2760 4149 2906 4203 novit
2932 4149 3074 4204 enim
3104 4158 3348 4204 versutas
3379 4147 3731 4218 cogitationes
3759 4156 3908 4202 tuas:

2326 4249 2447 4289 cum
2481 4251 2622 4305 saepe
2670 4237 2899 4307 virgines
2947 4239 3087 4308 ipsas
3129 4240 3196 4294 ad
3234 4239 3476 4307 iudices,
3528 4249 3795 4308 tamquam
3844 4238 3910 4291 ad

2326 4325 2530 4396 ﬂagella
2565 4328 2873 4396 excipienda
2901 4370 2916 4395 ,
2948 4344 3141 4385 vocare
3186 4330 3363 4385 soleas
3390 4346 3404 4394 ;
3433 4340 3616 4399 postea
3643 4344 3768 4383 vero
3797 4333 3911 4384 sine

2326 4434 2498 4489 pugna
2537 4420 2636 4487 iis,
2665 4421 2753 4489 qui
2785 4436 3018 4490 pugnare
3047 4421 3365 4487 subierunt,
3397 4422 3642 4476 acerbius
3667 4420 3913 4475 detentas

2326 4514 2493 4583 ejicis.
2517 4515 2587 4569 At
2608 4515 2650 4568 si
2674 4530 2798 4569 vere
2811 4515 2876 4568 ad
2899 4529 3126 4585 pugnam
3147 4516 3227 4569 vel
3247 4515 3312 4569 ad
3336 4514 3507 4569 Stadia
3531 4513 3760 4583 puellam
3792 4528 3912 4582 pro-

2326 4621 2505 4674 vocas,
2532 4608 2858 4677 congredere
2884 4623 3024 4662 nunc
3043 4623 3163 4662 cum
3192 4607 3280 4660 illa
3304 4622 3334 4660 e
3363 4616 3501 4660 tecto
3525 4620 3583 4660 se
3608 4604 3910 4674 dejiciente,

2326 4713 2549 4769 eamque
2586 4700 2729 4754 illinc
2756 4698 3083 4754 decidentem
3115 4699 3353 4753 sustine:
3384 4697 3582 4752 audeas
3620 4706 3808 4750 contra
3855 4697 3914 4750 il-

2326 4789 2429 4844 lam
2455 4799 2619 4855 stare,
2648 4801 2700 4845 ct
2721 4791 3017 4859 palmstram
3039 4789 3290 4859 experiri.
3315 4788 3497 4843 Excita
3522 4802 3915 4857 quamcumque

2326 4882 2455 4937 velis
2479 4883 2749 4936 astutiam.
2781 4881 2952 4935 Habes
2977 4889 3176 4935 terram
3204 4896 3299 4949 pro
3326 4880 3517 4948 pugnae
3537 4894 3730 4949 campo
3751 4897 3764 4934 :
3789 4894 3917 4948 urge

2326 4989 2466 5028 nunc
2490 4973 2692 5043 gladios
2723 4974 2883 5041 ipsos,
2916 4982 2974 5026 ut
3000 4981 3227 5027 mortem
3261 4971 3488 5034 inferas;
3518 4970 3805 5024 substerne
3832 4970 3914 5023 in-

2325 5067 2645 5122 terﬁciendis
2673 5065 2974 5120 hominibus
3004 5064 3135 5118 dura
3163 5065 3322 5118 caedis
3352 5064 3741 5126 instrumenta;
3789 5077 3914 5130 para

2324 5158 2587 5214 decidenti
2617 5157 2804 5229 puellae
2847 5156 3282 5212 confractionem.
3326 5155 3524 5209 Omnes
3559 5155 3701 5206 enim
3741 5168 3912 5220 quan-

2325 5253 2518 5306 tumvis
2557 5253 2829 5305 ahstrusas
2874 5257 3032 5317 atque
3073 5248 3280 5301 abditas
3327 5256 3469 5300 artes
3501 5255 3619 5298 tuas
3648 5245 3792 5298 velut
3834 5245 3914 5296 itt-

2323 5344 2654 5398 !irmissimas
2681 5343 2768 5397 illa
2800 5342 3108 5412 superavit:
3133 5339 3378 5409 quodque
3407 5338 3578 5406 majus
3605 5346 3706 5402 est,
3741 5353 3914 5406 neque

2325 5435 2452 5490 illud
2498 5451 2526 5488 a
2567 5436 2676 5489 Deo
2709 5433 2927 5504 exegit,
2957 5432 3098 5502 quod
3137 5433 3392 5500 scriptum
3423 5439 3504 5483 est
3535 5447 3547 5481 :
3578 5429 3780 5498 Angelis
3817 5429 3914 5481 luis

2324 5525 2512 5579 manda
2539 5526 2601 5578 de
2627 5542 2704 5579 me
2725 5567 2739 5590 ,
2781 5524 3022 5588 Domine,
3055 5538 3116 5575 ne
3146 5537 3369 5590 unquam
3400 5519 3654 5586 offendant
3681 5519 3748 5571 ad
3780 5519 3914 5587 lapi-

2323 5618 2436 5672 dem
2467 5635 2650 5688 corpus
2677 5634 2838 5671 meum
2863 5615 3024 5686 (Luc.
3057 5614 3108 5667 4.
3144 5614 3231 5666 10.
3263 5614 3350 5683 ll)
3382 5630 3395 5665 :
3428 5611 3520 5666 sed
3554 5611 3604 5666 id
3637 5612 3787 5680 petiit
3813 5651 3826 5675 ,
3857 5621 3910 5663 tit

2324 5705 2489 5766 animi
2519 5711 2825 5780 pr:l‘(‘ipt‘-t‘cl
2857 5717 2971 5776 post
3001 5723 3178 5760 (astam
3215 5707 3383 5775 ipsum
3415 5721 3443 5755 ιι
3473 5720 3693 5775 corpore
3735 5704 3902 5758 disce
