4224 6302
725 374 828 429 587

1423 370 1485 427 S.
1525 367 1801 426 JOANNIS
1833 363 2304 424 .CHRYSOSTOMI
2344 365 2664 423 ABCHIEP.
2696 367 3235 428 ‘CONSTANTINOP.

3885 370 3992 427 588

1479 583 1601 668 IN
1675 567 1779 667 S.
1818 581 2478 665 MARTYREM
2550 581 3144 669 IGNATIUM

721 761 1076 820 νιπηῑιυκ,
1108 759 1340 813 ΠΔΘΠΒ
1367 756 1728 802 ΔΠΤΙΟΟΗΙΕ
1773 753 2312 799 ARCHIEPISCOPUM
2343 754 2570 800 ROMAM
2599 758 2967 816 ABDUCTUM,
3013 760 3232 816 IBIQUB
3259 765 3590 810 HAITYBIO
3618 767 3989 826 Λιτιστυιι,

1270 854 1478 909 non:
1521 855 1672 899 usus
1716 853 1953 897 noneos
1996 851 2394 897 ANTIOCEIAI
2436 854 2880 916 runsu'rum,
2926 859 3246 906 “unum
3276 849 3292 880 ¹
3329 846 3441 928 (α).

2156 997 2528 1053 eam»

780 1157 830 1210 i.
859 1154 957 1222 Qui
984 1148 1305 1220 sumptuosis
1329 1162 1391 1203 ac
1418 1144 1702 1216 splendidis
1727 1143 1983 1200 conviviis
2007 1143 2283 1200 delectan-

709 1260 812 1313 tur,
841 1262 901 1302 ea
929 1245 1120 1300 crebro
1145 1251 1199 1298 et
1228 1242 1527 1311 frequenter
1549 1237 1836 1302 celebrant,
1858 1246 1968 1290 tum
1997 1245 2052 1290 ιιι
2077 1237 2285 1291 divitias

707 1345 976 1392 ostentent
1005 1349 1160 1400 suas,
1191 1343 1300 1387 tum
1337 1339 1392 1384 ut
1419 1328 1836 1384 benevolentiam
1866 1328 1918 1381 in
1949 1327 2148 1382 amicos
2175 1341 2283 1396 pra:

707 1443 766 1482 se
794 1427 984 1481 ferant.
1014 1424 1156 1478 Talis
1181 1430 1259 1477 est
1284 1421 1443 1475 etiam
1473 1418 1701 1489 Spiritus
1743 1418 1910 1487 gratia
1938 1460 1952 1482 ,
1986 1434 2103 1487 quze
2132 1418 2283 1472 nobis

707 1528 762 1572 et
783 1517 1027 1585 proprias
1053 1528 1179 1582 opes
1209 1509 1438 1564 ostendit
1477 1520 1636 1578 atque
1662 1507 1878 1562 exhibet
1905 1549 1918 1572 ,
1948 1516 2002 1561 et
2038 1521 2280 1577 magnam

707 1624 830 1676 erga
868 1606 1063 1660 amicos
1104 1603 1194 1657 Dei
1233 1602 1505 1655 caritatem
1533 1600 1768 1654 declarat
1795 1641 1810 1666 ,
1836 1615 1954 1653 cum
1987 1599 2284 1668 frequentes

709 1697 861 1750 nobis
886 1701 1175 1763 martyrum
1208 1705 1419 1744 mensas
1447 1689 1681 1759 apponit.
1713 1689 1893 1756 Nuper
1926 1689 2098 1757 puella
2127 1688 2285 1757 plane

707 1786 1017 1841 adolescens
1038 1792 1091 1837 et
1113 1782 1277 1851 virgo.
1299 1782 1450 1836 beata
1471 1789 1670 1851 martyr
1695 1779 1925 1848 Pelagia,
1951 1795 2138 1848 magna
2163 1794 2283 1834 cum

708 1875 889 1928 Letitia
916 1873 1212 1928 convivium
1243 1853 1395 1924 nobis
1423 1869 1661 1924 exhibuit
1695 1887 1707 1922 :
1741 1870 1898 1924 hodie
1923 1870 2283 1925 celebritatem

706 1965 845 2019 illius
869 1966 1052 2018 beatus
1081 1962 1167 2016 hic
1193 1975 1256 2015 ac
1282 1975 1572 2030 generosus
1613 1968 1814 2030 martyr
1855 1960 2084 2030 lgnatius
2124 1960 2285 2014 vicis-

706 2057 806 2109 sitn
834 2054 1060 2123 excepit.
1094 2053 1324 2106 Diversae
1353 2051 1565 2120 quidem
1598 2065 1860 2120 persome,
1890 2050 1981 2104 sed
2009 2065 2108 2104 una
2138 2065 2287 2103 men-

706 2163 764 2202 sa
790 2165 806 2214 ;
835 2148 994 2200 varia:
1026 2161 1231 2212 pugnre,
1265 2144 1355 2198 sed
1383 2158 1578 2198 corona
1608 2142 1790 2196 eadem
1814 2161 1828 2208 ;
1853 2141 2084 2210 diSparia
2112 2151 2286 2196 certa-

706 2244 870 2309 mina,
893 2243 984 2296 sed
1007 2242 1148 2296 idem
1170 2240 1426 2294 bravium.
1460 2238 1515 2292 in
1543 2237 1918 2292 certaminibus
1941 2237 2081 2290 enim
2110 2244 2286 2290 exter-

707 2333 790 2387 nis
813 2373 828 2399 ,
860 2333 978 2402 quia
1004 2331 1212 2384 labores
1241 2338 1365 2383 sunt
1392 2342 1704 2396 corporum,
1742 2327 1932 2380 merito
1959 2325 2054 2378 viri
2084 2335 2283 2379 tantum

706 2423 1090 2486 admittuntur;
1121 2420 1206 2474 hic
1231 2427 1406 2473 autem
1435 2418 1684 2486 quoniam
1717 2426 1881 2469 totum
1915 2426 2182 2470 certamen
2214 2414 2281 2469 ad

708 2514 942 2567 animum
966 2519 1188 2580 spectat,
1215 2509 1422 2578 utrique
1450 2507 1596 2561 sexui
1625 2507 1853 2561 stadium
1881 2507 2132 2575 aperitur,
2157 2506 2289 2560 utri-

704 2619 806 2673 que
827 2603 1008 2672 generi
1035 2600 1312 2656 consident
1337 2608 1684 2667 spectatores.
1708 2598 1816 2654 Nec
1845 2599 1941 2651 viri
1973 2607 2174 2651 tantum
2200 2612 2289 2652 ac-

706 2695 926 2763 cingunt
966 2708 1058 2758 se,
1104 2708 1170 2746 ne
1198 2690 1263 2744 ad
1294 2699 1494 2744 naturae
1525 2688 1881 2742 infirmitatem
1915 2687 2124 2741 femina:
2153 2701 2286 2741 con-

707 2787 961 2856 fugientes
990 2784 1310 2854 probabilem
1340 2783 1532 2838 habere
1559 2781 1833 2835 videantur
1850 2781 2244 2834 excusationem
2267 2796 2282 2834 :

705 2894 804 2934 nec
832 2877 958 2932 sola:
983 2875 1192 2931 feminae
1219 2891 1277 2930 se
1306 2874 1510 2928 fortiter
1534 2881 1744 2943 gerunt,
1769 2888 1835 2926 nc
1859 2873 2090 2926 virorum
2118 2886 2285 2941 genus

705 2969 898 3023 rubore
927 2966 1282 3037 perfundant;
1315 2964 1408 3019 sed
1439 2973 1492 3019 et
1531 2963 1652 3017 hinc
1681 2973 1732 3016 et
1773 2961 1896 3016 inde
1924 2961 2074 3015 multi
2108 2961 2284 3030 publi-

705 3066 895 3113 eantur
920 3058 1168 3119 victores,
1201 3065 1254 3109 et
1282 3069 1506 3108 coronas
1534 3061 1906 3122 assequuntur,
1938 3063 1988 3105 ut
2015 3067 2079 3104 ex
2105 3058 2283 3120 operi-

705 3148 805 3202 bus
830 3147 1106 3216 intelligas,
1132 3145 1182 3197 in
1209 3144 1420 3198 Christo
1441 3142 1565 3197 .lesu
1598 3158 1766 3212 neque
1793 3142 2084 3196 masculum
2113 3157 2286 3209 neque

704 3237 952 3293 feminam
979 3251 1095 3291 esse
1126 3233 1316 3306 (Gatat.
1343 3236 1396 3289 5.
1422 3235 1537 3304 28),
1570 3249 1667 3287 nec
1692 3249 1899 3298 sexum,
1924 3248 2021 3287 nec
2044 3233 2284 3301 corporis

706 3327 1118 3383 imbecillitatem
1141 3367 1155 3390 ,
1198 3340 1367 3394 neque
1402 3333 1612 3378 aetatem
1636 3364 1651 3388 ,
1699 3339 1796 3378 nec
1824 3323 1965 3377 aliud
1998 3323 2282 3393 quidquam

705 3416 963 3487 ejusmodi
1003 3414 1209 3483 pietatis
1237 3429 1452 3468 cursum
1493 3413 1891 3467 conlicientibus
1932 3412 2282 3481 impedimen-

705 3498 814 3563 tum
842 3508 1031 3561 afferre
1062 3520 1233 3575 posse,
1261 3505 1420 3558 modo
1447 3519 1702 3574 generosa
1729 3503 1996 3570 alacritas,
2025 3514 2079 3558 et
2103 3518 2284 3574 prom-

706 3613 828 3675 ptus
852 3604 1092 3668 animus,
1124 3611 1177 3657 et
1207 3602 1299 3655 Dei
1327 3601 1485 3654 timor
1511 3599 1704 3653 ardens
1733 3608 1889 3667 atque
1927 3597 2283 3653 inﬂammatus

706 3697 758 3750 in
789 3695 1039 3750 cordibus
1064 3694 1261 3748 nostris
1285 3693 1489 3746 radices
1509 3691 1693 3760 egerit.
1726 3689 1925 3745 Idcirco
1948 3699 2002 3744 et
2029 3690 2280 3759 virgines,

704 3796 758 3842 et
787 3786 995 3857 puellae,
1020 3793 1074 3840 et
1096 3785 1191 3839 viri
1212 3824 1227 3849 ,
1254 3790 1309 3838 et
1327 3783 1569 3852 juvenes,
1589 3791 1642 3836 et
1669 3796 1846 3846 senes,
1872 3791 1925 3836 et
1953 3781 2111 3846 servi,
2133 3791 2186 3837 et
2216 3782 2281 3835 li-

705 3879 839 3945 beri,
867 3887 919 3932 et
944 3877 1116 3930 omnis
1141 3874 1293 3938 ordo,
1309 3885 1474 3945 «atque
1499 3882 1627 3927 mtas
1655 3861 1847 3938 omnis,
1875 3879 1933 3928 et
1955 3887 2113 3926 sexus
2140 3883 2283 3927 uter-

705 3983 808 4036 que
844 3967 910 4020 ad
939 3966 1051 4019 haec
1078 3964 1366 4018 certamina
1394 3965 1773 4032 accinguntur;
1815 3977 1912 4016 nec
1944 3963 2034 4017 ulli
2066 3963 2284 4017 omnino

707 4074 799 4114 sua
833 4057 1152 4112 frustrantur
1182 4071 1276 4125 spe
1301 4096 1315 4120 ,
1343 4055 1433 4124 qui
1463 4065 1734 4108 strenuum
1760 4054 1924 4108 animi
1953 4055 2281 4125 propositum

705 4148 770 4201 ad
797 4147 892 4202 bas
922 4161 1120 4215 pugnas
1147 4145 1440 4200 attulerint.
1470 4145 1702 4214 Tempus
1728 4144 1889 4214 igitur
1910 4144 2021 4214 jam
2049 4144 2116 4198 ad
2145 4159 2284 4216 prae-

708 4240 852 4294 clara
881 4237 1099 4307 hujusce
1127 4238 1226 4291 viri
1255 4236 1489 4290 facinora
1516 4235 1831 4290 declaranda
1861 4250 1959 4290 nos
1987 4245 2156 4301 vocat,
2191 4237 2286 4292 scd

707 4333 1004 4386 deterretur
1031 4330 1238 4385 animus
1265 4344 1330 4384 ac
1354 4327 1710 4398 perturbatur,
1739 4326 1864 4382 dum
1891 4328 1944 4382 in
1976 4336 2138 4393 tanta,
2166 4343 2286 4398 quae

710 4438 808 4478 nos
839 4422 1070 4492 undique
1097 4419 1450 4486 circumﬂuit,
1482 4419 1696 4475 laudum
1721 4419 1872 4488 copia
1913 4419 2121 4474 haesitat
2159 4419 2284 4490 quid

705 4513 934 4582 primum
955 4552 968 4578 ,
997 4512 1120 4580 quid
1147 4509 1435 4566 secundum
1456 4551 1470 4572 ,
1501 4510 1624 4580 quid
1653 4509 1862 4565 tertium
1889 4510 2070 4565 dicere
2095 4525 2284 4580 aggre-

706 4606 899 4661 diatur.
932 4606 1102 4674 Atque
1127 4602 1264 4657 idem
1291 4601 1445 4657 nobis
1470 4601 1665 4669 evenit,
1690 4611 1747 4657 ut
1775 4601 1820 4656 si
1848 4602 1965 4671 quis
1994 4602 2045 4655 in
2079 4611 2283 4672 pratum

705 4693 975 4767 ingressus
995 4735 1010 4758 ,
1041 4703 1096 4749 et
1122 4694 1312 4748 multas
1342 4707 1508 4759 rosas,
1543 4692 1946 4760 violasmultas,
1978 4707 2042 4746 ac
2070 4692 2198 4758 lilia,
2231 4701 2286 4748 et

708 4787 838 4842 alios
866 4800 1056 4842 vernos
1085 4786 1242 4840 ﬂores
1266 4784 1438 4840 varios
1467 4799 1530 4840 ac
1556 4783 1800 4839 diversos
1825 4785 2044 4840 intuitus
2062 4827 2076 4850 ,
2112 4784 2285 4840 ambio

703 4886 791 4946 gat
809 4891 966 4947 quem
999 4876 1168 4945 primo
1194 4877 1331 4942 loco,
1355 4891 1510 4945 quem
1534 4875 1768 4931 secundo
1786 4877 2134 4945 perspexerit,
2155 4877 2281 4931 dum

706 4967 898 5038 singuli
929 4966 1087 5023 ﬂores
1113 4968 1297 5023 oculos
1321 4967 1387 5023 ad
1415 4983 1475 5023 se
1499 4969 1728 5037 rapiunt.
1765 4968 1963 5024 Eodem
2002 4968 2161 5022 modo
2187 4984 2284 5024 nos

703 5060 832 5113 item
857 5058 1138 5127 alficimur,
1161 5058 1287 5114 dum
1312 5058 1414 5114 hoc
1432 5059 1710 5129 spirituale
1731 5067 1935 5129 pratum
1965 5057 2150 5129 lgnatii
2180 5059 2288 5112 vir-

705 5157 872 5203 tutum
902 5148 1146 5219 ingressi,
1175 5156 1228 5204 et
1256 5163 1362 5202 non
1391 5163 1584 5203 vernos
1612 5148 1793 5214 ﬂores,
1819 5146 1913 5203 sed
1946 5150 2089 5217 ipsos
2113 5149 2284 5217 Spiri-

707 5247 791 5292 tus
818 5236 1021 5293 fructus
1042 5232 1218 5293 varios
1245 5253 1309 5293 ac
1330 5237 1576 5293 diversos
1606 5239 1661 5303 in
1683 5239 1796 5308 ejus
1834 5242 2006 5293 anima
2038 5249 2282 5294 eontem-

706 5330 914 5400 plantes
933 5325 1348 5397 commovemur,
1367 5345 1431 5386 ac
1455 5331 1754 5387 dubitamus
1781 5332 1919 5387 unde
1948 5333 2281 5403 potissimum

704 5421 1065 5489 exordiantur,
1096 5422 1222 5477 dum
1252 5422 1454 5494 singula
1481 5439 1599 5494 quae
1624 5424 1998 5501 conspeximus
2017 5467 2032 5494 ,
2070 5426 2135 5480 ab
2165 5426 2282 5482 aliis

709 5525 807 5566 nos
832 5521 1073 5581 avocant,
1098 5521 1152 5568 et
1176 5511 1242 5568 ad
1269 5514 1541 5583 proprium
1563 5513 1772 5569 decoris
1799 5515 2135 5584 splendorem
2161 5533 2282 5574 ocu-

773 5662 795 5727 ξ
823 5661 997 5727 ωιλαμ
1018 5676 1126 5711 cum
1150 5663 1338 5727 duobus
1357 5663 1607 5727 codicibus
1626 5665 1786 5727 Regiis
1813 5666 1932 5716 isse
1951 5674 2001 5716 et
2022 5668 2164 5719 2545.

768 5723 850 5795 (a)_
873 5723 1078 5772 Titulum
1112 5727 1182 5795 sic
1201 5725 1400 5795 habent.
1423 5724 1563 5775 savii.
1588 5723 1790 5795 _et_uhus
1816 5728 1975 5782 Codex
2002 5732 2209 5795 Regius;
2235 5732 2282 5784 in

700 5783 868 5836 Morel.
895 5797 1013 5836 vero
1034 5793 1278 5850 postrema
1302 5787 1449 5838 verba
1473 5800 1569 5839 non
1587 5786 1846 5841 habentur.

2395 1143 2476 1199 los
2501 1147 2664 1201 animi
2693 1158 2748 1203 et
2775 1152 2970 1207 mentis
2993 1152 3162 1209 aciem
3181 1154 3537 1212 invitanLV'os
3558 1159 3697 1212 enim
3728 1160 3829 1229 ipsi
3859 1177 3996 1216 con-

2396 1236 2628 1293 siderate
2655 1258 2667 1293 :
2700 1240 2992 1297 Eeclesiam
3027 1254 3265 1300 nostram
3296 1247 3381 1302 hic
3407 1250 3542 1302 rexit
3569 1256 3673 1303 tam
3705 1266 3993 1320 generose,

2394 1335 2447 1381 et
2475 1336 2615 1383 tanta
2660 1346 2782 1387 cum
2811 1333 3081 1403 diligentia
3109 1378 3123 1402 ,
3165 1349 3416 1406 quantam
3461 1337 3704 1395 Christus
3741 1343 3992 1412 requirit.

2391 1417 2558 1484 Quam
2589 1423 2730 1476 enim
2755 1423 2843 1479 ille
2872 1425 3155 1480 maximam
3183 1444 3426 1484 normam
3450 1439 3505 1485 et
3524 1432 3762 1500 regulam
3789 1435 3995 1504 cpisco-

2393 1510 2475 1578 pis
2513 1514 2728 1578 statuit,
2757 1530 2873 1594 eam
2912 1516 2999 1571 hic
3039 1517 3191 1573 factis
3221 1520 3349 1589 ipsis
3373 1521 3654 1590 expressit.
3699 1523 3832 1578 Nam
3869 1541 3992 1578 cum

2391 1600 2658 1656 Christum
2691 1605 2982 1661 audivisset
3008 1607 3273 1664 dicentem
3307 1629 3319 1664 :
3352 1610 3526 1666 Bonus
3564 1623 3739 1682 pastor
3765 1617 3994 1669 auium

2391 1707 2536 1744 suam
2563 1695 2702 1762 ponit
2729 1697 3018 1766 pro,ovibus
3045 1697 3232 1770 (Joan.
3256 1700 3344 1756 10.
3373 1702 3487 1770 ii),
3511 1705 3656 1758 omni
3683 1705 4000 1762 fortitudine

2391 1793 2508 1833 eam
2537 1796 2633 1849 pro
2660 1784 2849 1838 ovibus
2877 1785 3132 1854 profudit.

2463 1867 2693 1938 Ignatius
2720 1888 2833 1926 cum
2861 1875 3116 1944 Apostolis
3135 1888 3379 1932 versatus.
3412 1878 3614 1937 Lauda
3630 1881 3987 1955 Episcopatus.

2396 1960 2493 2024 Qui
2515 1961 2778 2030 indignum
2803 1966 3022 2026 ordinat,
3056 1977 3370 2036 peccatorum
3398 1972 3507 2041 ejus
3532 1972 3591 2040 ﬁt
3612 1973 3891 2043 particeps.
3924 2003 3996 2017 -

2392 2049 2523 2103 Cum
2556 2053 2811 2120 apostolis
2835 2063 3052 2111 strenue
3078 2065 3320 2113 versatus
3346 2071 3467 2125 est,
3499 2070 3554 2115 et
3583 2061 3780 2116 ﬂuenta
3811 2063 3988 2119 hausit

2391 2142 2703 2208 spiritualia.
2737 2144 2955 2210 Qualem
2987 2146 3146 2217 igitur
3169 2163 3291 2202 eum
3321 2164 3440 2204 esse
3467 2166 3560 2218 par
3591 2151 3712 2216 fuit,
3747 2153 3838 2222 qui
3869 2169 3995 2208 cum

2392 2230 2494 2284 illis
2520 2233 2774 2288 educatus
2802 2244 2902 2299 est,
2929 2247 2982 2292 et
3008 2238 3204 2307 ubique
3229 2239 3379 2306 vixit,
3410 2251 3465 2295 et
3487 2242 3749 2309 omnium,
3778 2259 3902 2313 qua
3925 2246 3996 2300 ab

2391 2323 2494 2377 illis
2521 2326 2604 2379 vel
2645 2326 2785 2382 dicta
2825 2329 2908 2382 ve!
2949 2345 3054 2383 non
3084 2330 3220 2385 dicta
3264 2341 3426 2398 sunt,
3459 2333 3726 2402 particeps
3768 2333 3910 2399 fuit,
3939 2346 3997 2391 et

2393 2423 2539 2468 tanto
2563 2417 2863 2487 principatu
2879 2419 3069 2488 dignus
3090 2421 3159 2475 ab
3180 2421 3311 2489 ipsis
3329 2433 3411 2477 est
3428 2422 3731 2492 judicatus?
3756 2425 3993 2480 Rursum

2391 2503 2556 2559 adfuit
2584 2516 2812 2576 tempus,
2842 2509 2982 2577 quod
3014 2508 3376 2566 fortitudinem
3404 2513 3650 2584 exigebat
3673 2523 3728 2568 et
3751 2516 3995 2570 animum

2393 2596 2570 2650 omnia
2613 2599 2894 2667 praesentia
2926 2598 3307 2668 despicientem
3332 2641 3350 2668 ,
3380 2605 3576 2674 quique
3603 2619 3786 2660 amore
3811 2605 3997 2660 divino

2391 2686 2658 2752 ferveret,
2703 2697 2759 2743 et
2801 2689 3084 2745 invisibilia
3113 2691 3408 2749 visibilibus
3431 2693 3726 2751 anteferret
3752 2713 3765 2749 :
3800 2705 3855 2751 et
3886 2705 3996 2750 tam

2390 2777 2544 2833 facile
2591 2796 2807 2836 carnem
2857 2782 3141 2854 deposuit,
3189 2799 3348 2854 quam
3391 2787 3566 2856 quivis
3610 2788 3744 2843 alius
3783 2797 3995 2844 vestem

2392 2871 2648 2925 exuisset.
2676 2871 2814 2939 Quid
2847 2873 3007 2943 igitur
3048 2874 3276 2944 primum
3322 2877 3747 2947 persequemur?
3771 2887 3997 2948 aposto-

2393 2958 2567 3014 lorum
2592 2960 2908 3027 doctrinam,
2932 2977 3090 3032 quam
3121 2964 3175 3017 in
3202 2966 3451 3019 omnibus
3475 2966 3739 3033 exhibuit,
3765 2983 3835 3022 an
3863 2984 3997 3038 pra-

2392 3049 2559 3103 sentis
2596 3050 2718 3103 vitae
2762 3058 3126 3120 contemptum
3150 3053 3173 3105 ‘!
3201 3067 3270 3106 an
3315 3054 3525 3109 virtutis
3569 3047 3945 3126 praestantiam
3972 3099 3993 3125 ,

2390 3154 2493 3209 qua
2544 3139 2837 3194 Ecclesiam
2888 3140 3331 3197 administravit?
3376 3143 3547 3212 Quem
3597 3144 3942 3202 laudabimus
3971 3149 3997 3202 ἲ

2391 3228 2732 3300 martyrem?
2777 3230 3087 3301 episcopum
3115 3232 3140 3284 ‘i
3186 3247 3253 3286 an
3307 3234 3657 3303 apostolum?
3698 3237 3995 3308 Triplicem

2389 3321 2533 3376 enim
2563 3335 2812 3374 coronam
2841 3323 3008 3390 gratia
3033 3321 3262 3393 Spiritus
3288 3325 3580 3390 contexuit,
3611 3343 3716 3398 qua
3742 3337 3992 3386 sanctum

2391 3410 2534 3465 illius
2559 3419 2721 3480 caput
2749 3412 3018 3467 redimivit
3038 3455 3053 3476 .
3086 3415 3194 3470 imo
3219 3430 3348 3470 vero
3375 3417 3744 3487 multiplicem.
3774 3419 3831 3474 Si
3863 3420 3990 3488 quis

2391 3503 2533 3557 enim
2557 3502 2841 3572 diligenter
2863 3518 3089 3559 coronas
3118 3505 3354 3575 singulas
3376 3508 3678 3565 consideret
3701 3545 3724 3578 ,
3749 3511 3994 3566 inveniet

2390 3603 2448 3650 et
2476 3596 2605 3649 alias
2633 3595 2786 3650 nobis
2813 3598 3198 3665 germinantes.

2459 3685 2514 3740 Ξ.
2549 3689 2625 3741 Ac
2645 3687 2928 3756 principio,
2955 3689 2998 3743 si
3026 3689 3177 3744 vobis
3205 3691 3394 3759 placet,
3412 3691 3480 3746 ab
3495 3691 3831 3763 episcopatus
3851 3693 3975 3750 lau-

2389 3776 2546 3832 dibus
2593 3777 2932 3847 incipiamus.
2961 3779 3251 3844 Videturne
3279 3781 3430 3836 vobis
3462 3782 3577 3837 hrec
3615 3784 3848 3853 simplex
3887 3801 3986 3840 co-

2388 3867 2560 3921 rona?
2587 3869 2700 3937 Age
2729 3869 2888 3938 igitur
2910 3869 3310 3926 consideremus
3330 3913 3346 3939 ,
3375 3881 3429 3927 et
3456 3871 3590 3926 duas
3613 3914 3626 3936 ,
3652 3882 3708 3928 et
3734 3884 3841 3930 tres
3861 3917 3874 3940 ,
3905 3885 3989 3929 at-

2389 3973 2494 4028 que
2518 3959 2652 4013 adeo
2680 3960 2859 4030 plures
2902 3961 3026 4016 inde
3056 3962 3211 4016 nobis
3249 3974 3429 4032 partas
3470 3966 3834 4036 conspicietis.
3876 3967 3985 4023 Ne-

2390 4063 2495 4111 que
2536 4050 2678 4104 enim
2709 4065 2807 4120 ego
2832 4052 3002 4106 virum
3044 4051 3186 4108 hunc
3229 4057 3632 4122 tantummodo,
3663 4059 3807 4129 quod
3837 4069 3987 4116 tanto

2393 4137 2612 4193 honoris
2645 4140 2808 4210 gradu
2834 4131 3024 4210 dignus
3052 4142 3122 4196 sit
3153 4143 3366 4200 habitus
3387 4185 3402 4210 ,
3425 4147 3682 4214 admiror,
3715 4148 3812 4204 sed
3840 4152 3985 4220 quod

2391 4242 2422 4282 a
2451 4229 2649 4284 sanctis
2677 4229 2780 4285 illis
2815 4229 3128 4301 dignitatem
3158 4233 3490 4301 obtinuerit,
3522 4238 3772 4308 quodque
3795 4243 3984 4296 beato-

2392 4336 2510 4376 rum
2539 4323 2897 4392 apostolorum
2928 4339 3118 4380 manus
3156 4341 3367 4381 sacrum
3412 4328 3542 4383 illud
3583 4339 3744 4401 caput
3789 4334 3987 4404 allige-

2393 4412 2516 4465 rint.
2549 4411 2659 4468 Nec
2694 4413 2957 4468 modicum
2997 4414 3048 4470 id
3075 4415 3142 4469 ad
3181 4415 3297 4486 ejus
3340 4418 3553 4473 laudem
3597 4422 3806 4477 confert
3837 4438 3985 4478 :non

2394 4502 2566 4556 solum
2596 4502 2738 4571 quod
2764 4503 3020 4574 majorem
3050 4521 3080 4561 e
3113 4507 3245 4562 calo
3267 4510 3492 4578 gratiam
3521 4512 3591 4565 sit
3623 4523 3984 4583 assequutus.

2393 4606 2483 4648 aut
2508 4594 2649 4664 quod
2680 4594 2732 4648 in
2763 4595 2934 4665 ipsum
2966 4597 3040 4651 illi
3073 4598 3330 4668 majorem
3357 4602 3464 4656 vim
3494 4601 3725 4672 Spiritus
3751 4605 3983 4662 induxeo

2393 4683 2518 4748 rint,
2547 4686 2640 4740 sed
2667 4686 2806 4757 quod
2832 4703 3018 4744 omnes
3042 4730 3056 4755 ,
3088 4705 3207 4761 qua:
3241 4692 3295 4746 in
3324 4693 3628 4750 hominibus
3653 4707 3812 4761 sunt,
3839 4698 3892 4754 in
3919 4715 3987 4756 eo

2393 4779 2613 4834 virtutes
2642 4795 2762 4834 esse
2792 4782 2966 4835 testati
3004 4782 3129 4837 sint.
3162 4783 3274 4838 Hoc
3311 4794 3489 4841 autem
3535 4788 3661 4857 quid
3691 4789 3794 4844 sibi
3820 4792 3981 4859 velit,

2394 4883 2623 4937 expono.
2656 4868 2852 4923 Paulus
2881 4871 2947 4924 ad
2970 4871 3143 4928 Titum
3171 4874 3413 4929 scribens
3438 4892 3451 4930 :
3479 4891 3602 4932 cum
3631 4889 3811 4953 autem
3843 4881 3985 4936 Pau-

2393 4958 2501 5014 lum
2523 4960 2663 5027 dico,
2689 4977 2794 5015 non
2824 4961 2964 5017 hunc
2991 4963 3160 5019 solum
3182 4967 3444 5038 intelligo,
3466 4968 3562 5024 sed
3583 4980 3636 5026 et
3666 4970 3907 5040 Petrum,
3932 4983 3985 5028 et

2391 5050 2647 5107 Iacobum
2667 5090 2686 5119 ,
2720 5062 2775 5107 et
2800 5052 3056 5111 Joannem
3078 5097 3093 5122 ,
3121 5065 3285 5127 atque
3324 5074 3537 5115 omnem
3587 5061 3820 5130 ipsorum
3849 5064 3982 5118 cho-

2395 5158 2533 5197 rum.
2567 5143 3025 5211 Quemadmodum
3052 5147 3194 5203 enim
3223 5149 3277 5203 in
3307 5149 3417 5221 lyra
3453 5166 3574 5206 cum
3616 5151 3846 5209 diversa
3877 5154 3986 5209 sint

2393 5234 2642 5301 chordae,
2687 5252 2824 5291 unus
2868 5246 3043 5293 tamen
3093 5248 3384 5295 concentus
3436 5250 3556 5295 est:
3585 5242 3663 5295 sic
3714 5243 3878 5297 etiam
3931 5245 3983 5300 in

2394 5327 2753 5394 apostolorum
2784 5328 2952 5383 choro
2971 5368 2988 5393 ,
3019 5331 3262 5399 quamvis
3287 5330 3394 5386 sint
3431 5329 3659 5387 diversa:
3697 5347 3946 5402 persona:
3967 5377 3982 5401 ,

2395 5433 2496 5471 una
2537 5429 2711 5474 tamen
2761 5420 3001 5475 doctrina
3045 5430 3156 5490 est,
3187 5422 3310 5493 quia
3349 5431 3404 5478 et
3443 5438 3581 5480 unus
3630 5425 3822 5480 artifex
3869 5437 3985 5482 erat

2391 5509 2621 5579 Spiritus
2649 5520 2882 5576 sanctus,
2914 5512 3003 5582 qui
3037 5513 3270 5582 ipsorum
3296 5515 3504 5571 animos
3532 5517 3801 5583 movebat,
3820 5518 3984 5589 idque

2393 5599 2589 5655 Paulus
2632 5601 2922 5656 ostendens
2941 5641 2956 5666 ,
2985 5602 3106 5673 Sive
3133 5603 3307 5674 igitur,
3340 5605 3541 5674 inquit,
3581 5605 3681 5669 illi,
3722 5607 3829 5661 sive
3850 5625 3980 5680 ego,

2389 5693 2462 5746 sic
2493 5693 2824 5762 pradicamus
2854 5695 2930 5764 (1.
2961 5694 3079 5749 Cor.
3110 5695 3194 5750 iii.
3221 5696 3332 5765 li).
3362 5696 3458 5752 llic
3486 5713 3613 5768 ergo
3640 5698 3888 5755 scribens
3912 5700 3979 5756 ad

2392 5784 2607 5852 Titum,
2655 5795 2709 5843 et
2756 5787 2952 5846 docens
3000 5789 3172 5860 qualis
3220 5788 3502 5861 cpiscopus
3557 5804 3677 5847 esse
3734 5791 3980 5861 debeat,
