4224 6302
236 355 340 414 687

1492 349 1558 405 IN
1597 347 1653 403 S.
1695 337 2028 407 [GNATIUH
2065 346 2478 406 MARTYREM.

2064 515 2478 526 —_c-—_—-—

1709 642 2300 730 ΕΓΚΩΜΙΟΝ

232 806 326 873 ως
387 805 490 861 τὸν·
517 803 695 874 ἅγιον
725 801 1116 873 ιερομάρτυρα
1164 803 1451 874 Ὶγνιίτιον
1475 804 1583 858 τὸν
1614 804 1909 872 θεοφόρον
1935 804 2424 872 ἀρχιεπίσκοπον
2455 807 2773 874 ’γενόμενον
2853 805 3204 874 Ἀντιοχείας
3267 805 3378 874 τῆς
3417 807 3690 875 μεγάλης

373 899 461 963 εἰς
515 893 752 964 Ῥώμην
784 895 1214 965 ἀπενεχθέντα,
1262 896 1361 950 και
1385 896 1595 952 αὐτόθι
1616 893 2110 966 μαρτυρήσαντα,
2146 896 2425 950 κακεῖθεν
2451 892 2627 963 αὖθις
2663 899 2750 962 εις
2793 898 3152 965 Ἀντιόχειαν
3174 896 3558 967 κομισθέντα.

301 1133 372 1183 α’.
391 1129 456 1182 Οἰ
475 1126 788 1192 πολυτελεῖς
800 1128 896 1183 καὶ
912 1127 1185 1198 φιλότιμοι
1207 1125 1318 1180 τῶν
1346 1124 1676 1193 ἑστιατόρων
1699 1122 1912 1186 πυκνὰς

235 1216 330 1272 καὶ
364 1205 700 1287 ἐπαλλήλους
729 1214 1010 1271 ποιοῦνται
1043 1215 1146 1279 τάς
1180 1213 1476 1277 ἑστιάσεις,
1509 1211 1647 1283 ὁμοῦ
1681 1211 1781 1282 μὲν
1809 1209 1910 1279 τὴν

233 1303 444 1358 οἰκείαν
477 1303 800 1375 περιουσίαν
849 1302 1323 1372 ἐπιδεικνύμενοι,
1374 1299 1510 1370 ὁμοῦ
1554 1299 1612 1352 δὲ
1642 1298 1743 1368 τὴν
1783 1297 1913 1367 περὶ

233 1391 360 1454 τοὺς
386 1389 726 1460 ἐπιτηδείους
761 1389 1166 1462 φιλοφροσύνην
1199 1387 1582 1459 ἐμφαίνοντες.
1626 1383 1785 1438 υῦτω
1817 1383 1915 1437 καὶ

234 1479 269 1549 ἡ
296 1475 395 1531 τοῦ
427 1475 744 1550 Πνεύματος
769 1478 930 1550 χάρις
961 1477 1060 1548 τῆς
1091 1476 1299 1538 οἰκείας
1324 1474 1610 1544 δυνάμεως
1650 1472 1750 1543 τὴν
1779 1470 1916 1524 ἀπό-

234 1563 401 1628 δειξιν
430 1563 564 1633 ἡμῖν
606 1565 981 1637 παρεχομένη,
1014 1565 1111 1617 καὶ
1141 1562 1342 1632 πολλὴν
1373 1562 1470 1632 τὴν
1510 1557 1914 1631 φιλοφροσύνην

237 1649 368 1724 περὶ
393 1652 523 1716 τοὺς
549 1650 644 1706 τοῦ
671 1651 807 1706 θεοῦ
833 1651 1022 1721 φίλους
1051 1649 1494 1720 ἐπιδεικνυμένη,
1515 1649 1756 1716 συνεχεῖς
1784 1646 1915 1716 ἡμῖν

239 1738 334 1796 καὶ
365 1739 710 1809 ἐπαλλήλους
737 1737 839 1802 τὰς
889 1737 998 1790 τῶν
1035 1735 1334 1812 μαρτύρων
1364 1734 1732 1806 παρατίθεται
1787 1749 1919 1802 τρα-

236 1826 435 1890 πέζας.
471 1825 673 1897 Πρῴην
701 1825 834 1894 γοῦν
861 1826 1009 1896 ἡμᾶς
1041 1813 1180 1895 κόρη
1215 1823 1412 1894 κομιδῇ
1447 1822 1544 1876 νέα
1565 1822 1660 1875 καὶ
1693 1819 1919 1891 ἀπειρό-

239 1930 438 1985 γαμος,
475 1915 510 1984 ἡ
567 1913 818 1984 μακαρία
859 1913 1071 1984 μάρτυς
1100 1911 1367 1979 Πελαγία,
1413 1911 1553 1981 μετὰ
1583 1909 1786 1978 πολλῆς
1818 1909 1920 1979 τῆς

241 1999 586 2070 εὐφροσύνης
611 1999 849 2052 εἱστίασε
869 2015 884 2029 °
906 2001 1150 2071 σήμερον
1173 1997 1334 2052 πάλιν
1359 1997 1458 2068 τὴν
1475 1997 1694 2066 ἐκείνης
1725 1995 1920 2066 ἑορτὴν

240 2088 271 2140 δ
296 2087 570 2159 μακάριος
602 2080 892 2167 οῦτοςὶκαὶ
917 2088 1165 2156 γενναῖος
1208 2086 1419 2156 μάρτυς
1463 2084 1721 2152 Ἰγνάτιος
1756 2081 1922 2134 διεδέ-

245 2174 391 2239 ξατο.
451 2175 696 2246 Διάφορα
753 2173 823 2227 τά
856 2174 1145 2243 πρόσωπα,
1200 2171 1336 2225 ἀλλά
1387 2172 1486 2241 μία
1531 2173 1564 2240 ή
1615 2169 1870 2241 τράπεζα
1905 2186 1918 2200 ⁸

243 2261 627 2332 ἐνηλλαγμένα
675 2260 746 2313 τὰ
801 2259 1179 2329 παλαίσματα,
1227 2258 1342 2311 ἀλλ’
1395 2253 1475 2319 εἷς
1528 2258 1556 2308 ὁ
1608 2257 1868 2324 στέφανος
1904 2273 1918 2288 ο

247 2347 471 2402 ποικίλα
513 2348 583 2401 τά
627 2347 1011 2417 ἀγωνίσματα,
1045 2345 1184 2399 ἀλλά
1218 2345 1278 2398 τδ
1314 2343 1447 2397 αὐτὸ
1489 2343 1759 2415 βραϐεῖον.
1801 2344 1924 2396 Ἐπὶ

253 2434 350 2504 μὲν
377 2435 487 2502 γὰρ
517 2433 627 2486 τῶν
656 2433 858 2497 ἔξωθεν
886 2431 1136 2501 ἀγώνων,
1171 2431 1360 2501 ἐπειδὴ
1391 2431 1661 2500 σωμάτων
1704 2432 1842 2484 εἰσὶν
1875 2433 1925 2484 οἰ

248 2520 419 2579 πόνοι.
463 2520 690 2583 εἰκότως
732 2520 925 2591 ἀνδρες
959 2519 1308 2589 ἐγκρίνονται
1344 2517 1527 2586 μόνοι·
1560 2515 1796 2569 ἐνταῦθα
1845 2516 1925 2581 δέ,

249 2605 439 2675 ἐπειδὴ
465 2606 565 2676 τῆς
585 2606 762 2676 ψυχῆς
787 2605 815 2657 ὁ
841 2604 992 2672 ἀγὼν
1022 2605 1168 2668 ἀπας
1196 2604 1366 2667 ἐστὶν,
1399 2603 1639 2674 ἑκατέρᾳ
1664 2605 1730 2673 τῇ
1764 2603 1928 2672 φύσει

249 2699 310 2754 τὸ
338 2699 553 2754 στάδιον
580 2700 842 2769 ἀνέῳγεν,
866 2699 1114 2769 ἐκατέρῳ
1142 2697 1219 2768 τῷ
1249 2698 1396 2766 γένει
1417 2697 1478 2750 τὸ
1504 2697 1731 2768 θέατρον
1757 2696 1929 2767 κάθη-

245 2804 362 2843 ται.
389 2787 504 2840 Kal
534 2785 659 2839 οὔτε
689 2784 1252 2857 άνδρεςάπεδύσαντο
1289 2785 1468 2854 μόνον,
1534 2784 1619 2836 ἵνα
1671 2783 1745 2854 μὴ
1792 2782 1930 2853 πρὸς

248 2877 351 2947 τὴν
388 2875 490 2945 τῆς
527 2875 742 2945 φύσεως
777 2874 1064 2928 ἀσθένειαν
1109 2873 1166 2927 αἰ
1190 2874 1451 2941 γυναῖκες
1485 2871 1930 2941 καταφεύγουσαι

252 2963 480 3030 δόξωσιν
542 2964 688 3033 ἐχειν
737 2963 1098 3035 εὐπρόσωπον
1153 2958 1485 3026 ἀπολογίανο
1516 2958 1640 3011 οὔτε
1672 2960 1932 3026 γυναῖκες

251 3050 577 3121 ⁴ἰινδρίσαντο
611 3050 792 3120 μόναι,
828 3049 916 3101 ἵνα
948 3049 1023 3119 μὴ
1045 3048 1106 3101 τὺ
1126 3046 1234 3100 τῶν
1264 3046 1475 3117 ἀνδρῶν
1499 3045 1932 3115 καταισχύνηται

251 3138 410 3205 γένος
433 3153 448 3166 ·
484 3136 622 3190 ἀλλὰ
646 3137 739 3188 καὶ
770 3134 1023 3188 ἐντεῦθεν
1050 3133 1304 3187 κάκεῖθεν
1328 3133 1514 3186 πολλοὶ
1544 3135 1592 3185 οἰ
1619 3134 1929 3204 ἀνακηρυτε

254 3225 476 3294 τόμενοι
539 3223 635 3276 καὶ
697 3221 1162 3290 στεφανούμενοι,
1231 3221 1317 3273 ἵνα
1389 3219 1566 3289 μάθῃς
1615 3217 1794 3291 [593]
1843 3218 1934 3273 διά

253 3309 366 3362 τῶν
399 3308 580 3380 ἔργων
608 3308 788 3362 αὐτῶν
815 3309 897 3362 ὅτι
949 3311 1007 3361 ἐν
1048 3305 1271 3377 Χριστῷ
1318 3305 1494 3376 Ἰησοῦ
1521 3307 1623 3360 οὐκ
1657 3307 1846 3376 ἄρσεν,
1871 3308 1933 3361 06

255 3393 419 3465 θῆλυ,
447 3396 532 3448 ὅτι
576 3393 701 3447 οῦτε
749 3393 948 3462 φύσις,
989 3392 1113 3446 οὔτε
1160 3385 1744 3463 σώματοςάσθένεια,
1809 3393 1934 3447 οὔτε

252 3483 468 3553 ἡλικία,
495 3482 619 3536 οὗτε
652 3481 780 3536 ἀλλο
812 3483 964 3535 οὐδὲν
992 3481 1101 3534 τῶν
1120 3481 1380 3535 τοιούτων
1408 3481 1700 3552 ἐμποδίσαι
1733 3481 1935 3536 δύναιτ’

255 3570 324 3623 ἀν
360 3572 476 3634 τοῖς
501 3569 592 3622 τὸν
630 3569 733 3639 τῆς
783 3568 1066 3630 εὐσεϐείας
1104 3568 1358 3638 τρέχουσι
1394 3568 1618 3640 δρόμον,
1662 3569 1759 3629 ἐάν
1796 3589 1935 3642 προ-

257 3652 430 3723 θυμία
457 3652 704 3721 γενναία,
753 3652 848 3706 καὶ
874 3652 1131 3722 φρόνημα
1170 3651 1620 3722 διεγηγερμένον,
1654 3654 1748 3706 καὶ
1771 3655 1936 3720 φόϐος

257 3739 396 3792 Θεοῦ
422 3726 633 3811 ’θερμὸς
678 3738 771 3792 καὶ
818 3737 1083 3811 διάπυρος
1120 3739 1492 3810 ἐρῤιζωμένος
1541 3740 1699 3810 ἡμῶν
1729 3741 1787 3793 ἐν
1817 3745 1940 3805 ταῖς

256 3825 464 3897 ψυχαῖς
579 3825 678 3878 Διά
717 3824 874 3879 τοῦτο
905 3827 1001 3879 καὶ
1030 3826 1213 3897 κόραι,
1247 3828 1343 3879 καὶ
1375 3829 1656 3894 γυναῖκες,
1700 3830 1793 3881 καὶ
1844 3828 1941 3882 ἀν-

258 3911 408 3982 δρες,
443 3914 538 3966 καὶ
560 3913 692 3974 νέοι,
730 3913 824 3966 καὶ
862 3914 1137 3984 γέροντες,
1171 3913 1266 3965 καὶ
1296 3912 1494 3978 δοῦλοι,
1522 3914 1616 3967 καὶ⁸
1641 3914 1938 3986 ἐλεύθεροι,

261 4003 361 4055 καὶ
394 4002 546 4054 πᾶσα
574 4001 722 4066 ἀξία,
774 4001 869 4055 καὶ
898 4001 1085 4071 ἡλικία
1119 4000 1330 4063 άπασα,
1371 4001 1466 4054 καὶ
1497 4001 1659 4070 φύσις
1701 4003 1940 4075 ἑκατέρα

261 4087 404 4161 πρὸς
421 4087 551 4150 τοὺς
572 4086 790 4154 ἀγῶνας
807 4087 977 4141 ἀπεδύ
985 4104 1146 4141 σαντο
1168 4087 1410 4151 τούτους,
1424 4089 1517 4141 καὶ
1536 4089 1835 4160 οὐδαμόθεν
1859 4092 1944 4143 ού-

261 4173 352 4227 δέν
367 4173 815 4245 παρεϐλάϐησαν,
845 4175 978 4227 ἐπεὶ·
994 4175 1314 4244 προαίρεσιν
1337 4175 1592 4244 γενναίαν
1617 4179 1942 4248 εἰσήνεγκαν

264 4264 350 4327 εἰς
379 4267 451 4317 τά
470 4264 832 4334 παλαίσματα
860 4264 1055 4320 ταῦτα.
1099 4265 1156 4317 '0
1184 4265 1284 4336 μὲν
1313 4261 1406 4320 οῦν
1435 4268 1628 4338 καιρὸς
1662 4269 1814 4338 ἡμᾶς
1841 4267 1942 4340 ήδη

265 4349 410 4421 πρὸς
432 4350 535 4421 τὴν
563 4351 814 4420 διήγησιν
842 4349 951 4404 τῶν
999 4351 1093 4404 τοῦ
1131 4351 1403 4422 μακαρίου
1446 4353 1638 4406 τούτου
1671 4355 1948 4427 κατορθω-

269 4437 463 4507 μάτων
484 4436 669 4492 καλεῖο
695 4440 724 4492 ό
755 4438 1015 4509 λογισμὸς
1043 4439 1099 4492 δέ
1125 4440 1454 4510 ταράττεται
1488 4441 1584 4494 καὶ
1607 4441 1943 4513 θορυϐεῖται,

265 4522 372 4577 οὐκ
417 4523 560 4594 ἔχων
599 4524 652 4577 τί
683 4524 921 4597 πρῶτον,
974 4524 1026 4578 τί
1072 4525 1326 4597 δεύτερον
1370 4528 1566 4589 εἰπεῖν,
1620 4527 1673 4579 τί
1720 4528 1903 4598 τρίτον
1929 4545 1943 4558 ·

265 4608 526 4664 τοσοῦτον
554 4612 809 4681 περιρρεῖ
850 4611 1116 4665 πάντοθεν
1167 4614 1316 4684 ἡμᾶς
1363 4613 1661 4684 ἐγκωμίων
1715 4615 1941 4684 πλῆθος.

268 4697 386 4749 Kal
436 4696 636 4751 ταύτὸν
687 4697 1011 4768 πάσχομεν,
1069 4692 1182 4753 οἷον
1233 4698 1300 4752 ἂν
1354 4698 1408 4751 εί
1449 4716 1536 4762 τις
1582 4701 1664 4763 εἰς
1706 4700 1951 4772 λειμῶνα

269 4783 555 4847 εἰσελθὼν,
581 4785 673 4839 καὶ
700 4785 901 4857 πολλὴν
933 4786 1034 4858 μὲν
1065 4787 1164 4855 τὴν
1191 4787 1454 4858 ῥοδωνιὰν
1475 4787 1618 4852 ἰδὼν,
1641 4788 1776 4843 πολὺ
1811 4788 1868 4842 δὲ
1890 4790 1950 4843 τὸ

273 4870 380 4939 ιὀν,
426 4873 524 4926 καὶ
571 4872 634 4926 τὸ
678 4873 865 4946 κρίνον
892 4874 1171 4937 τοσοῦτον,
1202 4875 1299 4928 καὶ
1333 4875 1499 4946 ἐτερα
1534 4875 1592 4928 δὲ
1621 4876 1785 4946 ὴρινά
1812 4878 1948 4950 ἀνθη

271 4958 501 5013 ποικίλα
548 4976 608 5014 τε
641 4962 739 5015 καὶ
785 4960 1036 5032 διάφορα,
1062 4962 1384 5033 ἀπορήσειε,
1417 4962 1470 5014 τί
1501 4964 1720 5034 πρῶτον
1748 4964 1858 5035 ἴδῃ,
1896 4966 1952 5019 τί

273 5045 554 5118 δεύτερον,
591 5047 824 5103 ἑκάστου
843 5049 954 5103 τῶν
987 5049 1280 5120 ὁρωμένων
1313 5049 1450 5120 πρὸς
1482 5050 1644 5104 ἑαυτὸ
1663 5051 1954 5118 καλοῦντος

273 5134 379 5198 τάς
408 5134 583 5204 ὄψεις.
621 5135 732 5189 Kal
755 5134 866 5205 γὰρ
898 5135 994 5189 καὶ
1021 5138 1183 5207 ἡμεῖς
1211 5138 1291 5201 είς
1324 5137 1415 5190 τὸν
1440 5138 1810 5207 πνευματικὸν
1834 5139 1952 5192 τοῦ-

275 5237 374 5274 τον
401 5220 643 5292 λειμῶνα
675 5222 784 5276 τῶν
811 5219 1082 5292 Ἰγνατίου
1117 5222 1560 5294 κατορθωμάτων
1595 5225 1954 5291 εἰσελθόντες,

276 5309 379 5361 καὶ
434 5310 559 5381 οὐχὶ
609 5308 745 5382 ἀνθη
790 5309 976 5382 ὴρινά,
1024 5309 1142 5363 ἀλλ’
1177 5309 1338 5363 αὐτὸν
1369 5310 1463 5363 τοῦ
1507 5311 1824 5382 Πνεύματος
1863 5315 1955 5367 τὸν

276 5394 496 5464 καρπὸν
550 5397 795 5450 ποικίλον
831 5413 892 5452 τε
923 5397 1019 5450 καὶ
1046 5397 1303 5469 διάφορον
1344 5399 1402 5452 ἐν
1450 5401 1517 5468 τῇ
1567 5400 1759 5453 τούτου
1808 5402 1955 5475 ψυχῇ

280 5481 552 5551 θεώμενοι
585 5483 985 5556 θορυϐούμεθα,
1033 5487 1128 5542 καὶ
1165 5487 1554 5558 διαποροῦμεν,
1592 5490 1692 5542 οὐκ
1740 5489 1957 5562 ἔχοντες

281 5568 392 5623 ποῦ
423 5570 640 5641 πρῶτον
682 5573 772 5626 τὸν
804 5571 1067 5644 λογισμὸν
1119 5574 1504 5645 ἀπερεισωμεν
1525 5616 1540 5643 ,
1589 5577 1820 5631 ἑκάστου
1850 5578 1958 5632 τῶν

281 5658 579 5727 ὁρωμένων
606 5660 712 5713 ἀπὸ
739 5660 848 5714 τῶν
895 5659 1123 5731 πλησίον
1155 5661 1526 5726 ἀνθέλκοντος,
1570 5666 1661 5716 καὶ
1691 5665 1826 5734 πρὸς
1860 5667 1957 5735 τὴν

280 5743 391 5814 τῆς
419 5745 623 5811 οἰκείας
653 5747 984 5817 εὐπρεπείας
1025 5746 1257 5819 θεωρίαν
1292 5752 1673 5820 ἐπιτπιιιμένοιέ
1718 5754 1814 5821 τὴν
1849 5754 1940 5818 τῆς

2012 1123 2194 1194 ψυχῆς
2250 1126 2394 1197 δψιν.
2454 1127 2716 1180 Σκοπεῖτε
2765 1127 2906 1197 γάρ’
2961 1127 3202 1198 προέστη
3250 1126 3350 1197 τῆς
3398 1125 3529 1197 παρ’
3563 1125 3696 1198 ἡμῖν

2026 1211 2352 1284 Ἐκκλησίας
2366 1213 2648 1282 γενναίως,
2665 1214 2757 1266 καὶ
2780 1213 2915 1283 μετὰ
2937 1213 3206 1285 τοσαύτης
3232 1211 3545 1283 ἀκριϐείας,
3573 1212 3697 1283 μεθ’

2014 1299 2146 1370 ὅσης
2178 1301 2208 1352 ὁ
2237 1299 2476 1370 Χριστὸς
2533 1299 2814 1369 βούλεται·
2850 1300 2909 1353 ὃν
2954 1300 3063 1371 γὰρ
3117 1301 3376 1371 μέγιστον
3422 1302 3549 1369 δρον
3603 1300 3699 1354 καὶ

2015 1387 2215 1440 κανόνα
2242 1387 2343 1457 τῆς
2367 1389 2670 1458 ἐπισκοπῆς
2693 1388 2894 1458 ἔφησεν
2915 1384 3055 1441 εἶναι
3087 1390 3315 1451 ἐκεῖνος,
3333 1385 3521 1441 τοῦτον
3543 1379 3700 1451 οὗτος

2015 1471 2105 1525 διὰ
2133 1471 2243 1525 τῶν
2283 1472 2462 1544 ἔργων
2477 1473 2809 1538 ἐπεδείξατο.
2841 1474 2951 1527 Kal
2976 1473 3085 1544 γὰρ
3116 1474 3208 1526 τοῦ
3241 1472 3476 1543 Χριστοῦ
3513 1472 3700 1542 λέγονυ-

2015 1576 2107 1623 τος
2136 1560 2394 1623 ἀκούσας.
2423 1562 2505 1614 ὅτι
2527 1562 2582 1612 '0
2605 1561 2830 1629 ποιμὴν
2857 1564 2889 1614 ό
2914 1561 3103 1626 καλὸς
3131 1559 3247 1628 τὴν
3273 1560 3489 1629 ψυχὴν
3509 1561 3699 1615 αὐτοῦ

2015 1647 2261 1714 τίθησιν
2306 1646 2459 1716 ὑπὲρ
2505 1647 2625 1701 τῶν
2679 1650 3008 1714 προϐάτων,
3054 1647 3191 1717 μετά
3235 1647 3416 1716 πάσης
3447 1647 3701 1719 ἀνδρείας

2018 1734 2191 1805 αὐτὴν
2216 1733 2487 1787 ἐπέδωκεν
2527 1735 2665 1805 ὑπὲρ
2698 1735 2807 1787 τῶν
2841 1734 3149 1804 προϐάτων.

2092 1821 2419 1890 Συνεγένετο
2456 1826 2568 1885 τοῖς
2613 1822 2934 1885 ἀποστόλοις
2968 1822 3228 1889 γνησίως,
3261 1822 3355 1876 καὶ
3394 1822 3500 1876 τῶν
3536 1839 3702 1876 πνευ-

2026 1908 2272 1976 ματικῶν
2327 1908 2583 1978 ναμάτων
2613 1908 2948 1978 ἀπήλαυσεν.
2994 1909 3210 1962 Ὀποῖον
3260 1905 3353 1963 οὖν
3383 1905 3523 1963 εἶναι
3554 1910 3703 1975 εἰκὸς

2021 1995 2114 2048 τὸν
2155 1996 2578 2067 συντραφένται
2618 1997 2866 2061 ἐκείνοις,
2899 1998 2994 2050 καὶ⁵
3039 1998 3319 2068 πανταχοῦ
3365 2001 3702 2071 συγγενόμε-

2024 2104 2135 2152 νον,
2187 2089 2283 2141 καὶ
2319 2086 2497 2159 ῥητῶν
2537 2088 2630 2140 καὶ
2683 2088 3011 2158 ἀπορρήτων
3040 2089 3225 2150 αὐτοῖς
3255 2093 3702 2160 κοινωνήσαντα,

2025 2176 2120 2227 καὶ
2141 2175 2407 2243 τοσαύτης
2431 2170 2572 2226 εἶναι
2589 2173 2814 2237 δόξαντα
2833 2175 3017 2237 αὐτοῖς
3046 2175 3221 2245 ἀρχῆς
3241 2175 3424 2242 ἀξιον;
3464 2176 3704 2247 Ἐπέστη

2026 2263 2189 2316 πάλιν
2214 2262 2401 2334 καιρὸς
2434 2261 2685 2332 ἀνδρείαν
2726 2263 2999 2332 ἐπιζητῶν
3035 2266 3127 2316 καὶ
3153 2264 3331 2334 ψυχὴν
3357 2265 3466 2318 τῶν
3500 2266 3705 2335 παρόν-

2027 2367 2135 2402 των
2164 2349 2520 2421 ὑπερορῶσαν
2542 2349 2818 2412 ἁπάντων,
2848 2350 2940 2402 καὶ
2978 2349 3058 2418 τῷ
3090 2350 3218 2420 θείῳ
3260 2350 3492 2413 ζέουσαν
3517 2351 3704 2423 ἔρωτι,

2029 2437 2124 2488 καὶ
2165 2435 2236 2488 τά
2267 2435 2341 2506 μὴ
2373 2436 2680 2505 βλεπόμενα
2710 2436 2817 2489 τῶν
2855 2437 3149 2508 ὁρωμένων
3180 2437 3539 2507 προτιμῶσαν
3561 2455 3572 2465 ·
3611 2437 3708 2493 καὶ

2032 2522 2170 2591 μετά
2194 2521 2460 2592 τοσαύτης
2511 2522 2761 2586 εὐκολίας
2793 2522 2891 2592 τὴν
2925 2523 3104 2593 σάρκα
3130 2523 3382 2587 ἀπέθετο,
3420 2523 3536 2593 μεθ’
3575 2524 3708 2594 ὅσης

2030 2611 2095 2664 ἄν
2124 2626 2207 2672 τις
2236 2608 2454 2679 ίμάτιον
2506 2610 2859 2664 ἀποδύσαιτο.
2894 2611 2959 2661 Τί
2995 2607 3088 2662 οὖν
3115 2610 3383 2680 πρότερον
3410 2595 3657 2684 εἴπωμεν
3691 2627 3707 2671 ;

2030 2697 2138 2749 τῶν
2192 2697 2504 2750 ἀποστόλων
2555 2696 2652 2768 τὴν
2706 2696 3080 2760 διδασκαλίαν,
3130 2697 3199 2766 ἣν
3255 2695 3573 2759 ἐπεδείξατο
3618 2692 3706 2747 διὰ

2031 2784 2272 2850 πάντων,
2321 2785 2353 2853 ἢ
2397 2785 2495 2855 τῆς
2551 2785 2834 2857 παρούσης
2884 2784 3031 2854 ζωῆς
3062 2784 3161 2854 τὴν
3193 2783 3518 2855 ὑπεροψίαν,
3546 2784 3578 2853 ἢ
3610 2775 3712 2849 τὴν

2032 2873 2316 2945 ἀκρίϐειαν
2345 2873 2448 2943 τῆς
2478 2874 2701 2944 ἀρετῆς,
2739 2873 2859 2941 μεθ’
2880 2867 2949 2942 ἦς
2969 2874 3067 2942 τὴν
3093 2873 3428 2942 προστασίαν
3454 2873 3552 2944 τῆς
3590 2873 3711 2926 Ἐκ-

2033 2961 2263 3032 κλησίας
2299 2960 2651 3031 ᾡκονόμησες
2683 2959 2817 3012 Τίνα
2845 2960 3108 3028 πρότερον
3143 2960 3532 3029 ἀνυμνήσομεν
3559 2977 3574 3024 ;
3616 2959 3710 3013 τὸν

2037 3046 2310 3117 μάρτυρα,
2339 3046 2372 3116 ἢ
2406 3046 2496 3097 τὸν
2525 3045 2842 3109 ἐπίσκοπον,
2883 3044 2915 3114 ῆ
2948 3043 3041 3096 τὸν
3071 3044 3402 3108 ἀπόστολον;
3438 3046 3713 3119 Τριπλοῦν

2033 3135 2143 3206 γὰρ
2173 3133 2436 3203 στέφανον
2470 3135 2503 3203 ὴ
2553 3131 2648 3187 τοῦ
2690 3131 3010 3203 Πνεύματος
3061 3133 3307 3197 πλέξασα
3350 3136 3532 3206 χάρις,
3569 3135 3710 3190 οὕτω

2034 3221 2134 3291 τὴν
2181 3220 2342 3288 ἁγίαν
2369 3221 2587 3291 ἐκείνην
2613 3220 2842 3290 ἀνέδησε
2872 3221 3115 3288 κεφαλήν
3137 3236 3151 3250 ⁶
3182 3221 3385 3289 μᾶλλον
3418 3224 3476 3276 δέ
3513 3223 3712 3275 πολλα·

2037 3308 2223 3362 πλοῦν.
2250 3309 2370 3362 Τῶν
2404 3308 2512 3380 γὰρ
2540 3308 2818 3377 στεφάνων
2847 3309 3100 3371 ἕκαστον,
3133 3309 3188 3360 εί
3227 3327 3310 3373 τις
3341 3310 3541 3374 αὐτοὺς
3578 3311 3718 3382 μετά

2037 3395 2323 3466 ἀκριϐείας
2354 3394 2738 3461 ἀναπτύξειεν,
2769 3394 2997 3465 εὑρήσει
3027 3396 3121 3446 καὶ
3167 3395 3388 3466 ἐτέρους
3419 3398 3550 3468 ημῖν
3587 3392 3719 3462 βλα-

2038 3472 2333 3546 στάνοντας
2362 3483 2675 3552 στεφάνους.

2108 3567 2339 3640 [5941βν.
2369 3568 2479 3622 Καὶ
2499 3570 2547 3620 εί
2563 3565 2842 3638 βούλεσθε,
2864 3566 3129 3639 πρότερον
3148 3567 3238 3620 ἐπὶ
3257 3567 3349 3620 τὸν
3369 3568 3469 3638 τῆς
3496 3570 3719 3624 ἐπισκο-

2041 3655 2150 3725 πῆς
2172 3654 2391 3708 ἔπαινον
2413 3654 2656 3726 ἔλθωμεν
2677 3671 2690 3684 ·
2723 3655 2782 3707 ού
2810 3653 2958 3706 δοκεῖ
2985 3650 3065 3716 εἷς
3095 3648 3248 3717 οὗτος
3283 3651 3422 3708 εἶναι
3451 3657 3717 3724 στέφανος

2041 3742 2236 3811 μόνος;
2270 3741 2406 3811 Φέρε
2457 3736 2550 3794 οῦν
2601 3739 2763 3794 αὑτὸν
2819 3739 3216 3809 ἀναπτύξωμεν
3272 3740 3350 3810 τῷ
3406 3742 3586 3812 λόγῳ.
3625 3742 3720 3795 καὶ

2038 3828 2234 3898 ὄψεσθε
2257 3828 2483 3892 καὶδύο,
2517 3828 2615 3881 καὶ
2644 3830 2814 3898 τρεῖς,
2851 3828 2943 3879 καὶ
2977 3825 3196 3888 πλείους
3244 3825 3304 3890 ἐξ
3341 3827 3507 3881 αὐτοῦ
3538 3844 3720 3880 τικτο-

2044 3917 2242 3980 μένους
2300 3916 2452 3985 ἡμῖν.
2497 3915 2572 3968 Οὐ
2602 3915 2709 3985 γὰρ
2742 3913 2900 3985 μόνον
2927 3915 3009 3966 ὅτι
3062 3913 3330 3983 τοσαύτης
3365 3915 3540 3986 ἀρχῆς
3570 3914 3720 3978 ἀξιος

2042 3999 2182 4055 εἶναι
2211 4001 2380 4065 ἔδοξε,
2423 3999 2689 4072 θαυμάζω
2715 4001 2805 4054 τὸν
2840 4001 3011 4072 ἄνδρα
3041 4001 3171 4068 ἐγὼ,
3197 4000 3310 4054 ἀλλ’
3338 4003 3421 4055 ὅτι
3448 4003 3543 4054 καὶ
3569 4003 3722 4072 παρά

2041 4090 2149 4143 τῶν
2179 4088 2348 4158 ἁγίων
2383 4089 2606 4142 ἐκείνων
2639 4089 2740 4159 τὴν
2778 4089 2954 4159 ἀρχὴν
2980 4088 3186 4159 ταύτην
3214 4088 3556 4160 ἐνεχειρίσθη
3580 4131 3594 4154 ,
3627 4092 3723 4144 xal

2043 4177 2102 4229 ai
2127 4175 2236 4228 τῶν
2268 4173 2558 4246 μακαρίων
2589 4174 2908 4228 ἀποστόλων
2940 4177 3125 4244 χεῖρες
3171 4177 3270 4245 τῆς
3326 4176 3479 4245 ἱερᾶς
3509 4175 3724 4245 ἥψαντο

2045 4263 2312 4332 κεφαλῆς.
2358 4261 2497 4316 Οὐδὲ
2525 4262 2635 4334 γὰρ
2666 4261 2860 4333 μικρὸν
2888 4261 3047 4315 τοῦτο
3094 4264 3173 4325 εἰς
3205 4263 3486 4332 ἐγκωμίου
3515 4263 3675 4332 λόγον
3701 4279 3719 4296 ο

2047 4351 2147 4404 οὐκ
2171 4349 2361 4421 ἐπειδὴ
2393 4350 2564 4403 πλείω
2590 4349 2687 4420 τὴν
2708 4349 2914 4402 ἀνωθεν
2935 4349 3288 4402 ἐπεσπάσατο
3318 4350 3498 4420 χάριν,
3513 4349 3624 4403 οὐδ’
3641 4350 3724 4404 ὅτι

2046 4437 2438 4509 δαψιλεστέραν
2466 4437 2554 4489 ἐπ’
2579 4436 2742 4490 αὑτὸν
2787 4437 3052 4506 ἐποίησαν
3087 4435 3263 4488 ἐλθεῖν
3295 4436 3394 4507 τὴν
3424 4436 3518 4489 τοῦ
3557 4437 3725 4490 Πνεύ-

2053 4541 2224 4595 ματος
2257 4524 2541 4594 ἐνέργειαν
2572 4523 2731 4590 μόνον
2751 4538 2764 4552 ο
2802 4520 2919 4575 ἀλλ’
2957 4522 3040 4574 ὅτι
3072 4522 3168 4575 καὶ
3195 4523 3377 4575 πᾶσαν
3422 4522 3573 4591 αὑτῷ
3624 4524 3727 4593 τὴν

2049 4614 2106 4665 ἐν
2132 4611 2442 4683 ἀνθρώποις
2458 4608 2848 4681 ἐμαρτύρησαν
2878 4610 3080 4681 ἀρετήν
3095 4627 3108 4641 ·
3124 4611 3186 4662 τὸ
3216 4610 3274 4663 δέ
3298 4609 3415 4673 πῶς
3433 4609 3544 4679 ἐγὼ
3558 4610 3724 4680 λέγω.

2053 4699 2196 4769 Τίτῳ
2226 4697 2454 4769 γράφων
2473 4699 2501 4750 ὁ
2534 4696 2750 4760 Παῦλος
2779 4698 2908 4751 ποτέ
2926 4714 2940 4728 ·
2977 4698 3108 4751 ὅταν
3141 4697 3198 4750 δέ
3236 4695 3451 4750 Παῦλον
3480 4697 3640 4762 εἴπω,
3663 4697 3727 4751 ού

2052 4785 2241 4838 τοῦτον
2269 4784 2428 4854 μόνον
2451 4783 2615 4852 λέγω,
2645 4783 2781 4837 ἀλλά
2819 4783 2914 4836 καὶ
2939 4783 3168 4852 Πέτρον,
3187 4781 3290 4834 ’καὶ
3325 4781 3604 4845 Ἰάκωϐον,
3632 4785 3729 4838 καὶ

2065 4872 2340 4943 Ἰωάννην,
2368 4871 2463 4926 καὶ
2491 4873 2670 4926 πάντα
2704 4871 2884 4924 αὐτῶν
2911 4870 3002 4923 τὸν
3025 4871 3205 4941 χορόν.
3225 4868 3498 4941 Καθάπερ
3520 4870 3632 4941 γάρ
3670 4872 3729 4925 ἐν

2051 4959 2191 5033 λύρᾳ
2216 4961 2316 5031 μιᾷ
2333 4959 2582 5031 διάφοροι
2609 4957 2708 5028 μὲν
2745 4961 2800 5012 αἰ
2835 4959 3049 5029 νευραὶ,
3090 4957 3265 5028 μίαδέ
3308 4959 3342 5027 ἡ
3386 4959 3680 5028 συμφωνία
3707 4974 3724 4991 ο

2052 5046 2196 5101 οὕτω
2213 5049 2306 5103 καὶ
2327 5049 2385 5101 ἐν
2399 5047 2474 5117 τῷ
2489 5045 2635 5118 χορῷ
2656 5046 2765 5099 τῶν
2781 5045 3094 5099 ἀποστόλων
3115 5045 3350 5118 διάφορα
3365 5046 3464 5115 μὲν
3481 5045 3551 5098 τὰ
3569 5044 3732 5115 πρόσ-

2052 5152 2198 5202 ωπα,
2231 5136 2330 5206 μία
2361 5134 2419 5188 δέ
2444 5137 2478 5204 ὴ
2503 5133 2841 5197 διδασκαλία,
2871 5132 3058 5203 ἐπειδὴ
3085 5133 3175 5185 καὶ
3201 5127 3282 5196 εἷς
3304 5134 3333 5184 ὁ
3363 5133 3612 5202 τεχνίτης
3638 5127 3728 5203 ἦν,

2053 5221 2115 5274 τὸ
2146 5220 2371 5291 Πνεῦμα
2412 5220 2472 5274 τὸ
2503 5219 2659 5289 ἅγιον
2697 5220 2759 5273 τὸ
2793 5218 2974 5272 κινοῦν
3006 5219 3106 5280 τὰς
3135 5219 3358 5271 ἐκείνων
3386 5219 3585 5288 ψυχάς.
3619 5220 3732 5272 Kal

2055 5311 2213 5364 τοῦτο
2253 5310 2532 5381 ἐμφαίνων
2564 5311 2592 5362 ό
2623 5307 2834 5371 Παῦλος
2876 5308 3093 5376 ἔλεγεν*
3144 5307 3283 5360 Εἴτε
3326 5302 3442 5361 οὖν
3489 5307 3730 5372 ἐκεῖνοι,

2056 5401 2177 5453 stre
2203 5398 2338 5469 ἐγὼ,
2377 5399 2531 5452 οὕτω
2565 5399 2976 5466 κηρύσσομεν.
3011 5395 3246 5466 Γράφων
3265 5394 3443 5448 τοίνυν
3472 5387 3626 5458 οὗτος
3654 5394 3734 5465 τῷ

2064 5484 2226 5557 Τίτῳ,
2257 5485 2352 5540 καὶ
2385 5486 2600 5549 δεικνὺς
2633 5485 2813 5538 ὁποῖόν
2840 5500 2960 5537 τινα
2990 5483 3080 5536 τὸν
3114 5482 3412 5536 ἐπίσκοπον
3435 5476 3574 5534 εἶναι
3601 5483 3730 5554 χρὴ,

2124 5696 2141 5719 ⁸
2161 5695 2242 5745 Sic.
2265 5695 2372 5744 Sav.
2397 5701 2450 5745 et
2470 5710 2598 5745 unus
2619 5695 2761 5758 ηομ
2788 5699 2933 5757 atque
2959 5696 3020 5742 ita
3052 5693 3227 5752 Ingkw
3252 5691 3446 5738 \‘idoiur
3471 5691 3734 5751 interpres.

2056 5758 2171 5806 Mur.
2203 5759 2497 5819 ἐντραφέντα.
