4246 6320
342 363 454 420 589

345 475 559 542 Oportet
585 481 737 547 enim,
768 481 956 554 inquit,
983 484 1272 554 episcopum
1304 483 1410 537 sine
1438 483 1646 538 crimine
1675 502 1799 555 esse,
1830 486 1931 540 sic-

340 579 398 624 ut
433 571 534 628 Dei
557 573 992 645 dispensatorem;
1020 594 1120 632 non
1145 577 1434 649 superbum,
1467 595 1567 633 non
1591 579 1891 633 iracundum
1913 620 1930 648 ,

336 674 440 714 non
471 667 801 734 vinolentum,
833 685 934 723 non
963 687 1307 740 percussorem
1329 713 1344 736 ,
1373 688 1474 726 non
1497 673 1656 744 turpis
1686 671 1813 726 lucri
1839 689 1931 725 cu-

343 753 520 820 pidum
546 771 565 808 :
585 757 675 810 sed
701 759 1020 829 hospitalem,
1042 762 1324 833 benignum,
1345 763 1655 834 prudentem,
1688 763 1928 830 sobrium,

336 848 565 916 iustum,
598 861 859 918 sanctum,
885 855 1237 929 continentem,
1269 855 1644 926 amplectentem
1665 872 1775 909 eum
1800 898 1813 922 ,
1845 858 1932 928 qui

336 940 611 994 secundum
632 942 910 999 doctrinam
931 956 1022 1013 est,
1049 948 1246 1016 ﬁdelem
1267 965 1563 1012 sermonem,
1589 956 1646 1001 ut
1669 957 1842 1015 potens
1866 951 1931 1004 sit

335 1036 385 1080 et
403 1030 532 1084 alios
548 1032 801 1089 exhortari
813 1035 866 1088 in
878 1031 1120 1093 doctrina
1130 1048 1328 1108 sana,et
1345 1055 1447 1104 eos,
1460 1039 1544 1109 qui
1556 1040 1925 1109 contradicunt,

335 1137 548 1192 arguere
590 1123 719 1197 (Tit.
752 1128 803 1181 l.
838 1129 975 1198 7-9).
1009 1129 1075 1184 Et
1098 1130 1163 1184 ad
1189 1129 1528 1187 Timotheum
1551 1131 1740 1186 eadem
1768 1132 1836 1186 de
1869 1149 1928 1187 re

335 1214 574 1270 scribens
597 1235 610 1270 :
635 1218 846 1286 Siquis,
870 1221 1057 1291 inquit,
1080 1224 1418 1292 episcopatum
1444 1225 1713 1292 desiderat,
1743 1225 1926 1279 bonum

333 1323 461 1376 Opus
505 1307 757 1364 desiderat
786 1333 802 1365 ε
832 1323 1024 1382 oportet
1068 1315 1220 1384 igitur
1264 1316 1552 1386 episcopum
1613 1316 1928 1392 irrepreltett-

332 1400 527 1454 sibilem
546 1419 670 1466 csse,
695 1404 846 1458 unius
882 1407 1056 1459 uxoris
1091 1407 1274 1474 uirum,
1311 1409 1566 1474 sobrium,
1590 1393 1920 1477 prudentem,

331 1506 567 1548 ornatum
585 1537 599 1560 ,
626 1498 926 1566 hospitalem
945 1542 958 1562 ,
984 1500 1236 1553 doctorem
1257 1540 1272 1564 ,
1301 1517 1401 1553 non
1433 1501 1742 1554 vinolentum
1762 1543 1776 1564 ,
1823 1518 1924 1555 non

332 1601 696 1653 percussorem;
719 1589 808 1642 sed
844 1592 1120 1645 modestum
1142 1633 1156 1658 ,
1189 1608 1291 1644 non
1323 1592 1624 1662 litigiosum,
1653 1609 1753 1646 non
1767 1593 1923 1661 cupi-

331 1675 453 1728 dum
486 1681 528 1736 (i
572 1677 702 1732 Tim.
731 1681 782 1736 3.
827 1682 966 1750 1-5).
1000 1679 1164 1736 Vides
1202 1691 1455 1752 quantam
1497 1683 1705 1738 virtutis
1740 1682 1924 1738 excel-

330 1770 549 1826 lentiam
593 1776 643 1826 in
692 1775 947 1844 episcopo
974 1775 1726 1846 requirat‘touemadmodum
1772 1775 1918 1830 enim

329 1862 503 1931 pictor
547 1867 790 1944 egregius
827 1866 1034 1921 colores
1064 1867 1239 1921 varios
1279 1868 1610 1934 commiscet,
1641 1877 1699 1921 ut
1729 1882 1916 1922 exem-

329 1955 450 2024 plar
481 1957 726 2027 imaginis
751 1959 911 2028 regis:
933 2000 947 2024 ,
975 1975 1132 2029 quam
1163 1975 1516 2029 expressurus
1557 1971 1640 2015 est
1659 2001 1673 2027 ,
1704 1961 1773 2014 ita
1795 1960 1917 2014 dili~

333 2058 523 2117 genter
562 2051 848 2115 conﬁciat,
889 2061 947 2106 ut
970 2053 1058 2121 qui
1096 2030 1214 2106 eam
1259 2052 1522 2122 depicturi
1566 2061 1708 2119 sunt,
1732 2066 1920 2106 omnes

329 2135 560 2193 habeant
602 2138 744 2210 quod
788 2140 1065 2196 imitentur
1095 2159 1108 2194 :
1137 2142 1215 2196 sic
1252 2157 1382 2196 sane
1412 2150 1468 2196 et
1495 2141 1679 2196 beatus
1727 2141 1919 2197 Paulus

327 2239 599 2302 tamquam
618 2233 817 2303 regiam
840 2234 1121 2303 qiuamdam
1138 2235 1364 2305 efﬁgiem
1390 2235 1634 2305 pingens,
1657 2244 1710 2289 et
1733 2249 1917 2290 exem-

327 2321 445 2390 plar
496 2323 664 2392 ipsius
715 2323 1036 2391 conﬁciens,
1063 2325 1239 2379 varios
1281 2327 1491 2381 virtutis
1547 2327 1735 2380 miscet
1773 2327 1919 2380 colo-

327 2426 444 2479 res,
490 2412 752 2484 nobisque
799 2413 1026 2469 formam
1067 2415 1424 2485 episcopalem
1472 2417 1539 2470 ad
1594 2417 1910 2471 imitandum

325 2506 638 2575 proposuit,
672 2515 730 2562 ut
767 2507 855 2578 qui
885 2507 950 2562 ad
996 2509 1134 2563 hanc
1174 2507 1484 2578 dignitatem
1530 2509 1914 2580 provehuntur,

324 2595 391 2650 ad
419 2596 565 2651 illam
587 2598 933 2668 respicientes
957 2599 1143 2654 eadem
1165 2601 1505 2656 accuratione
1525 2601 1763 2656 actiones
1782 2617 1912 2657 suas

325 2702 514 2743 omnes
567 2687 933 2744 moderentur.
992 2691 1179 2745 Ausim
1227 2692 1387 2760 igitur
1434 2691 1702 2746 afﬁrmare
1753 2703 1915 2747 totam
1991 2748 1994 2750 _

326 2775 465 2832 hanc
485 2775 714 2833 formam
742 2779 794 2833 in
825 2779 1006 2833 animo
1039 2793 1138 2834 suo
1173 2779 1384 2835 beatum
1410 2779 1668 2852 ignatium
1696 2797 1916 2851 expres-

323 2869 460 2922 sisse
490 2882 653 2922 :nam
683 2875 736 2921 et
766 2867 1248 2936 irreprehensibilis
1271 2868 1401 2937 fuit,
1431 2879 1486 2924 et
1509 2872 1624 2926 sine
1648 2871 1872 2926 crimine
1894 2912 1910 2938 ,

325 2971 431 3011 non
460 2965 640 3011 autem
666 2957 928 3026 superbus
953 2999 968 3022 ,
996 2973 1170 3028 neque
1197 2959 1483 3014 iracundus
1505 3000 1520 3026 ,
1551 2977 1650 3015 nec
1674 2958 1915 3016 vinolen-

325 3057 439 3113 tus,
469 3061 572 3102 nec
601 3062 903 3116 percussor,
931 3064 1030 3103 nec
1073 3050 1337 3119 litigiosus
1356 3093 1371 3115 ,
1400 3065 1501 3106 nec
1529 3051 1754 3121 cupidus
1777 3095 1792 3119 ,
1819 3052 1916 3107 sed

323 3140 500 3209 justus
517 3180 532 3205 ,
565 3148 779 3195 sanctus
800 3183 812 3204 ,
836 3141 1118 3196 continens
1139 3183 1152 3205 ,
1175 3142 1506 3211 amplectens
1525 3158 1647 3197 eum
1668 3184 1683 3210 ,
1713 3143 1802 3213 qui
1827 3158 1913 3198 se-

325 3232 563 3288 cundum
583 3233 880 3288 doctrinam
914 3242 1029 3298 est,
1063 3233 1272 3290 ﬁdelem
1303 3251 1605 3291 sermonem
1629 3279 1644 3304 ,
1676 3237 1910 3298 sobrius,

327 3324 568 3394 prudens
591 3365 603 3388 τ
641 3333 890 3390 ornatus,
920 3333 975 3380 et
1003 3339 1194 3379 CCBLCI‘a
1214 3367 1229 3391 ,
1259 3341 1378 3395 quae
1404 3327 1598 3381 Paulus
1623 3327 1815 3397 exegit.
1848 3327 1915 3380 Et

322 3417 539 3485 quinam
569 3425 694 3470 sunt
725 3410 914 3470 horum
947 3415 1147 3470 testes?
1171 3416 1334 3471 Iidem
1379 3418 1476 3487 ipsi
1498 3419 1586 3487 qui
1624 3421 1736 3472 haec
1761 3418 1912 3473 dise-

323 3515 469 3570 runt,
493 3507 582 3576 qui
603 3505 747 3561 hunc
783 3507 944 3561 etiam
971 3506 1264 3577 elegerunt.
1297 3508 1481 3579 Neque
1522 3510 1661 3562 enim
1689 3510 1776 3578 qui
1805 3519 1910 3563 tam

323 3596 611 3666 diligenter
633 3605 858 3652 ceteros
888 3607 1241 3666 monuerunt,
1269 3607 1329 3653 ut
1353 3599 1640 3668 probarent
1665 3613 1758 3653 eos
1779 3641 1794 3664 ,
1822 3600 1911 3668 qui

323 3689 378 3742 in
406 3687 562 3754 huius
584 3687 857 3757 dignitatis
891 3687 1138 3742 thronum
1175 3697 1358 3744 essent
1394 3689 1666 3743 ascensuri
1691 3730 1706 3755 ,
1736 3689 1912 3744 obiter

323 3780 426 3850 ipsi
467 3789 558 3834 aut
585 3779 917 3849 negligenter
955 3779 1008 3834 id
1039 3781 1401 3850 peregissent;
1429 3780 1522 3834 sed
1554 3781 1653 3833 nisi
1688 3790 1910 3834 cunctas

322 3870 375 3924 in
404 3869 651 3940 martyris
669 3869 852 3924 animo
875 3871 1097 3924 virtutes
1120 3871 1544 3941 conspexissent,
1565 3886 1671 3926 non
1695 3873 1830 3926 hanc
1857 3871 1908 3926 in

325 3961 475 4015 illum
535 3961 849 4031 dignitatem
895 3961 1268 4016 contulissent.
1315 3962 1517 4016 Norant
1567 3963 1709 4016 enim
1756 3964 1910 4032 plane

322 4068 482 4124 quam
530 4053 829 4122 periculose
878 4061 1100 4123 agerent
1143 4053 1233 4122 qui
1279 4053 1333 4107 in
1375 4051 1442 4107 iis
1488 4052 1910 4108 ordinationibus

321 4159 446 4200 sese
481 4151 731 4215 gererent
771 4143 1127 4214 negligenter.
1171 4141 1324 4210 Quod
1366 4142 1580 4213 quidem
1612 4157 1793 4197 rursus
1817 4159 1907 4198 os-

325 4234 548 4289 tendens
573 4233 770 4288 Paulus
792 4275 810 4301 ,
837 4233 906 4289 ad
938 4233 1186 4290 eumdem
1229 4231 1568 4289 Timotheum
1616 4234 1856 4288 scribens
1886 4251 1900 4289 :

324 4323 537 4392 Manus,
558 4324 759 4395 inquit,
786 4324 886 4378 cito
914 4325 1102 4380 nemini
1137 4324 1436 4394 imposueris
1458 4366 1473 4390 ,
1505 4340 1661 4395 neque
1683 4342 1909 4379 commu-

322 4415 567 4469 nicaveris
582 4417 780 4486 peccatis
804 4411 1074 4486 alienis(i.
1097 4411 1428 4486 Tim.5.22).
1457 4415 1592 4482 Quid
1619 4415 1732 4470 ais?
1770 4416 1907 4474 alius

323 4505 580 4574 peccavit,
609 4517 664 4560 et
689 4519 789 4578 ego
816 4507 1099 4562 criminum
1116 4515 1171 4562 et
1198 4507 1446 4577 supplicii
1475 4507 1741 4577 particeps
1768 4508 1906 4564 ero?

319 4595 552 4663 Quidni,
575 4596 774 4666 inquit,
801 4610 922 4651 cum
965 4595 1210 4667 improbo
1257 4595 1905 4655 dederis’oecasionem?

318 4686 471 4743 Sicut
495 4687 638 4742 enim
665 4686 755 4756 qui
777 4684 980 4743 furioso
1005 4696 1163 4758 atque
1192 4689 1389 4744 amenti
1427 4699 1640 4745 acutum
1669 4690 1902 4760 gladium

325 4776 550 4847 praebet,
579 4793 687 4848 quo
710 4779 798 4834 ille
823 4777 1007 4833 furens
1043 4777 1245 4834 easdem
1277 4775 1455 4846 faciat,
1483 4781 1528 4834 is
1559 4778 1719 4836 caedis
1746 4783 1904 4836 susti-

323 4878 416 4932 ne;
433 4870 643 4940 culpam
667 4887 681 4926 :
705 4871 783 4927 sic
809 4872 973 4927 etiam
1007 4871 1098 4942 qui
1129 4871 1371 4943 improbe
1396 4873 1591 4928 viventi
1633 4873 1904 4943 dignitatis

321 4962 481 5032 hujus
503 4963 720 5020 exhibet
744 4965 1046 5020 facultatem
1066 5004 1083 5033 ,
1111 4974 1280 5020 totqu
1307 4976 1645 5041 peccatorum
1673 4967 1812 5024 illius
1849 4977 1903 5024 ct

318 5055 612 5112 [acinorum
650 5057 826 5127 ignem
853 5056 1019 5113 trahit
1061 5071 1224 5128 super
1251 5066 1413 5127 caput
1440 5072 1626 5124 suum;
1659 5073 1781 5113 nam
1807 5059 1898 5128 qui

309 5146 517 5202 radicis
559 5155 645 5204 est
679 5161 870 5214 causa,
902 5147 947 5203 is
975 5148 1214 5203 omnium
1257 5163 1326 5203 ex
1367 5148 1546 5204 radice
1586 5149 1901 5218 provenien-

318 5241 454 5295 tium
479 5249 665 5297 auctor
701 5248 802 5296 est.
832 5239 1019 5295 Videu'
1058 5240 1315 5311 piomodo
1342 5237 1537 5312 duplex
1564 5255 1757 5296 corona
1786 5242 1900 5312 epi-

317 5339 570 5401 scopatus
599 5340 854 5403 appareat
872 5371 889 5397 ,
914 5330 1138 5401 etquod
1164 5331 1392 5402 dignitas
1416 5347 1601 5388 eorum
1623 5373 1639 5398 ,
1667 5331 1755 5401 qui
1782 5348 1898 5386 uta-

317 5435 421 5476 nus
448 5421 525 5477 illi
569 5421 968 5490 imposuerunt,
1009 5422 1125 5492 ejus
1168 5423 1517 5493 principatum
1564 5421 1897 5492 splendidio-

318 5527 433 5567 rem
465 5511 652 5580 faciat,
674 5520 732 5568 et
765 5513 1003 5569 omnium
1032 5515 1082 5571 ei
1110 5515 1364 5570 virtutum
1409 5515 1765 5570 testimonium
1797 5531 1895 5571 ex-

315 5603 532 5657 hibeat?

388 5696 444 5750 3.
471 5694 642 5751 Vultis
683 5705 739 5750 ut
779 5696 937 5752 aliam
975 5699 1127 5754 vobis
1164 5713 1231 5754 ex
1261 5697 1362 5752 hoc
1404 5698 1519 5766 ipso
1548 5697 1891 5768 pullulantcm

315 5793 572 5843 Coronam
615 5789 884 5861 aperiam?
906 5788 1136 5861 Tempus
1174 5791 1492 5861 cogitemus,
1519 5804 1624 5858 quo
1659 5788 1890 5860 dignita-

1561 371 1626 426 ΙΝ
1664 371 1720 428 S.
1755 371 2078 431 iGNATIUM
2119 377 2524 435 MAllTYRlﬂii.

3523 386 3624 442 590

2045 495 2151 543 tem
2203 490 2342 546 hanc
2380 501 2462 547 est
2510 507 2847 564 assequutus.
2889 493 3071 565 Neque
3108 494 3249 550 enim
3296 494 3482 553 eadem
3543 509 3625 554 est

2041 593 2181 635 nunc
2202 621 2218 648 ,
2249 596 2368 651 qua:
2398 592 2520 638 tunc
2567 593 2713 650 erat,
2740 583 3038 640 Ecclesiam
3067 585 3391 656 gubernandi
3435 587 3621 643 condi-

2039 671 2116 726 tio
2146 689 2160 725 :
2190 682 2246 727 ut
2270 690 2376 729 non
2407 676 2624 746 aequalis
2663 682 2758 732 est:
2775 675 2926 732 labor
2966 677 3105 733 viam
3141 679 3316 733 tritam
3358 687 3412 735 et
3457 680 3616 750 plane

2039 773 2274 834 paratam
2302 777 2420 836 post
2440 769 2636 822 multos
2663 768 2867 838 ingredi
2890 770 3142 837 viatores,
3173 779 3337 841 atque
3361 752 3477 826 eam
3495 788 3614 843 quas

2039 872 2179 913 nunc
2203 860 2371 928 primo
2396 861 2626 916 secanda
2647 865 2992 932 est,‘qua:que
3016 873 3303 940 praerupta,
3321 870 3377 918 et
3396 877 3608 929 saxosa,

2037 949 2267 1021 ferisque
2303 953 2477 1023 plena,
2508 969 2609 1007 nec
2629 954 2819 1018 ,ullum
2859 955 3033 1010 adhuc
3077 955 3332 1010 viatorem
3380 957 3609 1013 admisit.

2037 1040 2147 1096 iloc
2171 1043 2380 1112 quidem
2406 1055 2647 1114 tempore
2678 1034 3144 1116 peﬂgratiamliei
3173 1047 3376 1103 nullum
3405 1051 3613 1118 episco-

2032 1134 2114 1204 pis
2149 1137 2440 1205 periculum
2470 1137 2750 1203 imminet,
2779 1137 2875 1194 sed
2917 1153 3018 1208 pax
3046 1138 3277 1209 undique
3313 1139 3568 1211 profunda
3590 1182 3609 1208 ,

2032 1232 2086 1278 et
2117 1227 2497 1296 tranquillitate
2530 1229 2705 1283 cuncti
2735 1228 3076 1298 ptrfruimur,
3107 1246 3228 1286 cum
3257 1231 3467 1301 pietatis
3492 1247 3613 1287 ver-

2031 1315 2154 1369 bum
2184 1317 2328 1371 orbis
2363 1327 2622 1372 terrarum
2647 1329 2901 1375 termtnos
2922 1322 3217 1391 occuparit,
3240 1332 3292 1376 et
3317 1323 3407 1393 qui
3437 1325 3608 1394 impe-

2029 1407 2167 1460 rium
2199 1407 2458 1473 obtinent,
2480 1408 2638 1464 ﬁdem
2669 1410 2905 1470 studiose
2927 1411 3106 1466 colant
3125 1422 3284 1481 atque
3304 1415 3606 1469 observent.

2029 1495 2179 1552 Tunc
2208 1508 2383 1554 autem
2415 1489 2545 1554 nihil
2576 1510 2691 1555 erat
2711 1501 2997 1570 ejtamodi,
3017 1501 3110 1557 sed
3135 1517 3470 1574 quocumque
3489 1505 3610 1575 quis

2027 1588 2209 1642 oculos
2238 1598 2487 1657 verteret,
2519 1590 2713 1660 ubique
2741 1593 3054 1663 praecipitia,
3078 1593 3350 1659 barathra,
3369 1603 3423 1650 et
3443 1595 3602 1662 bella,

2023 1687 2079 1733 et
2103 1694 2312 1750 pugnae,
2337 1689 2391 1736 et
2418 1683 2653 1751 pericula
2686 1702 2696 1734 :
2731 1667 2997 1754 principes
3023 1727 3037 1749 ,
3064 1701 3217 1756 reges
3237 1727 3253 1753 ,
3281 1687 3496 1756 populi,
3524 1686 3607 1740 ci-

2024 1771 2214 1826 vitates
2235 1781 2288 1826 et
2308 1781 2512 1842 gentes,
2536 1774 2814 1830 domestici
2844 1783 2898 1830 et
2923 1777 3080 1830 alieni
3101 1817 3116 1842 ,
3147 1777 3488 1832 credentibus
3521 1777 3608 1832 in-

2023 1860 2183 1914 sidias
2228 1861 2533 1916 tendebaut.
2573 1862 2757 1932 Neque
2790 1877 2920 1919 vero
2966 1865 3018 1919 id
3049 1866 3219 1920 solum
3263 1873 3378 1921 erat
3415 1881 3606 1936 grave,

2024 1949 2118 2003 sed
2161 1952 2320 2003 etiam
2366 1953 2504 2020 quod
2549 1953 2880 2008 credentium
2932 1955 3207 2025 plerique,
3263 1965 3446 2026 utpote
3487 1967 3610 2011 tunc

2025 2041 2254 2109 primum
2284 2057 2417 2096 nova
2456 2043 2703 2113 degmata
2753 2045 3130 2115 degustantes,
3166 2062 3355 2118 magna
3383 2049 3612 2118 egebant

2023 2130 2348 2202 indulgentia
2364 2176 2378 2200 ,
2399 2143 2455 2188 et
2481 2137 3050 2204 erantimbecilliores,
3075 2148 3130 2193 et
3144 2152 3286 2210 sarpe
3310 2141 3610 2209 supplanta-

2024 2222 2217 2277 bantur
2247 2225 2420 2294 :quod
2447 2225 2658 2306 quidem
2689 2242 2792 2282 non
2821 2229 2996 2284 minus
3023 2228 3288 2300 aflligebat
3317 2231 3564 2286 doctores
3587 2273 3605 2299 ,

2022 2328 2180 2382 quam
2224 2327 2442 2370 externa
2494 2309 2666 2382 bella,
2694 2316 2819 2387 quin
2855 2320 3015 2374 etiam
3065 2321 3233 2375 multo
3262 2323 3430 2392 magis
3465 2340 3478 2376 :
3511 2337 3609 2378 ex.

2023 2413 2190 2460 terna:
2235 2407 2377 2460 enim
2427 2423 2616 2477 pugna:
2659 2419 2821 2479 atque
2863 2412 3068 2466 insidiae
3097 2423 3319 2482 propter
3355 2415 3608 2483 reposita:

2021 2497 2283 2552 mercedis
2321 2512 2470 2569 spem
2517 2499 2840 2571 voluptatem
2885 2503 3106 2557 multam
3148 2503 3460 2559 ali‘erehant.
3513 2503 3605 2560 id-

2021 2590 2168 2643 circo
2191 2599 2245 2645 et
2267 2592 2490 2660 apostoli
2515 2593 2803 2660 gaudentes
2827 2605 2855 2648 a
2880 2606 3168 2663 conspectu
3189 2597 3400 2652 concilii
3425 2598 3601 2652 disce-

2021 2678 2248 2750 debant,
2271 2683 2410 2751 quod
2440 2684 2660 2738 verbera
2689 2686 3031 2753 pertulissent
3083 2686 3215 2758 (Act.
3253 2688 3304 2743 5.
3330 2687 3444 2758 4i);
3471 2688 3609 2744 Pau-

2021 2759 2105 2825 lus
2143 2772 2301 2827 etiam
2346 2774 2569 2840 clamat,
2600 2774 2841 2842 Gaudeo,
2876 2777 3154 2846 inquiens,
3187 2779 3244 2832 in
3289 2780 3606 2850 passionibus

1992 2863 2143 2916 ‘meis
2167 2863 2301 2932 (Col.
2333 2865 2384 2919 Ι.
2405 2865 2517 2937 24).
2549 2873 2604 2921 et
2631 2867 2821 2936 ubique
2867 2868 2920 2922 in
2949 2868 3376 2924 tribulationibus
3403 2870 3600 2940 gloria-

2023 2960 2124 3007 tur.
2157 2953 2577 3011 Domesticorum
2607 2967 2784 3011 autem
2806 2958 3049 3024 vulnera,
3074 2966 3128 3014 et
3147 2957 3370 3014 fratrum
3395 2961 3598 3032 lapsus,

2020 3060 2119 3099 nec
2149 3047 2413 3116 respirare
2438 3049 2652 3118 quidem
2683 3047 2800 3104 illos
2830 3049 3242 3120 permittebant,
3270 3051 3623 3122 sed‘semper.

2018 3137 2178 3191 veluti
2197 3153 2357 3207 grave
2381 3141 2642 3208 quoddam
2666 3140 2846 3210 iugum
2878 3141 3112 3196 cervices
3133 3142 3428 3198 animorum
3451 3145 3601 3213 ipso-

2019 3241 2136 3280 rum
2179 3227 2391 3282 assidue
2435 3229 2749 3298 prcmebant
2796 3239 2850 3284 et
2885 3229 3212 3302 afﬂigebant.
3257 3233 3393 3289 Audi
3442 3235 3601 3304 igitur

2017 3319 2283 3386 quomodo
2311 3319 2502 3373 Paulus
2527 3361 2540 3382 ,
2576 3320 2644 3373 ita
2666 3321 2904 3390 gaudens
2939 3323 2990 3375 in
3019 3322 3374 3392 passionibus,
3406 3323 3474 3379 de
3495 3325 3600 3380 illis

2017 3409 2208 3462 acerbe
2229 3407 2404 3462 doleat
2433 3427 2446 3462 :
2480 3409 2605 3476 Quis
2626 3450 2639 3473 ,
2664 3411 2870 3479 inquit,
2902 3411 3213 3480 inﬁrmatur,
3268 3423 3315 3466 et
3361 3430 3454 3484 ego
3495 3431 3597 3468 non

2016 3499 2248 3566 infirmor
2268 3499 2294 3553 ?
2318 3501 2427 3568 quis
2453 3502 2851 3568 scandalizatur,
2881 3511 2928 3556 et
2951 3519 3046 3573 ego
3072 3520 3170 3557 non
3201 3519 3322 3557 uror
3366 3504 3444 3575 (2.
3473 3504 3596 3561 Cor.

2018 3589 2106 3643 il.
2145 3589 2274 3660 29)?
2310 3590 2375 3644 Et
2418 3605 2626 3645 rursum
2653 3633 2668 3656 ,
2703 3589 2875 3646 Timeo
2914 3607 2979 3646 ne
3005 3595 3232 3662 veniens,
3274 3610 3377 3649 non
3424 3595 3599 3665 quales

2016 3680 2148 3745 uolo,
2211 3681 2460 3761 inventam
2496 3700 2581 3735 vos
2608 3699 2626 3736 :
2650 3692 2699 3735 et
2725 3698 2816 3753 ego
2846 3683 3074 3737 inveniar
3101 3700 3134 3736 a
3161 3685 3295 3739 vobis
3321 3727 3338 3752 ,
3387 3684 3590 3754 qualem

2017 3787 2116 3825 non
2141 3772 2291 3826 vultis
2315 3773 2387 3842 (2.
2402 3771 2753 3840 Cor.i2.20.)
2772 3770 3007 3844 Etpaulo
3019 3781 3162 3843 post:
3177 3771 3259 3827 Ne
3279 3789 3393 3828 cum
3419 3789 3598 3831 venero

2015 3864 2084 3916 ad
2118 3879 2203 3917 eos
2231 3863 2458 3917 ltumiliet
2485 3880 2564 3918 me
2593 3864 2756 3931 Deus,
2789 3873 2836 3920 et
2865 3865 3064 3935 lugeam
3089 3866 3272 3919 multos
3296 3882 3359 3920 ea:
3383 3867 3446 3920 iis
3468 3909 3483 3935 ,
3509 3870 3596 3937 qui

2013 3963 2130 4007 ante
2171 3963 2493 4021 peccaverunt
2516 3993 2532 4018 ,
2575 3963 2624 4008 et
2665 3969 2784 4008 non.
2811 3963 3017 4025 egerunt
3062 3954 3402 4024 paenitentiam
3444 3971 3597 4025 super

2013 4045 2331 4097 immunditia
2356 4086 2370 4108 ,
2414 4055 2461 4097 et
2510 4045 2844 4114 fornicatione
2873 4048 2914 4113 ⁸,
2941 4053 2990 4100 et
3030 4047 3344 4116 impudicitia
3368 4087 3384 4114 ,
3438 4061 3593 4118 quam

2012 4146 2270 4208 gesserunt
2316 4135 2421 4206 (ib.
2456 4154 2504 4191 υ.
2549 4135 2677 4208 2i).
2702 4137 2927 4206 Semper
2963 4137 3192 4208 denique
3220 4137 3395 4193 cernis
3419 4138 3591 4208 ipsum

2014 4227 2067 4282 in
2115 4227 2363 4300 lacrymis
2403 4236 2458 4284 et
2501 4228 2962 4284 lamentationibus
3005 4237 3222 4301 propter
3270 4225 3602 4288 domesticos

2013 4322 2246 4386 versari,
2273 4331 2328 4377 et
2371 4332 2588 4392 propter
2615 4333 2743 4388 eos,
2771 4322 2860 4392 qui
2898 4321 3269 4391 crediderant,
3296 4323 3592 4379 contremio

2012 4427 2180 4468 scere.
2228 4413 2683 4479 Quemadmodum
2731 4413 2889 4484 igitur
2913 4412 3323 4484 gubernatorem
3353 4415 3589 4471 admira-

2011 4519 2151 4572 mur,
2192 4521 2298 4560 non
2343 4521 2463 4562 cum
2511 4505 2796 4577 tranquillo
2840 4519 2976 4561 mart
3017 4515 3073 4562 et
3121 4507 3375 4564 secundis
3416 4509 3591 4564 ventis

2011 4607 2252 4652 vectores
2295 4597 2349 4651 in
2393 4607 2603 4666 portum
2645 4597 2940 4652 incolumes
2966 4596 3144 4663 ducit;
3181 4597 3276 4653 sed
3299 4612 3421 4653 cum
3449 4600 3594 4654 insa-

2009 4689 2190 4743 niente
2217 4689 2432 4758 pelago,
2464 4684 2822 4758 ﬂuctibusque
2852 4687 3234 4754 saevientibus,
3261 4689 3350 4760 qui
3381 4689 3434 4744 in
3465 4692 3591 4746 navi

2009 4787 2153 4844 sunt,
2181 4779 2323 4834 inter
2349 4791 2409 4834 se
2428 4777 2770 4843 dissentiunt,
2799 4791 2997 4848 magna
3021 4787 3339 4849 tempestate
3361 4780 3503 4834 intus
3528 4787 3586 4834 ct

2010 4868 2140 4925 foris
2166 4870 2475 4940 navigantes
2499 4870 2803 4941 exagitante
2821 4905 2836 4936 ,
2860 4873 3034 4925 navim
3057 4880 3230 4926 tamen
3257 4880 3436 4942 potest
3455 4871 3586 4928 diri-

2006 4977 2134 5033 gere
2160 4973 2212 5018 et
2237 4976 2557 5020 conservare
2584 4979 2599 5018 :
2627 4964 2706 5020 sic
2723 4975 2819 5020 eos
2846 4963 2937 5034 qui
2966 4971 3090 5019 tunc
3119 4963 3408 5020 Ecclesiam
3430 4977 3584 5036 rege-

2007 5053 2153 5116 bant,
2177 5055 2343 5110 multo
2366 5055 2560 5125 magis,
2591 5061 2750 5126 quam
2786 5051 2905 5108 illos
2923 5094 2938 5120 ,
2967 5054 3055 5124 qui
3081 5065 3198 5108 eam
3225 5055 3278 5109 in
3300 5055 3582 5124 praesentia

2007 5148 2338 5218 gubernant,
2369 5148 2639 5217 suspicere
2678 5146 2931 5201 debemus
2960 5155 3014 5201 et
3055 5145 3339 5212 admirari,
3365 5146 3582 5217 quando

2007 5240 2170 5294 multa
2192 5239 2328 5295 bella
2364 5238 2506 5294 intus
2533 5245 2587 5293 et
2627 5225 2784 5302 foris,
2808 5235 3020 5306 quando
3051 5234 3172 5291 ﬁdei
3202 5237 3380 5306 planta
3410 5237 3579 5293 imbe-

2004 5332 2176 5388 cillior
2195 5331 2369 5387 adhuc
2395 5330 2682 5401 diligentia:
2709 5330 2880 5400 magis
2906 5328 3202 5400 indigebat,
3232 5328 3445 5400 quando
3471 5330 3576 5385 vel-

2003 5427 2078 5480 uti
2123 5425 2286 5481 modo
2327 5424 2535 5494 genitus
2562 5421 2735 5478 inians
2769 5417 3021 5478 Ecclesia:
3066 5423 3294 5492 populus
3332 5437 3577 5490 magnam

2002 5513 2383 5586 providentiam
2409 5523 2568 5585 atque
2595 5513 2907 5583 sapientiam
2952 5513 3176 5577 animai,
3204 5527 3308 5582 qua
3344 5513 3567 5570 lactare-

2001 5615 2108 5674 tur,
2144 5604 2461 5677 postulabat.
2487 5602 2687 5660 Verum
2725 5612 2783 5659 ut
2825 5604 3036 5674 planius
3066 5603 3395 5674 intelligatis,
3443 5613 3577 5673 quot

1995 5798 2034 5851 Γ
2061 5742 2078 5771 ί
2114 5746 2241 5789 Unus
2257 5745 2392 5801 Reg,
2426 5735 2751 5800 forrdcatione,
2771 5743 2825 5786 ut
2850 5734 2974 5800 legit
2989 5741 3252 5798 latet-pres.
3281 5733 3381 5785 Alii
3400 5734 3570 5801 nequi-

2015 5813 2079 5851 ta.

2015 5813 2079 5852 ια.
