4224 6302
669 323 773 396 591

654 458 833 507 essent
867 447 1078 506 coronis
1104 445 1281 518 digni,
1313 441 1405 517 qui
1432 453 1557 498 tunc
1601 440 1894 496 Ecclesiam
1937 437 2224 509 regendam

653 539 1047 611 suscipiebant,
1076 547 1130 594 et
1156 535 1286 608 quot
1308 535 1519 592 labores
1559 535 1612 588 in
1657 532 1915 603 principio
1939 541 2096 601 atque
2122 529 2232 585 dis-

651 631 874 688 crimina
900 632 1005 688 illic
1047 638 1228 688 essent
1264 627 1558 694 subeunda,
1584 625 1778 702 Christi
1810 624 1960 679 vobis
1991 623 2229 678 testimo-

653 723 798 776 nium
841 722 1059 778 all‘eram
1079 761 1095 785 ,
1127 723 1217 790 qul
1246 734 1330 784 ea,
1362 731 1483 779 qua
1525 732 1556 771 a
1599 717 1754 771 nobis
1781 710 1919 769 dicta
1950 720 2103 773 sunt,
2136 725 2233 781 ap-

653 811 868 881 probat,
901 820 955 865 et
991 809 1308 866 set'ttentiam
1358 822 1531 862 meam
1570 807 1866 862 confirmat.
1906 804 2036 859 Cum
2086 802 2229 856 enim

655 903 852 957 multos
881 901 948 956 ad
994 917 1053 956 se
1076 900 1456 955 convenientes
1485 897 1775 967 aspiceret,
1807 892 2070 964 velletque
2096 907 2230 962 apo-

654 992 805 1048 stolis
833 992 1218 1056 demonstrare,
1249 988 1390 1058 quod
1415 988 1582 1057 magis
1611 1001 1766 1054 quam
1794 985 1868 1039 illi
1900 984 2233 1038 laberasscnt

656 1083 927 1152 prophetae
952 1100 967 1136 :
998 1081 1117 1142 Alii,
1153 1079 1343 1150 inquit,
1373 1078 1751 1142 laboraverunt,
1783 1087 1828 1129 et
1858 1092 1942 1130 uos
1968 1077 2017 1128 in
2039 1075 2234 1129 labores

651 1191 821 1227 eorum
847 1175 1086 1228 introisti:
1115 1173 1289 1244 (Joan.
1334 1175 1386 1228 4.
1433 1173 1546 1240 58).
1571 1170 1730 1240 Atqui
1763 1171 1931 1223 multo
1960 1169 2076 1240 plus
2103 1183 2234 1238 apo-

654 1264 801 1327 stoli,
823 1279 979 1333 quam
1013 1260 1287 1333 propheta:
1327 1264 1672 1324 laborarunt;
1701 1270 1934 1315 attamen
1969 1262 2090 1330 quia
2125 1259 2235 1328 pie-

655 1356 777 1408 tatis
802 1355 1022 1409 verbum
1067 1356 1272 1424 priores
1295 1355 1367 1408 illi
1398 1355 1730 1410 seminarunt
1751 1395 1765 1418 ,
1796 1362 1848 1408 et
1895 1353 2109 1421 ignaros
2138 1351 2236 1404 ho-

655 1447 857 1498 minum
886 1447 1092 1499 animos
1118 1444 1183 1499 ad
1212 1446 1485 1500 veritatem
1507 1444 1860 1507 adduxerunt,
1883 1443 2011 1512 ipsis
2040 1442 2235 1496 laboris

657 1539 775 1606 plus
801 1539 1121 1592 attribuitur.

728 1629 957 1695 Quantus
991 1630 1132 1682 initio
1171 1629 1544 1699 pradicationis
1585 1629 1726 1683 labor
1767 1630 1936 1700 fuerit.
1958 1657 2031 1668 —
2054 1627 2235 1694 Neque

653 1721 795 1773 enim
822 1722 1038 1790 aequalis
1061 1733 1140 1775 est
1167 1722 1336 1787 labor,
1372 1737 1475 1775 non
1506 1732 1587 1778 est
1615 1722 1871 1792 profecto,
1902 1729 2019 1789 post
2041 1719 2237 1774 multos

655 1814 790 1868 alios
815 1814 1062 1870 doctores
1089 1817 1317 1884 aliquem
1349 1815 1585 1878 erudire,
1615 1823 1669 1869 et
1697 1814 1925 1883 primum
1955 1814 2126 1883 ipsum
2153 1827 2238 1865 se-

656 1907 798 1960 mina
822 1906 1025 1974 jaeere.
1062 1907 1212 1974 Quod
1242 1908 1382 1973 enim
1409 1907 1753 1962 medilatione
1779 1917 1832 1961 et
1855 1905 2240 1961 consuetudine

655 2007 893 2065 paratum
926 2007 1026 2064 est,
1052 1997 1202 2053 facile
1231 1999 1521 2068 percipitur
1546 2015 1558 2052 :
1587 1998 1728 2068 quod
1758 2008 1936 2053 autem
1963 2013 2102 2050 nunc
2133 1997 2241 2066 pri-

657 2103 802 2140 mum
833 2088 1062 2150 auditur,
1082 2090 1397 2144 discentium
1423 2091 1630 2143 animos
1658 2089 1950 2159 perturbat,
1971 2089 2239 2158 multaque

655 2177 971 2232 docentibus
999 2179 1152 2233 affert
1181 2182 1410 2249 negotia.
1454 2181 1563 2234 lloc
1590 2182 1802 2250 quidem
1835 2181 2056 2234 Athenis
2085 2180 2238 2234 audi-

657 2276 800 2321 tores
839 2270 1209 2337 perturbabat,
1241 2271 1467 2340 ideoque
1502 2271 1570 2324 ab
1600 2272 1841 2341 apostolo
1866 2270 2233 2333 declinabant,

657 2371 969 2415 accusantes
997 2376 1142 2426 eum,
1165 2376 1228 2416 ac
1249 2362 1508 2428 dicentes,
1539 2361 1688 2416 Nova
1713 2363 1944 2432 quwdam
1973 2364 2127 2433 infers
2149 2379 2241 2414 au-

657 2451 796 2504 ribus
825 2453 1006 2504 nostris
1036 2451 1167 2521 (Act.
1196 2453 1279 2505 l7.
1313 2452 1426 2522 20).
1460 2453 1588 2507 Nam
1618 2453 1661 2507 si
1687 2453 1844 2507 etiam
1873 2453 1973 2507 hoc
2002 2462 2240 2521 tempore

658 2540 868 2595 labores
909 2556 1278 2611 aarumnasqne
1322 2543 1516 2597 multas
1561 2544 1999 2612 gubernatoribus
2037 2543 2242 2614 praabet

657 2630 912 2687 Ecclesia:
938 2633 1248 2702 prcefectura
1275 2651 1288 2687 :
1312 2635 1482 2704 cogita
1513 2643 1638 2690 tunc
1659 2635 1943 2704 duplicem,
1979 2637 2239 2706 triplicem

659 2722 1110 2793 multiplicemque
1150 2724 1312 2780 fuisse
1339 2726 1597 2793 laborem,
1629 2741 1748 2781 cum
1777 2728 2030 2796 pericula,
2061 2737 2114 2782 et
2145 2743 2241 2797 pu-

658 2827 798 2882 gnae.
822 2823 876 2868 et
905 2814 1132 2881 insidiae,
1164 2824 1217 2869 et
1244 2826 1476 2873 terrores
1502 2833 1762 2886 perennes
1791 2819 2075 2874 instabant.
2111 2820 2240 2875 Ver-

657 2903 740 2957 bis
781 2905 1036 2973 explicari
1077 2921 1186 2960 non
1232 2917 1408 2976 potest
1432 2908 1718 2964 difficultas
1742 2950 1757 2974 ,
1786 2925 1943 2978 quam
1967 2913 2139 2982 sancti
2165 2913 2240 2968 illi

657 2996 756 3050 viri
787 3006 911 3052 tunc
936 2998 1299 3066 sustinebant;
1343 3000 1438 3056 sed
1480 3003 1528 3057 is
1564 3003 1711 3057 solus
1743 3017 1861 3058 eam
1890 3006 2116 3072 noverit,
2150 3005 2240 3075 qui

656 3086 831 3156 reipsa
863 3088 1005 3142 illam
1032 3091 1355 3159 experietur.

728 3179 780 3232 4.
824 3179 1076 3247 Quartam
1119 3193 1376 3251 praeterea
1417 3199 1670 3241 coronam
1710 3186 2012 3257 adjungam,
2042 3203 2242 3259 quasse

657 3269 813 3323 nobis
854 3271 1011 3325 offert
1054 3287 1120 3327 cx
1163 3273 1264 3329 hoc
1300 3275 1628 3345 episcopatu.
1679 3278 1935 3344 Quaenam
1979 3289 2061 3334 est
2108 3281 2243 3334 ista?

658 3358 811 3425 Quod
842 3360 955 3430 ipse
982 3362 1229 3417 nimirum
1273 3366 1493 3439 patriam
1535 3379 1770 3422 nostram
1809 3369 2140 3438 gubernavit.
2185 3371 2242 3427 Si

656 3449 800 3502 enim
823 3460 1034 3506 centum
1066 3451 1329 3520 homines,
1352 3456 1438 3510 vel
1463 3457 1624 3512 etiam
1651 3459 2030 3530 quinquaginta
2057 3478 2242 3532 regere

659 3540 874 3597 difﬁcile
901 3553 1002 3606 est,
1033 3553 1244 3615 quantae
1273 3548 1480 3602 virtutis
1501 3564 1563 3603 ac
1585 3551 1858 3619 sapientiae
1879 3551 2039 3607 debet
2061 3554 2245 3607 existi-

660 3635 794 3688 mari
840 3641 946 3690 tam
985 3636 1253 3692 celebrem
1283 3639 1467 3694 urbem
1496 3641 1890 3709 administrare,
1915 3655 1970 3698 et
1991 3661 2112 3700 eum
2145 3661 2243 3715 po-

658 3723 843 3794 pulum
887 3741 1071 3794 regere
1091 3768 1106 3793 ,
1136 3731 1222 3798 qui
1254 3731 1480 3785 ducenta
1510 3735 1780 3788 contineat
1809 3733 2082 3791 hominum
2121 3739 2243 3792 mil-

661 3812 729 3865 lia
757 3810 858 3885 (a)?
887 3813 1097 3870 Etenim
1125 3818 1262 3872 sicut
1288 3820 1339 3877 in
1363 3822 1686 3878 exercitibus
1708 3823 1942 3893 legiones
1958 3817 2241 3895 primariae,

661 3916 885 3971 qumque
907 3909 1302 3963 numerosiores
1321 3920 1465 3974 sunt,
1491 3914 1829 3980 peritioribus
1854 3915 2074 3971 ducibus
2099 3933 2247 3972 com-

666 3992 949 4049 mittuntur
976 4012 990 4048 :
1023 3998 1101 4052 sic
1127 3999 1288 4054 etiam
1317 4001 1369 4055 in
1397 4002 1731 4067 civitatibus,
1762 4005 1992 4074 majores
2027 4004 2247 4077 populo-

664 4084 942 4154 sioresque
963 4088 1354 4156 probatioribus
1374 4094 1503 4148 viris
1527 4096 1887 4166 assignantur.
1915 4099 2245 4171 Quamquam

664 4185 720 4229 et
759 4178 1022 4247 praecipua
1071 4180 1179 4235 Deo
1222 4182 1444 4252 hujusce
1467 4179 1694 4242 civitatis
1718 4203 1844 4244 cura
1873 4189 1992 4259 fuit,
2026 4193 2076 4247 id
2103 4194 2244 4264 quod

664 4277 718 4322 et
751 4283 808 4322 re
830 4271 940 4338 ipsa
971 4271 1260 4329 declaravit
1289 4293 1303 4329 :
1333 4277 1595 4348 siquidem
1623 4295 1779 4351 quem
1811 4286 1903 4336 toti
1931 4285 2050 4341 orbi
2077 4295 2246 4342 terra-

663 4373 781 4413 rum
827 4362 1084 4431 przefecit,
1138 4365 1374 4434 Petrum,
1419 4370 1505 4425 cui
1554 4372 1734 4429 claves
1777 4375 2032 4431 ezelorum
2078 4379 2244 4447 dedit,

661 4451 817 4519 cujus
837 4453 1056 4510 arbitrio
1076 4465 1129 4512 et
1148 4461 1397 4528 potestati
1418 4473 1607 4519 cuneta
1634 4467 1893 4535 permisit,
1919 4468 2062 4524 hunc
2088 4471 2248 4543 longo

669 4549 908 4610 tempore
936 4544 1020 4600 hic
1039 4545 1200 4616 jussit
1222 4553 1571 4627 commorari;
1614 4555 1686 4610 ita
1713 4573 1904 4629 nempe
1931 4561 2029 4628 ipsi
2061 4563 2248 4618 civitas

669 4635 989 4724 nostra/orbi
1036 4646 1295 4693 terrarum
1344 4656 1440 4712 par
1477 4644 1591 4700 fere
1631 4647 1930 4704 videbatur.
1976 4651 2079 4708 Sed
2125 4654 2246 4724 quia

668 4720 810 4777 Petri
851 4727 1175 4782 mentionem
1219 4729 1352 4798 feci,
1397 4735 1634 4804 quintam
1677 4752 1743 4793 ex
1788 4740 1903 4810 ipso
1941 4720 2247 4801 contextam

666 4826 919 4906 coronam
958 4817 1310 4875 animadverti
1347 4839 1362 4877 :
1403 4826 1654 4894 quoniam
1696 4828 1768 4883 illi
1815 4831 1867 4884 in
1911 4834 2249 4906 episcopatus

669 4901 926 4971 dignitate
947 4910 1224 4964 successit.
1254 4909 1386 4966 Nam
1415 4923 1472 4968 ut
1497 4917 1542 4970 si
1561 4918 1737 4988 quise
1759 4901 2116 4981 fundamentis
2137 4942 2251 4981 ma-

665 5008 828 5088 gnum
861 4996 1090 5066 lapidem
1118 5011 1304 5068 eruat,
1335 5004 1565 5062 alterum
1594 5011 1816 5066 omnino
1847 5029 2026 5083 parem
2055 5017 2106 5071 in
2133 5017 2250 5088 ejus

670 5086 789 5140 loco
825 5098 1049 5144 conatur
1084 5094 1436 5162 constituere,
1468 5099 1572 5155 nisi
1605 5102 1937 5160 velit.totum
1965 5086 2248 5168 aedificium

667 5187 956 5233 concutere
994 5195 1056 5236 ac
1103 5182 1333 5241 debilius
1375 5189 1601 5246 reddere
1634 5209 1648 5246 :
1682 5193 1752 5248 ita
1780 5210 1905 5252 cum
1932 5197 2121 5256 Petrus
2143 5203 2252 5258 An-

670 5267 867 5322 tiochia
894 5279 1038 5325 esset
1056 5272 1388 5332 discessurus
1407 5319 1424 5345 ,
1453 5280 1678 5337 alterum
1719 5283 1878 5341 Petro
1905 5304 2087 5357 parem
2111 5307 2251 5362 prae-

669 5367 939 5454 ceptorem
977 5363 1141 5432 gratia
1183 5364 1413 5436 Spiritus
1457 5371 1750 5443 substituit,
1797 5392 1864 5433 ne
1903 5388 2106 5436 structa
2141 5385 2252 5454 jam

669 5450 953 5509 aedificatio
977 5461 1302 5515 successoris
1331 5462 1693 5526 imbecillitate
1717 5469 1944 5528 debilior
1969 5476 2141 5531 tieret.

746 5543 975 5616 Quinque
1008 5544 1200 5620 lgnatii
1239 5569 1454 5609 coronat.
1477 5585 1549 5597 —
1573 5558 1818 5632 Quinque
1840 5579 2070 5623 coronas
2096 5569 2254 5639 igitur

671 5639 1102 5694 enumeravimus
1137 5657 1150 5695 :
1178 5656 1241 5697 ex
1267 5644 1596 5714 praefectura:
1623 5652 1990 5724 amplitudine,
2014 5675 2078 5716 ex
2104 5662 2252 5719 ordi-

731 5724 808 5787 (a)
840 5727 1103 5783 Antiochia:
1125 5733 1334 5786 ducenta
1358 5743 1497 5788 erant
1527 5738 1774 5794 hominum
1798 5745 1966 5798 millia.

1401 329 1460 387 S.
1497 327 1773 386 JOANNIS
1810 321 2282 381 CIIRYSOSTOIII
2319 323 2638 384 ARCHIEP.
2677 327 3207 385 CONSTANTINOP.

3832 333 3941 391 59!

2341 440 2582 495 nantium
2603 440 2891 513 dignitate,
2925 456 2992 497 ex
3019 440 3335 498 difﬁcultate
3363 449 3687 514 temporum,
3714 461 3782 501 ex
3805 446 3938 501 civi-

2340 533 2461 586 tatis
2507 531 2895 602 magnitudine,
2942 547 3008 587 ex
3048 532 3245 589 virtute
3283 533 3446 601 illius,
3485 535 3668 606 qui'ei
3716 535 3940 592 tradidit

2339 623 2731 695 praefecturam.
2757 625 2850 681 llis
2861 625 3106 680 omnibus
3119 628 3385 682 contextis
3408 629 3624 683 coronis
3649 639 3854 684 sextam
3879 639 3937 685 et

2340 717 2646 786 septimam,
2673 727 2728 772 et
2759 717 2843 772 his
2872 719 3032 772 etiam
3060 717 3243 788 plures
3267 718 3457 775 licebat
3483 719 3773 790 adiungere
3802 738 3818 775 ε
3844 735 3939 775 ve-

2339 822 2458 861 rum
2501 823 2568 862 ne
2605 818 2774 862 totum
2809 817 3022 879 tempus
3047 810 3103 864 in
3132 809 3474 879 episcopatus
3501 810 3937 867 consideratione

2339 896 2662 953 collocantes
2681 898 2751 953 ab
2773 899 2857 964 iis,
2881 914 2998 969 qme
3019 899 3085 953 ad
3107 914 3230 954 eum
3253 899 3331 953 uti
3350 912 3639 972 martyrem
3667 911 3937 972 spectant,

2339 989 2652 1043 enarrandis
2678 991 3043 1061 excludamur,
3075 1005 3174 1061 age
3202 991 3460 1063 deinceps
3490 992 3556 1046 ad
3585 993 3727 1048 illius
3755 1004 3937 1049 certa-

2342 1083 2484 1152 mina
2525 1081 2934 1137 contendamus.
2985 1081 3160 1139 Grave
3198 1083 3327 1138 olim
3366 1084 3623 1138 adversus
3665 1084 3938 1139 Ecclesiae

2340 1173 2631 1226 excitatum
2665 1181 2750 1226 est
2779 1172 3000 1239 bellum,
3033 1183 3088 1228 et
3118 1184 3386 1244 tamquam
3418 1174 3711 1228 saevissima
3747 1183 3936 1234 tyran-

2343 1261 2469 1317 nide
2511 1264 2697 1318 orbem
2735 1272 3054 1332 occupante,
3087 1279 3118 1319 e
3142 1263 3320 1318 medio
3349 1263 3467 1319 foro
3493 1263 3742 1320 homines
3769 1278 3940 1320 com-

2343 1354 2648 1422 piebantur,
2679 1355 2807 1409 nulli
2829 1355 3044 1410 obnoxii
3071 1356 3265 1425 culpae,
3293 1356 3388 1411 sed
3409 1355 3550 1426 quod
3573 1357 3643 1410 ab
3661 1358 3941 1412 erroribus

2341 1445 2660 1499 recedentes
2683 1446 2746 1498 ad
2771 1461 2948 1499 veram
2978 1446 3190 1515 pictatis
3222 1447 3535 1517 religionem
3562 1447 3936 1510 accurrebant,

2341 1535 2482 1604 quod
2529 1551 2559 1589 a
2605 1535 2907 1590 daemonum
2960 1537 3336 1606 superstitione
3379 1538 3762 1602 discesserant,
3796 1538 3940 1608 quod

2342 1639 2528 1678 verum
2563 1625 2723 1679 Deum
2747 1626 3129 1694 agnoscebant,
3159 1626 3300 1696 quod
3330 1627 3521 1681 Filittm
3543 1628 3658 1696 ejus
3688 1628 3938 1699 unigeni-

2346 1726 2454 1770 tum
2483 1715 2778 1770 adorabant
2807 1732 2822 1768 :
2853 1728 3012 1787 atque
3043 1719 3112 1772 ita
3137 1733 3326 1773 omnes
3365 1718 3563 1774 Christt
3609 1719 3770 1774 fidem
3817 1735 3936 1774 aut-

2343 1809 2504 1880 plexi,
2533 1824 2653 1863 cum
2685 1820 2864 1864 essent
2886 1811 3099 1865 coronis
3123 1851 3139 1875 ,
3171 1811 3523 1867 admiratione
3547 1822 3707 1882 atque
3735 1812 3941 1868 honore

2344 1899 2508 1969 digni,
2536 1899 2860 1968 gravissimis
2894 1909 3051 1970 atque
3086 1901 3560 1956 innumerabilibus
3609 1901 3941 1956 cruciatibus

2344 1987 2711 2046 al'licicbantur
2735 2033 2750 2056 ,
2793 1993 2959 2047 multo
2991 2007 3117 2047 vero
3144 1994 3311 2064 magis
3341 1993 3699 2048 Ecclesiarum
3724 1995 3942 2048 antisti-

2347 2093 2446 2137 tes.
2479 2082 2734 2137 Versutus
2775 2084 2914 2137 enim
2947 2084 3208 2151 diabolus,
3251 2094 3305 2139 et
3348 2084 3413 2138 ad
3457 2084 3738 2138 strucndas
3783 2094 3943 2154 aptus

2346 2174 2584 2240 insidias,
2617 2176 2883 2243 Sperabat,
2907 2177 2948 2230 si
2977 2186 3216 2246 pastores
3241 2177 3561 2243 sustulisset,
3589 2177 3746 2231 ovilia
3776 2192 3837 2232 se
3868 2178 3946 2231 fa-

2345 2268 2446 2322 cile
2470 2268 2820 2337 direpturum.
2845 2268 2950 2324 Sed
2979 2270 3070 2339 qui
3092 2270 3498 2340 comprehendit
3526 2280 3730 2325 astutos
3759 2271 3815 2324 in
3845 2285 3941 2324 eo-

2346 2377 2463 2415 rum
2503 2363 2692 2414 astutia
2714 2404 2728 2426 ,
2761 2361 3050 2416 ostendens
3078 2362 3348 2417 Ecclesias
3373 2377 3498 2417 suas
3527 2377 3634 2416 non
3667 2362 3735 2417 ab
3764 2361 3943 2416 homi-

2345 2453 2500 2508 nibus
2524 2455 2830 2523 gubernari,
2864 2454 2959 2508 sed
2987 2470 3102 2520 eos,
3133 2455 3220 2523 qui
3246 2453 3297 2507 in
3325 2454 3496 2524 ipsum
3525 2453 3770 2518 credunt,
3801 2469 3945 2508 sem-

2347 2560 2442 2612 per
2470 2560 2500 2598 a
2527 2560 2584 2598 se
2613 2545 2742 2614 regi,
2779 2545 2827 2598 id
2862 2545 2972 2600 fieri
3006 2543 3366 2614 permittebat,
3411 2552 3470 2599 ut
3513 2559 3632 2599 cum
3673 2551 3941 2607 cerneret,

2348 2636 2644 2689 rectoribus
2671 2636 2916 2701 sublatis,
2948 2652 3051 2690 non
3095 2646 3273 2690 tamen
3311 2635 3625 2706 religionem
3675 2636 3940 2701 imminui,

2347 2740 2446 2779 nec
2475 2727 2710 2779 veritatis
2739 2727 3171 2796 prmdieationem
3198 2727 3485 2796 exstingui,
3517 2726 3610 2781 sed
3638 2728 3816 2796 petius
3841 2743 3941 2782 au-

2347 2816 2480 2886 geri,
2511 2831 2580 2870 ex
2614 2816 2773 2870 rebus
2811 2818 2940 2886 ipsis
2979 2825 3035 2872 et
3078 2817 3210 2886 ipse,
3239 2825 3294 2871 et
3333 2816 3424 2887 qui
3464 2817 3512 2871 ei
3554 2817 3941 2884 inserviebant,

2345 2919 2534 2960 etnnes
2581 2907 2936 2977 intelligerent
2963 2947 2978 2972 ,
3021 2907 3441 2962 Christianorum
3473 2899 3808 2975 disciplinam
3837 2923 3942 2962 non

2345 2997 2413 3051 ab
2448 2997 2752 3053 hominibus
2793 2998 3044 3067 pendere,
3092 2997 3186 3053 sed
3225 2998 3278 3052 in
3322 2998 3470 3053 caelis
3507 2997 3716 3054 radices
3758 3014 3940 3069 agere,

2349 3089 2620 3160 Deumque
2645 3105 2783 3156 esse,
2813 3090 2900 3160 qui
2943 3090 3138 3159 ubique
3180 3089 3447 3144 Ecclesias
3478 3098 3736 3156 tueretur,
3767 3099 3825 3145 et
3852 3091 3941 3160 qui

2347 3194 2467 3234 cum
2501 3180 2608 3234 Deo
2639 3179 2835 3235 bellum
2860 3187 3130 3248 gererent,
3165 3193 3452 3247 numquam
3485 3193 3640 3247 posse
3662 3178 3946 3235 discedere

2346 3272 2671 3341 superiores.
2723 3270 2908 3341 Neque
2933 3286 3059 3326 vero
3089 3270 3138 3326 id
3165 3270 3338 3326 solum
3366 3269 3610 3325 diabolus
3628 3314 3645 3338 ,
3674 3271 3768 3325 sed
3797 3271 3945 3327 aliud

2348 3379 2452 3418 non
2483 3363 2658 3433 minus
2683 3377 2842 3433 grave
2865 3361 3288 3420 maeltinabatur.
3317 3361 3430 3416 Non
3451 3362 3592 3416 enim
3622 3361 3672 3415 in
3698 3361 3945 3429 urbibus,

2347 3454 2540 3524 quibus
2587 3462 2883 3524 praeerant,
2929 3453 3181 3508 trucidari
3225 3454 3508 3523 episcopos
3550 3453 3802 3519 sinebat;
3850 3453 3948 3510 sed

2348 3559 2565 3614 operam
2611 3543 2798 3609 dabat,
2846 3552 2902 3598 ut
2945 3544 2996 3598 in
3037 3553 3286 3598 externas
3328 3543 3574 3598 civitates
3617 3544 3873 3599 abstracti
3916 3561 3948 3601 e

2349 3639 2525 3693 medio
2554 3638 2883 3692 tollerentur.
2916 3636 2971 3691 ld
2996 3646 3170 3691 autem
3198 3635 3426 3707 agebat,
3467 3636 3624 3690 simul
3654 3645 3711 3690 ut
3751 3652 3948 3692 neces;

2349 3729 2503 3783 sariis
2529 3730 2686 3783 rebus
2713 3727 3088 3798 spoliarentur,
3114 3727 3270 3782 simul
3295 3737 3354 3782 ut
3381 3728 3591 3783 itineris
3609 3728 3793 3784 labore
3813 3744 3946 3784 cou-

2349 3819 2472 3874 fecti
2522 3819 2876 3874 redderentur
2920 3819 3337 3875 imbecilliores:
3365 3821 3509 3890 quod
3550 3821 3602 3875 in
3639 3819 3742 3881 hoc
3780 3824 3944 3877 etiam

2351 3910 2508 3964 beato
2534 3911 2647 3964 viro
2677 3910 2820 3965 fecit.
2863 3910 2939 3964 Ex
2972 3919 3154 3965 nostra
3182 3911 3325 3965 enim
3351 3911 3565 3966 civitate
3589 3911 3815 3966 Romam
3845 3913 3944 3968 ab-

2351 4001 2649 4055 ducendum
2675 4002 2900 4068 curavit,
2937 3987 3173 4072 longiora
3201 4001 3302 4071 ipsi
3326 4016 3516 4056 cursus
3544 4003 3714 4072 spatia
3740 4018 3942 4073 propo-

2353 4105 2505 4155 nens,
2539 4101 2595 4144 ut
2623 4099 2676 4145 et
2717 4091 2924 4146 itineris
2957 4100 3011 4147 et
3041 4091 3297 4162 temporis
3327 4091 3657 4162 longitudine
3683 4093 3780 4147 viri
3813 4109 3947 4149 con-

2352 4183 2600 4236 stantiam
2630 4181 2994 4249 labefactaret,
3022 4183 3238 4253 ignarus
3264 4181 3408 4253 quod
3427 4223 3442 4250 ,
3472 4182 3709 4238 sodalem
3737 4183 3947 4239 habens

2351 4272 2531 4328 Jesum
2563 4283 2616 4328 et
2644 4275 2770 4328 tanti
2801 4273 3008 4329 itineris
3030 4275 3304 4339 comitem,
3328 4274 3496 4328 multo
3513 4273 3734 4328 validior
3761 4272 3945 4341 ﬁebat,

2350 4375 2406 4421 et
2426 4365 2653 4431 virtutis,
2682 4381 2801 4436 quae
2826 4381 3008 4420 secum
3033 4373 3196 4434 esset,
3220 4365 3391 4435 majus
3415 4375 3788 4434 argumentum
3811 4381 3949 4435 pra:-

2353 4455 2533 4522 bebat,
2554 4467 2605 4510 et
2637 4456 2907 4512 Ecclesiae
2934 4457 3102 4527 magis
3125 4455 3496 4510 continuabat.
3520 4455 3774 4511 Civitates
3800 4457 3948 4512 enim

2353 4563 2472 4616 qu:e
2515 4549 2568 4602 in
2603 4563 2663 4603 ea
2694 4548 2776 4602 via
2811 4557 2985 4613 erant,
3017 4546 3253 4615 undique
3273 4561 3675 4612 concurrentes,
3709 4548 3944 4618 pugilem

2351 4638 2690 4704 excitabant,
2731 4649 2786 4694 et
2825 4653 2945 4692 cum
2983 4653 3176 4708 magno
3219 4647 3520 4693 commeatu
3567 4637 3946 4706 dimittebant,

2353 4731 2603 4802 precibus
2647 4741 2702 4786 et
2744 4731 3215 4802 supplicationibus
3242 4746 3364 4787 cum
3393 4732 3510 4797 ipso
3537 4741 3826 4787 certantes.
3883 4732 3949 4786 l-Zt

2355 4823 2485 4893 ipsa:
2523 4823 2942 4879 consolationem
2981 4837 3086 4877 non
3129 4823 3404 4893 vulgarem
3433 4838 3499 4878 ex
3539 4822 3657 4894 ipso
3687 4824 3945 4893 percipie-

2353 4915 2503 4982 bant,
2545 4923 2827 4970 cernentes
2867 4925 3157 4986 martyrem
3203 4922 3347 4969 tanta
3389 4929 3510 4970 eum
3557 4913 3834 4968 alacritate
3882 4915 3949 4970 ad

2355 5015 2581 5062 mortem
2623 5021 2872 5072 currere,
2919 5015 3113 5077 quanta
3152 5019 3248 5075 par
3273 5013 3390 5061 erat
3435 5019 3580 5072 eum,
3621 5005 3712 5074 qui
3754 5006 3823 5058 ad
3863 5020 3951 5060 re-

2355 5113 2459 5168 gna
2503 5098 2759 5153 caelorum
2809 5097 3252 5169 proficisceretur.
3296 5097 3375 5152 Ac
3411 5111 3470 5152 re
3497 5095 3712 5168 quidem
3741 5097 3855 5167 ipsa
3883 5113 3950 5152 ex

2357 5203 2605 5264 prompto
2635 5193 2778 5248 illius
2803 5193 2981 5248 animo
3007 5192 3305 5259 discebant,
3335 5207 3453 5249 eam
3499 5207 3604 5247 non
3643 5207 3766 5248 esse
3807 5208 3951 5248 mor-

2360 5296 2466 5340 tem
2490 5327 2505 5350 ,
2557 5285 2625 5340 ad
2690 5301 2849 5357 quam
2917 5287 3272 5357 properabat;
3323 5285 3418 5342 sed
3465 5272 3952 5356 peregrinationem

2357 5376 2663 5448 quamdam,
2694 5386 2749 5434 et
2793 5378 3072 5432 transitum
3116 5387 3274 5449 atque
3312 5392 3592 5433 ascensum
3634 5379 3686 5434 in
3733 5382 3952 5435 caelitus.

2359 5469 2484 5525 Haec
2529 5480 2707 5525 autem
2758 5480 2866 5525 tum
2916 5470 3104 5538 dictis,
3149 5481 3258 5526 tum
3306 5470 3455 5528 factis
3485 5470 3538 5526 in
3565 5470 3707 5527 omni
3735 5473 3956 5530 civitate

2359 5561 2578 5627 docens,
2601 5562 2862 5617 discessit.
2888 5561 2956 5621 Et
2975 5563 3110 5617 sicut
3133 5562 3300 5618 Judaei
3321 5577 3441 5617 cum
3466 5563 3684 5644 Paulum
3713 5564 3952 5620 vinctunt

2360 5653 2584 5708 Romam
2629 5654 2946 5708 tnittendum
2986 5663 3267 5718 curarunt,
3299 5653 3499 5724 opinati
3539 5663 3664 5710 sunt
3701 5669 3761 5710 se
3801 5656 3950 5711 illum

2361 5743 2429 5800 ad
2458 5753 2681 5802 mortem
2710 5745 2940 5816 mittere,
2973 5753 3204 5801 attamen
3231 5744 3428 5804 Judzeis
3456 5745 3563 5802 illic
3591 5746 3952 5803 habitantibus
