4224 6302
218 416 318 479 591

233 534 567 605 Ἐκκλησίαν
602 527 1073 605 ἐμπιστευθέντες.
1096 524 1191 579 καὶ
1218 523 1338 587 δσος
1370 522 1528 586 πόνος
1550 520 1645 574 καὶ
1666 518 1907 579 κίνδυνος

224 622 283 675 ἐν
310 603 749 692 ιιτροοιμίοιςήκαὶ⁴
777 619 921 689 ἀρχῇ
953 615 1189 685 πρᾶγμα
1219 608 1610 676 ἀναδέξασθαι,
1641 607 1739 660 καὶ
1762 603 1918 676 πρώ-

224 726 333 772 τως
379 707 557 762 ἐλθεῖν
600 705 689 759 ἐπ’
714 703 883 773 αὐτῷ,
914 702 1009 755 τοῦ
1048 698 1286 772 Χριστοῦ
1336 698 1574 769 παράγω
1604 692 1911 766 μαρτυρίαν

226 797 359 867 ὑμῖν
402 791 781 866 ψηφιζομένου
828 788 1001 842 ταῦτα
1035 788 1130 842 καὶ⁵
1156 786 1253 858 τὴν
1293 786 1384 855 ὑφ’
1407 783 1565 856 ήμῶν
1612 780 1912 852 εἰρημένην

224 883 519 955 κυροῦντος
548 879 794 951 γνώμην.
813 877 959 932 Ἰδὼν
982 878 1091 947 7&9
1120 874 1350 938 πολλοὺς
1387 872 1526 945 πρὸς
1560 869 1724 924 αὐτὸν
1754 870 1912 955 ἐρχο-

229 972 446 1043 μένους.
472 971 568 1025 καὶ
590 967 914 1039 βουλόμενος
942 965 1113 1030 δεῖξαι
1133 965 1246 1025 τοῖς
1275 959 1618 1023 ἀποστόλοις,
1643 957 1725 1011 ὃτι
1748 954 1911 1043 πλέον

225 1057 405 1112 αὐτῶν
434 1057 642 1127 ἔκαμον
673 1055 724 1109 οί
754 1053 1053 1126 προφῆται,
1086 1050 1251 1121 φησίν
1270 1066 1284 1080 ⁸
1322 1050 1527 1103 Ἄλλοι
1555 1042 1914 1099 κεκοπιάκα-

225 1161 313 1207 σι,
348 1142 452 1197 καὶ
492 1142 664 1211 ὑμεῖς
698 1144 789 1208 είς
830 1140 939 1194 τόν
979 1139 1174 1192 κόπον
1210 1135 1412 1191 αὐτῶν
1455 1131 1908 1198 είσεληλύθατε.

226 1231 422 1286 Καίτοι
460 1228 644 1299 πολλῷ
679 1226 903 1284 πλείονα
938 1224 1047 1279 τῶν
1075 1221 1375 1295 προφητῶν
1397 1220 1637 1289 ἔκαμνον
1680 1218 1729 1271 οἱ
1771 1214 1913 1270 ἀπό-

228 1317 408 1371 στολοι
428 1335 441 1347 ·
488 1315 602 1369 ἀλλ’
626 1313 814 1385 ἐπειδὴ
852 1326 1110 1382 πρότεροι
1139 1311 1341 1362 ἐκεῖνοι
1369 1306 1459 1360 τὸν
1488 1304 1645 1373 λόγον
1676 1304 1777 1373 τῆς
1816 1302 1912 1355 εὐ-

217 1405 449 1469 ,σεϐείας
482 1403 806 1467 κατέϐαλον,
850 1401 944 1455 καὶ
988 1398 1088 1462 τὰς
1119 1396 1298 1467 ψυχὰς
1324 1394 1435 1449 τῶν
1460 1391 1763 1465 ἀνθρώπων
1796 1389 1913 1443 ἁδι-

225 1493 460 1556 δάκτους
481 1490 648 1554 οὔσας
676 1488 813 1561 πρὸς
836 1487 936 1559 τὴν
964 1484 1223 1559 ἀλήθειαν
1246 1480 1649 1545 ἐπεσπάσαντο,
1684 1478 1914 1542 ἐκείνοις

225 1579 291 1634 τὸ
322 1577 488 1632 πλέον
513 1576 611 1631 τοῦ
650 1577 818 1630 πόνου
846 1572 1165 1644 ψηφίζεται.

296 1665 377 1718 Οὐ
409 1665 519 1735 γάρ
542 1664 692 1717 ἐστιν
727 1660 863 1726 ἴσον,
908 1660 1012 1712 οὐκ
1054 1656 1192 1721 ἔστι,
1241 1656 1380 1728 μετά
1416 1652 1645 1717 πολλοὺς
1693 1650 1915 1722 ἐτέρους

226 1751 587 1815 διδασκάλους
613 1748 835 1804 ἐλθόντα
867 1746 1164 1811 διδάσκειν,
1194 1745 1289 1798 καὶ
1322 1742 1537 1816 πρῶτον
1566 1740 1728 1795 αὐτὸν
1754 1752 1917 1793 κατα-

229 1837 449 1892 ϐάλλειν
494 1838 564 1894 τὰ
592 1836 905 1908 σπέρματα.
950 1833 1025 1887 Τὸ
1056 1832 1156 1903 μὲν
1191 1829 1301 1903 7&9
1330 1829 1434 1901 ήδη
1467 1826 1784 1900 μελετηθέν,
1821 1826 1917 1879 καὶ

228 1928 289 1980 ἐν
319 1925 580 1997 συνηθείᾳ
605 1924 897 1995 γενόμενον
921 1918 1153 1986 πολλῶν,
1185 1910 1589 1990 εὐπαράδεκτον
1619 1915 1700 1997 ἂν.
1718 1914 1918 1988 ῥᾳδίως

232 1988 473 2082 γένοιτο”
502 1988 568 2064 τδ
682 1988 779 2065 νῦν
811 2009 1028 2083 πρῶτον
1056 1988 1391 2076 ἀκουόμενον
1422 2003 1645 2076 θορυϐεῖ
1668 1988 1768 2073 τὴν
1800 2001 1917 2055 διά-

230 2118 381 2158 νοιαν
415 2098 523 2154 τῶν
556 2098 863 2169 ἀκροατῶν,
890 2098 985 2151 καὶ
1017 2094 1188 2150 πολλά
1210 2097 1322 2158 τοῖς
1348 2093 1658 2147 διδάσκουσι
1688 2089 1917 2162 παρέχει

240 2189 559 2259 πράγματα.
590 2185 763 2240 Τοῦτο
798 2185 931 2255 γοῦν
969 2185 1065 2240 καὶ
1104 2186 1164 2239 ἐν
1199 2182 1452 2254 Ἀθήναις
1496 2178 1747 2251 ἐθορύϐει
1790 2179 1918 2241 τοὺς

232 2274 553 2339 ἀκούοντας,
580 2274 675 2327 καὶ
702 2272 790 2326 διὰ
813 2272 977 2327 τοῦτο
995 2270 1402 2342 ἀπεστρέφοντο
1428 2266 1786 2345 τδνΠαῦλον,
1823 2268 1919 2335 ἐγ-

234 2377 270 2415 κ
283 2360 549 2426 ιλοῦντες,
564 2361 647 2413 ὃτι
670 2358 987 2421 Ξενίζοντά
1010 2373 1145 2413 τινα
1162 2356 1462 2426 εἰσφέρεις
1482 2357 1572 2420 είς
1597 2354 1703 2420 τὰς
1730 2352 1919 2418 ἀκοὰς

240 2446 427 2518 ημῶν.
456 2449 522 2504 El
554 2446 668 2519 7&9
696 2447 792 2501 νῦν
815 2447 1061 2518 κάματον
1086 2445 1182 2498 καὶ
1205 2444 1366 2498 πόνον
1390 2442 1557 2496 πολὺν
1590 2439 1920 2511 Ἐκκλησίας

242 2536 546 2606 προστασία
583 2534 809 2607 παρέχει
868 2536 983 2597 τοῖς
1029 2530 1368 2603 κυϐερνῶσιν
1414 2529 1624 2599 αὐτὴν,
1666 2528 1920 2599 ἐννόησον

242 2621 356 2686 πῶς
382 2622 625 2687 διπλοῦς,
652 2623 749 2677 καὶ
776 2621 1061 2694 τριπλοῦς,
1085 2620 1181 2675 καὶ
1208 2617 1627 2674 πολλαπλασίων
1655 2612 1724 2687 ῆν
1751 2617 1871 2669 τότε
1892 2618 1921 2670 ὁ

244 2710 425 2774 πόνος,
455 2712 544 2765 ὅτε
573 2710 831 2774 κίνδυνοι,
860 2711 956 2764 καὶ
997 2709 1190 2780 μάχαι,
1221 2708 1318 2761 καὶ
1352 2705 1661 2770 ἐπιϐουλαὶ,
1693 2709 1789 2758 καὶ
1834 2703 1923 2773 φό-

234 2797 331 2860 ϐος
358 2797 633 2868 διηνεκής.
660 2797 776 2851 Οὐκ
805 2796 976 2859 ἐστιν,
995 2796 1097 2848 οὐκ
1126 2794 1264 2857 ἐστι,
1292 2793 1651 2865 παραστῆσαι
1674 2792 1754 2864 τῷ
1774 2792 1920 2862 λόγῳ

245 2884 341 2956 τὴν
370 2883 682 2947 δυσκολίαν,
710 2884 779 2955 ην
811 2882 1082 2952 ὑπέμενον
1107 2882 1157 2934 οί
1183 2881 1332 2947 ἆγιοι
1374 2880 1497 2933 τότε
1538 2881 1769 2935 ἐκεῖνοι·
1804 2878 1920 2932 ἀλλ’

236 2966 394 3035 οἱτος
421 2970 595 3042 αὐτὴν
622 2969 828 3025 εἴσεται
858 2967 1185 3042 [59ημόνος
1214 2970 1243 3022 ό
1270 2968 1361 3023 διὰ
1390 2967 1493 3038 τῆς
1528 2967 1727 3039 πείρας
1750 2966 1923 3037 αὐτῆς

239 3054 434 3112 ἐλθών.

311 3164 378 3218 δ’.
400 3162 556 3217 Εῖπω
573 3161 671 3217 καὶ
693 3159 956 3233 τέταρτον
975 3159 1236 3231 στέφανον
1260 3161 1325 3214 ἐκ
1347 3160 1446 3232 τῆς
1465 3160 1773 3230 ἐπισκοπῆς
1792 3160 1925 3231 ἡμῖν

242 3251 534 3321 ἀνίσχοντα
556 3248 782 3320 ταύτης.
809 3251 906 3314 Τίς
936 3246 1029 3305 οὖν
1062 3252 1211 3304 ἐστιν
1240 3244 1424 3314 οὗτος
1458 3249 1534 3304 Τὸ
1565 3248 1664 3321 τὴν
1690 3250 1927 3322 πατρίδα

242 3338 408 3393 αὐτὸν
436 3338 807 3409 ἐπιτραπῆναι
834 3337 936 3411 τὴν
957 3337 1254 3409 ἡμετέραν.
1272 3338 1560 3392 Ἐπίπονον
1583 3339 1683 3409 μὲν
1700 3340 1809 3410 7&9
1834 3339 1928 3392 καὶ

247 3424 441 3480 ικατδν
472 3424 682 3496 ἀνδρῶν
721 3424 818 3478 καὶ
856 3426 1196 3495 πεντήκοντα
1227 3426 1528 3496 προστῆναι
1557 3425 1717 3496 μόνον
1737 3441 1751 3454 ’
1783 3425 1844 3479 τὸ
1871 3425 1929 3479 δὲ

246 3511 403 3566 πόλιν
450 3511 859 3584 ἐγχειρισθῆναι
905 3512 1199 3585 τοσαύτην,
1231 3513 1328 3566 καὶ
1375 3512 1549 3582 δῆμον
1598 3513 1680 3577 εἰς
1723 3514 1929 3568 εῐκοσιν

245 3598 625 3668 ἐκτεινόμενον
672 3598 963 3671 μυριάδας,
992 3599 1167 3669 πόσης
1211 3600 1417 3670 ἀρετῆς
1456 3598 1560 3652 οῖει
1608 3600 1704 3653 καὶ
1737 3600 1928 3669 σοφίας

251 3684 525 3751 ἀπόδειξιν
556 3680 731 3753 εἷναι;
770 3686 879 3739 Kal
904 3684 1014 3757 7&9
1048 3685 1237 3757 ῶσπερ
1261 3686 1355 3739 ἐπὶ
1394 3686 1503 3741 τῶν
1549 3688 1931 3758 στρατοπέδων

248 3772 349 3837 τὰς
383 3772 817 3845 βασιλικωτέρας
844 3773 1132 3844 φάλαγγας
1182 3775 1278 3828 καὶ
1324 3772 1673 3846 πληθυούσας
1729 3775 1931 3846 μᾶλλον

248 3862 299 3913 οξ
328 3859 627 3934 σοφώτεροι
652 3862 762 3916 τῶν
783 3860 1107 3933 στρατηγῶν
1128 3862 1525 3934 ἐγχειρίζονται
1544 3878 1561 3893 ·
1586 3863 1730 3917 οῦτω
1754 3863 1817 3935 δὴ
1838 3866 1933 3918 καὶ

248 3949 345 4003 ἐπὶ
374 3948 483 4003 τῶν
513 3950 745 4013 πόλεων,
775 3949 878 4015 τάς
905 3950 1126 4023 μείζους
1151 3951 1245 4003 καὶ
1279 3948 1744 4021 πολυανθρώπους
1772 3952 1821 4005 οί
1847 3953 1934 4007 δο-

250 4035 556 4108 κιμώτερο.
581 4036 692 4090 τῶν
720 4038 997 4109 ἀρχόντων
1029 4037 1473 4107 ἐμπιστεύονται.
1515 4038 1628 4092 Kal
1669 4038 1847 4103 άλλως
1874 4039 1932 4093 δέ

250 4123 422 4187 πολὺς
450 4120 519 4196 ῆν
557 4124 661 4195 τῆς
690 4126 898 4189 πόλεως
925 4124 1129 4196 ταύτης
1154 4125 1231 4197 τῷ
1256 4125 1377 4197 Θεῷ
1401 4125 1579 4196 λόγος,
1604 4126 1682 4191 ὡς
1723 4127 1817 4181 καὶ
1845 4127 1933 4182 διά

247 4210 364 4263 τῶν
410 4210 589 4283 ἔργων
634 4212 816 4266 αὐτῶν
862 4213 1133 4284 ἐδήλωσεο
1166 4214 1259 4267 τὸν
1286 4213 1418 4283 γοῦν
1459 4215 1562 4286 τῆς
1605 4216 1936 4289 οἰκουμένης

250 4298 555 4368 ἐπιστάτην
582 4300 803 4371 ἀπάσης
836 4301 1065 4372 Πέτρον,
1090 4295 1134 4370 ᾧ
1163 4302 1263 4367 τάς
1295 4302 1444 4368 κλεῖς
1493 4303 1793 4376 ἐνεχείρισε
1824 4304 1935 4359 τῶν

248 4387 520 4459 οὐρανῶν,
545 4380 589 4455 ᾧ
616 4388 797 4443 πάντα
824 4388 977 4458 άγειν
1006 4391 1101 4444 καὶ
1125 4392 1314 4463 φέρειν
1338 4391 1633 4464 ἐπέτρεψε,
1662 4392 1831 4447 πολὺν
1854 4394 1939 4446 ἐν-

247 4474 429 4527 ταῦθα
472 4475 663 4547 χρόνον
704 4476 1044 4549 ἐνδιατρίψαι
1093 4478 1407 4533 ἐκέλευσεν·
1443 4479 1619 4544 οὕτως
1652 4480 1802 4551 αι’)τῷ
1840 4482 1940 4550 τῆς

249 4562 583 4633 οἰκουμένης
626 4564 847 4634 ἀπάσης
894 4566 927 4636 ή
977 4564 1135 4629 πόλις
1191 4567 1522 4639 ἀντίρῤοπος
1575 4569 1609 4639 ὴ
1665 4569 1937 4640 ἡμετέρα.

264 4648 489 4721 Ἐπειδὴ
533 4649 590 4704 δέ
635 4651 915 4723 ἐμνήσθην
955 4653 1187 4725 Πέτρου,
1217 4656 1314 4708 καὶ
1364 4655 1617 4726 πέμπτον
1666 4657 1727 4721 ἐξ
1767 4657 1936 4711 αὐτοῦ

255 4736 528 4807 στέφανον
557 4734 697 4792 εἶδον
725 4739 1089 4810 πλεκόμενον·
1130 4736 1287 4806 οὗτος
1313 4742 1372 4795 δέ
1402 4744 1520 4796 ἐστι
1554 4742 1615 4796 τὸ
1646 4744 1771 4814 μετ’
1796 4746 1940 4798 ἐκεῖ-

252 4842 345 4880 νον
392 4824 580 4879 τοῦτον
628 4826 975 4894 διαδέξασθαι
999 4829 1100 4900 τὴν
1142 4830 1340 4901 ἀρχήν.
1371 4830 1583 4901 Ὠσπερ
1618 4832 1725 4903 γάρ
1756 4833 1821 4888 ἀν
1855 4851 1936 4898 τις

253 4914 409 4968 λίθον
458 4913 693 4986 ἐξαίρων
743 4916 919 4987 μέγαν
966 4919 1031 4971 ἐκ
1077 4917 1361 4991 θεμελίων,
1394 4919 1578 4990 ἕτερον
1612 4921 1940 4994 ἀντίρροπον

253 5002 475 5056 ἐκείνου
501 5001 792 5069 σπουδάζει
826 5004 1044 5069 πάντως
1072 5005 1510 5075 ἀντεισαγαγεῖν,
1542 5008 1592 5060 εί
1629 5008 1705 5080 μὴ
1754 5010 1940 5082 μέλλοι

255 5094 445 5143 πᾶσαν
483 5089 733 5144 σαλεύειν
755 5091 857 5163 τὴν
886 5094 1197 5166 οἰκοδομὴν,
1230 5095 1325 5147 καὶ
1360 5095 1697 5167 σαθροτέραν
1730 5102 1902 5152 ποιεῖν
1922 5117 1936 5131 ο

256 5178 405 5232 οὕτω
431 5178 497 5248 δὴ
525 5179 620 5232 καὶ
648 5178 856 5251 Πέτρου
890 5180 1176 5251 μέλλοντος
1206 5181 1456 5235 ἐντεῦθεν
1481 5183 1802 5254 ἀποδημεῖν,
1827 5187 1944 5240 ἐτε-

259 5282 357 5336 ρον
403 5265 731 5338 ἀντίρροπον
770 5267 980 5338 Πέτρου
1026 5267 1351 5323 διδάσκαλον
1404 5270 1438 5336 ἡ
1486 5268 1580 5323 τοῦ
1620 5271 1943 5343 Πνεύματος

260 5356 628 5425 ἀντεισήγαγε
662 5356 845 5427 χάρις,
876 5356 1017 5410 ὥστε
1043 5357 1117 5428 μὴ
1144 5358 1243 5428 τὴν
1275 5358 1376 5429 ῆδη
1408 5359 1711 5431 γενομένην
1741 5364 1945 5418 οίκοδο⁶

264 5444 376 5515 μὴν
403 5444 472 5513 τῇ
500 5440 597 5495 τοῦ
619 5442 998 5514 διαδεξομένου
1028 5444 1272 5516 εὐτελείᾳ
1301 5446 1637 5518 σαθροτέραν
1663 5450 1943 5517 γενέσθαι.

264 5530 439 5585 Πέντε
490 5530 591 5601 μέν
635 5524 730 5585 οὖν
773 5533 1071 5601 στεφάνους
1121 5532 1653 5605 ἀπηριθμησάμεθα,
1697 5536 1808 5589 ἀπὸ
1848 5536 1948 5591 τοῦ

265 5616 535 5688 μεγέθους
564 5618 665 5690 τῆς
693 5619 888 5691 ἀρχῆς,
918 5621 1028 5674 ἀπὸ
1055 5620 1156 5691 τῆς
1182 5621 1341 5686 ἀξίας
1371 5621 1480 5674 τῶν
1501 5629 1947 5696 κεχειροτονηκό⁴

263 5720 398 5768 των,
428 5704 537 5759 ἀπὸ
563 5705 657 5776 τῆς
688 5705 783 5763 τοῦ
816 5707 1012 5779 καιροῦ
1036 5708 1345 5774 δυσκολίας,
1370 5707 1480 5762 ἀπὸ
1501 5708 1596 5763 τοῦ
1618 5710 1823 5782 μέτρου
1844 5713 1946 5785 τῆς

267 5792 494 5858 πόλεως,
524 5793 637 5848 ἀπὸ
664 5792 766 5865 τῆς
794 5796 997 5868 ἀρετῆς
1020 5795 1116 5850 τοῦ
1147 5796 1483 5869 παραδόντος
1515 5798 1664 5869 αὐτῷ
1694 5799 1795 5870 τήν
1820 5801 1943 5854 ἐπι-

272 5882 497 5953 σκοπήν.
529 5880 770 5946 Τούτους
800 5883 1046 5947 ἅπαντας
1069 5878 1370 5949 πλέξαντας
1400 5884 1526 5956 ἐνῆν
1558 5885 1652 5940 καὶ
1676 5886 1834 5942 ἕκτον
1859 5892 1936 5944 εί-

661 5972 936 6034 ΡΑτιιΟι..
984 5971 1107 6035 ϐα.
1154 5972 1218 6033 L.

1494 404 1561 460 IN
1603 401 1662 458 S.
1706 395 2041 457 IGNA'HUM
2082 394 2495 457 ΜΔΙΠὙΒΕΜ.

3584 377 3702 439 59?.

2013 516 2157 577 πεῖν,
2186 515 2281 568 καὶ
2302 512 2556 582 ἕϐδομον.
2593 509 2687 562 καὶ
2716 506 2936 570 πλείους
2961 503 3171 559 τούτων
3191 519 3203 533 ·
3234 500 3350 556 ἀλλ’
3375 500 3463 556 ῖνα
3500 499 3577 571 μὴ
3601 500 3695 553 τον

2010 602 2227 656 ἅπαντα
2249 600 2440 672 χρόνον
2469 600 2549 661 είς
2573 596 2666 649 τὸν
2689 594 2820 667 περὶ
2845 593 2946 664 τῆς
2974 589 3283 660 ἐπισκοπῆς
3314 586 3697 649 ἀναλώσαντες

2008 689 2189 761 λόγον,
2221 690 2547 761 ἐκπέσωμεν
2575 687 2685 741 τῶν
2715 687 2846 758 περὶ
2876 684 2973 738 τοῦ
3013 682 3291 755 μάρτυρος
3313 677 3697 750 διηγημάτων,

2011 781 2145 853 φέρε
2176 778 2365 834 λοιπὸν
2396 778 2490 831 ἐπὶ
2514 776 2606 830 τὸν
2629 771 2792 830 ἆθλον
2814 775 3022 828 ἐκεῖνον
3053 770 3245 840 ἴωμεν.
3274 766 3518 836 Πόλεμος
3543 766 3703 835 ἀνερ⁹

2012 868 2237 941 ριπίσθη
2270 866 2402 921 ποτέ
2436 863 2675 937 χαλεπὸς
2703 862 2848 917 κατά
2867 860 2976 915 τῶν
3012 855 3380 930 Ἐκκλησιῶν,
3409 856 3507 908 καὶ
3526 854 3702 908 καθά-

2010 975 2118 1030 περ
2165 954 2483 1029 τυραννίδος
2530 950 2925 1025 χαλεπωτάτης
2958 949 3060 1019 τὴν
3098 947 3207 1017 γῆν
3254 941 3699 1030 καταλαϐούσης,

2010 1027 2277 1115 ἐκτμέσης
2300 1040 2682 1115 ἀνηρπάζοντο
2708 1041 2809 1111 τῆς
2838 1038 3047 1109 ἀγορᾶς
3076 1034 3339 1099 ἅπαντες,
3365 1031 3568 1086 ἄτοπον
3598 1027 3702 1099 μὲν

2011 1131 2164 1186 οὐδὲν
2201 1129 2618 1201 ἐγκαλούμενοι,
2647 1129 2731 1181 ὅτι
2768 1126 2825 1180 δὲ
2868 1126 2971 1196 τῆς
3011 1123 3222 1195 πλάνης
3265 1119 3701 1186 ἀπαλλαγέντες,

2014 1220 2151 1291 πρὸς
2175 1218 2275 1290 τὴν
2300 1217 2584 1272 εὐσέϐειαν
2612 1215 2873 1287 ἔδραμον,
2903 1215 2987 1268 ὅτι
3007 1211 3109 1283 τῆς
3132 1210 3241 1265 τῶν
3265 1208 3543 1279 δαιμόνων
3566 1206 3703 1277 θρη-

2014 1307 2202 1371 σκείας
2234 1308 2575 1378 ἀπέστησαν,
2619 1306 2705 1360 ὅτι
2741 1304 2836 1359 τὸν
2885 1300 3142 1373 ἀληθινὸν
3176 1300 3311 1354 Θεὸν
3350 1296 3701 1365 ἐπέγνωσαν,

2012 1399 2107 1450 xal
2148 1396 2240 1450 τὸν
2280 1394 2410 1450 Υίὸν
2458 1394 2624 1449 αὐτοῦ
2668 1393 2761 1448 τὸν
2812 1391 3081 1465 μονογενῆ
3132 1384 3573 1459 προσεκύνησαν,
3605 1382 3704 1435 καὶ

2013 1483 2153 1554 ὑπὲρ
2182 1477 2258 1537 ὧν
2292 1480 2693 1551 στεφανοῦσθαι
2724 1479 2924 1543 αὐτοὺς
2960 1476 3157 1549 ἐχρῆν,
3191 1476 3288 1529 καὶ
3322 1469 3704 1544 θαυμάζεσθαι

2013 1573 2108 1625 καὶ
2138 1571 2425 1643 τιμᾶσθαι,
2452 1570 2594 1644 ὑπὲρ
2606 1569 2811 1623 τούτων
2840 1566 3165 1629 ἐκολάζοντο
3186 1564 3283 1617 καὶ
3309 1561 3525 1633 μυρίοις
3552 1574 3704 1629 περι-

2011 1658 2304 1731 ηντλοῦντο
2354 1658 2550 1721 δεινοῖς
2610 1656 2813 1719 πάντες
2848 1657 2898 1709 οἱ
2941 1654 3043 1726 τὴν
3087 1651 3280 1706 πίστιν
3312 1646 3703 1721 παραδεξάμε⁶

2014 1765 2116 1810 νοι,
2157 1745 2339 1816 πολλῷ
2366 1744 2424 1798 δὲ
2452 1744 2613 1799 πλέον
2643 1744 2693 1797 οἱ
2722 1742 2830 1800 τῶν
2864 1739 3205 1811 Ἐκκλησιῶν
3246 1734 3612 1811 προεστῶτες.
3644 1733 3703 1783 '(I

2015 1836 2125 1907 7&9
2165 1834 2434 1898 διάϐολος,
2465 1831 2775 1904 κακουργὸς
2807 1829 2884 1884 ῶν
2934 1829 3029 1899 καὶ
3074 1827 3247 1889 δεινὸς
3294 1825 3395 1888 τὰς
3440 1820 3704 1884 τοιαύτας
3754 1849 3758 1853 -

2019 1925 2247 1997 ῥάπτειν
2293 1917 3062 1992 ἐπιϐουλάς,⁷προσεδόκησεν
3114 1916 3219 1979 δτι,
3252 1914 3384 1976 τοὺς
3434 1911 3704 1981 ποιμένας

2016 2013 2112 2067 ἐὰν
2163 2011 2361 2085 ἀφέλῃ,
2386 2011 2457 2064 τὰ
2508 2009 2740 2082 ποίμνια
2782 2004 2981 2079 ῥαδίως
3025 2003 3329 2058 διασπάσαι
3381 1999 3701 2071 δυνήσεται.

2028 2099 2167 2153 Ἀλλ’
2192 2102 2221 2153 ό
2262 2098 2629 2171 δρασσόμενος
2660 2098 2788 2161 τοὺς
2832 2095 3032 2165 σοφοὺς
3072 2094 3131 2146 ἐν
3160 2094 3230 2164 τῇ
3261 2087 3571 2160 πανουργίᾳ
3604 2087 3705 2141 af;-

2017 2188 2145 2253 τῶν,
2181 2186 2506 2259 βουλόμενος
2530 2185 2680 2258 αὐτῷ
2708 2183 2902 2250 δεῖξαι,
2929 2183 3012 2237 ὅτι
3043 2181 3145 2235 οὐκ
3170 2179 3451 2253 ἄνθρωποι
3479 2176 3577 2239 τὰς
3608 2175 3707 2228 αὐ-

2016 2276 2111 2330 τοῦ
2150 2275 2486 2348 κυϐερνῶσιν
2524 2273 2877 2346 Ἐκκλησίας,
2908 2269 3023 2326 ἀλλ’
3047 2268 3211 2333 αὐτός
3244 2269 3394 2321 ἐστιν
3429 2267 3458 2321 ὁ
3497 2280 3706 2318 παντα-

2016 2364 2114 2435 χοῦ
2144 2365 2451 2437 ποιμαίνων
2481 2363 2613 2427 τοὺς
2636 2359 2997 2423 πιστεύοντας
3022 2359 3103 2423 εις
3138 2355 3329 2417 αὐτὸν,
3354 2350 3708 2423 συνεχώρησε

2017 2453 2176 2507 τοῦτο
2217 2453 2496 2523 γενέσθαι,
2535 2452 2756 2507 Nam
2789 2446 3203 2521 ἀφαιρεθέντων
3250 2442 3477 2498 ἐκείνων
3523 2441 3607 2512 ἴδῃ
3638 2442 3708 2492 τᾶ

2017 2544 2117 2613 τῆς
2157 2540 2442 2604 εὐσεϐείας
2486 2541 2588 2595 οὐκ
2628 2537 3024 2609 ἐλαττούμενα,
3058 2534 3182 2590 οὐδέ
3222 2533 3590 2603 σϐεννύμενον
3616 2529 3708 2585 τίν

2016 2630 2113 2685 τοῦ
2161 2630 2519 2703 κηρύγματος
2561 2628 2743 2696 λόγον,
2785 2626 2901 2681 ἀλλ’
2928 2625 3229 2697 αὐξόμενον
3283 2620 3507 2693 μᾶλλον,
3560 2616 3713 2689 μάθῃ

2018 2720 2109 2774 διὰ
2153 2721 2262 2773 τῶν
2311 2718 2491 2791 ἔργων
2536 2716 2720 2771 αὐτῶν
2758 2716 2853 2770 καὶ
2885 2712 3037 2787 [598]
3073 2711 3253 2775 αὐτὸς.
3301 2710 3397 2764 καὶ
3442 2708 3493 2761 οἱ
3535 2706 3711 2760 ταῦτα

2019 2807 2172 2879 αὐτῷ
2198 2806 2613 2877 διακονούμενοι
2634 2805 2859 2867 πάντες,
2888 2803 2973 2857 ὅτι
3004 2801 3108 2854 οὐκ
3135 2796 3457 2870 ἀνθρώπινα
3483 2794 3555 2849 τὰ
3587 2793 3710 2849 καθ’

2021 2898 2189 2967 ἡμᾶς,
2225 2896 2341 2950 ἀλλ’
2363 2894 2571 2950 ἄνωθεν
2600 2894 2666 2947 ἐκ
2698 2893 2808 2946 τῶν
2834 2889 3086 2963 οὐρανῶν
3125 2888 3240 2959 ἔχει
3266 2887 3366 2958 τὴν
3399 2885 3556 2957 ῥίζαν
3579 2885 3714 2955 ήμῖν

2021 2986 2055 3055 ἠ
2085 2985 2186 3055 τῆς
2213 2983 2563 3046 διδασκαλίας
2593 2982 2873 3045 ὑπόθεσις,
2901 2980 2999 3035 καὶ
3028 2978 3161 3043 Θεός
3192 2980 3343 3030 ἐστιν
3372 2977 3401 3029 ό
3433 2971 3713 3042 πανταχοῦ

2021 3073 2121 3137 τὰς
2154 3072 2482 3146 Ἐκκλησίας
2512 3072 2685 3142 ἄγων,
2716 3072 2812 3125 καὶ
2843 3071 2927 3124 ὅτι
2952 3069 3046 3123 τὸν
3073 3068 3208 3122 Θεὸν
3239 3063 3583 3137 πολεμοῦντα
3612 3062 3715 3116 οὐκ

2021 3159 2102 3214 ενι
2149 3160 2539 3234 περιγενέσθαι
2593 3158 2745 3213 ποτέ.
2776 3158 2852 3212 Οὐ
2902 3158 3065 3211 τοῦτο
3110 3158 3168 3210 δέ
3220 3154 3637 3226 ἐκακούργησεν
3684 3153 3717 3206 δ

2024 3248 2271 3312 διάϐολος
2306 3249 2486 3319 μόνον,
2523 3246 2661 3301 ἀλλά
2691 3246 2786 3300 καὶ
2812 3245 3001 3318 ἓτερον
3021 3245 3124 3299 οὐκ
3149 3243 3373 3297 ἔλαττον
3404 3242 3616 3294 τούτου.
3638 3239 3725 3293 υύ.

2025 3338 2136 3411 γὰρ
2179 3341 2237 3394 ἐν
2275 3342 2397 3403 ταῖς
2432 3339 2677 3401 πόλεσιν,
2711 3330 2789 3394 ὧν
2828 3338 3323 3410 προειστήκεισαν,
3354 3332 3509 3405 ἠφίει
3544 3334 3717 3403 σφάτ-

2026 3427 2216 3480 τεσθαι
2263 3427 2391 3491 τούς
2422 3426 2781 3491 ἐπισκόπους,
2812 3425 2928 3480 ἀλλ’
2954 3427 3036 3487 είς
3080 3426 3181 3496 τὴν
3227 3422 3517 3494 ἀλλοτρίαν
3564 3422 3717 3492 ἀγων

2027 3514 2249 3586 ἀνῄρει·
2286 3515 2461 3568 ἐποίει
2492 3514 2550 3567 δέ
2588 3512 2747 3568 τοῦτο
2773 3510 2913 3584 ὁμοῦ
2944 3512 3045 3584 μὲν
3077 3512 3324 3584 ἐρήμους
3367 3509 3477 3563 τῶν
3524 3512 3717 3579 ἐπιτη-

2026 3601 2182 3656 δείων
2228 3600 2418 3657 λαϐεῖν
2464 3602 2731 3665 σπεύδων,
2757 3601 2895 3672 όμοῦ
2917 3598 2981 3653 δέ
3011 3598 3439 3669 ἀσθενεστέρους
3484 3598 3717 3669 ἐργάσε-

2030 3688 2154 3742 σθαι
2198 3687 2279 3760 τῷ
2327 3688 2513 3761 μόχθῳ
2543 3689 2643 3760 τῆς
2670 3686 2980 3759 ὁδοιπορίας
3008 3685 3247 3756 ἐλπίζων
3267 3702 3280 3716 ’
3310 3686 3339 3739 ὃ
3372 3685 3437 3757 δὴ
3485 3685 3580 3739 καὶ
3624 3687 3718 3739 ἐπὶ

2026 3776 2122 3830 τοῦ
2155 3776 2432 3849 μακαρίου
2455 3778 2649 3830 τούτου
2673 3775 2999 3847 πεποίηκεν.
3018 3772 3152 3827 Ἀπὸ
3171 3772 3280 3847 γὰρ
3310 3776 3411 3845 τῆς
3436 3774 3716 3844 ήμετέρας

2030 3862 2238 3928 πόλεως
2270 3865 2352 3926 είς
2392 3862 2494 3935 τήν
2530 3862 2753 3934 Ῥώμην
2800 3861 2965 3916 αὐτὸν
3013 3860 3297 3924 ἐκάλεσεν,
3337 3861 3717 3932 μακροτέρους

2030 3950 2179 4022 αὐτῷ
2224 3951 2396 4015 τιθεὶς
2426 3934 2553 4016 τοὺς
2583 3950 2836 4014 διαύλους
2879 3947 2974 4003 τοῦ
3022 3949 3248 4020 δρόμου,
3279 3948 3377 4003 καὶ
3420 3948 3501 4019 τῷ
3550 3950 3719 4021 μήκει
3826 3934 3827 3937 η

2029 4041 2130 4111 τῆς
2155 4038 2277 4094 ὁδοῦ
2301 4039 2397 4094 καὶ
2430 4037 2507 4110 τῷ
2530 4038 2726 4110 πλήθει
2763 4037 2873 4091 τῶν
2900 4042 2932 4109 ή
2943 4037 3126 4110 μερῶν
3156 4037 3219 4091 τὸ
3246 4036 3504 4109 φρόνημα
3546 4054 3720 4091 κατα-

2032 4127 2251 4181 ϐάλλειν
2299 4126 2464 4181 αὐτοῦ
2510 4125 2851 4199 προσδοκῶν,
2893 4126 2996 4179 οὐκ
3040 4123 3198 4189 είδὼς
3238 4126 3323 4179 ὅτι
3370 4125 3720 4197 συνέμπορον

2032 4213 2171 4285 ἔχων
2201 4212 2410 4285 Ἰησοῦν
2437 4214 2532 4267 καὶ
2560 4212 2940 4285 συναπόδημον
2967 4212 3069 4283 τῆς
3089 4212 3359 4285 τοσαύτης
3383 4212 3719 4284 ὁδοιπορίας.

2037 4302 2384 4374 ἰσχυρότερος
2419 4300 2621 4372 μᾶλλον
2660 4300 2889 4369 ἐγίνετο,
2934 4299 3031 4354 καὶ
3075 4296 3176 4372 τῆς
3206 4300 3325 4373 μετ’
3347 4299 3512 4355 αυτοῦ
3554 4300 3723 4355 δυνά-

2037 4406 2188 4459 μεως
2229 4388 2398 4461 οὔσης
2439 4389 2665 4443 πλείονα
2708 4391 2939 4460 παρεῖχε
2989 4388 3089 4460 τὴν
3138 4385 3436 4454 ἀπόδειξιν,
3482 4388 3579 4441 καὶ
3620 4387 3722 4451 τὰς

2048 4477 2378 4548 Ἐκκλησίας
2426 4477 2742 4547 συνεκρότει
2796 4477 3081 4549 μειζόνως.
3136 4479 3203 4531 Αἱ
3255 4477 3366 4551 7&9
3420 4477 3565 4531 κατὰ
3622 4477 3721 4551 τὴν

2035 4566 2153 4620 όδδν
2200 4565 2385 4629 πόλεις
2433 4565 2828 4636 συντρέχουσαι
2863 4565 3129 4619 πάντοθεν
3162 4566 3384 4637 ῆλειφον
3424 4566 3516 4621 τὸν
3549 4566 3722 4635 ἀθλη-

2035 4651 2155 4723 τὴν,
2190 4653 2286 4706 καὶ
2333 4652 2472 4723 μετά
2505 4650 2719 4705 πολλῶν
2751 4651 3065 4724 ἐξέπεμπον
3108 4653 3219 4709 τῶν
3248 4653 3503 4724 ἐφοδίων,
3538 4655 3724 4725 εὐχαῖς

2038 4740 2132 4794 καὶ
2157 4738 2479 4811 πρεσϐείαις
2506 4738 2658 4810 αὐτῷ
2687 4740 3215 4811 συναγωνιζόμεναι.
3249 4742 3363 4796 Kal
3386 4743 3551 4798 αὐταὶ
3582 4743 3640 4798 δέ
3662 4745 3724 4797 οὐ

2044 4829 2137 4898 τὴν
2184 4827 2455 4899 τυχοῦσαν
2498 4827 2847 4900 παράκλησιν
2890 4828 3199 4899 ἐλάμϐανον
3231 4830 3375 4900 μετά
3411 4832 3727 4903 προθυμίας

2037 4914 2304 4987 τοσαύτης
2351 4915 2445 4968 ἐπὶ
2490 4913 2723 4969 θάνατον
2766 4914 3033 4986 τρέχοντα
3080 4916 3288 4988 ὁρῶσαι
3318 4918 3410 4971 τὸν
3446 4918 3723 4990 μάρτυρα,

2043 5002 2159 5073 μεθ’
2182 5003 2315 5073 ὅσης
2342 5002 2490 5066 εἰκὸς
2535 4998 2604 5074 ἦν
2654 5002 2746 5056 τὸν
2792 5002 2886 5055 ἐπὶ
2917 5002 3167 5073 βασίλεια
3202 5006 3539 5072 καλούμενον
3570 5008 3640 5061 τὰ
3668 5011 3727 5061 ἐν

2038 5090 2273 5161 οὐρανῷ.
2312 5091 2424 5144 Kal
2454 5090 2542 5145 διά
2570 5090 2682 5144 τῶν
2711 5090 2890 5162 ἔργων
2922 5092 3229 5163 ἐμάνθανον
3261 5096 3463 5159 αὐτῶν,
3491 5096 3580 5149 διὰ
3626 5096 3729 5166 τῆς

2039 5178 2134 5230 τοῦ
2162 5178 2408 5247 γενναίου
2444 5177 2755 5250 προθυμίας
2778 5180 2987 5233 ἐκείνου
3018 5182 3115 5233 καὶ
3146 5181 3527 5253 φαιδρότητος,
3561 5184 3643 5238 ὅτι
3664 5186 3728 5241 οὐ

2042 5266 2273 5331 θάνατος
2293 5263 2360 5338 ἦν
2390 5267 2474 5337 ἐφ’
2498 5267 2557 5320 δν
2585 5265 2830 5337 ἔτρεχεν,
2871 5267 2986 5321 ἀλλ’
3008 5267 3288 5340 ἀποδημία
3318 5287 3403 5333 τις
3431 5271 3524 5324 καὶ
3563 5273 3730 5342 μετά-

2041 5373 2252 5422 στασις,
2284 5355 2379 5409 καὶ
2412 5354 2548 5426 πρὸς
2581 5354 2675 5408 τὸν
2710 5354 2940 5427 οὐρανὸν
2970 5356 3256 5421 ἀνάϐασις.
3296 5359 3407 5412 Kal
3441 5360 3618 5429 ταῦτα
3646 5361 3730 5415 δι-

2043 5445 2257 5499 δάσκων
2283 5442 2427 5497 κατά
2455 5442 2639 5495 πᾶσαν
2666 5443 2823 5497 πόλιν
2865 5442 3033 5514 ἀπῄει
3054 5456 3080 5485 ι
3111 5444 3200 5498 διὰ
3250 5444 3361 5499 τῶν
3410 5447 3607 5514 λόγων,
3639 5449 3727 5505 διὰ

2041 5532 2150 5586 τῶν
2198 5532 2545 5604 πραγμάτων
2588 5532 2792 5586 αὐτῶν.
2821 5532 2933 5586 Kal
2983 5534 3119 5606 ὅπερ
3163 5535 3257 5587 ἐπὶ
3298 5535 3410 5589 τῶν
3454 5535 3729 5591 Ἰουδαίων

2044 5619 2264 5690 συνέϐη,
2294 5620 2383 5673 ὅτε
2412 5619 2505 5673 τὸν
2554 5620 2766 5675 Παῦλον
2806 5619 3065 5693 δήσαντες
3100 5625 3193 5676 καὶ
3239 5624 3321 5687 είς
3364 5622 3464 5694 τὴν
3503 5623 3731 5696 Ῥώμην

2043 5708 2457 5773 ἀποστείλαντες
2519 5708 2769 5779 ἐνόμιζον
2841 5710 2942 5780 μὲν
3004 5713 3098 5765 ἐπὶ
3152 5708 3383 5769 θάνατον
3437 5712 3684 5784 πέμπειν
3713 5756 3727 5779 ,

2046 5797 2297 5867 ἔπεμπον
2315 5797 2370 5851 δέ
2397 5800 2510 5861 τοῖς
2548 5800 2666 5852 ἐκεῖ
2698 5800 3043 5855 κατοικοῦσιν
3079 5800 3358 5868 Ἰουδαίοις
3382 5801 3727 5873 διδάσκαλον,

2112 5901 2137 5927 ⁸
2166 5897 2301 5949 Unus
2322 5912 2413 5949 ms.
2443 5899 2628 5961 Βρεὶυε
2652 5899 2801 5958 ἐπῄει.

3253 5970 3328 6031 12
