4246 6320
564 402 670 462 593

558 519 717 575 τοῦτο
763 518 872 593 δή.
903 519 1000 575 καὶ
1047 519 1138 572 ἐπὶ
1177 519 1432 586 ἰγνατίου
1477 522 1668 590 γέγονε
1717 518 1854 589 μετά
1896 518 2212 591 περιουσίας

559 613 726 672 τινός.
756 606 890 661 Οὐδέ
909 607 1023 680 ιγάρ
1062 607 1176 670 τοῖς
1211 607 1312 678 τὴν
1345 607 1565 680 Ῥώμην
1605 607 1812 662 οἰκοῦσι
1843 607 2046 680 μόνοις,
2076 606 2213 661 ἀλλά

561 696 656 750 καὶ
684 697 803 758 ταῖς
829 695 888 748 ἐν
921 692 998 764 τῷ
1033 695 1185 766 μέσῳ
1213 693 1495 766 κειμέναις
1527 695 1744 749 πόλεσιν
1785 694 2025 758 ἀπάσαις
2066 694 2213 748 διδά-

562 781 759 846 σκαλος
791 783 956 855 ἀπῄει
985 783 1304 854 θαυμάσιος,
1333 783 1535 838 πείθων
1565 785 1924 855 καταφρονεῖν
1950 785 2050 854 τῆς
2072 799 2213 852 παρ-

557 869 725 939 ούσης
751 869 919 940 ζωῆς,
951 869 1046 924 καὶ
1077 868 1244 941 μηδὲν
1270 869 1518 940 ἡγεῖσθαι
1540 869 1607 922 τὰ
1635 868 1964 940 βλεπόμενα,
1990 869 2214 924 καὶτῶν

561 955 863 1024 μελλόντων
909 957 1060 1029 ἐρᾷν,
1090 956 1185 1010 καὶ
1233 957 1370 1029 πρὸς
1415 956 1506 1010 τὸν
1554 955 1782 1027 οὐρανὸν
1834 955 2072 1027 βλέπειν,
2119 955 2212 1008 καὶ

559 1042 698 1112 πρὸς
747 1042 909 1113 μηδδν
953 1044 1062 1097 τῶν
1089 1046 1147 1096 ἐν
1177 1043 1257 1114 τῷ
1285 1042 1507 1114 παρόντι
1535 1042 1634 1113 βίῳ
1664 1041 1850 1096 δεινῶν
1891 1038 2211 1111 ἐπιστρέφε-

564 1128 707 1182 σθαι.
735 1129 916 1183 Ταῦτα
945 1129 1057 1201 7&9
1085 1131 1180 1183 καὶ
1204 1130 1271 1184 τά
1292 1129 1494 1184 τούτων
1514 1129 1742 1183 ’πλείονα
1770 1129 1858 1183 διά
1897 1128 2006 1182 τῶν
2036 1126 2211 1198 ἔργων

563 1217 760 1281 αὐτοὺς
784 1217 1051 1271 παιδεύων
1079 1218 1263 1282 ὥδευε,
1285 1217 1536 1288 καθάπερ
1563 1217 1713 1289 ήλιός
1740 1233 1823 1280 τις
1860 1213 1920 1280 ἐξ
1949 1213 2211 1283 ἀνατολῆς

564 1305 798 1374 ἀνίσχων
845 1307 941 1358 καὶ
989 1307 1126 1377 πρὸς
1158 1307 1256 1377 τὴν
1298 1305 1450 1358 δύσιν
1496 1304 1736 1375 τρέχωνο
1775 1302 1974 1373 μᾶλλον
2017 1301 2074 1353 δέ
2120 1301 2212 1353 καὶ

562 1392 752 1442 τούτου
801 1392 1184 1464 φαιδρότερος’
1234 1383 1388 1455 οὗτος
1425 1392 1522 1461 μὲν
1565 1391 1672 1461 γάρ
1721 1388 1928 1443 ἀνωθεν
1969 1387 2208 1459 ἔτρεχεν,

559 1479 813 1548 αἰσθητὸν
860 1479 1008 1547 ἄγων
1055 1479 1188 1549 φῶς,
1207 1479 1462 1546 Ἰγνάτιος
1496 1477 1551 1531 δέ
1599 1476 1843 1531 κάτωθεν
1877 1475 2208 1543 ἁντέλαμπε,

558 1567 747 1634 νοητὸν
785 1566 899 1634 φῶς
931 1565 1274 1628 διδασκαλίας
1327 1567 1450 1626 ταῖς
1489 1564 1696 1634 ¹ψυχαῖς
1737 1563 1928 1626 ἐνιείς·
1965 1563 2213 1622 κάκεῖνος

562 1655 662 1722 μὲν
706 1656 784 1716 εἰς
828 1652 896 1706 τά
939 1653 1037 1722 τῆς
1081 1652 1286 1715 δύσεως
1325 1651 1502 1706 ἀπιὼν
1559 1650 1699 1722 μέρη
1744 1649 2065 1720 κρύπτεται,
2119 1649 2214 1701 καὶ

560 1740 731 1794 νύκτα
771 1739 970 1802 εὐθέως
997 1741 1191 1808 ἐπάγει
1219 1756 1232 1770 ·
1268 1733 1420 1802 οὗτος
1445 1739 1502 1792 δὲ
1534 1739 1613 1801 εἰς
1645 1738 1714 1791 τά
1742 1739 1838 1808 τῆς
1866 1737 2068 1800 δύσεως
2107 1737 2213 1790 άπ-

559 1827 726 1879 ελθὼν
761 1827 899 1898 μέρη
925 1827 1272 1898 φαιδρότερον
1293 1826 1498 1878 ἐκεῖθεν
1532 1824 1790 1886 ἀνέτειλε.
1815 1824 2052 1887 καὶτοὺς
2073 1822 2212 1876 κατὰ

556 1915 654 1985 τὴν
688 1916 804 1969 ὁδὸν
834 1915 1076 1978 ἅπαντας
1119 1915 1485 1984 εὐεργετήσας
1527 1913 1595 1966 τὰ
1633 1913 1867 1983 μέγιστα
1891 1929 1904 1942 ο
1939 1912 2125 1982 ἐπειδὴ
2157 1913 2213 1966 δὲ

557 2004 656 2073 τῆς
691 2003 895 2066 πόλεως
929 2001 1120 2072 ἐπέϐη,
1153 2001 1409 2072 κάκείνην
1449 2002 1756 2071 φιλοσοφεῖν
1783 2001 2084 2054 ἐπαίδευσε.
2116 2001 2213 2053 Διά

559 2090 667 2159 γὰρ
696 2088 852 2142 τοῦτο
880 2090 975 2142 καὶ
1011 2091 1038 2142 0
1067 2088 1199 2152 Θεὸς
1233 2088 1609 2159 συνεχώρησεν
1638 2088 1755 2140 ἐκεῖ
1790 2087 1880 2140 τὸν
1912 2086 2026 2156 βίον
2053 2086 2213 2139 αὐτὸν

559 2177 878 2243 καταλῦσαι,
907 2177 1046 2231 ὥστε
1069 2177 1166 2248 τὴν
1199 2177 1384 2230 τούτου
1417 2176 1562 2249 [599]
1595 2175 1848 2246 τελευτήν
1875 2174 2214 2229 διδασκάλων

558 2266 807 2332 γενέσθαι
855 2265 1130 2329 εὐσεϐείας
1169 2267 1278 2327 τοῖς
1309 2264 1408 2335 τὴν
1438 2262 1942 2334 Ῥώμηνόἰκοῦσιν
1989 2261 2209 2317 ἀπασιν.

573 2350 760 2422 Ὑμεῖς
793 2352 894 2422 μὲν
921 2351 1028 2422 γάρ
1059 2353 1125 2421 τῇ
1165 2352 1257 2404 τοῦ
1308 2351 1443 2404 Θεοῦ
1491 2352 1672 2421 χάριτι
1709 2349 1963 2420 οὐδεμιᾶς
2003 2348 2213 2402 ἐδέεσθε

560 2439 743 2492 λοιπὸν
780 2439 1126 2502 ἀποδείξεως,
1150 2438 1508 2509 ἐρριζωμένοι
1538 2436 1681 2490 κατά
1717 2437 1815 2505 τὴν
1839 2435 2022 2488 πίστιν
2047 2451 2062 2466 ο
2086 2436 2136 2488 οἰ
2157 2435 2213 2490 δὲ

561 2529 658 2596 τὴν
692 2525 908 2596 Ῥώμην
937 2525 1236 2591 οἰκοῦντες,
1259 2525 1354 2578 ἅτε
1393 2524 1589 2594 πολλῆς
1622 2524 1743 2577 τότε
1771 2522 2024 2586 ἀσεϐείας
2049 2522 2216 2593 οῦσης

560 2616 693 2677 ἐκεῖ,
724 2614 966 2676 πλείονος
1006 2612 1236 2683 ἔχρῃζον
1277 2611 1546 2682 βοηθείας.
1577 2609 1678 2664 Διά
1709 2609 1866 2664 τοῦτο
1897 2611 1988 2663 καὶ
2014 2611 2214 2680 Πέτρος

560 2701 656 2753 καὶ
683 2699 887 2762 Παῦλος
914 2701 1008 2752 καὶ
1041 2701 1157 2769 μετ’
1178 2699 1416 2762 ἐκείνους
1443 2693 1593 2763 οὗτος
1637 2700 1754 2751 ἐκεῖ
1796 2699 1994 2762 πάντες
2021 2698 2214 2768 ἐτύθη-

564 2804 661 2840 σαν
682 2805 693 2818 ’
725 2787 880 2840 τοῦτο
911 2787 1008 2857 μὲν
1041 2787 1126 2838 ἵνα
1159 2787 1506 2857 μολυνθεῖσαν
1543 2786 1642 2856 τὴν
1677 2786 1832 2839 πόλιν
1868 2789 1980 2848 τοῖς
2005 2784 2110 2838 τῶν
2139 2787 2214 2839 εἰ-

561 2874 742 2926 δώλων
767 2875 980 2943 αἵμασι,
1011 2875 1124 2935 τοῖς
1157 2873 1376 2936 οἰκείοις
1410 2874 1634 2942 αἴμασιν
1660 2872 2027 2942 ἐκκαθάρωσι,
2057 2870 2216 2924 τοῦτο

561 2962 616 3012 δὲ
652 2962 735 3012 ἵνα
763 2960 860 3030 τῆς
891 2960 1237 3022 ἀναστάσεως
1263 2961 1354 3012 τοῦ
1399 2959 1796 3028 σταυρωθέντος
1846 2957 2082 3030 Χριστοῦ
2126 2958 2212 3016 διὰ

561 3047 667 3102 τῶν
697 3048 872 3118 ἔργων
902 3047 1289 3116 παράσχωνται
1327 3047 1424 3116 τὴν
1454 3044 1744 3110 ἀπόδειξιν,
1775 3047 2059 3109 πείσαντες
2088 3047 2213 3108 τοὺς

564 3136 659 3205 τὴν
690 3135 904 3204 Ῥώμην
939 3134 1217 3197 οἰκοῦντας
1251 3134 1324 3196 ὼς
1354 3133 1453 3185 οὑκ
1479 3133 1543 3186 ἀν
1569 3132 1706 3200 μετά
1731 3134 1995 3202 τοσαύτης
2025 3134 2215 3202 ἡδονῆς

563 3223 664 3291 τῆς
704 3223 982 3292 παρούσης
1012 3221 1420 3290 κατεφρόνησαν
1455 3219 1619 3289 ζωῆς,
1657 3221 1706 3272 εἰ
1738 3221 1812 3290 μὴ
1848 3221 2051 3290 σφόδρα
2079 3216 2216 3290 ἦσαν

564 3309 884 3370 πεπεικότες
913 3308 1156 3370 ἐαυτούς,
1191 3306 1272 3359 ὅτι
1310 3306 1444 3375 πρὸς
1480 3306 1567 3358 τὸν
1610 3307 2022 3376 ἐσταυρωμένον
2063 3306 2218 3376 ἔμελ-

565 3395 655 3450 λον
681 3395 988 3448 ἀναϐαίνειν
1022 3393 1246 3465 Ἰησοῦν,
1289 3395 1384 3447 καὶ
1413 3396 1470 3446 ἐν
1495 3396 1606 3456 τοῖς
1630 3395 1874 3465 οὐρανοῖς
1902 3394 2062 3445 αὑτὸν
2089 3394 2217 3462 ὅψε-

569 3483 712 3537 σθαι.
741 3480 986 3552 Μεγίστη
1019 3480 1130 3552 γὰρ
1155 3480 1319 3543 ὅντως
1349 3479 1697 3543 ἀναστάσεως
1726 3479 1994 3542 ἀπόδειξις
2033 3479 2092 3532 τὸ
2128 3481 2216 3534 τὸν

568 3571 842 3639 σφαγέντα
888 3569 1118 3641 Χριστὸν
1169 3567 1435 3638 τοσαύτην
1478 3567 1616 3638 μετά
1677 3567 1902 3620 θάνατον
1947 3567 2216 3628 ἐπιδείξα-

570 3657 693 3710 σθαι
731 3656 977 3724 δύναμιν,
1013 3656 1087 3717 ὼς
1125 3654 1250 3717 τοὺς
1280 3652 1485 3718 ζῶντας
1531 3651 1844 3724 ἀνθρώπους
1894 3655 2074 3705 πεῖσαι
2125 3653 2219 3704 καὶ

571 3743 842 3812 πατρίδος,
900 3742 994 3794 καὶ
1035 3741 1232 3804 οίκίας,
1285 3741 1375 3792 καὶ
1411 3740 1598 3808 φίλων,
1630 3740 1722 3792 καὶ
1771 3740 2074 3808 συγγενῶν,
2127 3739 2219 3792 καὶ

571 3833 734 3900 αὐτῆς
760 3830 1031 3900 ὑπεριδεῖν
1054 3828 1150 3897 τῆς
1171 3827 1314 3897 ζωῆς
1342 3827 1481 3897 ὑπὲρ
1503 3827 1598 3897 τῆς
1620 3829 1698 3889 εἰς
1727 3826 1887 3879 αὐτὸν
1909 3825 2217 3894 ὁμολογίας.

572 3919 663 3971 καὶ
697 3919 996 3986 μάστιγας,
1046 3915 1138 3967 καὶ
1171 3913 1482 3976 κινδύνους,
1525 3914 1631 3966 ⁸καί.
1669 3913 1897 3966 θάνατον
1939 3913 2058 3965 ἀντί
2111 3913 2220 3965 τῶν

572 4005 855 4075 παρόντων
883 4002 1054 4073 ἡδέων
1090 3999 1324 4054 ἐλέσθαι.
1349 3999 1536 4053 Ταῦτα
1561 4000 1669 4070 7&9
1695 4000 1814 4069 οὐχὶ
1838 3998 2032 4068 νεκροῦ
2057 4016 2218 4062 τινος,

572 4093 692 4145 οὐδὲ
716 4092 807 4142 ἐπὶ
845 4090 924 4160 τῷ
952 4088 1105 4157 τάφῳ
1145 4088 1443 4157 μείναντος,
1470 4085 1584 4138 ἀλλ’
1611 4087 1939 4148 ἀναστάντος
1966 4087 2059 4137 καί
2084 4085 2220 4149 ζῶν-

571 4197 662 4243 τος
691 4176 757 4251 ἦν
781 4177 846 4230 τά
882 4175 1300 4247 κατορθώματα.
1334 4173 1486 4226 Ἐπεὶ
1516 4173 1629 4236 πῶς
1649 4172 1847 4244 ἀνέχοι
1871 4173 2046 4241 λόγον,
2065 4173 2224 4243 ήνίκα

581 4269 672 4339 μὲν
696 4267 814 4336 ἔζη,
842 4267 968 4328 τοὺς
1004 4264 1258 4325 συνόντας
1304 4261 1452 4332 αὑτῷ
1503 4261 1710 4323 πάντας
1749 4260 2079 4322 ἀποστόλους
2117 4259 2224 4312 ἀπὸ

575 4355 665 4407 τοῦ
701 4355 865 4423 φόϐου
901 4351 1220 4422 γενομένους
1251 4349 1672 4419 ἀσθενεστέρους
1713 4348 2003 4417 προδοῦναι
2037 4346 2124 4399 τὸν
2150 4346 2226 4398 δι-

576 4441 862 4504 δάσκαλον,
892 4441 985 4493 καὶ
1015 4439 1312 4508 φεύγοντας
1336 4436 1610 4502 ἀπελθεῖν,
1641 4437 1828 4505 ἐπειδὴ
1859 4435 1914 4487 δέ
1946 4433 2227 4503 ἐτελεύτη-

580 4547 688 4594 σεν,
732 4529 805 4600 μὴ
841 4529 996 4598 μόνον
1020 4527 1222 4596 Πέτρον
1264 4527 1355 4578 καὶ
1391 4524 1598 4578 Παῦλον
1622 4563 1636 4588 ,
1668 4523 1800 4576 ἀλλά
1841 4523 1932 4576 καὶ
1971 4522 2226 4590 Ἰγνάτιον

579 4619 667 4669 τὸν
699 4616 819 4668 οὑδὲ
873 4615 1156 4685 ἑωρακότα
1211 4612 1394 4674 αὑτὸν,
1446 4611 1566 4663 οὐδέ
1604 4609 2012 4663 ἀπολελαυκότα
2061 4607 2223 4661 αὐτοῦ

579 4705 676 4773 τῆς
706 4703 988 4764 συνουσίας
1015 4700 1283 4769 τοσαύτην
1311 4699 1449 4768 ὑπὲρ
1482 4698 1645 4751 αὑτοῦ
1689 4698 1994 4768 προθυμίαν
2029 4695 2228 4750 ἐπιδείει

583 4776 796 4855 ξασθαι,
813 4789 885 4852 ὡς
908 4790 1001 4843 καί
1023 4788 1190 4858 αὐτὴν
1215 4787 1281 4839 δι’
1303 4785 1463 4839 αὐτὸν
1487 4784 1756 4840 ἐπιδοῦναι
1783 4784 1879 4857 τήν
1904 4783 2113 4854 ψυχήν;

653 4969 713 5014 ε’.
739 4959 831 5016 "lv’
847 4956 938 5013 οὖν
962 4959 1128 5013 ταῦτα
1150 4959 1293 5030 ἔργῳ
1312 4958 1552 5029 μάθωσιν
1571 4959 1618 5010 οἰ
1647 4957 1745 5028 τὴν
1775 4957 1956 5027 Ῥώμη
1972 4985 1991 5010 ν
2018 4959 2230 5012 οίκοῦν-

584 5067 674 5112 τες
702 5049 956 5110 ἅπαντες,
993 5047 1367 5117 συνεχώρησεν
1399 5048 1426 5097 0
1464 5044 1594 5108 Θεὸς
1620 5047 1737 5097 ἐκεῖ
1755 5045 2108 5114 τελειωθῆναι
2143 5048 2232 5101 τὸν

586 5138 756 5204 ἆγιον.
791 5137 898 5188 Καὶ
923 5137 1001 5188 ὅτι
1033 5135 1168 5203 αῦτη
1204 5135 1350 5186 ἐστὶν
1376 5134 1407 5202 ή
1439 5132 1604 5197 αἰτία,
1636 5133 1695 5195 ἐξ
1723 5132 1885 5184 αὐτοῦ
1907 5131 2000 5184 τοῦ
2031 5134 2231 5204 τρόπου

586 5226 683 5293 τῆς
714 5223 964 5292 τελευτῆς
997 5223 1152 5274 τοῦτο
1177 5220 1518 5288 πιστώσομαι
1553 5219 1600 5272 δ.
1636 5219 1708 5272 Οὐ
1749 5219 1855 5288 γὰρ
1903 5218 2008 5282 ἔξω
2045 5222 2235 5290 τειχῶν

647 5487 674 5516 ⁸
696 5487 842 5535 Savil.
865 5485 1004 5533 τοῦτο
1026 5486 1088 5533 δέ.

649 5548 677 5586 h
707 5549 838 5597 Unus
862 5547 982 5606 Reg.
1024 5545 1162 5593 τοῦτο
1202 5545 1341 5600 δεῖξαι
1363 5543 1664 5606 πειράσομαι,
1696 5549 1746 5592 el
1772 5546 1839 5592 sic
1859 5544 2008 5592 SaVil.
2036 5547 2086 5593 in
2109 5558 2238 5594 mar-

651 5559 677 5586 υ
708 5559 838 5597 unus
863 5559 982 5606 μεὶς.
1024 5563 1162 5593 τουτο
1202 5559 1341 5600 οειξαι
1363 5559 1664 5652 πεὶρασομαι,
1696 5559 1746 5592 ει
1772 5559 1839 5592 31c
1859 5559 2008 5592 bavu.
2036 5559 2086 5593 In
2109 5559 2238 5594 mar-

584 5606 720 5668 gine,
747 5615 894 5673 {1}un
915 5609 978 5655 ita
1001 5607 1186 5673 Iegissq
1206 5609 1397 5673 vigetpr
1419 5606 1432 5617 '
1458 5605 1564 5652 inus
1590 5607 2241 5673 et_interpres.vulgatm_[.a-

585 5665 718 5718 imae.
749 5665 916 5716 Mdrel.
943 5665 1132 5715 vero'et
1160 5669 1305 5717 Savil.
1334 5669 1382 5714 in
1425 5673 1558 5714 textu
1579 5665 1724 5727 τοῦτο
1764 5665 2084 5727 πιστώσομὶιι.
2131 5668 2240 5716 Mox

582 5745 670 5792 pro
693 5732 740 5778 ἐν
760 5728 1054 5792 ,δικαστηρίῳ
1074 5731 1335 5792 interpres,
1361 5729 1442 5789 qui
1467 5725 1629 5787 venit,
1655 5725 1705 5776 in
1727 5739 1939 5789 carcere,
1961 5725 2142 5790 legisse
2173 5731 2242 5777 Vi-

579 5790 726 5842 detur
752 5791 799 5839 ἐν
820 5790 1139 5852 δεσμωτηρίῳ.

1323 402 1381 461 S.
1418 403 1701 464 JOANNIS
1737 397 2220 461 CHRYSOSTOHI
2256 399 2571 460 ARCHIEP.
2610 402 3158 464 CONSTANTINOP.

3849 404 3956 463 590

2315 519 2373 571 ἐν
2401 518 2680 593 βαράθρῳ,
2719 521 2840 574 οὐδέ
2864 523 2922 576 ἐν
2941 523 3299 596 δικαστηρίῳ,
3325 523 3446 581 οὐδέ
3467 521 3526 580 ἐν
3546 524 3719 597 γωνία
3740 543 3845 580 τινι
3865 522 3962 598 τὴν

2314 607 2774 671 καταδικάζουσαν
2793 609 3009 676 ἐδέξατο
3028 611 3225 682 ψῆφον,
3246 613 3360 666 ἀλλ’
3381 615 3438 666 ἐν
3462 614 3611 684 μέσῳ
3632 613 3709 684 τῷ
3729 613 3962 684 θεάτρῳ.

2309 698 2408 766 τῆς
2440 694 2647 761 πόλεως
2671 696 2782 750 ἀνω
2809 696 3180 770 καθεζομένης
3221 700 3459 770 ἀπάσης.
3502 701 3592 753 τὸν
3626 699 3720 753 τοῦ
3753 717 3963 771 μαρτυ-

2313 783 2428 852 ρίου
2455 783 2657 854 τρόπον
2687 783 2966 854 ὑπέμεινε,
2997 785 3202 856 θηρίων
3223 774 3311 840 ἐπ’
3341 787 3504 842 αὑτὸν
3533 787 3862 855 ἀφεθέντων,
3895 787 3962 840 ῖν⁹

2312 867 2416 921 ὑπὸ
2445 871 2567 932 ταῖς
2589 869 2845 925 ἀπάντων
2886 870 3122 940 ϐψσσιτδ
3155 872 3421 943 τρόπαιον
3459 875 3662 945 στήσας
3695 873 3836 928 κατά
3866 872 3960 926 τοῦ

2310 955 2578 1024 διαϐόλου,
2625 959 2752 1022 τοὺς
2793 958 2996 1023 θεατάς
3025 960 3272 1024 ἃπαντας
3319 959 3570 1030 ζηλωτάς
3601 963 3808 1034 ποιήσῃ
3853 961 3962 1014 τῶν

2310 1043 2709 1115 ἀγωνισμάτων
2729 1045 2836 1100 τῶν
2862 1046 3081 1110 ἐαυτοῦ,
3113 1046 3212 1100 οὐκ
3246 1046 3606 1118 ἀποθνήσκων
3637 1048 3793 1118 μόνον
3820 1047 3964 1101 οὕτω

2310 1132 2591 1199 γενναίως,
2616 1133 2752 1187 ἀλλά
2778 1133 2870 1188 καὶ
2899 1133 3016 1204 μεθ’
3045 1133 3236 1204 ήδονῆς
3257 1133 3634 1205 ἀποθνήσκων.
3660 1137 3734 1189 Οὐ
3757 1138 3866 1206 γάρ
3889 1135 3965 1198 ὡς

2310 1219 2456 1290 ζωῆς
2481 1221 2925 1292 άπορῤήγνυσθαι
2953 1220 3182 1290 μέλλων,
3224 1219 3338 1274 ἀλλ’
3371 1221 3446 1284 ὼς
3474 1221 3566 1275 ἐπὶ
3588 1221 3732 1293 ζωὴν
3769 1223 3965 1276 καλού-

2314 1324 2472 1376 μενος
2504 1306 2696 1377 βελτίω
2746 1307 2840 1359 καί⁵
2890 1307 3430 1379 πνευματικωτέραν,
3485 1308 3658 1369 οὑτως
3710 1309 3965 1379 ἀσμένως

2312 1393 2457 1465 ἐώρα
2478 1394 2544 1447 τά
2566 1394 2748 1464 θηρία.
2780 1393 2950 1446 Πόθεν
2979 1392 3135 1446 τοῦτο
3161 1393 3356 1463 δῆλον;
3405 1394 3536 1448 Ἀπὸ
3560 1395 3667 1447 τῶν
3702 1398 3769 1465 ρη
3780 1396 3965 1465 μάτων

2309 1473 2383 1532 ὦν
2420 1479 2782 1550 ἀποθνήσκειν
2822 1479 3029 1550 μέλλων
3070 1479 3388 1549 ἐφθέγξατο.
3434 1480 3710 1544 Ἂκούσας
3743 1482 3853 1552 γὰρ
3884 1485 3967 1537 ὃτι

2310 1559 2464 1629 οὗτος
2492 1565 2652 1618 αὑτὸν
2695 1565 2792 1634 τῆς
2830 1565 3102 1637 τιμωρίας
3133 1568 3162 1619 0
3192 1566 3394 1636 τρόπος
3452 1568 3624 1638 μένει,
3669 1567 3817 1638 Ἐγὼ
3847 1570 3967 1622 τῶν

2313 1653 2529 1719 θηρίων
2571 1652 2821 1704 ἐκείνων
2877 1653 3158 1721 ὀναίμην,
3212 1653 3416 1721 ἔλεγεν.
3463 1654 3707 1708 Τοιοῦτοι
3759 1655 3871 1726 γὰρ
3915 1655 3964 1707 οἰ

2312 1739 2561 1808 ἐρῶντες·
2585 1739 2722 1808 ὅπερ
2747 1737 2815 1792 ἂν
2849 1737 3128 1809 πάσχωσιν
3176 1738 3316 1809 ὑπὲρ
3351 1739 3457 1792 τῶν
3485 1741 3800 1810 ἐρωμένων,
3844 1741 3966 1810 μεθ’

2313 1825 2504 1895 ἡδονῆς
2547 1824 2824 1894 δέχονται,
2869 1825 2964 1878 καὶ
3015 1825 3138 1876 τότε
3183 1823 3430 1879 δοκοῦσιν
3465 1826 3820 1898 ἐμφορεῖσθαι
3863 1828 3967 1896 τῆς

2315 1911 2626 1982 ἐπιθυμίας,
2653 1911 2781 1964 ὅταν
2804 1910 2981 1983 πολλῷ
3009 1910 3360 1983 χαλεπώτερα
3445 1913 3512 1966 τὰ
3534 1914 3807 1985 γινόμενα·
3826 1915 3967 1985 ὅπερ

2313 1995 2405 2052 οὖν
2422 2001 2512 2052 ιμιαί⁵
2538 1999 2630 2050 ἐπὶ
2647 1997 2835 2051 τούτου
2863 1997 3192 2052 συνέϐαινεν.
3213 2000 3287 2053 Οὐ
3307 2000 3414 2072 7&9
3435 1999 3511 2070 τῷ
3537 2001 3748 2071 θανάτῳ
3778 2001 3962 2071 μόνον,

2313 2087 2447 2141 ἀλλά
2479 2088 2573 2140 καὶ
2604 2089 2669 2158 τῇ
2697 2085 2976 2159 προθυμίᾳ
3004 2086 3241 2156 ζηλῶσαι
3288 2088 3412 2150 τοὺς
3452 2086 3604 2160 [600]
3637 2089 3967 2152 ἀποστόλους

2313 2173 2557 2228 ἔσπευδεο
2577 2176 2670 2229 καί
2690 2173 2904 2228 ἀκούων
2923 2175 3005 2227 ὅτι
3027 2173 3411 2244 μαστιχθέντες
3423 2176 3619 2228 ἐκεῖνοι
3639 2177 3775 2245 μετά
3791 2178 3969 2247 χαρᾶς

2313 2263 2641 2334 ἀνεχώρουν,
2678 2262 2939 2334 ἐϐουλήθη
2965 2261 3058 2315 καὶ
3095 2261 3256 2326 αὐτὸς
3295 2262 3370 2333 μὴ
3411 2264 3479 2333 τῇ
3510 2263 3732 2334 τελευτῇ
3771 2263 3965 2333 μόνον,

2315 2350 2450 2403 ἀλλά
2483 2351 2574 2403 καὶ
2597 2351 2660 2420 τῇ
2699 2350 2841 2420 χαρᾷ
2889 2347 3230 2419 μιμήσασθαι
3279 2349 3407 2412 τοὺς
3445 2348 3830 2412 διδασκάλουςο
3879 2349 3968 2404 διὰ

2314 2434 2490 2497 τοῦτο,
2529 2436 2650 2492 Τῶν
2674 2435 2914 2501 θηρίων,
2945 2433 3151 2502 ἔλεγεν,
3181 2434 3456 2502 ὀναίμην.
3489 2435 3598 2488 Καὶ
3624 2435 3803 2505 πολλῷ
3841 2435 3972 2488 τούο

2313 2539 2421 2577 των
2461 2521 2790 2593 ήμερώτερα
2846 2520 2916 2574 τά
2979 2521 3190 2592 τόματα
3241 2521 3486 2592 ἐνόμιζεν
3533 2518 3673 2575 εἰναι
3718 2522 3822 2592 τῆς
3870 2522 3969 2577 τοῦ

2313 2609 2572 2678 τυράννου
2602 2606 2876 2678 γλώττης,
2916 2607 3010 2661 καί
3044 2607 3186 2676 μάλα
3214 2607 3458 2670 εἰκότως·
3509 2609 3695 2678 ἐκείνη
3732 2608 3830 2678 μέν
3859 2608 3969 2680 γάρ

2315 2697 2450 2767 πρὸς
2476 2696 2575 2766 τὴν
2612 2695 2833 2763 γέενναν
2872 2695 3076 2756 ἐκάλει,
3104 2694 3171 2747 τά
3207 2693 3264 2747 δὲ
3319 2694 3520 2748 τούτων
3560 2695 3805 2765 στόματα
3831 2695 3972 2767 πρὸς

2317 2782 2593 2853 βασιλείαν
2629 2781 3014 2852 παρέπεμπεν.
3061 2781 3277 2852 Ἐπειδὴ
3318 2783 3497 2835 τοίνυν
3533 2783 3830 2835 κατέλυσεν
3855 2784 3975 2837 ἐκεῖ

2315 2871 2410 2941 τὴν
2441 2869 2604 2940 ζωὴν,
2645 2869 2842 2939 μᾶλλον
2875 2870 2931 2922 δὲ
2975 2869 3324 2942 ἐπειδηπρὸς
3355 2871 3449 2923 τὸν
3488 2870 3717 2942 οὐρανὸν
3760 2870 3928 2941 ἀνέϐη
3950 2907 3966 2933 ,

2317 2957 2538 3028 ἐπανῄει
2563 2957 2885 3027 στεφανίτης
2913 2957 3119 3009 λοιπόν.
3158 2941 3266 3010 Καὶ
3305 2957 3414 3027 γάρ
3444 2958 3539 3010 καί
3566 2956 3726 3010 τοῦτο
3750 2958 3848 3026 τῆς
3876 2957 3968 3010 τοῦ

2315 3055 2448 3108 Θεοῦ
2472 3055 2694 3122 γέγονεν
2723 3055 3060 3124 οἰκονομίας,
3108 3052 3169 3106 τὸ
3219 3055 3382 3108 πάλιν
3431 3054 3594 3108 αὐτὸν
3650 3055 3787 3125 πρὸς
3822 3055 3972 3122 ἡμᾶς

2317 3152 2701 3218 ἐπαναγαγεῖν,
2734 3151 2828 3202 καὶ
2882 3153 3003 3212 ταῖς
3035 3149 3219 3202 πόλεσι
3252 3150 3524 3220 διανεῖμαι
3551 3150 3640 3204 τὸν
3693 3152 3968 3221 μάρτυρα.

2329 3237 2540 3306 Ἐκείνη
2577 3237 2676 3307 μὲν
2711 3235 2818 3306 γὰρ
2846 3234 3010 3288 αὑτοῦ
3041 3235 3234 3299 στάζον
3281 3237 3340 3288 τὸ
3373 3230 3511 3306 αἷμα
3541 3236 3780 3306 ἐδέξατο,
3813 3239 3972 3306 ὑμεῖς

2315 3324 2371 3377 δέ
2399 3325 2477 3393 τῷ
2523 3324 2758 3393 λειψάνῳ
2790 3323 3104 3394 τετίμησθεο
3140 3322 3492 3393 ἀπηλαύσατε
3522 3325 3620 3393 τῆς
3667 3326 3973 3396 ἐπισκοπῆς

2318 3412 2496 3481 ὑμεῖς,
2525 3411 2843 3481 ἀπήλαυσαν
2869 3413 3062 3464 ἐκεῖνοι
3085 3410 3179 3463 τοῦ
3207 3411 3527 3481 μαρτυρίου’
3551 3407 3689 3465 εῐδον
3712 3413 3974 3480 ἀγωνιζό-

2321 3515 2478 3568 μενον
2529 3497 2633 3550 καί.
2661 3498 2896 3550 νικῶντα
2932 3498 3025 3550 καὶ
3076 3497 3505 3568 στεφανούμενον
3560 3501 3784 3564 ἐκεῖνοι,
3821 3500 3972 3569 ἔχετε

2315 3583 2574 3654 διηνεκῶς
2594 3583 2752 3636 αὑτὸν
2791 3584 2978 3654 ὑμεῖς·
3008 3584 3187 3651 ὀλίγον
3222 3584 3373 3654 ὑμῶν
3415 3584 3574 3638 αὐτὸν
3623 3587 3812 3655 χρόνον
3837 3587 3975 3638 ἀπέ-

2320 3695 2513 3750 στησεν
2538 3683 2566 3732 0
2611 3678 2765 3746 Θεὸς,
2781 3679 2873 3731 καὶ
2901 3679 3039 3748 μετά
3062 3678 3302 3742 πλείονος
3328 3680 3455 3750 ὑμῖν
3481 3681 3637 3750 δόξης
3665 3683 3827 3734 αὐτὸν
3849 3685 3973 3751 ἐχα-

2324 3767 2524 3835 ρίσατο.
2558 3766 2665 3818 Καὶ
2705 3765 2957 3835 καθάπερ
3007 3767 3056 3817 οἰ
3104 3765 3471 3836 δανειζόμενοι
3522 3769 3782 3838 χρήματα
3834 3770 3972 3838 μετά

2319 3854 2492 3906 τόκων
2521 3852 2857 3904 ἀποδιδόασιν
2893 3852 3034 3921 ἅπερ
3070 3851 3134 3904 ἂν
3174 3851 3431 3906 λάϐωσιν·
3459 3854 3600 3907 οὕτω
3647 3857 3740 3907 καὶ
3778 3858 3806 3908 ὁ
3839 3856 3972 3919 Θεὸς

2320 3940 2408 3992 τὸν
2431 3939 2608 4009 τίμιον
2635 3939 2821 3991 τοῦτον
2847 3938 3118 4009 θησαυρὸν
3146 3940 3277 4008 παρ’
3307 3939 3460 4010 ὑμῶν
3492 3940 3670 4008 ὀλίγον
3697 3945 3978 4013 χρησάμε-

2321 4043 2405 4088 νος
2430 4027 2640 4096 χρόνον,
2684 4026 2778 4077 καί
2803 4029 2867 4096 τῇ
2901 4026 3050 4078 πόλει
3096 4025 3276 4090 δείξας
3311 4027 3515 4100 ἐκείνῃ,
3550 4028 3688 4098 μετά
3730 4030 3976 4092 πλείονος

2323 4121 2449 4190 ὑμῖν
2480 4121 2640 4174 αὑτὸν
2668 4119 2974 4173 ἀποδέδωκε
3009 4120 3110 4189 τῆς
3146 4119 3550 4191 λαμπρότητος.
3599 4123 3976 4195 Ἐξεπέμψατε

2323 4208 2430 4279 γάρ
2454 4207 2875 4271 ἐπίσκοπον,καὶ
2903 4207 3154 4273 ἐδέξασθε
3185 4209 3458 4280 μάρτυρα·
3486 4209 3831 4280 ἐξεπέμψατε
3859 4217 3977 4281 μετ’

2325 4304 2519 4373 εὐχῶν,
2560 4303 2651 4356 καὶ
2675 4302 2923 4366 ἐδέξασθε
2953 4302 3089 4370 μετά
3122 4303 3422 4369 στεφάνων
3465 4304 3559 4356 καὶ
3587 4305 3684 4373 οὐχ
3738 4305 3896 4376 ὑμεῖς
3923 4307 3979 4360 δὲ

2329 4392 2503 4461 μόνον,
2531 4389 2666 4444 ἀλλά
2701 4389 2792 4442 καὶ
2827 4391 2998 4441 πᾶσαι
3025 4389 3079 4440 αἰ
3115 4390 3170 4440 ἐν
3203 4390 3351 4458 μέσῳ
3375 4390 3579 4453 πόλεις.
3610 4391 3732 4454 Πῶς
3756 4394 3865 4464 γὰρ
3893 4395 3982 4447 αὐ-

2324 4478 2420 4541 τάς
2440 4477 2612 4531 οἴεσθε
2633 4475 2934 4529 διακεῖσθαι
2956 4475 3166 4543 ὁρώσας
3189 4477 3596 4545 ἐπαναγόμενον
3614 4479 3674 4530 τὸ
3692 4479 3941 4547 λείψανον
3964 4499 3980 4544 ;

2327 4564 2494 4634 πόσην
2526 4560 2870 4632 καρποῦσθαι
2921 4561 3141 4632 ήδονήν;
3177 4561 3344 4614 πόσον
3373 4562 3742 4629 ἀγάλλεσθαι;
3783 4565 3981 4628 πόσαις

2326 4650 2627 4719 εὐφημίαις
2648 4647 2909 4700 πάντοθεν
2945 4647 3159 4716 βάλλειν
3195 4646 3285 4699 τὸν
3318 4649 3676 4720 στεφανίτην;
3712 4651 3983 4723 Καθάπερ

2328 4739 2434 4807 γὰρ
2456 4736 2692 4807 ἀθλητὴν
2719 4736 2960 4804 γενναῖον
2982 4734 3106 4796 τούς
3123 4734 3527 4801 ἀνταγωνιστάς
3550 4737 3984 4790 καταπαλαίσαν-

2326 4841 2390 4876 τα
2415 4825 2676 4886 ἅπαντας,
2703 4821 2796 4872 καὶ
2831 4819 2970 4891 μετά
2996 4820 3253 4890 λαμπρᾶς
3276 4820 3562 4886 ἐξελθόντα
3575 4821 3731 4892 δόξης
3762 4825 3868 4883 ἀπὸ
3890 4825 3983 4878 τοῦ

2330 4910 2666 4979 σκάμματος,
2702 4907 2902 4968 εὐθέως
2950 4906 3227 4977 δεχόμενοι
3254 4908 3302 4959 οἰ
3339 4906 3550 4970 θεαταὶ,
3582 4909 3687 4962 οὐδ’
3724 4911 3983 4981 ἐπιϐῆναι

2329 4998 2423 5067 τῆς
2450 4998 2554 5066 γῆς
2581 4996 2788 5064 ἀφίασι,
2831 4996 3066 5066 φοράδην
3095 4995 3396 5063 ἀπάγοντες
3419 4993 3621 5062 οἴκαδε,
3647 4999 3740 5051 καί
3773 5002 3986 5071 μυρίοις

2334 5084 2613 5154 βάλλοντες
2639 5082 2950 5150 ἐγκωμίοις·
2973 5082 3114 5136 οὑτω
3142 5082 3206 5150 δὴ
3233 5082 3325 5136 καί⁵
3346 5083 3436 5136 τὸν
3459 5083 3612 5151 ἅγιον
3640 5085 3758 5136 τότε
3782 5087 3988 5140 ἐκεῖνον

2333 5172 2438 5224 ἀπὸ
2469 5171 2568 5240 τῆς
2603 5167 2818 5238 Ῥώμης
2848 5169 2903 5221 αἱ
2937 5169 3118 5232 πόλεις
3165 5169 3288 5239 ἑξῆς
3320 5169 3716 5240 διαδεχόμεναι,
3770 5175 3863 5225 καί
3902 5176 3987 5228 ἐπ’

2333 5258 2496 5329 ὤμων
2529 5258 2788 5326 φέρουσαι
2826 5255 2985 5327 μέχρι
3007 5257 3104 5326 τῆς
3139 5257 3346 5320 πόλεως
3379 5259 3582 5328 ταύτης
3624 5261 3992 5332 παρέπεμπον

2336 5343 2774 5414 ἐγκωμιάζουσαι
2809 5342 2897 5394 τὸν
2934 5343 3280 5413 στεφανίτην,
3303 5346 3637 5414 ἀνυμνοῦσαι
3659 5348 3750 5400 τὸν
3783 5350 3994 5416 ἀγωνοο

2335 5432 2519 5503 θέτην,
2551 5431 2926 5498 καταγελῶσαι
2975 5431 3067 5483 τοῦ
3102 5432 3370 5495 διαϐόλου,
3416 5433 3494 5485 ὅτι
3537 5435 3617 5497 είς
3653 5435 3716 5488 τὸ
3753 5437 3999 5494 ἐναντίον

2337 5515 2482 5584 αὐτῷ
2519 5513 2854 5584 περιετράπη
2887 5513 2946 5564 τὸ
2997 5513 3257 5582 σόφισμα,
3296 5514 3387 5566 καί
3417 5516 3550 5586 ὅπερ
3600 5517 3819 5586 ἐνόμισε
3855 5524 3999 5576 κατὰ

2340 5601 2430 5654 τοῦ
2466 5602 2736 5670 μάρτυρος
2789 5603 2983 5662 ποιεῖν,
3036 5600 3194 5652 τοῦτο
3239 5599 3380 5671 ὑπὲρ
3423 5601 3588 5654 αὐτοῦ
3639 5604 3852 5672 γέγονε.
3891 5608 4000 5662 Καὶ

2339 5688 2459 5740 τότε
2491 5689 2588 5757 μὲν
2617 5692 2713 5750 τάς
2744 5687 2924 5748 πόλεις
2947 5687 3164 5749 ἁπάσας
3191 5687 3403 5750 ἐκείνας
3427 5687 3602 5758 ὢνησε
3627 5691 3721 5742 καὶ
3744 5691 4011 5762 άνὼρθω-

2347 5792 2455 5828 σεν·
2472 5776 2527 5840 ἐξ
2549 5775 2752 5829 ἐκείνου
2787 5774 2840 5828 δὲ
2871 5774 2964 5827 καὶ
2991 5775 3152 5845 μέχρι
3179 5774 3279 5843 τῆς
3301 5776 3581 5847 παρούσης
3603 5777 3703 5847 τὴν
3730 5777 4005 5848 ὑμετέραν
