4224 6302
155 385 253 444 593

153 696 260 746 rum
285 683 449 739 etiam
479 687 730 743 omnibus
758 690 810 744 in
836 695 948 746 toto
975 690 1068 746 illo
1102 691 1306 747 itineris
1338 695 1510 763 spatio
1533 693 1724 750 civita-

1295 396 1361 455 ΙΝ
1396 398 1456 457 S.
1497 397 1826 457 lCNAmll
1864 400 2269 461 MARNREI.

154 500 400 558 miserunt
429 513 813 577 pracepmem
839 523 854 564 :
876 507 956 564 sic
979 509 1140 565 etiam
1159 509 1419 566 abundius
1445 508 1498 566 in
1525 509 1737 582 lgnatio.

151 587 334 646 factum
357 602 466 650 est.
497 595 685 667 Neque
707 600 849 654 enim
873 599 1004 656 solis
1028 600 1212 656 Bonum
1237 601 1612 671 habitantibus,
1635 619 1730 658 ve-
1831 608 2009 664 ntissis
2054 618 2109 665 et
2157 613 2436 671 concitatis
2458 658 2475 685 ,
2529 587 2841 693 martyrium

3311 431 3414 485 594

1838 528 2048 572 sursum
2085 519 2399 579 considente
2421 533 2477 581 et
2502 535 2802 597 spectante,
2827 530 3013 593 bestiis
3037 536 3088 593 in
3117 541 3289 613 ipsum
3318 545 3415 598 im—

1831 639 2009 664 mmts
2054 639 2109 665 σι
2157 639 2475 685 ωιιυιιειιιυ,
2529 639 2841 693 martyrium
2889 639 3158 696 pertulit:
3208 642 3267 687 ιιι
3313 639 3415 691 sub

1831 699 2069 754 omnium
2089 702 2261 758 oculis
2283 703 2541 764 adversus
2565 708 2834 768 diabolum
2867 725 3126 788 tropaeum
3153 721 3409 793 erigeret,

152 772 282 827 tibus
306 774 605 847 interjectis
622 779 954 837 admirabilis
971 783 1224 855 magister
1242 785 1464 854 exstitit,
1491 801 1726 856 prmsen-
1829 799 2158 863 cunctosque
2181 806 2511 865 spectatores
2533 818 2760 862 suorum
2796 772 3146 869 certaminum
3173 772 3412 873 imitato-
3488 856 3493 861 -

152 872 250 919 tem
277 866 436 922 vitam
464 873 910 928 contemnendam
940 873 1158 942 docens,
1181 884 1234 932 et
1259 891 1320 932 ea
1345 893 1465 946 qum
1492 892 1723 934 cernun-

1828 894 1917 935 res
1945 878 2203 952 efﬁceret,
2231 901 2352 942 cum
2379 905 2484 946 non
2523 893 2684 951 modo
2711 895 2941 968 fortiter,
2966 903 3059 959 sed
3085 905 3246 962 etiam
3288 923 3408 965 cum

152 966 232 1012 tur
264 973 360 1029 pro
400 961 576 1017 nihilo
607 964 875 1030 ducenda,
919 966 1091 1022 futura
1133 978 1310 1024 autem
1351 969 1637 1042 diligenda,
1666 981 1724 1028 et
1829 967 2009 1026 laetitia
2057 987 2285 1034 mortem
2334 991 2646 1054 oppeteret,
2699 961 2945 1062 ferasque
2993 1009 3114 1051 cum
3137 961 3411 1071 voluptate
3471 1023 3476 1028 ·

149 1051 321 1107 oculos
347 1056 402 1108 tn
427 1055 622 1111 caelum
649 1057 930 1125 tollendos,
961 1061 1195 1132 nihilque
1221 1063 1362 1133 quod
1401 1063 1453 1120 in
1490 1063 1589 1120 hac
1612 1065 1719 1120 vita

151 1143 307 1210 possit
322 1145 595 1211 accidere,
617 1152 950 1217 quantumvis
969 1165 1149 1221 grave,
1172 1151 1557 1209 formidandum
1577 1169 1716 1210 esse.

148 1231 265 1290 Haec
281 1234 426 1292 enim
445 1245 505 1292 et
530 1237 615 1292 his
635 1239 784 1308 plura
809 1239 962 1297 factis
978 1242 1332 1313 comprobans
1351 1245 1451 1300 iter
1470 1243 1715 1312 faciebat,

145 1330 403 1392 tamquam
434 1326 518 1380 sol
547 1327 760 1397 quidam
784 1329 851 1386 ab
869 1332 1081 1387 oriente
1109 1332 1176 1388 ad
1201 1348 1448 1390 occasum
1473 1349 1713 1401 currens,

146 1413 244 1469 imo
269 1430 399 1471 vero
419 1417 538 1472 sole
566 1419 682 1488 ipso
707 1420 1039 1491 splendidior
1060 1424 1250 1478 multo.
1281 1424 1372 1481 Sol
1403 1427 1544 1482 enim
1566 1442 1598 1484 e
1621 1442 1714 1482 su-

146 1504 432 1572 perioribus
457 1509 698 1578 partibus
717 1511 984 1579 currebat,
1015 1514 1320 1571 sensibilem
1349 1517 1518 1572 oculis
1543 1516 1714 1574 lucem

143 1592 481 1663 impertiens;
529 1598 758 1669 lgnatius
791 1609 968 1657 autem
993 1602 1240 1658 deorsum
1266 1605 1597 1674 splendebat,
1627 1607 1715 1662 in-

143 1682 402 1753 telligibile
445 1685 705 1743 doctrinas
743 1687 924 1746 lumen
963 1691 1155 1747 animis
1191 1686 1473 1751 infundens
1501 1713 1516 1751 :
1542 1705 1598 1752 et
1627 1695 1717 1752 ille

141 1773 342 1843 quidem
373 1775 427 1831 in
458 1778 754 1834 occidentis
778 1789 955 1850 partes
979 1781 1309 1840 descendens
1333 1785 1676 1842 absconditur
1694 1828 1711 1855 ,

140 1879 198 1919 ac
224 1874 433 1921 noctem
457 1868 738 1924 confestim
763 1869 1013 1939 obducit;
1056 1873 1142 1930 hic
1182 1872 1361 1931 autem
1389 1875 1456 1931 ad
1494 1890 1718 1933 occasus

142 1963 305 2022 partes
325 1955 609 2025 accedens,
627 1960 950 2030 splendidius
972 1977 1024 2018 tn
1046 1963 1150 2020 illis
1164 1965 1350 2032 eluxit,
1377 1975 1433 2023 et
1451 1966 1518 2022 de
1542 1967 1715 2023 omni-

142 2044 230 2100 bus
256 2047 308 2102 in
335 2055 445 2103 tota
475 2048 564 2104 illa
593 2050 678 2106 via
707 2061 789 2108 est
812 2052 1012 2123 optime
1041 2057 1262 2112 meritus
1292 2072 1568 2139 :cumque
1603 2058 1714 2116 Ro-

141 2151 268 2192 mam
296 2141 648 2210 pervenisset,
678 2157 796 2199 eam
837 2145 1006 2216 ipsam
1046 2146 1232 2203 urbem
1266 2147 1448 2205 docuit
1476 2151 1713 2221 philoso-

141 2227 298 2298 phari.
325 2229 533 2290 Idcirco
550 2235 692 2290 enim
716 2235 856 2293 Deus
874 2237 1114 2308 permisit
1134 2239 1240 2296 illic
1259 2255 1382 2296 eum
1403 2241 1527 2297 vitae
1546 2241 1709 2298 ﬁnem

142 2321 366 2391 implere,
406 2334 464 2380 ut
494 2339 640 2381 mors
678 2327 795 2398 ejus
820 2329 1068 2384 omnibus
1101 2329 1325 2386 Romam
1353 2330 1710 2390 incolentibus

141 2414 335 2483 pietatis
373 2419 626 2488 magistra
667 2429 830 2476 esset.
869 2421 980 2478 Vos
1023 2424 1168 2479 enim
1218 2438 1314 2494 per
1350 2426 1573 2496 gratiam
1615 2426 1707 2482 Dei

141 2506 267 2562 nulla
286 2508 517 2579 amplius
539 2509 776 2580 egebatis
797 2512 1145 2582 institutione,
1166 2529 1289 2570 cum
1309 2516 1499 2572 essetis
1525 2515 1580 2571 in
1598 2514 1708 2574 'ﬂde

139 2596 342 2654 radicati
367 2609 425 2654 et
449 2598 653 2655 fundati
678 2617 691 2653 :
714 2609 768 2657 at
796 2602 872 2657 illi
897 2603 989 2674 qui
1015 2602 1200 2661 Roma
1220 2616 1348 2662 tunc
1375 2606 1702 2676 habitabant,

135 2703 243 2743 cum
268 2691 374 2746 illic
399 2707 591 2764 magna
628 2694 826 2764 vigeret
861 2695 1105 2766 impietas
1129 2736 1144 2761 ,
1177 2696 1378 2766 majore
1404 2699 1600 2753 auxilio
1625 2699 1708 2754 in-

136 2779 389 2851 digebant.
423 2783 552 2839 Ideo
573 2783 779 2851 Petrus,
807 2795 862 2841 et
885 2785 1100 2854 Paulus,
1118 2800 1172 2845 et
1192 2788 1420 2859 lgnatius
1442 2802 1558 2860 post
1587 2793 1704 2848 illos

136 2870 196 2924 ibi
225 2871 433 2928 fuerunt
458 2874 736 2941 immolati,
766 2884 877 2930 tum
902 2884 961 2933 ut
987 2877 1253 2932 civitatem
1281 2879 1421 2934 illam
1442 2879 1700 2936 idolorum

133 2963 395 3019 cruoribus
425 2965 680 3032 pollutam
722 2967 936 3037 proprio
969 2970 1226 3038 sanguine
1254 2981 1560 3041 purgarent,
1592 2980 1700 3027 tum

136 3063 184 3107 nt
205 3056 452 3125 operibus
481 3058 610 3127 ipsis
634 3059 1042 3115 resurrectionis
1078 3059 1206 3116 Jesu
1241 3059 1438 3117 Christi
1463 3064 1702 3119 cruciﬁxi

136 3145 477 3203 testimonium
503 3147 774 3216 aderrent,
807 3151 1235 3206 demonstrantes
1268 3153 1355 3218 iis,
1383 3151 1474 3223 qui
1516 3150 1699 3208 Roma:

135 3237 397 3308 degebant,
425 3256 486 3296 se
515 3252 832 3311 praesentem
875 3244 1036 3300 vitam
1081 3252 1227 3300 tanta
1265 3261 1386 3302 cum
1429 3247 1700 3319 voluptate

135 3343 402 3402 numquam
443 3333 608 3390 fuisse
644 3333 1009 3404 deSpecturos,
1039 3336 1140 3393 nisi
1185 3338 1284 3394 sibi
1323 3339 1544 3396 omnino
1579 3357 1700 3410 per-

133 3423 442 3491 suasissent,
474 3425 615 3496 quod
642 3425 708 3481 ad
739 3428 1050 3484 cruciﬁxum
1087 3429 1267 3486 Iesum
1297 3442 1478 3488 essent
1504 3449 1696 3489 ascen-

132 3517 249 3583 suri,
275 3518 554 3590 ipsumque
579 3519 633 3574 in
662 3520 808 3577 cadis
833 3522 1014 3577 visuri.
1042 3522 1155 3579 Hoc
1178 3525 1318 3579 enim
1347 3527 1698 3582 resurrectio-

133 3607 204 3660 nis
226 3619 591 3679 argumentum
611 3619 695 3667 est
719 3613 1029 3680 maximum,
1059 3615 1200 3685 quod
1230 3615 1476 3673 Christus
1507 3619 1697 3674 immo-

131 3694 252 3752 latus
280 3708 476 3753 tantam
521 3709 642 3770 post
682 3712 908 3757 mortem
952 3705 1236 3774 potentiam
1278 3708 1603 3776 ostenderet,
1637 3719 1694 3766 ut

129 3790 411 3847 viventibus
454 3793 760 3851 hominibus
801 3796 1166 3866 persuaderet,
1199 3815 1295 3869 pro
1337 3803 1419 3856 sui
1462 3804 1692 3858 nominis

128 3880 446 3940 confessione
472 3885 720 3955 patriam,
748 3895 804 3942 et
828 3887 1037 3956 domos,
1060 3898 1115 3946 et
1142 3893 1365 3958 amicos,
1392 3901 1445 3948 et
1468 3895 1690 3964 propin-

129 3987 264 4042 quos,
281 3985 333 4029 et
353 3976 515 4030 vitam
541 3977 710 4046 ipsam
738 3980 1124 4048 aspernandam
1150 3991 1204 4038 et
1223 3987 1686 4055 contemnendam,

128 4077 180 4116 ac
206 4064 318 4121 loco
356 4070 700 4137 praesentium
739 4071 1066 4142 voluptatum
1097 4082 1151 4129 et
1174 4074 1420 4143 verbera,
1447 4086 1503 4132 et
1544 4094 1689 4149 pert-

127 4154 250 4221 cnla,
276 4166 330 4212 et
358 4169 584 4214 mortem
610 4174 732 4215 esse
755 4161 1049 4218 subeunda.
1094 4163 1220 4220 Haec
1262 4167 1404 4223 enim
1446 4183 1550 4223 non
1592 4169 1687 4225 de—

127 4240 296 4312 functi,
329 4263 502 4317 neque
531 4249 584 4303 in
611 4251 858 4320 sepulcro
885 4251 1147 4324 degentis,
1183 4256 1274 4311 sed
1305 4258 1422 4327 ejus
1448 4259 1535 4329 qui
1566 4274 1688 4314 sur-

127 4334 332 4391 rexisset
370 4352 438 4392 ae
482 4338 719 4402 viveret,
751 4341 1002 4409 praeclara
1030 4353 1156 4398 sunt
1182 4359 1363 4415 opera.
1408 4345 1688 4415 Quomodo

127 4425 250 4478 enim
291 4436 440 4483 esset
479 4430 791 4495 verisimile,
836 4441 894 4485 ut
934 4447 1054 4488 cum
1102 4434 1216 4506 ipse
1252 4437 1472 4504 viveret,
1500 4454 1688 4497 omnes

126 4517 351 4584 apostoli,
378 4519 469 4589 qui
496 4534 616 4574 cum
639 4520 730 4576 illo
757 4524 953 4577 versati
984 4523 1212 4601 fuerant,
1241 4528 1432 4583 timore
1470 4541 1686 4587 conter-

126 4606 198 4658 riti
224 4607 353 4662 adeo
394 4608 592 4664 fuerint
633 4611 906 4680 imbecilli,
937 4623 994 4669 ut
1021 4627 1404 4688 praeceptorem
1435 4622 1687 4690 prodide-e

125 4695 235 4763 rint,
251 4709 302 4752 et
317 4697 619 4769 aufugerint
638 4719 650 4755 :
670 4711 1011 4775 posteaquam
1028 4717 1204 4762 autem
1222 4708 1502 4766 defunctus
1521 4724 1682 4782 esset,

125 4801 216 4842 non
241 4791 410 4845 solum
442 4790 654 4861 Petrus,
682 4803 735 4849 et
760 4795 974 4863 Paulus,
1006 4797 1100 4853 sed
1125 4801 1283 4854 etiam
1315 4801 1569 4872 lgnatins,
1594 4808 1685 4876 qui

124 4894 230 4935 eum
254 4898 356 4938 non
383 4885 610 4950 viderat,
633 4901 732 4956 nec
757 4887 862 4943 ulla
887 4903 1008 4944 euut
1038 4891 1152 4960 ipso
1175 4892 1685 4954 familiaritatecon-

124 4971 315 5038 junctus
363 4974 574 5043 fuerat,
617 4988 814 5035 tantam
868 4982 1097 5051 proillo
1136 4984 1299 5039 animi
1355 4987 1682 5046 alacritatem

123 5066 444 5134 ostenderet,
482 5078 542 5123 ut
585 5084 682 5139 pro
723 5086 790 5127 eo
818 5073 978 5128 vitam
1026 5074 1195 5144 ipsam
1224 5075 1546 5145 profundere
1573 5097 1680 5136 non

125 5158 406 5213 recusaret?

183 5249 232 5302 5.
259 5248 488 5321 Ignatius
511 5253 631 5324 feris
655 5253 896 5324 objecta.
923 5248 992 5297 4-
1036 5256 1107 5312 Ut
1132 5256 1290 5328 igitur
1309 5259 1382 5314 illi
1401 5300 1418 5326 ,
1449 5263 1536 5331 qui
1571 5263 1680 5317 Ro-

126 5353 248 5392 mam
276 5341 598 5409 incolebant,
622 5344 738 5399 haac
763 5359 882 5400 esse
909 5363 1033 5401 vera
1058 5364 1116 5403 re
1137 5351 1248 5419 ipsa
1274 5364 1676 5422 cognoscerent.

128 5429 343 5493 permisit
372 5431 515 5487 Deus
540 5442 782 5489 sanctum
805 5437 974 5491 virum
1001 5438 1108 5494 illic
1135 5451 1306 5496 morte
1334 5441 1494 5496 afﬁci.
1528 5444 1678 5512 Quod

126 5527 281 5575 autem
304 5521 416 5578 hac
445 5525 515 5578 sit
538 5540 699 5581 causa
717 5567 734 5594 ,
765 5543 832 5583 ex
880 5544 1076 5598 genere
1106 5533 1281 5607 ipsius
1309 5536 1495 5590 mortis
1520 5553 1682 5592 cnna-

127 5608 210 5664 bar
227 5614 524 5670 ostendere.
549 5616 730 5688 Neque
754 5620 897 5686 enim
928 5630 986 5676 ut
1031 5630 1179 5677 extra
1210 5640 1394 5681 muros
1429 5627 1480 5682 in
1521 5628 1679 5682 bara-

127 5697 247 5766 thro,
273 5714 361 5758 ant
387 5706 439 5759 in
459 5721 700 5775 carcere,
721 5711 881 5765 autin
907 5712 1101 5782 angulo
1120 5712 1300 5784 aliquo
1320 5716 1675 5788 occideretur,

129 5786 378 5852 damnatus
404 5806 511 5868 est;
528 5797 626 5856 sed
652 5799 705 5858 in
732 5799 909 5859 medio
928 5801 1416 5876 theatro,universa
1461 5786 1678 5871 civitate

1825 1071 2117 1164 spectaret,
2145 1083 2252 1125 non
2277 1073 2430 1148 quasi
2459 1088 2739 1147 raperetur
2772 1097 2805 1138 e
2829 1085 2938 1140 vita
2959 1127 2976 1155 ,
3019 1089 3114 1145 sed
3138 1098 3405 1164 tamquam

1823 1150 1891 1206 ad
1920 1153 2081 1212 vitam
2108 1158 2387 1219 meliorem
2409 1179 2471 1220 ac
2491 1172 2915 1237 praestantiorem
2939 1150 3239 1240 vocaretur.
3255 1150 3409 1242 finde
3434 1194 3437 1195 '

1824 1243 1926 1349 hoc
1955 1246 2015 1301 ﬁt
2036 1251 2414 1349 perspicuum?
2434 1257 2514 1314 Ex
2530 1261 2709 1320 verbis
2725 1307 2741 1332 ,
2764 1283 2883 1338 quae
2904 1273 3194 1331 moriturus
3221 1276 3406 1349 loque-

1822 1335 1995 1436 batur.
2027 1341 2158 1398 Cum
2179 1345 2320 1436 enim
2351 1347 2405 1404 id
2429 1366 2595 1422 genus
2622 1335 2866 1426 supplicii
2887 1359 2996 1436 'sihi
3023 1377 3146 1421 esse
3173 1335 3406 1423 subeun-

1819 1425 1946 1482 dum
1969 1429 2352 1504 intellexisset,
2379 1438 2514 1512 Ego,
2545 1425 2739 1514 inquit,
2759 1425 3000 1519 fet-isillis
3024 1451 3172 1522 fruar
3196 1456 3294 1528 (α).
3313 1458 3404 1515 Sic

1818 1521 1960 1575 enim
1985 1533 2178 1594 agunt,
2204 1528 2294 1598 qui
2321 1541 2535 1600 amant;
2553 1550 2674 1591 cum
2695 1553 2794 1609 pro
2814 1540 2878 1597 iis
2902 1543 2992 1614 qui
3014 1521 3282 1616 amantur,
3305 1551 3403 1606 ali-

1819 1612 1947 1682 quid
1983 1617 2292 1711 patiuntur,
2320 1623 2614 1692 gaudentes
2643 1630 2696 1686 id
2723 1612 2967 1705 faciunt,
3011 1646 3246 1711 tuncque
3269 1612 3397 1698 Vsihi

1817 1702 2064 1762 videntur
2113 1709 2309 1779 optatis
2355 1715 2587 1786 perfrui,
2642 1735 2762 1777 cum
2813 1740 2912 1795 ea,
2941 1702 3063 1798 quae
3090 1702 3397 1802 perferunt,

1817 1804 2117 1885 suntquam
2138 1804 2448 1871 gravissima
2475 1825 2490 1865 :
2517 1811 2657 1879 quod
2687 1814 2900 1885 quidem
2918 1818 2972 1872 in
2990 1818 3092 1876 hoc
3113 1822 3237 1878 item
3265 1839 3396 1881 con-

1816 1883 1952 1958 tigit.
1975 1890 2247 1962 Siquidem
2273 1912 2378 1954 non
2403 1912 2574 1959 morte
2604 1883 3000 1976 solum,_verum
3023 1917 3181 1973 etiam
3205 1920 3401 1978 alacri-

1816 1984 1927 2034 tate
1971 1981 2219 2040 studebat
2257 1991 2528 2058 apostolos
2554 1993 2780 2066 imitari;
2813 2010 2867 2073 et
2893 2004 3116 2063 audiens
3145 2012 3285 2080 quod
3317 2013 3394 2069 illi

1813 2068 2065 2176 flagellati
2091 2088 2214 2131 cum
2243 2079 2438 2150 gaudio
2477 2085 2624 2144 ibant
2643 2103 2674 2145 e
2695 2068 2984 2164 conspectu
3010 2068 3222 2159 concilii
3256 2103 3392 2176 (Act.

1812 2159 1866 2216 5.
1897 2163 2024 2235 41),
2048 2167 2216 2223 voluit
2246 2172 2405 2230 etiam
2433 2177 2550 2248 ipse
2579 2195 2685 2247 non
2710 2159 2883 2243 morte
2904 2188 3100 2257 solum,
3122 2194 3218 2250 sed
3234 2159 3393 2252 etiam

1812 2251 1991 2311 laetitia
2031 2261 2297 2332 magistris
2334 2280 2454 2324 esse
2475 2272 2664 2331 similis
2691 2293 2707 2331 :
2739 2277 2958 2349 idcirco,
2982 2251 3166 2351 Ferit,
3191 2287 3391 2360 inquit,

1811 2347 1975 2414 fruar.
1995 2349 2071 2406 Ac
2095 2354 2262 2411 multo
2280 2359 2493 2428 quidem
2515 2365 2724 2422 mitiora
2747 2347 3000 2430 censebat
3022 2390 3115 2432 ora
3135 2347 3389 2451 ferarum,

1810 2448 2208 2541 quam-tyranni
2230 2448 2462 2531 linguam
2494 2471 2508 2509 :
2541 2472 2640 2514 nec
2661 2459 2964 2534 immerito;
2988 2468 3248 2541 siquidem
3278 2448 3394 2532 lucc

1808 2529 1876 2632 ad
1901 2532 2201 2632 gehennam
2228 2543 2474 2613 vocabat,
2506 2547 2596 2606 illa
2638 2561 2818 2610 autem
2845 2555 2912 2613 ad
2949 2529 3173 2632 regnum
3205 2529 3388 2620 mitte;

1808 2622 1956 2679 bant.
1987 2625 2119 2684 Cum
2168 2632 2328 2703 igitur
2356 2636 2465 2693 illic
2511 2639 2674 2697 vitam
2714 2646 2982 2715 posuisset
3001 2622 3152 2716 ,vimo
3176 2671 3308 2711 vero
3336 2658 3388 2714 in

1807 2717 1994 2771 omium
2016 2719 2285 2790 profectus
2315 2738 2478 2798 esset,
2503 2747 2749 2791 reversus
2777 2748 2860 2794 est
2883 2739 3138 2817 deinceps
3157 2760 3388 2804 corona-

1809 2815 1914 2907 tus.
1944 2807 2154 2867 Etenim
2179 2814 2229 2869 id
2259 2831 2472 2890 quoque
2504 2821 2603 2879 fuit
2643 2825 2737 2882 Dei
2765 2807 3139 2904 benignitatis,
3169 2839 3259 2907 qui
3288 2856 3388 2896 eu-

1805 2897 1942 2952 ravit
1968 2908 2023 2954 ut
2048 2901 2094 2956 is
2118 2919 2303 2962 rursus
2327 2908 2392 2964 ad
2425 2926 2522 2968 nos
2547 2913 2779 2986 rediret,
2825 2929 2881 2976 et
2894 2897 3216 2983 civitatibus
3241 2945 3386 2985 mar-

1805 2995 1976 3058 tyrem
2019 2992 2327 3063 impartivit.
2358 2999 2524 3056 Roma
2565 3006 2705 3060 enim
2735 3009 3021 3067 stillantem
3066 3014 3231 3086 ipsius
3256 3031 3381 3074 san-

1801 3078 2012 3147 guinem
2035 3086 2276 3156 excepit,
2299 3105 2394 3145 vos
2422 3102 2600 3149 autem
2629 3097 2880 3168 reliquias
2898 3103 3014 3172 ejus
3033 3078 3382 3179 suscepistis:

1802 3181 1898 3223 vos
1931 3171 2071 3226 illius
2124 3178 2433 3250 episcopatu
2460 3185 2629 3255 gavisi
2678 3189 2841 3258 estis,
2869 3171 2944 3248 illi
2976 3171 3232 3270 martyrio
3258 3214 3384 3258 sunt

1801 3260 1962 3318 lzetati
2011 3282 2025 3320 :
2064 3277 2358 3328 certantem
2398 3275 2471 3331 illi
2518 3286 2575 3334 et
2615 3281 2914 3340 vincentem
2965 3301 3030 3344 ac
3067 3260 3381 3350 coronatum

1799 3367 2224 3427 conspexerunt,
2279 3378 2374 3420 vos
2416 3379 2672 3437 perpetuo
2717 3373 2866 3430 illum
2899 3379 3227 3446 possidetis:
3271 3386 3386 3441 exi-

1799 3458 1958 3514 guum
1983 3447 2048 3501 ad
2074 3456 2284 3521 tempus
2309 3469 2428 3510 eum
2460 3458 2612 3515 vobis
2630 3462 2831 3519 ademit
2861 3465 3031 3535 Deus,
3058 3472 3154 3528 sed
3181 3475 3383 3546 majore

1798 3548 1919 3589 cum
1968 3537 2136 3607 gloria
2187 3545 2448 3602 restituit.
2496 3547 2566 3604 Et
2604 3556 3053 3622 quemadmodum
3099 3537 3380 3633 pecuniam

1798 3638 2102 3685 mutuantes
2125 3647 2244 3688 cum
2273 3635 2478 3695 foenore
2505 3654 2567 3697 ea
2597 3643 2848 3712 reddunt,
2874 3664 2995 3720 quae
3022 3666 3377 3724 acceperunt:

1797 3719 1875 3772 sic
1891 3719 2049 3775 etiam
2080 3722 2222 3780 Deus
2251 3730 2542 3796 pretiosum
2591 3725 2730 3790 hunc
2775 3719 3085 3799 thesaurum
3112 3719 3381 3819 paulisper

1796 3812 2122 3884 suscipiens,
2157 3827 2215 3872 ut
2238 3822 2547 3879 ostenderet
2570 3825 2792 3898 Romae,
2823 3831 3027 3902 majore
3047 3812 3167 3893 cum
3209 3840 3376 3910 gloria
3416 3897 3418 3900 ,

1795 3902 1944 3959 illum
1969 3907 2119 3963 vobis
2139 3912 2339 3967 retulit.
2362 3913 2622 3973 Emisistis
2641 3919 2782 3975 enim
2812 3924 3142 3997 episcopum,
3160 3902 3380 3989 et'mar-

1796 4001 1964 4064 tyrem
2005 4000 2325 4069 recepistis:
2357 4006 2612 4062 emisistis
2647 4025 2768 4066 cum
2815 4016 3096 4088 precibus,
3151 4031 3206 4078 et
3253 4039 3374 4082 cum

1792 4092 2007 4144 coronis
2051 4095 2360 4164 suscepistis
2394 4115 2408 4152 :
2441 4115 2541 4155 nec
2565 4115 2692 4157 vero
2721 4119 2821 4162 vos
2861 4110 2992 4176 soli,
3025 4113 3120 4168 sed
3167 4127 3378 4174 cuncta:

1792 4192 1911 4246 quae
1959 4180 2255 4251 interiectae
2300 4197 2427 4242 sunt
2465 4191 2729 4250 civitates.
2767 4196 3060 4265 .Quomodo
3100 4205 3244 4262 enim
3282 4222 3376 4264 eas

1793 4268 2009 4326 affectas
2035 4274 2354 4333 existimatis
2373 4320 2388 4346 ,
2430 4295 2550 4336 cum
2575 4296 2873 4355 reportatas
2910 4293 3162 4364 reliquias
3188 4313 3377 4355 cerne-

1792 4375 1913 4420 rent
1935 4366 2135 4438 fquem
2166 4370 2453 4441 voluptatis
2481 4373 2711 4432 fructum
2737 4382 3040 4453 percipere,
3067 4399 3258 4457 quanta
3284 4392 3376 4447 la:-

1792 4456 1906 4511 titia
1926 4461 2124 4529 gestire
2147 4461 2170 4516 ?
2193 4479 2352 4534 quam
2397 4465 2587 4525 faustis
2627 4472 2861 4544 undique
2904 4456 3374 4541 acclamationibus

1791 4561 2106 4609 coronatum
2135 4557 2408 4615 celebrare
2436 4565 2460 4614 τ
2484 4561 2943 4630 Quemadmodum
2971 4574 3112 4629 enim
3143 4579 3372 4648 pugilem

1791 4658 2129 4716 generosum,
2154 4652 2242 4720 qui
2265 4668 2456 4710 omnes
2477 4653 2732 4712 devicerit
2759 4659 3097 4722 adversarios
3117 4707 3132 4733 ,
3160 4679 3375 4738 specta-

1793 4743 1935 4790 tores
1956 4751 1986 4792 e
2011 4752 2170 4794 cavea
2196 4757 2316 4797 cum
2340 4746 2528 4814 plausu
2546 4759 2932 4820 consurgentes
2954 4755 3234 4813 sublimem
3260 4770 3374 4816 sta-

1792 4827 1885 4880 tim
1914 4831 2214 4901 excipiunt,
2259 4851 2358 4892 nec
2399 4846 2598 4894 terram
2628 4842 2893 4914 attingere
2939 4848 3248 4919 patiuntur,
3279 4856 3372 4910 sed

1791 4917 2056 4974 sublatum
2087 4921 2558 4983 innumerabilibus
2585 4929 2828 4988 laudibus
2853 4946 3129 5006 ornantes,
3154 4917 3394 4998 domum.

1792 5022 2067 5080 reportant
2099 5032 2114 5070 :
2145 5017 2224 5072 sic
2249 5020 2428 5090 utique
2453 5030 2509 5076 et
2535 5034 2776 5080 sanctum
2813 5027 2961 5084 illum
2991 5045 3179 5089 omnes
3202 5051 3267 5091 ex
3290 5052 3378 5092 or-

1789 5100 1913 5156 dine
1941 5103 2184 5161 civitates
2204 5109 2272 5163 ab
2301 5110 2434 5166 urbe
2459 5113 2682 5170 relatum
2727 5119 3078 5188 suscipientes
3106 5123 3377 5181 humeris-

1788 5207 1893 5262 que
1929 5205 2231 5265 gestantes,
2280 5202 2615 5259 Antiochiam
2680 5222 2850 5279 usque
2895 5224 3020 5267 sunt
3065 5217 3372 5283 comitatae,

1789 5294 2075 5356 martyrem
2107 5301 2417 5347 coronatum
2446 5295 2810 5366 celebrantes,
2849 5302 3125 5362 laudantes
3166 5323 3374 5378 agonu-

1790 5374 1988 5430 thetam
2014 5419 2027 5441 ,
2056 5379 2321 5436 diabolum
2352 5383 2655 5444 deridentes
2679 5431 2692 5454 ,
2724 5393 2865 5462 quod
2905 5410 2936 5450 e
2981 5374 3251 5455 contrario
3293 5403 3370 5458 illi

1787 5468 2016 5523 versutia
2039 5475 2398 5543 successisset,
2429 5485 2484 5532 et
2510 5495 2628 5548 qute
2657 5482 2709 5535 in
2749 5495 3038 5558 martyrem
3065 5500 3368 5563 struxerat,

1789 5556 1916 5612 inse
1937 5560 2270 5617 recidissent.
2294 5565 2360 5619 Et
2383 5577 2506 5623 tunc
2530 5571 2742 5640 quidem
2773 5556 2978 5634 cunctis
3001 5581 3102 5638 illis
3139 5583 3370 5640 civitati-

1789 5645 1887 5701 bus
1913 5647 2107 5719 profuit
2158 5652 2582 5729 documentoque
2625 5661 2760 5733 fuit,
2816 5675 2869 5720 et
2915 5668 3181 5729 civitatem
3230 5673 3367 5730 hanc

1849 5823 1926 5888 (τι)
1960 5832 2069 5877 mne
2091 5828 2245 5879 verba
2267 5830 2320 5889 in,
2336 5837 2379 5883 s.
2407 5836 2576 5897 Ignatii
2600 5841 2819 5900 Mat-tyrio
2843 5840 3073 5903 leguntu-
