4246 6320
709 388 868 445 ’ωδ

770 511 938 567 usque
959 495 1013 554 ln
1039 507 1356 569 praesentem
1383 496 1526 554 diem
1549 498 1891 571 locupletavit
1907 518 1922 567 ;
1941 510 1996 556 et
2013 509 2069 556 ut
2083 500 2367 556 thesaurus

771 586 985 658 quidam
1014 598 1329 660 perpetuus,
1359 592 1450 662 qui
1480 591 1714 661 quotidie
1747 593 2075 661 exhauritur,
2104 603 2203 647 nec
2229 592 2364 647 deﬁ-

770 683 839 736 cit
863 726 877 749 ,
900 682 1077 736 cuncti
1104 682 1229 737 licet
1254 697 1318 738 ex
1348 699 1414 739 eo
1452 683 1744 752 ditescant,
1777 684 1854 740 sic
1881 685 2040 740 etiam
2068 685 2254 739 beatus
2280 683 2370 739 hic

774 773 1005 843 Ignatius
1050 783 1271 829 cunctos
1296 773 1361 829 ad
1406 789 1465 830 se
1507 775 1823 832 accedentes
1870 776 2364 842 benedictionibus,

773 865 962 920 ﬁducia
984 905 1002 931 ,
1033 875 1087 920 et
1112 878 1332 922 strenua
1355 867 1630 924 alacritate
1653 908 1670 934 ,
1718 882 2016 939 magnaque
2059 867 2368 924 fortitudine

774 958 962 1027 plenos
989 959 1214 1014 remittit
1239 959 1477 1015 domum.

845 1050 1154 1105 Sanctorum
1179 1063 1499 1107 monumenta
1517 1053 1800 1124 spiritantia
1818 1053 1998 1124 gratia:
2019 1052 2368 1121 plena.—lta-

770 1156 875 1211 que
895 1156 1000 1196 non
1025 1141 1181 1197 hodie
1203 1143 1538 1208 tantum,sed
1567 1143 1804 1212 quotidie
1833 1143 1900 1198 ad
1930 1144 2102 1214 ipsum
2129 1141 2371 1198 conﬁun-

773 1248 891 1287 mus
914 1274 929 1297 ,
952 1233 1258 1302 spirituales
1284 1251 1350 1290 cx
1375 1251 1441 1291 eo
1467 1236 1670 1292 fructus
1709 1236 2077 1307 decerpentes.
2118 1235 2370 1305 Quisquis

777 1329 920 1381 enim
943 1342 1064 1382 cum
1090 1328 1194 1383 ﬁde
1219 1328 1284 1383 ad
1307 1329 1454 1384 illum
1483 1330 1708 1398 accedit,
1733 1329 1938 1399 magnis
1962 1327 2190 1383 afﬁcitur
2209 1329 2374 1383 bene-

777 1417 909 1472 ficiis
940 1437 953 1472 :
982 1429 1289 1474 sanctorum
1318 1421 1461 1476 enim
1504 1436 1610 1475 non
1653 1419 1813 1474 modo
1839 1433 2064 1488 corpora
2084 1460 2100 1486 ,
2132 1417 2227 1473 sed
2272 1418 2371 1487 ipsi

777 1510 937 1566 loculi
967 1521 1022 1566 et
1050 1521 1396 1568 monumenta
1427 1514 1686 1583 spirituali
1713 1513 1882 1583 gratia
1932 1510 2178 1567 conferta
2227 1519 2368 1566 sunt.

774 1602 908 1658 Nam
937 1603 984 1658 si
1010 1605 1063 1659 in
1093 1605 1288 1661 Eliszno
1317 1605 1367 1660 id
1396 1606 1638 1676 contigit,
1677 1615 1734 1660 ut
1761 1604 2044 1659 defunctus
2061 1603 2372 1673 sepulcrum

773 1695 891 1764 ejus
912 1696 1178 1766 attingens
1221 1697 1408 1752 mortis
1437 1697 1646 1756 vincula
1678 1697 1987 1753 dissolverit
2012 1697 2090 1767 (4.
2125 1697 2252 1768 Reg.
2283 1697 2369 1751 15.

773 1786 890 1857 Si),
929 1795 986 1843 et
1024 1789 1091 1843 ad
1121 1788 1281 1842 vitam
1309 1803 1520 1845 rursum
1561 1789 1816 1855 redierit;
1849 1788 2020 1844 multo
2049 1788 2217 1858 magis
2271 1787 2374 1842 boc

782 1886 1041 1948 tempore,
1071 1894 1178 1949 quo
1205 1880 1372 1950 gratia
1408 1879 1645 1947 uberior,
1676 1878 1908 1949 Spiritus
1950 1877 2123 1948 major
2149 1886 2237 1933 est
2260 1878 2371 1943 vis;

775 1979 833 2025 nt
857 1970 902 2024 si
932 1985 1055 2024 cum
1085 1969 1191 2025 ﬁde
1240 1969 1434 2040 aliquis
1475 1984 1654 2024 arcam
1685 1969 1942 2040 attingat,
1972 1983 2219 2039 magnam
2250 1967 2375 2023 inde

775 2062 1029 2118 virtutem
1055 2063 1285 2118 hauriat.
1310 2062 1435 2118 Ideo
1463 2062 1714 2134 reliquias
1733 2072 2041 2117 sanctorum
2066 2061 2222 2117 nobis
2246 2075 2376 2116 con-

776 2154 938 2208 cessit
966 2153 1107 2208 Deus
1127 2195 1145 2220 ,
1174 2153 1365 2208 volens
1408 2169 1508 2209 nos
1555 2153 1622 2209 ad
1648 2152 1896 2208 eumdem
1926 2152 2101 2208 zelum
2131 2167 2229 2223 per
2256 2151 2375 2206 illos

776 2244 1076 2312 adducere,
1111 2254 1166 2301 et
1193 2246 1351 2302 nobis
1374 2246 1526 2316 quasi
1559 2254 1772 2316 portum
1803 2245 2042 2316 praebere
2079 2253 2134 2300 et
2163 2245 2373 2299 ﬁrmum

771 2335 1028 2390 solatium
1051 2337 1312 2391 malorum
1330 2351 1449 2406 quae
1478 2350 1575 2390 nos
1599 2335 1812 2391 assidue
1836 2335 2154 2404 corripiunt.
2178 2333 2376 2401 Quam-

779 2426 965 2482 obrem
996 2441 1090 2483 vos
1115 2441 1303 2482 omnes
1327 2425 1600 2492 cohortor,
1643 2424 1872 2493 fratres,
1904 2426 1950 2480 si
1976 2426 2096 2495 quis
2139 2432 2375 2479 vestrum

779 2516 1096 2588 aegritudine
1121 2517 1306 2584 animi,
1333 2517 1416 2572 vel
1444 2517 1682 2589 corporis
1708 2517 1916 2586 morbo,
1947 2517 2032 2572 vel
2060 2515 2248 2586 quavis
2273 2515 2373 2569 alia

785 2608 1086 2666 calamitate
1114 2617 1205 2664 aut
1225 2618 1567 2680 peccatorum
1589 2609 1728 2665 mole
1748 2609 2025 2680 premitur,
2056 2617 2115 2662 ut
2132 2623 2252 2662 cum
2273 2606 2377 2662 ﬁde

783 2703 888 2757 huc
905 2701 1156 2768 accedat;
1185 2711 1240 2758 et
1263 2703 1330 2757 ab
1352 2703 1457 2758 illis
1476 2703 1723 2759 omnibus
1739 2702 2015 2768 liberatus,
2035 2716 2226 2772 magna
2253 2715 2374 2755 cum

781 2791 962 2848 latitia
991 2801 1321 2863 revertetur,
1350 2801 1406 2850 et
1437 2803 1656 2866 aspectu
1683 2794 1799 2850 solo
1822 2793 2202 2850 conscientiam
2226 2799 2370 2848 tran-

1509 387 1570 444 S.
1607 385 1883 446 JOANNIS
1903 386 2376 447 CHRYSOS’I‘OMI
2416 385 2738 445 ARCHIEP.
2777 388 3306 446 CONSTANTINOP.

3961 271 4020 290 εἲς

3961 271 4020 296 κέπ-

3945 400 4053 459 596

2469 500 2771 569 quilliorem
2794 503 3104 572 reportabit.
3130 502 3267 570 Quin
3299 502 3462 558 etiam
3478 503 3692 574 expedit
3710 543 3727 570 ,
3757 510 3815 558 ut
3843 517 3948 557 non
3971 519 4060 558 so-

2469 591 2578 645 lum
2608 593 2676 657 ii,
2704 595 2795 664 qui
2810 595 3062 650 arumnis
3089 595 3263 651 affecti
3293 604 3440 660 sunt,
3463 594 3566 651 huc
3591 612 3709 652 sese
3734 595 4012 651 conferant
4038 635 4056 660 ,

2470 686 2563 740 sed
2593 685 2668 740 illi
2689 689 2848 741 etiam
2869 729 2884 754 ,
2915 690 3006 758 qui
3033 697 3088 743 et
3131 689 3292 743 animi
3318 698 3497 760 quiete
3516 731 3531 756 ,
3558 699 3609 744 et
3639 689 3805 760 gloria
3827 729 3848 754 ,
3881 697 3935 743 et
3963 703 4060 757 po-

2471 777 2634 830 tentia
2655 818 2669 843 ,
2693 787 2746 832 ct
2767 767 2956 848 magna
2977 779 3114 848 apud
3143 780 3308 833 Deum
3331 779 3518 834 ﬁducia
3542 779 3905 849 perfruuntur,
3925 778 4061 832 hanc

2473 867 2758 924 utilitatem
2805 884 2912 923 non
2954 869 3240 940 negligant.
3297 870 3397 938 Qui
3445 871 3584 925 enim
3632 871 3736 925 huc
3763 871 3970 925 accedit
4005 878 4062 923 et

2471 968 2716 1015 sanctum
2739 961 2917 1027 videt,
2943 963 3080 1017 bona
3106 961 3221 1017 haec
3240 961 3438 1017 efﬁciet
3456 962 3726 1016 stabiliora
3747 1004 3760 1026 ,
3786 971 3840 1016 et
3858 975 4063 1016 meme.

2472 1051 2551 1104 ria
2581 1061 2728 1107 recte
2773 1051 3036 1108 factorum
3067 1053 3184 1121 ejus
3209 1053 3441 1107 animum
3471 1067 3623 1107 suum
3655 1052 3842 1106 reddet
3871 1051 4059 1107 mode-

2473 1146 2729 1197 ratlorem
2751 1185 2766 1211 ,
2799 1158 2900 1198 nec
2922 1137 3303 1199 conscientiam
3341 1158 3493 1218 suam
3520 1143 3676 1197 bonis
3704 1143 3959 1212 operibus
3979 1141 4063 1197 ef-

2474 1235 2604 1290 ferri
2651 1245 2811 1306 atque
2849 1237 3211 1291 intumescere
3259 1222 3509 1306 patietur.
3562 1234 3676 1289 Non
3709 1234 3855 1304 parvi
3884 1244 4062 1289 autem

2473 1332 2728 1384 momenti
2773 1339 2853 1383 est
2873 1370 2890 1394 ,
2943 1343 3037 1384 eos
3061 1370 3075 1393 ,
3108 1327 3303 1398 quibus
3332 1343 3601 1398 prospera:
3628 1337 3784 1396 atque
3812 1325 4063 1381 secundas

2475 1438 2564 1478 res
2602 1421 2792 1486 ﬁuunt,
2838 1436 2931 1477 eas
2970 1421 3111 1476 ferre
3150 1421 3462 1485 moderate,
3485 1430 3539 1473 et
3566 1419 3830 1488 superbia:
3856 1427 4064 1472 tumore

2475 1531 2586 1570 non
2618 1515 2822 1570 extolli.
2850 1513 3000 1569 Utilis
3029 1513 3189 1583 igitur
3215 1511 3421 1567 cunctis
3449 1511 3532 1565 liie
3561 1510 3840 1564 thesaurus
3869 1517 3980 1573 est,
4010 1517 4064 1562 et

2476 1607 2738 1678 refugium
2781 1614 3172 1676 opportunum,
3215 1614 3321 1660 tam
3367 1605 3432 1659 iis
3460 1605 3549 1673 qui
3593 1603 3727 1672 lapsi
3771 1609 4061 1666 sunt,nta

2479 1699 2860 1756 tentationibus
2881 1699 3173 1753 liberentur
3192 1739 3207 1762 ,
3237 1711 3393 1765 quam
3416 1697 3479 1750 iis
3503 1695 3590 1764 qui
3621 1709 3874 1763 prospere
3901 1707 3966 1747 ac
3993 1692 4066 1747 fe-

2477 1791 2650 1846 liciter
2679 1789 2898 1859 degunt,
2925 1798 2985 1843 ut
3005 1788 3097 1842 diu
3125 1787 3368 1842 fruantur
3393 1786 3582 1850 bonis;
3615 1785 3718 1838 illis
3743 1783 3832 1854 qui
3867 1784 4065 1838 morbis

2478 1882 2762 1947 laborant,
2791 1889 2848 1935 ut
2873 1880 3069 1935 bonam
3109 1878 3462 1933 valetudinem
3500 1884 3929 1944 consequantur;
3964 1873 4065 1926 illis

2477 1974 2568 2043 qui
2595 1971 2874 2027 commoda
2902 1970 3136 2041 gaudent
3162 1951 3496 2032 valetudine,
3520 1981 3588 2020 ne
3616 1965 3670 2020 in
3700 1964 3946 2018 morbum
3974 1962 4068 2016 ali-

2477 2082 2637 2135 quem
2665 2067 2955 2119 incurrant.
2995 2063 3124 2131 Qnte
3169 2061 3383 2132 quidem
3412 2059 3590 2114 omnia
3627 2057 4064 2118 considerantes,

2482 2157 2627 2213 omni
2649 2157 2842 2228 gaudio
2866 2165 3024 2226 atque
3047 2153 3304 2223 voluptati
3320 2167 3528 2208 sacrum
3551 2151 3694 2205 hunc
3711 2149 3883 2204 locum
3910 2155 4064 2201 ante-

2479 2264 2739 2321 ponamus
2761 2289 2774 2312 ,
2809 2257 2865 2302 ut
2891 2247 3089 2302 laetitiae
3114 2253 3168 2300 et
3194 2245 3325 2300 lucri
3344 2252 3666 2307 consortes,
3698 2240 3805 2296 illic
3851 2247 4066 2294 sancto-

2481 2358 2598 2397 rum
2623 2340 3037 2396 contubernales
3081 2349 3134 2394 ct
3163 2339 3295 2393 socii
3324 2351 3445 2392 esse
3464 2335 3768 2398 valeamus,
3815 2330 4068 2401 precibus

2479 2433 2716 2502 ipsorum
2748 2441 3052 2485 sanctorum
3075 2473 3090 2497 ,
3116 2438 3170 2485 et
3192 2429 3358 2499 gratia
3391 2442 3454 2481 ac
3497 2425 3818 2494 benignitate
3860 2421 4068 2477 Domini

2481 2522 2650 2577 nostri
2677 2521 2806 2577 Jesu
2829 2521 3057 2587 Christi,
3090 2535 3210 2575 cum
3243 2533 3348 2589 quo
3376 2517 3518 2572 Patri
3547 2516 3713 2586 gloria
3733 2556 3749 2581 ,
3775 2523 4068 2583 sanctoque

2481 2613 2738 2684 Spiritui,
2770 2629 2911 2669 nunc
2949 2621 3003 2669 et
3029 2626 3274 2683 semper,
3321 2619 3374 2665 et
3420 2610 3472 2664 in
3501 2607 3694 2663 saecula
3724 2606 4066 2662 surculorum.

2481 2709 2673 2764 Amen.
