4246 6320
368 362 472 418 597
1371 346 1439 404 iN
1481 350 1539 406 S.
1581 345 2036 407 EUSTATHIUM

1970 346 2036 402 [Μ
2099 343 2626 403 ΔΝΤΙΟΟῘῙΕΝΗΜ.
3540 339 3647 395 598

376 446 3620 501 W‘-W

1223 609 1650 673 EPISCOPUM
1695 605 2280 680 ANTIOCHENUM,
2334 555 2773 666 ADMONITIO.

445 761 570 818 Haec
591 760 970 816 Theodoretus
1001 767 1057 813 et
1082 755 1449 828 Hieronymus
1473 773 1488 810 :
1519 762 1578 809 at
1607 769 1702 824 per
1731 752 1866 807 mihi
1897 749 2338 808 mirumvidetur
2369 750 2511 803 hanc
2537 758 2646 802 tam
2679 758 2920 803 atrocem
2956 747 3010 801 in
3029 745 3269 802 amicum
3293 752 3348 799 et
3373 740 3642 814 aequalem

378 869 541 911 Suum
573 852 889 922 episcopum
917 849 1152 906 oblatam
1181 846 1509 915 calumniam
1537 845 1608 900 ab
1648 843 1952 899 Athanasio
1985 842 2178 898 taceri.
2211 839 2290 896 Ex
2327 840 2612 896 Athanasii
2663 848 2812 895 certe
2851 839 3071 895 silentio
3095 837 3345 894 nonnihil
3389 835 3626 892 fortasse

373 954 636 1000 nascatur
663 951 853 999 contra
880 944 1021 999 hanc
1049 942 1333 998 historiam
1358 937 1710 1009 suspicionis,
1748 935 1970 1006 quando
2003 934 2351 1005 potissimum
2384 931 2663 988 cernimus
2691 932 2982 1002 plerosque
3014 931 3173 988 istius
3203 932 3305 986 aevi
3337 930 3634 999 scriptores

377 1035 608 1090 lilnnter
630 1033 825 1090 afferre
864 1033 1312 1090 muliercularum
1347 1029 1629 1096 historias,
1662 1043 1894 1100 quarum
1930 1026 2210 1083 nonnullae
2237 1024 2355 1096 pari
2394 1023 2710 1095 suspicione
2740 1023 3023 1090 laborant;
3054 1023 3235 1094 qualis
3269 1030 3354 1078 est
3378 1020 3466 1075 illa
3510 1034 3632 1073 mu-

367 1127 609 1186 liercula:
639 1127 694 1182 in
723 1124 943 1199 Synodo
960 1125 1123 1198 Tyria
1155 1123 1516 1180 Athanasium
1543 1121 1678 1177 illati
1705 1122 1877 1189 stupri
1903 1119 2237 1184 accusantis,
2262 1133 2424 1188 quam
2444 1116 2490 1171 si
2519 1132 2628 1171 non
2660 1127 2846 1187 aperte
2875 1115 3093 1182 falsam,
3120 1113 3418 1170 admodum
3444 1112 3639 1166 saltem

374 1227 688 1290 suspectam
712 1219 1052 1276 ostendimus
1073 1219 1126 1273 in
1163 1215 1744 1273 Animadversionibus
1779 1213 1845 1268 ad
1874 1214 2039 1267 vitam
2064 1219 2119 1266 et
2140 1209 2341 1280 scripta
2372 1207 2680 1263 Athanasii.
2708 1209 2887 1278 Auget
2929 1208 3019 1263 hic
3049 1207 3370 1278 scrupulum
3393 1205 3635 1276 Chryso-

378 1322 614 1380 stomus,
639 1313 732 1382 qui
772 1311 829 1366 in
868 1311 969 1366 hac
997 1309 1064 1366 de
1089 1308 1378 1365 Eustathio
1406 1308 1633 1363 homilia
1668 1320 1737 1360 ne
1775 1303 1881 1374 γρῦ
1909 1302 2132 1374 quidem
2163 1299 2343 1365 habet,
2380 1312 2492 1368 quo
2523 1298 2685 1353 talem
2711 1298 2953 1353 oblatam
2978 1296 3313 1354 calumniam
3346 1295 3428 1351 vel
3454 1305 3641 1365 aperte

372 1408 654 1463 denuntiet
683 1405 768 1462 vel
798 1405 1125 1461 subindicet.
1165 1404 1308 1470 Quid
1345 1404 1494 1475 quod
1526 1401 1781 1457 Socrates
1816 1411 2104 1470 postquam
2137 1395 2487 1452 Eustathium
2526 1392 2940 1451 Sabellianismi
2967 1393 3137 1450 causa
3165 1394 3478 1450 abdicatum
3510 1408 3642 1448 nar-

372 1501 537 1568 ravit,
562 1499 766 1569 adjicit,
809 1497 885 1562 ὡς
913 1498 1014 1568 μὲν
1048 1493 1141 1552 οὖν
1169 1497 1314 1561 τινές
1357 1513 1543 1565 φασιν,
1572 1494 1639 1548 δι’
1668 1493 1831 1557 ἄλλας
1861 1493 1961 1546 οὐκ
1989 1494 2049 1560 ἀπ

1989 1491 2200 1560 ἀγαθὰς
2242 1492 2441 1556 αἰτίας,
2488 1489 2749 1562 φανερῶς
2783 1490 2839 1544 δὲ
2867 1490 2970 1544 οὐκ
3017 1490 3294 1561 εἰρήκασι.
3336 1489 3391 1544 id
3435 1496 3539 1569 est,
3569 1487 3641 1544 Us

375 1608 494 1647 vero
515 1593 730 1660 quidam
757 1601 1003 1656 narrant,
1033 1592 1156 1646 aliis
1183 1592 1246 1646 de
1284 1593 1459 1646 causis
1489 1591 1664 1644 minus
1693 1589 1925 1643 honestis
1955 1588 2233 1644 abdicatus
2260 1597 2357 1654 est,
2393 1605 2526 1659 quas
2555 1599 2732 1641 tamen
2765 1601 2942 1656 aperte
2971 1601 3076 1639 non
3107 1585 3407 1656 proferunt.
3430 1583 3640 1651 Quibus

378 1687 564 1743 verbis
586 1686 764 1742 innuit
783 1702 897 1742 rem
931 1686 1074 1757 apud
1099 1700 1293 1742 omnes
1323 1701 1434 1741 non
1467 1695 1745 1750 constare,
1769 1699 1871 1739 nec
1906 1683 2224 1754 suspicione
2254 1697 2482 1738 vacuam
2517 1698 2663 1749 esse,
2704 1691 2765 1738 ut
2805 1698 2905 1738 nos
2938 1683 3069 1737 item
3102 1691 3381 1753 putamus.

453 1806 720 1863 Abdicato
760 1815 937 1863 autem
963 1807 1270 1872 Eustathio,
1310 1807 1602 1863 Eusebiani
1656 1813 1908 1860 auctores
1947 1804 2270 1876 imperatori
2306 1815 2434 1862 sunt
2476 1815 2535 1861 ut
2575 1807 2629 1859 in
2671 1805 2924 1860 exsilium
2975 1807 3212 1876 pellatur
3255 1808 3506 1863 antistes.
3555 1806 3630 1862 De

365 1899 546 1956 exsilii
582 1901 703 1955 loco
737 1915 847 1954 non
897 1915 1002 1955 una
1030 1908 1112 1955 est
1143 1901 1410 1956 sententia
1442 1919 1454 1954 :
1492 1899 1866 1955 Theodoretus
1887 1899 1940 1953 in
1979 1899 2269 1968 quamdam
2299 1897 2494 1971 illyrici
2537 1899 2726 1955 urbem
2757 1899 3058 1971 relegatum
3099 1908 3287 1953 narrat
3310 1878 3638 1970 {Hierony-

374 2011 500 2050 mus
533 2010 663 2050 vero
706 1993 1096 2065 Trajanopolin
1129 1995 1182 2050 in
1217 1995 1473 2062 Thracia,
1503 1995 1593 2054 cui
1627 1994 1990 2064 adstipulatur
2020 1995 2449 2067 Chrysostomus
2482 1993 2623 2048 infra
2670 2009 2824 2049 num.
2859 1994 2916 2060 2,
2954 1993 3043 2048 ubi
3076 1993 3153 2048 ait
3184 1993 3306 2062 ejus
3347 2007 3548 2061 corpus
3577 1992 3632 2046 in

374 2086 609 2142 Thracia
662 2087 932 2156 sepultum
967 2101 1110 2151 esse,
1154 2088 1299 2143 haud
1326 2088 1488 2142 dubie
1523 2087 1578 2141 in
1627 2087 1805 2143 exsilii
1839 2088 1977 2141 loco.
2007 2084 2195 2156 Neque
2236 2085 2675 2157 praetereundum
2707 2095 2820 2151 est,
2866 2085 2920 2140 in
2971 2084 3248 2140 Eustathii
3293 2085 3637 2144 abdicatione

367 2192 539 2239 totam
583 2164 730 2252 pene
758 2183 1027 2238 seditione
1054 2182 1423 2255 conﬂagrasse
1462 2183 1860 2239 Antiochenam
1897 2184 2206 2251 civitatem;
2244 2182 2472 2238 armatis
2501 2183 2648 2238 enim
2694 2182 2976 2251 utrimque
3006 2180 3277 2252 partibus,
3305 2179 3636 2253 adscitisque

369 2271 661 2336 militibus,
713 2272 897 2326 omnia
954 2281 1113 2327 erant
1156 2274 1224 2328 ad
1278 2290 1514 2345 pugnam
1559 2283 1614 2330 et
1666 2274 1993 2330 horrendam
2028 2274 2235 2330 cladem
2270 2284 2495 2345 parata,
2530 2282 2867 2344 ventumque
2906 2275 3100 2329 fuisset
3126 2273 3192 2328 ad
3244 2273 3473 2345 gladios,
3528 2272 3637 2328 nisi

362 2370 814 2441 supervenientes
857 2370 1206 2459 imperatoris
1236 2371 1428 2428 litterae
1462 2373 1673 2443 plebem
1706 2373 2192 2443 compescuissent.
2226 2370 2523 2450 Eusebiani
2558 2369 2850 2424 Eustatbio
2883 2368 3155 2423 Eulalium
3188 2368 3514 2439 subregant;
3541 2366 3633 2437 qui

364 2477 491 2518 cum
526 2464 722 2534 exiguo
759 2473 1002 2535 tempore
1039 2479 1317 2536 superstes
1348 2465 1564 2533 fuisset,
1591 2469 1710 2537 ejus
1752 2468 1874 2523 loco
1907 2467 2163 2538 deligitur
2190 2466 2462 2522 Eusebius
2494 2464 2809 2536 Pamphili,‘
2830 2479 2940 2535 quo
2973 2464 3268 2529 abnuente,
3295 2461 3632 2532 Euphronio.

363 2553 493 2610 item
531 2556 760 2623 Ariano,
809 2557 1117 2628 episcopale
1160 2573 1360 2616 munus
1406 2560 1675 2615 defertur.
1728 2562 1808 2615 Eo
1843 2569 2023 2614 autem
2053 2569 2176 2631 post
2210 2575 2414 2614 annum
2446 2567 2500 2613 et
2540 2559 2755 2629 aliquot
2787 2572 3006 2613 menses
3052 2556 3334 2625 defuncto,
3381 2556 3635 2628 deligitur

361 2647 640 2714 Flacillus,
675 2649 801 2703 item
835 2649 1096 2715 Arianus,
1134 2661 1187 2706 et
1216 2666 1328 2706 uno
1367 2652 1561 2707 avulso
1596 2667 1705 2707 non
1761 2652 1944 2706 delicit
1975 2652 2130 2707 alter.
2177 2651 2309 2718 Quae
2351 2665 2518 2706 causa
2569 2649 2675 2704 fuit
2722 2633 2958 2703 utmuiti
3004 2664 3128 2703 cum
3174 2649 3485 2718 populares,
3519 2657 3633 2702 tum

361 2744 572 2809 clerici,
614 2746 815 2816 quibus
858 2747 1049 2818 religio
1087 2745 1369 2802 Catholica
1401 2748 1550 2803 cordi
1582 2755 1721 2815 erat,
1755 2764 1785 2802 a
1837 2748 2076 2803 cmtibus
2114 2749 2445 2802 Arianorum
2476 2747 2873 2808 abhorrentes,
2914 2758 3164 2799 seorsum
3199 2742 3462 2796 collectas
3511 2758 3638 2811 age-

367 2843 510 2892 rent.
539 2833 602 2889 Hi
639 2851 702 2891 ex
743 2836 957 2892 ardenti
986 2853 1114 2910 erga
1163 2839 1510 2896 Eustathium
1561 2842 1742 2896 studio
1769 2855 2067 2910 amoreque
2109 2839 2456 2895 Eustathium
2497 2840 2756 2908 deinceps
2789 2837 3105 2892 audierunt.
3146 2832 3468 2904 Hujusmodi
3506 2849 3635 2888 vero

373 2929 838 2986 Antiochenorum
868 2933 1139 2988 discordia
1176 2935 1245 2990 ad
1274 2935 1544 3005 integrum
1577 2934 1744 2991 ferme
1774 2936 2035 2990 saeculum
2063 2943 2304 2989 extracta
2336 2934 2440 2988 fuit
2466 2951 2479 2988 :
2512 2933 2769 3004 quodque
2794 2933 3014 3001 gravius
3031 2929 3251 2993 accidit,
3282 2926 3433 2999 [603]
3469 2927 3633 2981 etiam

359 3019 629 3076 Catholici
660 3032 849 3092 postea
875 3023 1088 3080 discissi
1122 3033 1270 3092 sunt,
1308 3027 1383 3080 ita
1419 3035 1479 3081 ut
1509 3035 1619 3082 tres
1652 3027 1702 3080 in
1738 3035 1920 3098 partes
1949 3025 2253 3082 Christiani
2280 3025 2440 3079 divisi
2472 3033 2677 3088 essent,
2711 3022 3167 3077 Paulinianorum
3209 3033 3426 3087 nempe,
3469 3015 3633 3071 Meleo

361 3117 635 3172 tianorum
662 3125 715 3174 et
737 3119 1085 3176 Arianorum.
1119 3121 1227 3178 Sed
1260 3123 1362 3177 hac
1387 3122 1455 3178 de
1483 3138 1542 3178 re
1578 3123 1826 3193 pluribus
1859 3124 1912 3179 in
1950 3123 2157 3179 Monito
2183 3123 2250 3178 ad
2282 3120 2574 3176 Homiliam
2607 3120 2676 3174 de
2702 3120 3082 3174 Anathemate.

428 3233 722 3302 Caeterum,
748 3236 796 3292 si
825 3236 1170 3295 Theodoreto
1199 3240 1334 3298 fides
1358 3241 1459 3306 sit,
1483 3242 1759 3307 meretrix,
1792 3257 1913 3312 quae
1945 3239 2292 3298 Eustathium
2328 3239 2631 3305 accusavit,
2662 3252 2786 3293 cum
2820 3237 2873 3292 in
2906 3233 3296 3308 gravissimum
3328 3241 3383 3287 et
3408 3230 3625 3286 diutur-

359 3341 492 3381 num
533 3329 782 3385 morbum
809 3331 1110 3399 incidisset,
1137 3335 1468 3391 calumniam
1497 3335 1723 3401 detexit,
1753 3351 1816 3391 ac
1847 3350 2067 3392 scenam
2099 3344 2267 3390 totam
2315 3334 2531 3404 aperuit
2565 3352 2577 3386 :
2613 3347 2716 3387 nec
2747 3330 2963 3386 duobus
2996 3329 3261 3391 tribusve,
3297 3324 3391 3379 sed
3429 3335 3627 3394 quam-

360 3415 613 3483 plurimis
650 3419 1031 3479 sacerdotibus
1056 3425 1313 3483 indicavit
1341 3442 1427 3492 ea,
1454 3443 1575 3498 quae
1598 3428 1726 3482 dolo
1762 3427 1977 3482 fuerant
2009 3427 2357 3485 concinnata.
2387 3424 2526 3480 falsa
2554 3438 2612 3479 se
2640 3422 2892 3478 mercede
2919 3421 3247 3477 conductam
3279 3415 3626 3471 Eustathium

355 3507 412 3561 in
451 3510 658 3568 crimen
691 3530 936 3584 vocasse,
977 3532 1154 3590 neque
1201 3533 1260 3575 se
1294 3528 1477 3576 tamen
1517 3520 1660 3576 falso
1693 3521 1936 3592 juratam
1965 3536 1979 3574 :
2014 3535 2140 3574 nam
2174 3516 2496 3574 Eustathius
2523 3516 2747 3588 quidem
2788 3515 3016 3570 aerarius
3043 3513 3193 3567 faber
3218 3507 3444 3564 infantis
3473 3515 3625 3575 pater

353 3611 493 3656 crat.
529 3601 799 3661 Eustathii
824 3619 1006 3665 autem
1046 3612 1320 3669 abdicatio
1353 3612 1544 3669 incidit
1584 3614 1638 3669 in
1685 3628 1891 3672 annum
1926 3613 2144 3671 circiter
2163 3613 2291 3677 529,
2324 3613 2629 3682 imperante
2675 3608 3043 3664 Constantino
3089 3605 3304 3677 Magno.
3337 3600 3468 3672 Ejus
3497 3612 3615 3654 ine-

355 3692 528 3746 moria
559 3694 754 3749 colitur
780 3697 847 3749 l7
870 3696 1212 3757 Novembris.

430 3801 806 3878 interpretatio
834 3808 1029 3866 Latina
1060 3823 1143 3867 est
1166 3810 1462 3868 Frontonis
1488 3812 1692 3870 Durati.

365 3955 554 3975 ἡ

579 3965 2092 3991 _______________________

1554 4247 2406 4359 LAUDATIO

721 4423 941 4468 SANCTI
984 4427 1204 4490 ρηιιιε
1250 4435 1470 4482 NOSTRI
1499 4441 1836 4490 EUSTATHII
1882 4451 2246 4495 ANTIOCHIB
2290 4453 2398 4496 ΜΔ(

1624 4444 1836 4490 ΓΔΤΗΙῙ
1882 4451 2246 4495 ANTIOCHIB
2290 4453 2525 4496 KAGNJE
2569 4449 3047 4504 ABCBIBPISCOPI
3105 4432 3205 4510 (α).

419 4659 470 4712 Ι.
512 4659 639 4715 Ante
666 4673 874 4717 mortem
902 4683 1046 4722 nemo
1074 4671 1382 4741 laudandus,
1409 4677 1497 4729 sed
1542 4691 1654 4748 post
1693 4694 1922 4742 mortem.

341 4779 412 4789 —
442 4752 666 4847 Sapiens
688 4754 769 4810 vir
797 4757 1012 4826 quidam
1039 4771 1094 4815 et
1122 4763 1532 4842 philosOphandi
1566 4772 1767 4838 peritus
1787 4817 1803 4843 ,
1832 4778 1924 4847 qui

341 4855 524 4895 rerum
572 4843 923 4902 humanarum
969 4859 1212 4908 naturam
1252 4867 1500 4914 accurate
1542 4843 1928 4932 didiceram-et

340 4945 524 4986 earum
547 4933 884 5002 fragilitatem
916 4952 1168 5007 noverat.
1195 4945 1440 5018 nihilque
1468 4960 1675 5008 certum
1704 4965 1794 5011 aut
1819 4967 1926 5013 sta-

343 5023 447 5077 bile
475 5039 526 5076 m
560 5026 624 5080 iis
647 5041 788 5092 esse,
821 5045 1008 5086 omnes
1037 5038 1326 5103 generatim
1363 5038 1605 5097 homines
1631 5045 1882 5103 admonet
1906 5091 1922 5118 ,

342 5121 400 5211 ut
453 5124 576 5211 ante
605 5125 846 5211 mortem
896 5124 1164 5182 neminem
1194 5126 1410 5184 laudent
1445 5130 1633 5202 (-Eccli.
1669 5136 1753 5190 ll.
1788 5139 1855 5193 50
1880 5139 1922 5211 ).

346 5204 573 5271 Quando
604 5209 764 5278 igitur
790 5222 1031 5268 mortuus
1063 5225 1145 5270 est
1173 5218 1364 5274 beatus
1410 5222 1748 5291 Eustathius,
1779 5204 1924 5286 omni

341 5314 462 5352 cum
495 5300 682 5356 ﬁducia
710 5303 964 5375 deinceps
986 5322 1109 5362 eum
1131 5309 1373 5367 laudibus
1397 5313 1586 5371 ell‘erre
1619 5328 1922 5386 pessumus:

341 5395 386 5446 si
414 5395 556 5449 enim
584 5407 708 5453 ante
745 5411 967 5455 mortem
1013 5419 1172 5458 nemo
1204 5407 1495 5462 laudandus
1518 5421 1620 5476 est,
1645 5411 1783 5468 haud
1829 5416 1927 5471 du-

342 5485 508 5551 bium,
539 5489 661 5556 quin
690 5499 810 5559 post
838 5501 1063 5548 mortem
1095 5511 1303 5564 eorum,
1344 5501 1431 5568 qui
1461 5501 1602 5572 digni
1637 5515 1789 5573 sunt,
1813 5507 1926 5562 lau-

339 5573 487 5630 datio
511 5579 661 5648 culpa
681 5592 848 5636 vacet.
874 5583 1081 5653 Etenim
1112 5586 1265 5655 hujus
1292 5589 1412 5644 vitm
1434 5593 1762 5662 negotiorum
1785 5600 1925 5653 euri-

359 5707 670 5784 ..ερλωιιξεξ
683 5727 791 5765 cum
947 5720 1108 5783 Regiis
1140 5720 1261 5772 2343
1287 5730 1337 5774 et
1360 5723 1499 5774 2M7.
1527 5732 1577 5778 et
1600 5740 1707 5779 etun
1729 5729 1924 5784 Colber~

333 5772 442 5822 tino
463 5782 560 5822 uno
581 5771 690 5824 670.

2035 4703 2158 4760 pum
2204 4695 2583 4757 praeterveetus
2636 4695 2756 4752 est,
2788 4687 3014 4742 tumultu
3055 4686 3308 4743 ﬂuctuum
3367 4689 3624 4745 liberatus

2035 4789 2140 4845 est,
2170 4779 2235 4832 ad
2265 4778 2606 4848 tranquillum
2644 4787 2700 4832 et
2732 4779 2970 4848 quietum
3003 4789 3210 4848 portum
3261 4780 3493 4850 appulit,
3545 4782 3622 4834 iu-

2035 4870 2336 4926 certitudini
2368 4871 2665 4927 futurorum
2700 4887 2805 4926 non
2833 4873 3092 4942 subjacet,
3121 4889 3220 4928 nec
3248 4873 3508 4928 obnoxius
3540 4883 3622 4930 est

2036 4961 2357 5021 ruinze:sed
2409 4973 2678 5032 tamquam
2727 4964 2780 5018 in
2821 4979 2953 5034 rupe
3005 4964 3250 5036 quapiam
3301 4965 3623 5036 sublitniqnc

2034 5070 2175 5110 nunc
2218 5065 2365 5109 stans
2416 5055 2657 5124 sc0pulo,
2687 5055 2876 5110 ﬂuctus
2907 5071 3093 5110 omnes
3117 5057 3432 5112 contemnit.
3460 5056 3620 5113 Caret

2034 5147 2193 5215 igitur
2224 5148 2371 5208 οιηηί
2421 5148 2655 5216 periculo
2701 5150 3029 5218 przedicatio,
3080 5166 3250 5220 neque
3301 5150 3620 5220 reprehendi

2034 5247 2209 5306 potest
2237 5237 2505 5295 laudatio:
2543 5256 2646 5294 non
2676 5242 2817 5296 enim
2845 5242 2954 5311 jam
2989 5246 3330 5298 mutationem
3360 5244 3615 5298 reformi—

2033 5330 2152 5395 dat,
2184 5346 2355 5400 ueque
2385 5334 2590 5402 lapsum
2622 5335 2968 5402 pertimescit.
2999 5337 3126 5390 Nam
3149 5353 3244 5391 nos
3273 5338 3505 5404 quidem,
3530 5342 3622 5409 qui

2033 5422 2207 5477 adhuc
2229 5425 2453 5478 vivimus
2477 5467 2492 5492 ,
2527 5435 2581 5480 ut
2606 5427 2692 5495 qui
2722 5428 2898 5481 medio
2935 5429 2986 5482 in
3019 5431 3148 5482 mari
3176 5430 3449 5494 ﬂuctuant,
3477 5434 3614 5484 mul-

2035 5514 2101 5568 tis
2138 5529 2322 5568 sumns
2350 5517 2564 5571 obnoxii
2594 5519 3011 5584 mutationibus;
3055 5532 3107 5574 et
3135 5531 3188 5573 ut
3220 5521 3290 5574 illi
3320 5537 3461 5575 nunc
3494 5523 3617 5590 qui.

2033 5605 2154 5661 dem
2205 5605 2453 5662 ﬂuctibus
2482 5610 2957 5667 intumescentibus
3012 5612 3060 5664 in
3115 5613 3277 5675 altum
3317 5613 3573 5664 tolluntur
3601 5651 3614 5673 ,

2032 5709 2172 5750 nunc
2214 5700 2264 5749 in
2300 5699 2614 5766 profundum
2655 5701 2824 5769 ipsum
2872 5702 3242 5771 deprimuntur
3273 5719 3286 5765 ;
3315 5701 3406 5756 sed
3440 5717 3615 5770 neque

2031 5797 2140 5842 tuta
2172 5787 2457 5858 celsitudo,
2499 5806 2667 5862 neque
2713 5795 2914 5851 stabilis
2941 5803 3022 5850 est
3057 5794 3311 5866 dejectio,
3346 5794 3607 5866 siquidem
