4224 6302
631 287 736 343 699

632 400 825 458 borum
854 407 1132 470 utrumque
1157 396 1226 452 ab
1246 413 1397 467 aquis
1423 398 1707 454 ﬂuentibus
1737 397 2052 468 minimeque
2077 412 2209 452 con-

633 490 943 545 sistentibus
973 472 1170 557 pendet
1196 503 1211 541 :
1243 487 1322 543 sic
1348 487 1597 542 nimirum
1619 471 1752 542 etin
1789 487 1944 542 rebus
1970 487 2212 540 humanis

634 579 767 634 nihil
815 577 1024 635 ﬂrmum
1061 586 1118 632 et
1159 587 1409 631 conStans
1454 588 1574 643 εει,
1606 576 1700 631 sed
1741 575 2041 645 frequentes
2088 585 2214 629 sunt

635 670 974 733 mutationes,
993 682 1057 722 ac
1082 668 1189 722 levi
1211 675 1482 722 momento
1504 667 1653 720 ﬂunt.
1675 666 1769 719 llic
1791 664 2005 733 quidem
2031 664 2101 718 ob
2127 680 2212 719 res

635 757 896 814 secuitdas
929 758 982 812 in
1011 757 1172 810 altum
1206 755 1520 810 subvehitur
1541 795 1558 822 ,
1589 755 1676 810 ille
1713 768 1842 808 vero
1883 763 2100 824 propter
2125 769 2212 809 res

633 848 892 904 advorsas
953 847 1214 916 profunde
1266 845 1554 901 admodum
1601 845 1915 915 deprimitur
1961 860 1978 898 :
2025 860 2210 900 verum

637 955 736 996 nec
762 940 975 994 inﬂetur
997 939 1104 1005 ille,
1123 953 1224 994 nec
1242 940 1478 992 animum
1506 939 1606 992 iste
1621 935 1952 1006 despondeat
1982 955 1996 991 :
2017 936 2213 1006 quippe

638 1032 968 1089 celet-rimam
1022 1030 1215 1102 singuli
1260 1030 1604 1085 mutationem
1646 1036 1934 1083 sortientur
1962 1046 1975 1081 :
2005 1035 2065 1083 at
2104 1043 2210 1082 non

638 1124 728 1179 ille
752 1163 769 1191 ,
798 1123 891 1193 qui
932 1122 984 1176 in
1013 1111 1202 1176 exulum
1237 1120 1634 1191 commigravit,
1661 1129 1716 1176 et
1745 1119 1811 1174 ad
1861 1134 1984 1174 eum
2006 1160 2022 1184 ,
2053 1134 2210 1188 quem

634 1213 1011 1280 desiderabat,
1037 1213 1219 1269 Jesum
1246 1212 1509 1284 profectus
1535 1221 1617 1267 est
1641 1253 1658 1278 ,
1681 1213 1771 1282 qui
1796 1211 1863 1266 ad
1886 1213 2058 1266 locum
2089 1226 2210 1281 per-

633 1304 783 1360 venit
805 1306 1079 1360 turbarum
1100 1313 1374 1373 expertem
1403 1320 1419 1358 :
1454 1303 1596 1358 unde
1619 1301 1780 1356 dolor‘
1794 1311 1850 1358 et
1870 1301 2126 1370 :egritudo
2148 1315 2213 1355 ac

633 1395 864 1465 gemitus
891 1395 1062 1450 abest.
1100 1394 1217 1450 Non
1259 1393 1377 1448 illic.
1412 1392 1718 1448 mutationis
1747 1401 1829 1447 est
1868 1392 2042 1461 imago
2067 1432 2082 1456 ,
2105 1406 2210 1446 non

639 1485 1019 1541 vicissitudinis
1058 1485 1390 1540 obumbratio
1411 1525 1427 1552 ,
1458 1483 1555 1539 sed
1582 1484 1762 1539 omnia
1791 1483 1894 1538 lixa
1929 1491 1986 1538 et
2022 1481 2213 1537 immo-

640 1577 764 1632 bilia
791 1619 806 1645 ,
832 1576 1008 1632 omnia
1036 1575 1182 1630 ﬂrma
1217 1585 1272 1631 et
1300 1574 1530 1630 stabilita
1555 1616 1571 1642 ,
1599 1574 1778 1629 omnia
1827 1574 2128 1642 incorrupta
2159 1580 2216 1626 et

642 1667 958 1720 immortalia
987 1709 1000 1732 ,
1046 1667 1224 1721 omnia
1274 1665 1522 1720 interitus
1574 1665 1813 1734 expertia
1868 1673 1918 1718 et
1970 1671 2210 1718 aeterna:

641 1758 874 1823 idcirco,
923 1757 1128 1827 inquit,
1180 1756 1312 1811 Ante
1361 1765 1568 1809 mortem
1607 1771 1670 1809 ne
1710 1770 2005 1824 quemquam
2039 1753 2215 1808 laudes

639 1846 860 1920 (Eccli'J
875 1847 924 1901 Ι.
945 1846 1030 1919 10)
1041 1846 1449 1913 .Quamobrcm?
1469 1845 1726 1900 Futurum
1745 1846 1938 1916 quippe
1955 1845 2214 1900 incertum

642 1948 759 2001 est,
790 1947 845 1993 et
873 1938 1148 1993 imbecillis
1187 1947 1414 2002 natura;
1447 1937 1692 1992 voluntas
1740 1942 1918 2007 segnis
1939 1980 1953 2002 ,
1986 1946 2041 1993 et
2091 1953 2217 2008 pro-

643 2046 769 2087 num
794 2030 861 2085 ad
888 2045 985 2086 nos
1005 2029 1325 2086 obsidendos
1351 2039 1622 2100 peccatum
1644 2045 1658 2094 ;
1683 2030 1832 2084 multi
1859 2039 1982 2084 sunt
2006 2030 2214 2100 laquei:

647 2119 788 2175 Scito
828 2121 981 2184 enim,
1008 2120 1215 2190 inquit,
1245 2121 1483 2189 quoniam
1509 2120 1561 2173 in
1591 2119 1753 2174 medio
1783 2120 2074 2190 laqueorum
2104 2138 2217 2192 per-

647 2210 830 2265 transis
871 2209 1060 2275 (Ercli.
1099 2215 1153 2271 9.
1183 2210 1318 2281 20):
1374 2210 1641 2265 continuas
1682 2220 1806 2265 sunt
1852 2212 2171 2266 tentationes
2198 2253 2215 2278 ,

645 2302 812 2358 multa
858 2302 1012 2357 turba
1059 2303 1430 2373 negotiorum,
1473 2312 1583 2357 tum
1637 2301 1940 2357 daemonum
1983 2318 2219 2372 perenne

646 2392 867 2459 bellum,
886 2401 942 2447 et
965 2391 1160 2447 assidui
1188 2393 1642 2462 perturbationum
1665 2393 1912 2447 insultus.
1931 2392 2220 2463 Propterea

647 2485 776 2538 Ante
801 2492 1028 2548 mortem,
1056 2483 1255 2554 inquit,
1283 2499 1346 2538 ne
1370 2499 1668 2554 quemquam
1695 2483 1868 2538 laudes
1889 2499 1911 2538 :
1931 2498 2060 2553 ergo
2102 2494 2221 2553 post

648 2581 874 2627 mortem
904 2582 1072 2627 tutum
1124 2584 1206 2628 est
1249 2572 1463 2629 laudare
1509 2573 1768 2644 dignum;
1797 2574 1880 2628 vel
1908 2574 2082 2644 potius
2113 2589 2219 2628 non

648 2663 965 2732 simpliciter
1021 2671 1142 2732 post
1183 2672 1446 2730 mortem,
1488 2664 1584 2719 sed
1635 2673 1754 2734 post
1800 2674 2026 2719 mortem
2074 2663 2217 2733 ejus-

649 2751 816 2818 modi,
835 2751 1046 2822 quando
1071 2769 1191 2808 cum
1220 2768 1418 2809 corona
1439 2769 1472 2810 ο
1495 2754 1607 2807 vita
1626 2754 1888 2824 quispiam
1908 2753 2218 2822 excesserit,

651 2842 866 2911 quando
885 2857 1003 2898 cum
1021 2843 1354 2899 confessione
1374 2852 1429 2899 et
1444 2842 1548 2900 ﬂde
1573 2859 1680 2899 non
1697 2845 1898 2899 lleta.Si
1917 2843 2062 2898 enim
2083 2859 2222 2914 quo-

647 2934 729 2989 vis
756 2935 914 2989 modo
935 2946 1174 2991 mortuos
1205 2935 1422 2990 laudare
1447 2936 1566 3006 quis
1592 2943 1805 3006 potest,
1831 2943 2032 3006 quanto
2057 2934 2223 3005 magis

652 3042 748 3084 eos
773 3029 861 3098 qui
887 3029 965 3083 sic
992 3027 1189 3084 fuerint
1210 3027 1441 3083 mortui?

752 3119 1018 3174 Salomoni
1067 3118 1369 3175 credendum
1422 3119 1606 3174 divitiis
1647 3119 1943 3175 detrahenti.
1975 3149 2046 3161 —
2097 3118 2228 3187 Quis

650 3217 828 3265 autem
856 3225 950 3265 eos
981 3208 1248 3277 laudavit,
1279 3208 1421 3266 dicet
1459 3210 1651 3281 aliquis
1673 3251 1687 3274 ,
1715 3211 1803 3281 qui
1833 3212 2023 3281 quovis
2063 3211 2226 3266 modo

651 3309 780 3357 sunt
828 3299 1066 3356 mortui?
1116 3300 1364 3356 Salomon
1422 3300 1526 3370 ille,
1583 3301 1835 3357 Salomon
1898 3302 2229 3372 sapientissi-

653 3408 771 3449 mus
809 3409 824 3446 :
862 3408 971 3448 non
1019 3393 1163 3448 enim
1206 3393 1394 3448 leviter
1440 3393 1711 3449 heminem
1767 3404 2086 3464 praetereas,
2131 3395 2228 3451 sed

653 3484 775 3551 quis
819 3494 963 3538 esset
1009 3483 1317 3554 perpende,
1347 3493 1537 3553 etquo
1584 3493 1740 3553 pacto
1770 3485 1992 3550 vixerit,
2034 3492 2230 3556 quanta

653 3590 776 3629 cum
805 3577 1092 3647 securitate
1118 3591 1182 3630 ac
1205 3576 1475 3645 voluptate
1510 3575 1727 3631 mollem
1770 3585 1824 3631 et
1867 3592 2228 3632 aerumnarum

654 3675 929 3735 expertem
956 3667 1117 3720 vitam
1150 3666 1461 3721 traduxerit.
1507 3665 1640 3721 Nam
1682 3681 1850 3738 genus
1894 3681 2054 3722 omne
2093 3665 2230 3721 deli-

654 3755 858 3810 ciarum
907 3757 1209 3825 percurrit,
1246 3763 1301 3811 et
1324 3755 1649 3826 multiplices
1694 3757 2046 3812 recreationis
2072 3755 2230 3810 animi

657 3844 846 3900 modos
869 3847 1222 3916 excogitavit,
1251 3848 1424 3901 varias
1447 3855 1610 3916 angue
1636 3848 1874 3902 diversas
1919 3847 2234 3903 oblectatio-

658 3943 789 3991 num
841 3937 1050 4004 species
1091 3937 1393 4002 adinvenit,
1424 3952 1560 4006 quas
1595 3946 1650 3992 et
1695 3953 1950 3992 enarrans
1982 3938 2233 3993 dicebat:

658 4023 939 4095 Ediﬁcavi
965 4027 1088 4080 mihi
1114 4027 1288 4081 domos
1310 4068 1326 4092 ,
1357 4028 1581 4096 plantavi
1611 4028 1777 4081 vineas
1795 4067 1811 4093 ,
1839 4028 1936 4096 feci
1974 4027 2094 4080 mihi
2117 4027 2238 4080 hor-

661 4127 739 4172 tos
763 4129 810 4172 et
835 4120 1086 4188 pomaria,
1115 4118 1213 4188 feci
1249 4120 1372 4172 mihi
1423 4120 1643 4190 piscinas
1678 4136 1924 4189 aquarum
1953 4137 1972 4174 :
1993 4131 2238 4175 mercatus

655 4229 772 4269 smn
800 4211 925 4265 mihi
944 4227 1110 4266 servos
1139 4220 1187 4266 et
1211 4213 1445 4277 ancillas,
1473 4221 1521 4265 et
1541 4210 1792 4265 vernaculi
1815 4212 1920 4266 nati
1942 4221 2060 4266 sunt
2084 4213 2239 4266 mihi:

663 4306 907 4372 possessio
923 4303 1434 4377 armentorum,boum
1449 4312 1496 4358 et
1518 4317 1726 4375 gregum
1743 4305 1839 4374 fuit
1857 4305 2012 4359 mihi:
2031 4320 2240 4375 congre-

661 4395 776 4462 gari
795 4403 1054 4464 argentum
1069 4402 1116 4446 et
1134 4410 1318 4448 aurum
1344 4394 1472 4448 sicut
1488 4410 1694 4448 arenam
1711 4409 1730 4448 :
1755 4395 1854 4464 feci
1871 4391 1992 4448 mihi
2013 4404 2241 4448 cantores

660 4495 709 4538 et
729 4485 1046 4552 cantatrices,
1066 4487 1330 4556 pincemas
1356 4496 1401 4540 et
1420 4487 1518 4540 vini
1544 4488 1799 4549 min'utras
1815 4486 2006 4558 (Eccle.
2027 4487 2083 4541 2.
2097 4486 2236 4559 4-8).

661 4581 801 4650 Quid
825 4582 982 4650 igitur
1005 4581 1144 4636 idem
1169 4582 1268 4636 iste
1289 4590 1409 4651 post
1430 4590 1627 4636 tantam
1643 4581 1969 4637 afﬂuentiam
1995 4583 2242 4654 pecunia-

671 4689 814 4738 rum,
843 4673 1263 4742 possessionum,
1289 4673 1600 4728 deliciarum
1621 4713 1637 4741 ,
1668 4673 1997 4743 voluptatum
2042 4673 2244 4730 refert?

667 4762 916 4831 Laudari,
948 4764 1136 4835 inquit,
1165 4781 1268 4833 eos,
1289 4767 1372 4836 qui
1393 4766 1575 4820 mortui
1594 4774 1730 4832 sunt,
1761 4782 1912 4837 super
1937 4767 2166 4832 viventes,
2200 4775 2245 4820 et

666 4858 826 4910 bonus
849 4873 1000 4926 super
1040 4857 1151 4924 Icos,
1181 4857 1480 4928 quicumque
1518 4856 1742 4911 nondum
1786 4867 1936 4911 natus
1981 4865 2075 4912 est.
2108 4856 2247 4912 Vere

670 4945 776 5003 fide
799 4945 992 5018 dignus
1015 4947 1101 5002 hic
1118 4957 1201 5003 est
1219 4948 1530 5003 deliciarum
1555 4957 1852 5013 accusator,
1874 4947 1963 5017 qui
1992 4948 2149 5002 talem
2178 4948 2246 5002 de

669 5038 776 5094 illis
795 5037 900 5093 fert
919 5038 1397 5094 sententiam.Nam
1421 5039 1467 5094 si
1495 5039 1758 5109 quispiam
1785 5052 1854 5093 ex
1885 5037 1952 5091 iis
1970 5037 2059 5106 qui
2085 5039 2245 5092 vitam

668 5129 724 5185 in
748 5140 1057 5201 paupertate
1085 5143 1149 5185 ac
1177 5131 1517 5186 mendicitate
1544 5130 1920 5193 traduxissent,
1949 5127 2084 5182 hanc
2123 5144 2247 5182 sen-

669 5224 890 5279 tentiam
915 5223 1170 5280 adversus
1198 5223 1414 5278 delicias
1439 5221 1664 5287 tulisset,
1690 5222 1836 5275 visus
1866 5227 2010 5275 esset
2049 5234 2151 5273 non
2181 5217 2257 5274 ex'

674 5317 753 5371 rei
779 5316 1034 5383 veritate,
1057 5315 1152 5372 sed
1172 5315 1311 5386 quod
1341 5323 1595 5385 expertus
1635 5327 1741 5368 non
1775 5320 1947 5378 esset,
1975 5312 2046 5366 ita
2072 5311 2251 5366 crimi-

673 5409 788 5464 nari
819 5426 834 5476 ;
859 5424 980 5464 cum
1005 5423 1131 5464 vero
1155 5409 1230 5476 is,
1258 5409 1346 5479 qui
1377 5422 1564 5463 omnes
1610 5404 1905 5475 percurrit,
1931 5412 1986 5457 et
2019 5402 2251 5472 singulas

677 5517 859 5558 earum
885 5505 1000 5558 vias
1041 5501 1449 5572 pervestigavit,
1479 5513 1571 5556 eas
1611 5496 1926 5562 contemnit,
1960 5505 2069 5550 tum
2107 5495 2258 5551 omni

678 5597 974 5665 suspicione
1002 5596 1167 5653 libera
1211 5603 1294 5650 est
1317 5593 1636 5650 criminatio.
1669 5579 1999 5647 Existimatis
2028 5589 2253 5646 fortasse

675 5705 708 5744 θ
727 5688 1001 5760 preposito
1022 5687 1304 5746 deﬂexisse
1333 5700 1632 5745 sermonem
1658 5700 1671 5739 :
1697 5683 1806 5742 imo
1839 5697 1969 5741 vero
1997 5682 2043 5739 si
2084 5691 2256 5739 atten-

1367 283 1425 342 8.
1464 283 1741 342 JOANNIS
1778 280 2245 342 CIIRYSOSTOMI
2281 282 2594 344 ARCHIEP.
2635 285 3161 346 CONSTANTINOP.

3787 298 3897 356 600

2321 397 2544 465 damus,
2577 415 2698 455 eum
2743 416 2810 456 eo
2854 402 3083 457 maxime
3125 403 3398 462 cohzerere
3435 406 3902 476 deprehendemus

2315 505 2435 559 qua:
2458 491 2599 546 dicta
2641 501 2784 546 sunt.
2825 491 2958 547 Nam
3011 493 3064 548 in
3107 507 3398 567 martyrum
3425 504 3898 558 commemoratio-

2316 580 2473 635 nihus
2511 584 2833 639 conveniens
2877 592 2960 639 est
3003 594 3058 640 et
3102 601 3399 643 connexum
3449 589 3518 645 de
3560 591 3900 662 philosophia

2313 683 2614 726 sermonem
2641 673 2933 729 instituere.
2953 673 3068 729 Non
3097 686 3150 730 ut
3172 678 3660 747 vitam‘praesentem
3676 682 3890 738 damne-

2315 773 2453 823 mus,
2481 760 2596 816 hzec
2623 761 2870 830 dicimus,
2893 765 3069 830 absit;
3095 766 3189 820 sed
3214 767 3356 836 quod
3391 769 3608 825 delicias
3651 771 3892 828 insecte-

2315 864 2435 904 mur
2467 867 2481 904 :
2509 867 2614 906 non
2640 852 2783 906 enim
2801 854 2978 910 vivere
3003 855 3200 910 malum
3228 865 3339 924 est,
3363 858 3458 914 sed
3499 868 3700 916 temere
3725 872 3781 917 et
3809 863 3894 918 in-

2314 941 2651 1006 considerate
2676 944 2874 1000 vivere.

2384 1031 2439 1086 2.
2481 1033 2780 1090 Eustathius
2797 1054 2830 1091 a
2855 1039 3021 1106 patria
3047 1039 3296 1110 relegatus
3323 1046 3375 1095 in
3406 1040 3622 1097 Thracia
3645 1043 3894 1114 sepultus.

2315 1123 2620 1179 Sanctorum
2655 1127 2880 1197 reliquie
2925 1130 3090 1197 fontes
3139 1132 3443 1201 spirituales.
3491 1161 3566 1175 —-
3605 1130 3788 1204 itaque
3850 1138 3900 1189 si

2314 1215 2433 1283 quis
2461 1216 2514 1270 in
2541 1226 2685 1273 recte
2722 1217 2875 1273 factis
2904 1234 2968 1275 ac
2996 1219 3256 1275 bonorum
3286 1237 3381 1292 spe
3404 1222 3703 1279 futurorum
3725 1226 3898 1296 vitam

2317 1305 2629 1374 traduxerit,
2653 1308 2851 1377 poterit
2870 1323 2998 1363 cum
3031 1309 3193 1366 Paulo
3220 1311 3400 1368 dicere
3418 1353 3438 1381 ,
3470 1313 3643 1369 Vivere
3669 1317 3722 1369 in
3746 1333 3901 1371 came

2317 1397 2472 1450 ntulto
2490 1399 2669 1453 melius
2690 1414 2710 1453 :
2739 1399 2833 1453 hoc
2851 1401 2984 1454 enim
3002 1402 3123 1456 mild
3143 1406 3336 1472 fructus
3355 1407 3520 1475 operis
3535 1417 3607 1461 est
3634 1406 3895 1478 (Philipp.

2317 1489 2370 1544 l.
2392 1488 2486 1558 29.)
2517 1506 2531 1544 :
2566 1491 2707 1560 quod
2739 1493 2923 1561 utique
2965 1493 3122 1550 beato
3148 1495 3426 1552 Eustathio
3454 1500 3704 1569 contigit,
3730 1501 3820 1570 qui
3845 1510 3900 1554 et

2321 1579 2371 1634 in
2395 1581 2499 1635 vita
2525 1591 2579 1636 et
2621 1583 2674 1636 in
2701 1592 2874 1638 morte
2893 1623 2909 1649 ,
2943 1593 3000 1638 ut
3026 1599 3121 1654 par
3144 1596 3282 1652 erat,
3306 1602 3367 1642 se
3393 1592 3576 1658 gessit.
3608 1589 3724 1644 Non
3753 1591 3897 1644 enim

2319 1669 2371 1723 in
2399 1685 2491 1724 sua
2515 1686 2730 1741 regione
2753 1714 2768 1738 ,
2807 1673 2902 1727 sed
2924 1673 2976 1727 in
3006 1674 3176 1728 aliena
3203 1688 3421 1746 propter
3441 1676 3712 1734 Christum
3753 1695 3900 1733 mor-

2321 1768 2424 1814 tem
2468 1761 2628 1826 obiit;
2657 1761 2799 1832 quod
2845 1761 3051 1818 facinus
3079 1764 3196 1833 ejus
3223 1764 3451 1821 hostium
3479 1765 3596 1822 fuit.
3623 1768 3899 1840 Siquidem

2319 1866 2440 1906 eum
2471 1852 2546 1907 illi
2574 1867 2603 1906 a
2635 1853 2802 1922 patria
2834 1855 3156 1926 relegarunt,
3185 1865 3241 1910 ut
3265 1857 3439 1928 ipsum
3481 1859 3676 1928 probro
3714 1859 3901 1916 afﬁce-

2321 1953 2460 2008 rent,
2489 1952 2545 1997 at
2595 1943 2683 1999 ille
2731 1944 2995 2000 celebrior
3039 1955 3094 2001 et
3129 1947 3384 2003 illustrior
3418 1948 3518 2003 bac
3569 1949 3620 2002 in
3650 1950 3898 2004 exsilium

2319 2036 2758 2107 commigratione
2794 2036 3144 2105 reddebatur;
3198 2037 3340 2108 quod
3399 2048 3456 2094 et
3497 2044 3674 2094 rerum
3727 2041 3904 2095 exitus

2321 2128 2722 2183 demonstravit.
2760 2128 2910 2182 Adeo
2947 2143 3175 2199 namque
3201 2129 3434 2185 celebris
3465 2130 3667 2196 evasit,
3696 2138 3754 2184 ut
3779 2144 3901 2184 cum

2322 2217 2376 2272 in
2395 2217 2619 2272 Thracia
2642 2218 2910 2288 sepultum
2934 2219 3004 2272 sit
3027 2217 3145 2288 ejus
3169 2233 3363 2289 corpus
3382 2259 3400 2285 ,
3431 2219 3483 2273 in
3511 2218 3627 2275 dies
3663 2219 3904 2289 singulos

2321 2309 2578 2362 memoria
2613 2308 2729 2377 ejus
2761 2306 2901 2376 apud
2944 2322 3043 2362 nos
3082 2306 3421 2374 efﬂorescat;
3451 2315 3504 2364 et
3546 2323 3665 2363 cum
3712 2310 3765 2362 in
3813 2308 3906 2362 illo

2324 2397 2604 2452 barbarico
2632 2395 2887 2466 oppidulo
2929 2396 2999 2451 sit
3039 2395 3156 2466 ejus
3191 2395 3446 2464 tumulus,
3481 2407 3660 2452 noster
3697 2397 3752 2451 in
3782 2410 3904 2451 eum

2325 2501 2473 2540 amor
2496 2527 2511 2551 ,
2538 2486 2626 2555 qui
2659 2495 2806 2540 tanto
2848 2486 2917 2541 ab
2951 2499 3018 2540 eo
3054 2485 3410 2557 disjungimur
3454 2487 3759 2552 intervallo,
3787 2493 3910 2556 post

2327 2584 2432 2630 tam
2459 2576 2765 2630 diuturnum
2795 2584 3002 2646 tempus
3028 2576 3251 2647 singulis
3274 2576 3463 2632 diebus
3490 2587 3766 2648 augeatur.
3796 2574 3908 2629 lmo

2326 2666 2370 2720 si
2415 2681 2598 2720 verum
2639 2664 2920 2720 dicendum
2962 2665 3052 2730 sit,
3081 2664 3220 2734 apud
3268 2679 3366 2720 nos
3408 2666 3570 2721 etiam
3597 2674 3679 2720 est
3725 2664 3907 2734 sepul-

2326 2771 2477 2810 crum
2517 2756 2655 2825 ejus,
2685 2763 2746 2810 et
2788 2771 2892 2809 non
2937 2755 2992 2809 in
3041 2754 3265 2810 Thracia
3313 2763 3537 2810 tantum.
3569 2756 3911 2812 Innumenta

2325 2847 2468 2902 enim
2496 2854 2804 2902 sanctorum
2840 2861 2947 2900 non
2969 2845 3123 2900 loculi
3152 2845 3324 2900 solum
3355 2855 3515 2914 sunt,
3542 2847 3794 2917 capsula,
3821 2861 3914 2900 co-

2327 2936 2553 3003 lurnum,
2582 2951 2646 2992 ac
2672 2937 2860 3002 literae,
2901 2935 2997 2992 sed
3027 2951 3113 2991 res
3158 2936 3429 3006 praeclara:
3457 2945 3656 3006 gestas,
3685 2952 3750 2992 ac
3788 2936 3913 2991 fldci

2326 3029 2505 3095 zelus,
2547 3036 2601 3084 et
2643 3042 2772 3084 sana
2825 3026 2968 3098 apud
3017 3027 3184 3082 Deum
3231 3027 3579 3083 conscientia.
3634 3027 3912 3098 Siquidem

2330 3120 2479 3175 omni
2501 3119 2746 3175 columna
2773 3117 3102 3188 splendidior
3132 3118 3248 3173 hac
3282 3118 3521 3174 Ecclesia
3564 3119 3786 3190 martyri
3828 3127 3925 3182 est

2331 3219 2531 3276 erecta,
2561 3225 2678 3280 qua:
2709 3209 2890 3264 literas
2920 3208 3079 3264 habet
3103 3223 3209 3264 non
3238 3218 3412 3263 mutas
3438 3225 3454 3275 ;
3483 3208 3576 3263 sed
3607 3223 3726 3278 qua:
3753 3207 3916 3262 rebus

2331 3302 2461 3373 ipsis
2499 3301 2719 3357 buccina
2764 3300 2960 3356 clarius
2999 3300 3312 3355 memOriam
3356 3299 3474 3369 ejus
3515 3298 3808 3369 pradicant
3851 3312 3915 3352 ac

2331 3393 2690 3449 celebritatem
2714 3432 2731 3458 ,
2757 3401 2810 3447 et
2858 3390 3224 3461 unusquisque
3265 3399 3523 3457 vestrum,
3553 3391 3643 3459 qui
3690 3385 3914 3456 adestis,

2334 3484 2502 3540 sancti
2530 3483 2672 3537 illius
2697 3490 2782 3537 est
2809 3481 3135 3552 sepulcrum,
3161 3482 3462 3552 sepulcrum
3495 3482 3789 3535 animatum
3827 3487 3916 3534 at-

2335 3592 2438 3646 que
2467 3576 2724 3646 Spiritale.
2753 3573 2885 3628 Nam
2915 3572 2960 3627 si
2989 3572 3246 3642 cujusque
3268 3583 3502 3627 vestrum
3520 3613 3536 3637 ,
3564 3571 3656 3641 qui
3694 3569 3916 3636 adestis,

2336 3667 2716 3724 conscientiam
2758 3664 3101 3734 explicuero,
3157 3670 3399 3716 sanctum
3454 3662 3612 3716 istum
3669 3661 3813 3716 intus
3865 3662 3919 3715 in

2338 3768 2516 3814 mente
2544 3765 2720 3812 vestra
2747 3755 3014 3825 reperiam
3042 3753 3421 3808 diversantem.
3453 3750 3676 3816 Videtis,
3705 3760 3763 3804 ut
3787 3750 3921 3804 nihil

2338 3850 2660 3921 profecerint
2689 3846 3002 3912 adversarii,
3027 3853 3086 3900 ut
3126 3845 3349 3915 gloriam
3381 3859 3486 3898 non
3527 3842 3880 3898 exstinxerint
3902 3881 3924 3910 ,

2340 3941 2432 3997 sed
2476 3939 2765 3996 extulerint
2805 3938 3000 4007 potius,
3035 3935 3130 3992 sed
3179 3935 3523 3990 illustriorem
3571 3932 3922 3998 reddiderint,

2343 4041 2421 4086 tot
2446 4045 2542 4100 pro
2571 4045 2679 4085 uno
2704 4029 2966 4101 sepulcris
2991 4026 3210 4092 erectis,
3235 4025 3492 4095 sepulcris
3520 4023 3787 4086 animatis,
3832 4038 3922 4077 se-

2345 4122 2544 4192 pulcris
2569 4137 2753 4177 vocem
2780 4119 3132 4183 mittentibus,
3153 4117 3416 4188 sepulcris
3444 4114 3508 4169 ad
3551 4113 3798 4169 eumdem
3839 4127 3926 4166 ze-

2344 4212 2452 4267 lum
2479 4212 2839 4282 comparatis?
2861 4210 3064 4265 ldcirco
3085 4218 3388 4262 sanctorum
3410 4219 3633 4275 corpora
3653 4213 3706 4258 et
3726 4202 3921 4267 fontes,

2344 4311 2398 4359 et
2413 4303 2694 4370 radices,et
2710 4310 2975 4371 unguenta
2991 4312 3237 4367 nuncupo
3253 4295 3672 4366 spiritalia.Quid
3685 4295 3782 4348 ita?
3794 4291 3930 4360 Quo-

2348 4394 2487 4447 niam
2513 4391 2924 4461 unumquodque
2953 4390 3196 4453 istorum,
3219 4401 3338 4457 qua:
3358 4385 3486 4450 dixi,
3510 4385 3758 4438 virtutem
3777 4399 3928 4436 suam

2347 4485 2483 4556 apud
2511 4499 2571 4539 se
2597 4498 2700 4537 non
2724 4482 2918 4536 retinet
2949 4489 3182 4544 tantum,
3215 4478 3309 4533 sed
3339 4478 3498 4532 etiam
3539 4477 3692 4546 longe
3720 4477 3931 4544 lateque

2350 4577 2616 4634 diﬂundit.
2652 4574 2891 4644 Exempli
2920 4587 3100 4639 causa,
3127 4571 3304 4626 fontes
3341 4570 3521 4625 multis
3567 4569 3782 4639 quidem
3813 4582 3933 4622 sca-

2351 4670 2553 4725 turiunt
2577 4667 2816 4722 laticibus
2835 4684 2849 4721 :
2867 4673 2922 4720 at
2945 4678 3040 4720 eos
3065 4665 3202 4717 intra
3229 4663 3377 4716 sinus
3391 4676 3518 4716 suos
3538 4675 3645 4714 non
3672 4660 3924 4725 retinent,

2350 4762 2446 4816 sed
2477 4761 2632 4829 longa
2663 4758 2879 4814 ﬂumina
2909 4755 3172 4826 parientes
3213 4769 3334 4809 cum
3364 4752 3497 4807 mari
3535 4751 3849 4822 junguntur,
3877 4760 3930 4806 et

2352 4865 2618 4924 tamquam
2675 4865 2866 4906 manus
2927 4847 3201 4919 cujusdam
3247 4848 3560 4901 extensione
3602 4843 3932 4914 longitudine

2352 4948 2560 5001 illorum
2604 4945 2838 4998 marinas
2863 4955 3026 5011 aquas
3049 4938 3405 5011 prehendunt.
3448 4938 3650 4992 Rursus
3679 4937 3932 4991 arborum

2351 5039 2498 5092 radix
2551 5035 2801 5090 deorsum
2843 5034 2894 5087 in
2927 5041 3083 5085 term
3128 5030 3422 5085 visceribus
3461 5038 3545 5082 est
3585 5025 3933 5093 abscondita,

2351 5130 2446 5184 sed
2495 5143 2601 5183 non
2634 5104 2849 5182 omnem
2896 5124 3144 5178 virtutem
3184 5137 3333 5176 suam
3376 5120 3626 5176 deorsum
3656 5119 3934 5187 continet,

2353 5235 2416 5276 ac
2444 5220 2624 5275 vitium
2667 5216 2963 5288 prmsertim
3001 5213 3391 5268 arbustivarum
3431 5215 3516 5272 est
3559 5213 3675 5266 hac
3723 5222 3936 5266 natura.

2355 5311 2454 5367 Ubi
2481 5310 2624 5366 enim
2652 5325 2746 5379 per
2772 5307 3016 5363 excelsos
3039 5304 3284 5358 calamos
3301 5316 3479 5357 ramos
3523 5315 3649 5356 suos
3683 5300 3942 5357 extende-

2356 5407 2484 5468 rint,
2514 5419 2608 5474 per
2627 5400 2915 5457 arundines
2940 5399 3056 5454 illas
3094 5395 3360 5466 serpentia
3399 5402 3666 5449 sarmenta
3716 5393 3938 5463 longum

2359 5495 2628 5568 quoddam
2659 5503 2855 5550 tectum
2879 5490 3145 5547 frondium
3167 5486 3428 5542 densitate
3449 5484 3757 5540 conficiunt.
3784 5485 3942 5554 Ejus-

2359 5589 2500 5646 modi
2530 5597 2611 5644 est
2631 5597 2686 5644 et
2707 5592 3094 5656 unguentorum
3121 5591 3343 5637 natura:
3367 5576 3628 5649 siquidem
3651 5577 3740 5633 illa
3766 5591 3942 5646 saepe-

2361 5696 2584 5742 numero
2611 5685 2734 5736 sunt
2777 5678 2830 5734 in
2872 5673 3116 5732 conclavi
3170 5671 3480 5744 recondita,
3509 5667 3604 5725 scd
3651 5682 3944 5740 erumpens
