4246 6320
364 470 482 523 ἐστι
525 467 756 541 ῥεόντων
789 471 891 524 καὶ
926 470 1025 541 οὐχ
1064 472 1366 544 ἱσταμένων
1404 474 1577 528 ταῦτα
1608 476 1895 546 ἀμφότερα
1916 490 1933 505 ·

365 551 510 605 οὕτω
535 553 599 622 δὴ
625 554 718 606 καὶ
743 555 834 607 ἐπὶ
861 555 970 609 τῶν
1010 556 1367 628 ἀνθρωπίνων
1412 559 1757 629 πραγμάτων
1789 558 1940 611 οὐδὲν

368 633 585 704 βέϐαιον
640 636 735 689 καὶ
779 636 973 704 ἑστὼς,
1001 639 1139 692 ἀλλά
1170 640 1373 694 πυκναὶ
1416 642 1473 693 αί
1522 639 1818 711 μεταϐολαὶ
1846 640 1942 693 καὶ

362 716 676 789 ὀξύρῤοποι.
719 718 777 771 ’0
813 719 912 788 μὲν
949 721 1054 775 ὑπὸ
1081 722 1181 795 τῆς
1217 721 1519 794 εὐημερίας
1549 722 1688 793 πρὸς
1724 721 1784 775 τδ
1809 720 1940 789 ωτι,

363 800 610 873 ἐπήρθη,
643 802 673 855 6
715 802 772 855 δὲ
807 802 912 857 ὑπὸ
949 804 1292 876 δυσπραγίας
1333 809 1415 870 είς
1458 806 1595 860 πολὺ
1634 806 1939 877 κατηνέχθη

367 882 553 954 βάθος·
589 885 725 940 ἀλλά
754 893 891 957 μήτε
920 888 1128 952 ἐκεῖνος
1164 889 1444 958 φυσάσθω,
1493 889 1635 961 μήτε
1665 880 1822 951 οὗτος
1848 905 1945 941 τα-

366 966 689 1022 πεινούσθωο
716 969 980 1041 ταχίστην
1004 969 1123 1043 γάρ
1148 970 1378 1036 ἕκαστος
1408 970 1617 1036 δέξεται
1641 970 1737 1043 τήν
1773 988 1943 1042 μετα-

363 1048 548 1120 ϐολήν·
572 1049 689 1105 ἀλλ’
718 1052 820 1107 οὐκ
838 1053 1043 1119 ἐκεῖνος
1070 1055 1099 1106 6
1119 1054 1254 1125 πρὸς
1279 1054 1369 1108 τὸν
1390 1054 1620 1126 οὐρανὸν
1643 1053 1940 1125 μεταστὰς,

361 1136 393 1188 ὀ
420 1133 557 1206 πρὸς
582 1136 676 1188 τὸν
703 1135 1037 1207 ποθούμενον
1066 1132 1319 1192 ἀπελθὼν
1352 1136 1583 1210 Ἰησοῦν,
1605 1139 1644 1192 '6
1673 1138 1810 1209 πρὸς
1832 1156 1942 1211 χωτ

368 1214 482 1307 ρίον
510 1216 679 1307 ἐλθων
700 1218 943 1307 καθαρὸν
965 1220 1231 1307 θορύϐων,
1263 1221 1394 1307 ἐνθα
1419 1222 1632 1307 ἀπέδρα
1846 1222 1941 1307 καὶ

362 1295 509 1371 λύπη
543 1299 639 1354 καί
676 1295 997 1373 στεναγμός.
1028 1304 1143 1358 Ούκ
1181 1303 1331 1359 ἐστιν
1371 1305 1490 1358 ἐκεῖ
1519 1303 1822 1374 μεταϐολῆς
1856 1304 1939 1357 εί-

362 1378 495 1446 κὼν,
515 1384 614 1436 οὐκ
642 1383 757 1437 ἐστι
778 1386 987 1456 τροπῆς
1030 1386 1426 1458 ἀποσκίασμα,
1455 1387 1637 1441 πάντα
1666 1386 1722 1442 δὲ
1756 1403 1959 1458 πεπη-”

361 1463 496 1531 γάτα
527 1466 622 1520 καὶ
646 1466 900 1539 ἀκίνητα.
920 1468 1099 1523 πάντα
1127 1468 1320 1540 βέϐαια
1346 1470 1439 1523 καὶ
1461 1469 1745 1541 ἱδρυμένα,
1764 1469 1942 1523 πάντα

361 1544 617 1618 ἄφθαρτα
667 1550 761 1602 καὶ
804 1550 1083 1619 ἀθάνατα,
1125 1552 1306 1607 πάντα
1334 1553 1591 1624 ἀκήρατα
1618 1553 1713 1607 καὶ
1743 1554 1823 1616 είς
1852 1554 1941 1607 ἀεὶ

364 1626 514 1701 [604]
564 1630 906 1703 διαμένοντα.
960 1634 1063 1688 Διά
1108 1634 1270 1689 τοῦτό
1312 1652 1467 1706 φησι,
1501 1634 1623 1702 Πρὸ
1654 1633 1942 1703 τελευτῆς

357 1713 446 1782 μὴ
467 1712 751 1783 μακάριζε
771 1715 1027 1785 μηδένα.
1056 1718 1159 1772 Διά
1191 1718 1278 1786 τίς
1317 1716 1547 1789 ¹Ἄδηλον
1572 1718 1682 1790 γὰρ
1717 1718 1779 1770 τδ
1808 1716 1942 1787 μέλ-

362 1793 476 1861 λον,
511 1799 606 1851 καὶ
646 1799 679 1867 ή
722 1799 885 1866 φύσις
930 1800 1180 1875 ἀσθενής·
1217 1802 1250 1873 ή
1298 1801 1620 1873 προαίρεσις
1657 1798 1900 1872 ῥᾴθυμος
1924 1838 1941 1863 ε

361 1880 398 1950 ὴ
432 1880 677 1951 ἁμαρτία
704 1882 1131 1953 εὐπερίστατος,
1168 1884 1363 1938 πολλαὶ
1389 1886 1446 1938 αί
1478 1883 1731 1953 παγίδες·
1778 1884 1941 1938 Ἑπι-

361 1966 541 2033 τνωθι
558 1964 688 2033 γὰρ,
715 1964 901 2037 φησὶν,
925 1965 1014 2020 δτι
1038 1966 1287 2038 ἐνμέσῳ
1312 1966 1581 2039 πατίδων
1596 1966 1938 2033 διαϐαλνεις·

363 2046 658 2119 ἐπάλληλοι
707 2050 760 2101 οί
806 2051 1123 2122 πειρασμοὶ,
1157 2050 1325 2115 πολὺς
1372 2052 1403 2104 6
1443 2049 1554 2104 τῶν
1601 2050 1942 2122 πραγμάτων

362 2130 540 2201 ϐχλος,
577 2132 673 2185 καὶ
701 2131 953 2204 διηνεκὴς
1000 2132 1111 2187 τῶν
1156 2132 1427 2206 δαιμόνων
1467 2136 1497 2189 6
1543 2124 1807 2201 πόλεμος,
1848 2134 1940 2188 καὶ

366 2217 613 2285 συνεχεῖς
632 2215 689 2268 αἱ
714 2215 825 2269 τῶν
852 2214 1043 2270 παθῶν
1060 2217 1481 2282 ἐπαναστάσεις·
1499 2215 1589 2270 διά
1606 2216 1797 2280 ταῦτα,
1820 2217 1943 2285 Πρὸ

363 2295 653 2366 τελευτῆς
668 2298 755 2369 μὴ
778 2298 1061 2369 μακάριᾷ
1079 2298 1333 2371 μηδένα,
1362 2300 1548 2372 φησίν.
1569 2299 1779 2355 Οὐκοῦν
1804 2299 1945 2371 μετά

360 2379 623 2451 τελευτὴν
655 2382 980 2454 μακαρίζειν
1010 2382 1251 2453 ἀσφαλὲς
1296 2383 1391 2437 τὸν
1430 2383 1602 2451 ἀξιονο
1646 2385 1847 2457 μᾶλλον
1884 2383 1943 2437 δὲ

362 2464 463 2534 οὐχ
494 2463 682 2529 ἁπλῶς
714 2466 853 2536 μετά
875 2466 1154 2537 τελευτὴν,
1185 2466 1325 2521 ἀλλά
1358 2466 1619 2540 τελευτήν
1650 2468 1939 2538 τοιαύτην,

360 2545 494 2600 ὅταν
528 2547 669 2619 μετά
703 2549 970 2619 στεφάνου
996 2549 1090 2603 τὸν
1123 2544 1295 2624 βίονῇ
1329 2550 1641 2615 καταλύσας
1677 2568 1785 2616 τις,
1814 2553 1944 2606 ὅταν

363 2630 505 2701 μετά
551 2631 844 2702 ὁμολογίας
896 2634 992 2688 καὶ
1032 2633 1269 2699 πίστεως
1307 2634 1694 2707 ἀνυποκρίτου.
1740 2636 1805 2688 Εί
1833 2633 1945 2707 769

361 2712 492 2777 τοὺς
523 2712 713 2778 ἀπλῶς
760 2714 1195 2788 τελευτήσαντας
1221 2727 1249 2757 ι
1277 2712 1589 2790 ἐμακάβισέ
1619 2734 1705 2782 τις
1724 2757 1741 2785 ,
1791 2716 1945 2789 πόσῳ

364 2795 568 2867 μᾶλλον
599 2797 730 2863 τοὺς
755 2796 901 2853 οὕτω
926 2798 1383 2871 τελευτήσανταςς

432 2881 545 2934 Καὶ
572 2882 656 2945 τίς
680 2882 1009 2954 ἐμακάρισε,
1027 2884 1186 2954 φησι,
1215 2883 1343 2947 τοὺς
1368 2882 1558 2948 ἀπλῶς
1578 2883 1943 2955 τελευτήσαν-

360 2979 491 3029 τας;
526 2965 585 3017 '0
614 2965 889 3037 Σολομὼν,
931 2966 1185 3037 Σολομὼν
1227 2968 1436 3031 ἐκεῖνος
1469 2970 1500 3022 6
1529 2970 1838 3038 πάνσοφος·
1869 2967 1944 3038 μή

359 3047 472 3118 769
491 3047 679 3111 ἁπλῶς
704 3048 1072 3124 παραδράμῃς
1092 3049 1184 3104 τὸν
1209 3049 1520 3121 ἀνθρωπον,
1553 3049 1670 3105 ἀλλ’
1691 3052 1945 3121 ἐννόησον

360 3129 449 3193 τίς
476 3125 577 3202 ἦν,
618 3133 714 3185 καὶ
748 3131 867 3196 πῶς
901 3131 1203 3204 βεϐιωκὼς,
1243 3134 1341 3187 καὶ
1385 3133 1526 3204 μετά
1564 3133 1739 3203 πόσης
1763 3134 1947 3198 ἀδείας

360 3213 458 3268 καὶ
482 3213 720 3279 ἀνέσεως
738 3217 833 3271 τὸν
865 3217 1033 3288 ὑγρὸν
1063 3217 1157 3271 καὶ
1194 3216 1581 3289 ἀταλαίπωρον
1614 3215 1729 3288 βίον
1760 3215 1856 3287 εζη
1891 3218 1944 3272 δ.

361 3296 549 3351 ’Δπαν
576 3298 689 3369 γάρ
738 3294 879 3363 εἶδος
925 3298 1130 3371 ἐπῆλθε
1161 3299 1373 3371 τρυφῆς
1393 3342 1409 3366 ,
1440 3300 1538 3355 καὶ
1584 3299 1947 3372 ψυχαγωγίας

361 3378 741 3444 παντοδαποὺς
794 3382 1056 3454 ἐπενόησε
1100 3381 1374 3454 τρόπους,
1412 3382 1519 3437 καὶ
1572 3382 1826 3445 ποικίλας
1854 3384 1948 3436 καὶ⁵

361 3462 740 3533 πολυτρόπους
772 3462 1019 3536 τέρψεων
1062 3460 1224 3537 εὗρεν
1269 3464 1449 3531 ίδέας,
1490 3464 1588 3519 καὶ
1636 3465 1841 3530 ταύτας
1865 3464 1947 3521 διε

359 3544 500 3617 ηγού
506 3561 666 3617 μενος
675 3546 882 3616 ἐλεγεν⁰
898 3546 1383 3618 ’ῼκοδόμησάμοι
1401 3547 1630 3617 οἴκους,
1642 3544 1950 3619 ἐφύτώσά

360 3645 464 3697 μοι
493 3629 875 3699 ἀμπελῶνας,
908 3630 1170 3699 ἐποίησά
1202 3647 1309 3701 μοι
1346 3629 1584 3699 κήπους
1624 3632 1726 3687 καί
1756 3644 1948 3700 παρα-

362 3710 631 3780 δείσους,
653 3711 915 3782 ἐποίησά
926 3731 1030 3793 μοι
1048 3713 1472 3783 κολυμϐήθρας
1490 3713 1745 3781 ὑδάτων,
1773 3715 1949 3787 ἐκτη-

363 3795 570 3866 σάμην
612 3795 876 3863 δούλους
926 3797 1028 3850 καί
1078 3796 1433 3863 παιδίσκας,
1485 3798 1587 3852 καί
1623 3799 1949 3869 οἰκογενεῖς

362 3879 649 3948 ἐγένοντό
686 3898 793 3952 μοι
816 3896 833 3912 ο
868 3880 1088 3949 κτῆσις
1129 3880 1480 3945 ,Βουκολίων
1511 3881 1610 3935 καί
1658 3884 1950 3953 ποιμνίων

364 3962 606 4030 ἐγένετό
646 3978 784 4034 μοι*
821 3962 1176 4032 συνήγαγον
1212 3962 1497 4033 ἀργύριον
1540 3964 1642 4018 καί
1689 3968 1950 4034 χρυσίον

366 4044 487 4099 ισα·
507 4045 731 4115 ⁴ψάμμῳ
752 4063 767 4076 ·
802 4045 1067 4115 ἐποίησά
1087 4062 1189 4115 μοι
1221 4044 1480 4115 ᾄδοντας
1520 4046 1619 4101 καί
1644 4047 1913 4116 ᾀδούσας
1931 4086 1947 4113 ,

364 4130 683 4211 οίνοχόους
709 4129 811 4184 καί
837 4130 1257 4201 οίνοχοούσας.
1291 4129 1358 4183 Τί
1388 4124 1482 4184 οὖν
1520 4131 1551 4184 6
1599 4132 1760 4194 αὐτός
1795 4125 1951 4195 οὖτος

364 4211 511 4284 μιτά
533 4212 802 4284 τοσαύτην
829 4212 1149 4283 περιουσίαν
1176 4211 1286 4266 τῶν
1318 4212 1650 4285 χρημάτων,
1678 4213 1786 4267 τῶν
1815 4231 1950 4286 κτη-

366 4293 592 4367 μάτων,
629 4295 733 4365 τῆς
773 4296 1007 4377 τρυφῆς,
1064 4295 1163 4365 τῆς
1220 4295 1499 4363 ἀνέσεως;
1544 4294 1944 4377 Ἐμακάρισα,

364 4379 533 4449 φησὶ,
573 4378 718 4445 τοὺς
744 4376 1163 4445 ἀποθανόντας
1194 4378 1349 4447 ὑπὲρ
1390 4379 1533 4445 τοὺς
1565 4376 1804 4445 ζῶντας,
1849 4379 1948 4434 καί

361 4460 593 4531 ἀγαθὸς
611 4461 763 4530 ὑπὲρ
786 4462 1037 4526 τούτους
1064 4460 1237 4528 ὅστις
1262 4462 1428 4516 οὔπω
1445 4460 1707 4533 ἐγένετο.
1742 4456 1949 4526 Ὄντως

364 4544 683 4610 ἀξιόπιστος
715 4538 871 4608 οὗτος
897 4547 1203 4616 κατήγορος
1235 4543 1481 4616 τρυφῆς,
1514 4546 1544 4599 6
1569 4544 1794 4598 τοιαῦτα
1823 4545 1952 4616 περὶ

365 4628 539 4698 αὐτῆς
565 4625 953 4697 ψηφιζόμενος.
990 4629 1055 4681 Εί
1080 4628 1181 4698 μὲν
1210 4628 1320 4699 γάρ
1340 4645 1425 4692 τις
1452 4626 1562 4682 τῶν
1592 4630 1650 4681 ἐν
1671 4628 1832 4700 πενίᾳ
1856 4629 1961 4683 καὶρ

367 4711 616 4782 πτωχείᾳ
639 4708 980 4778 βεϐιωκότων
1007 4710 1215 4782 ταύτην
1239 4710 1463 4783 ἐξέφερε
1484 4710 1583 4782 τήν
1605 4709 1783 4782 ψῆφον
1810 4710 1954 4765 κατά

364 4791 472 4862 τῆς
501 4792 713 4864 τρυφῆς
735 4832 752 4857 ,
794 4790 972 4857 ἔδοξεν
1009 4792 1076 4846 ἀν
1114 4793 1225 4847 ὀὐκ
1266 4793 1533 4865 ἀληθείᾳ,
1576 4793 1693 4847 ἀλλ’
1725 4791 1951 4866 ἀπειρίᾳ

366 4873 545 4929 ταῦτα
570 4876 926 4945 κατηγορεῖν·
962 4875 1092 4928 ὅταν
1122 4876 1180 4929 δὲ
1207 4876 1237 4928 6
1271 4876 1453 4931 πᾶσαν
1487 4876 1660 4947 αὐτὴν
1703 4876 1950 4937 ἐπελθὼν

370 4956 469 5011 καὶ
504 4956 993 5029 διερευνησάμενος
1017 4958 1188 5028 αὐτῆς
1222 4958 1459 5030 ἑκάστην
1491 4958 1632 5023 ὁδὸν,
1670 4953 1823 5022 οὗτος
1852 4959 1951 5013 αὑ-

369 5041 475 5112 τήν
506 5039 773 5113 ἀτιμάζῃ,
801 5040 1112 5104 ἀνύποπτος
1140 5043 1173 5110 ή
1210 5042 1515 5112 κατηγορία
1547 5041 1754 5095 λοιπόν.
1799 5043 1954 5115 Τάχα

371 5122 623 5193 νομίζετε
646 5122 747 5193 τῆς
762 5122 1042 5195 παρούσης
1062 5121 1371 5188 ὑποθέσεως
1386 5126 1519 5196 ήμῖν
1540 5125 1954 5180 ἐκπεπτωκέναι

369 5205 469 5259 τὸν
503 5206 680 5275 λόγον·
712 5207 829 5261 ἀλλ’
861 5206 1020 5280 εῐπερ
1055 5209 1438 5280 προσέχωμεν,
1476 5210 1846 5281 εὐρήσομενο,
1870 5211 1953 5265 δτι

371 5289 578 5361 ταύτης
612 5291 847 5362 μάλιστα
874 5292 1058 5363 ἔχεται
1088 5291 1159 5346 τά
1192 5293 1479 5365 εἰρημένα.
1540 5295 1628 5348 Ἐν
1662 5293 1772 5365 γάρ
1815 5312 1957 5367 μαρ-

370 5373 556 5445 τύρων
585 5375 797 5445 μνείαις
847 5378 1145 5445 ἀναγκαῖον
1198 5379 1294 5431 καὶ
1346 5378 1668 5447 ἀκόλουθον,
1704 5380 1955 5445 καὶτοὺς

370 5458 508 5534 περὶ
538 5458 857 5541 φιλοσοφίας
900 5464 1071 5516 κινεῖν
1098 5461 1312 5531 λόγους.
1351 5461 1462 5517 Καὶ
1501 5461 1677 5516 ταῦτα
1719 5462 1953 5535 λέγομεν

437 5622 468 5687 ξ
485 5622 611 5687 Tm
623 5638 736 5675 ωειι
755 5629 917 5685 ἁπλῶς
933 5628 1333 5687 τετελευτηκότας

439 5682 638 5756 ξξρνίι.
658 5688 830 5756 ’ἀδείας
852 5682 931 5738 τὸν
950 5693 1112 5756 ἄνετον
1127 5682 1399 5756 τοῦτον
1419 5692 1559 5756 ὑγρὸν
1584 5693 1721 5756 ἐζησε
1740 5693 1857 5755 βίον.

360 5826 382 5859 ι
396 5748 470 5865 u.‘
491 5743 753 5863 afﬁgi:
774 5743 906 5818 ⁸ῘΣ¹¹ί⁸ῐ⁵
923 5754 1253 5818 προσέχωμεν.
1281 5743 1560 5818 εὑρήσομεν,
1583 5743 1765 5808 άεὲυιιὶ
1780 5819 1783 5821 ί
1797 5757 1844 5806 iu
1866 5754 1955 5807 Sa-

1389 356 1458 413 IN
1500 357 1557 415 S.
1599 356 2053 416 EUS‘I’A‘I‘HIUM
2093 354 2610 414 ANTIOCHENUM.

3522 358 3626 416 50°
3650 428 3655 431 Α

2052 477 2114 529 οὐ
2147 476 2249 547 τῆς
2282 474 2564 548 παρούσης
2590 473 3025 547 κατηγοροῦντες
3072 473 3237 544 ζωῆς,
3271 472 3346 546 μὴ
3382 475 3627 544 γένοιτο,

2045 559 2181 614 ἀλλά
2209 558 2311 631 τὴν
2333 558 2545 630 τρυφὴν
2574 556 2973 622 διαϐάλλοντες·
2998 558 3061 612 οὐ
3080 557 3191 628 γὰρ
3218 557 3279 611 τὸ
3307 558 3406 630 ζῇν
3433 559 3626 633 κακὸν,

2048 642 2186 697 ἀλλα
2216 642 2279 695 τδ
2307 642 2432 714 είκῆ
2460 642 2553 695 καὶ
2578 639 2765 704 ἀπλῶς
2796 640 2917 711 ζῆν.
2956 684 2961 691 .

2118 731 2188 804 β’.
2223 734 2311 798 Ὠς
2333 736 2428 787 ἐάν
2442 750 2526 797 τις
2553 733 2647 786 ἐπὶ
2676 732 3063 806 κατορθώμασι
3083 732 3177 787 καὶ
3199 734 3265 803 τῇ
3281 732 3389 786 τῶν
3407 732 3628 802 μελλόν-

2038 832 2153 871 των
2181 817 2399 885 ἀγαθῶν
2431 816 2606 870 ὲλπίδι
2641 817 2736 871 τὸν
2766 817 3011 889 παρόντα
3053 815 3197 889 ζήσῃ
3228 815 3362 885 βίον,
3402 815 3629 887 δυνήσε-

2046 916 2138 955 ται
2189 899 2331 953 κατά
2380 900 2598 961 Παῦλον
2650 901 2868 969 λέγειν,
2917 900 3000 955 ότι
3056 900 3127 955 Τό
3173 898 3281 969 ζῇν
3322 900 3393 953 ἐν
3445 898 3626 970 σαρκί

2044 981 2256 1048 πολλῷ
2292 983 2610 1053 κρεῖσσον·
2642 984 2803 1038 τοῦτο
2838 983 2946 1055 769
2971 982 3184 1055 καρπὸς
3221 980 3417 1055 εργουο
3452 982 3626 1037 καθά-

2044 1083 2152 1139 περ
2187 1062 2280 1120 οὖν
2330 1066 2425 1122 καὶ
2475 1067 2569 1121 ἐπὶ
2600 1066 2696 1121 τοῦ
2739 1067 3009 1139 μακαρίου
3041 1065 3266 1134 γέγονεν
3302 1064 3626 1131 Εὐσταθίου,

2043 1149 2103 1214 6;
2129 1149 2225 1203 καὶ
2248 1152 2315 1222 τῇ
2343 1150 2455 1222 ζωῇ
2485 1150 2581 1203 καὶ
2607 1152 2674 1221 τῇ
2705 1149 2927 1220 τελευτῇ
2955 1148 3092 1221 πρὸς
3111 1147 3172 1202 τὸ
3191 1147 3309 1201 δέον
3334 1149 3628 1220 ἐχρήσατο.

2047 1235 2134 1288 06'
2164 1232 2274 1304 769
2306 1234 2402 1287 ἐπὶ
2430 1233 2533 1303 τῆς
2559 1232 2762 1297 οίκείας
2791 1233 2915 1303 γῆς,
2940 1231 3056 1286 ἀλλ’
3089 1232 3182 1285 ἐπὶ
3214 1230 3314 1302 τῆς
3340 1231 3631 1303 ἀλλοτρίας

2045 1317 2253 1387 ταύτην
2282 1316 2542 1386 ὑπέμεινε
2567 1317 2654 1371 6:6
2678 1317 2772 1370 τὸν
2798 1316 3063 1388 Χριστόν·
3090 1315 3250 1369 τοῦτο
3279 1316 3389 1369 τῶν
3417 1314 3629 1387 ἐχθρῶν

2043 1399 2105 1452 τδ
2129 1397 2279 1471 [605]
2307 1398 2661 1471 κατόρθωμα.
2698 1399 2927 1452 Ἐκεῖνοι
2963 1398 3063 1469 μέν
3091 1398 3201 1469 γὰρ
3227 1399 3326 1469 τῆς
3368 1398 3629 1469 πατρίδος

2043 1484 2207 1538 αὐτὸν
2240 1483 2523 1553 ἐξήλασαν
2550 1483 2627 1547 ὡς
2662 1483 3022 1555 ἀτιμάζοντες
3041 1498 3055 1512 '
3095 1485 3125 1537 6
3152 1483 3209 1536 δέ
3248 1482 3628 1555 λαμπρότερος

2045 1567 2254 1636 ἐγίνετο
2307 1566 2652 1638 μᾶλλονηκαὶ
2704 1568 3165 1638 περιφανέστερος
3214 1569 3282 1638 τῇ
3330 1566 3467 1638 πρὸς
3526 1564 3629 1638 τῆν

2044 1650 2341 1722 ὑπερορίαν
2387 1650 2737 1721 μεταστάσει,
2772 1649 2848 1713 ὡς
2891 1651 2987 1704 καὶ
3033 1649 3141 1703 τῶν
3182 1650 3528 1721 πραγμάτων
3566 1648 3653 1703 τὸ.

2041 1734 2196 1799 τέλος
2227 1734 2497 1801 ἀπέδειξε.
2529 1732 2778 1805 Τοσαύτη
2814 1733 2923 1805 γάρ
2956 1735 2990 1803 ή
3027 1733 3353 1804 περιφάνεια
3380 1732 3627 1801 γέγονεν,

2042 1817 2120 1883 ὡς
2158 1817 2254 1871 τοῦ
2313 1818 2566 1888 σώματος
2620 1816 2797 1870 αὑτοῦ
2845 1816 3111 1888 ταφέντος
3150 1817 3209 1869 ὲν
3264 1814 3480 1887 Θρᾴκῃ,
3526 1814 3629 1885 τήν

2043 1904 2271 1974 μνήμην
2307 1902 2473 1957 αὐτοῦ
2503 1902 2624 1956 καθ’
2669 1901 2909 1971 ἐκάστην
2939 1899 3153 1971 ήμέραν
3199 1899 3330 1970 παρ’
3361 1899 3492 1968 ἡμῖν
3532 1898 3631 1951 ἀν-

2045 1985 2181 2051 θεῖν,
2211 1987 2305 2040 καὶ
2340 1987 2432 2040 τὸν
2474 1985 2574 2057 μὶν
2616 1984 2786 2053 τάφον
2826 1979 2964 2037 εἷναι
2994 1984 3053 2036 ἐν
3083 1982 3278 2051 ἐκείνῳ
3305 1981 3386 2053 τῷ
3422 1980 3628 2053 βαρϐα-

2047 2069 2185 2142 ρικῷ
2217 2069 2423 2141 χωρίῳ,
2465 2069 2559 2123 τὸν
2582 2068 2641 2123 δέ
2670 2066 2834 2121 πόθον
2863 2068 2996 2138 παρ’
3024 2068 3178 2137 ἡμῖν,
3207 2068 3322 2129 τοῖς
3353 2066 3418 2118 ἐκ
3442 2063 3632 2118 τοσού-

2044 2170 2137 2206 του
2164 2152 2582 2225 ἀπειργομένοις
2611 2148 3002 2223 διαστήματος,
3039 2148 3179 2221 μετά
3206 2149 3400 2222 χρόνον
3435 2147 3631 2201 τοσοῦ-

2044 2254 2137 2291 τον
2161 2235 2284 2291 καθ’
2308 2238 2546 2306 εκάστην
2574 2232 2834 2301 αὔξεσθαι
2882 2234 2981 2303 τὴν
3020 2232 3236 2304 ἡμέραν
3256 2249 3270 2263 ο
3317 2230 3519 2304 μᾶλλον
3548 2230 3630 2298 δέ,

2044 2326 2095 2375 εί
2124 2320 2230 2392 χρὴ
2253 2319 2486 2390 τάληθὲς
2510 2320 2705 2383 εἰπεῖν,
2733 2318 2829 2372 καὶ⁵
2853 2320 2881 2372 6
2906 2318 3077 2388 τάφος
3109 2314 3274 2369 αὑτοῦ
3317 2314 3445 2385 παρ’
3473 2315 3631 2385 ἡμῖν,

2045 2403 2145 2457 οὐκ
2175 2406 2232 2457 ἐν
2258 2404 2450 2477 Θρᾴκῃ
2494 2401 2675 2475 μόνον.
2702 2401 2978 2473 Μνήματα
3002 2400 3114 2470 γάρ
3157 2399 3327 2468 ἀγίων
3359 2399 3420 2452 οὐ
3449 2397 3631 2469 σοροὶ,
3661 2397 3665 2401 ’

2046 2488 2143 2540 καὶ
2180 2485 2469 2557 λάρνακες,
2505 2486 2598 2539 καὶ
2638 2484 2851 2555 στῆλαι,
2898 2484 2994 2536 καὶ
3021 2483 3349 2553 γράμματα,
3395 2480 3510 2534 ἀλλ’
3536 2480 3632 2549 ἔρ-

2046 2585 2159 2638 γων
2188 2567 2608 2641 κατορθώματα,
2645 2567 2741 2622 καὶ
2769 2558 3003 2630 πίστεως
3048 2565 3229 2636 ζῆλος,
3263 2564 3358 2618 καὶ
3394 2563 3633 2625 συνειδὸς

2047 2653 2184 2727 πρὸς
2207 2652 2339 2706 Θεὸν
2365 2651 2534 2720 ὑγιές.
2563 2650 2672 2705 Καὶ
2698 2651 2809 2722 γάρ
2838 2648 3021 2720 πάσης
3049 2648 3251 2721 στήλης
3273 2646 3634 2718 λαμπροτέρα

2047 2735 2344 2807 ἀνέστηκεν
2373 2733 2511 2806 αὕτη
2540 2736 2575 2805 ή
2614 2733 2910 2803 Ἐκκλησία
2932 2732 3010 2803 τῷ
3036 2732 3291 2804 μάρτυρι,
3324 2733 3634 2802 γράμματα

2047 2819 2249 2892 ἔχουσα
2271 2819 2374 2873 ούκ
2407 2816 2621 2888 ἄφωνα,
2662 2817 2797 2871 ἀλλά
2824 2817 2915 2872 6:6
2940 2814 3049 2869 τῶν
3081 2814 3425 2887 πραγμάτων
3451 2813 3634 2868 αὐτῶν
3658 2828 3659 2831 ‘

2046 2903 2425 2977 λαμπρότερον
2451 2902 2753 2970 σάλπιγγος
2795 2900 3005 2970 βοιῖιντα
3030 2899 3130 2969 τὴν
3163 2898 3375 2952 ἐκείνου
3410 2900 3634 2968 μνήμην

2048 2989 2144 3042 καὶ
2175 2986 2273 3058 τὴν
2296 2984 2678 3057 λαμπρότητα,
2719 2985 2813 3038 καὶ
2837 2983 3068 3045 ἕκαστος
3098 2980 3253 3053 ὑμῶν
3275 2979 3303 3020 ἀ
3335 2979 3446 3033 τῶν
3492 2996 3633 3052 παρσ-

2047 3072 2217 3126 όντων
2248 3068 2343 3123 τοῦ
2377 3068 2534 3137 ἁγίου
2560 3067 2731 3135 τάφος
2755 3066 2907 3120 ἐστὶν
2934 3064 3168 3131 ἐκείνου,
3196 3064 3367 3135 τάφος
3387 3062 3633 3135 ἐμψυχος

2049 3154 2146 3210 καὶ
2188 3151 2579 3223 πνευματικός.
2623 3151 2721 3203 “Av
2767 3149 2878 3219 769
2930 3147 3226 3214 ἀναπτύξω
3271 3147 3335 3202 τδ
3390 3145 3635 3208 συνειδὸς

2050 3240 2283 3294 ἑκάστου
2330 3228 2440 3290 τῶν
2496 3235 2783 3308 παρόντων
2829 3232 3008 3305 ὑμῶν,
3053 3232 3297 3305 εὑρίσκω
3339 3232 3432 3288 τὸν
3476 3232 3635 3301 ἅγιον

2048 3321 2237 3376 τοῦτον
2255 3320 2402 3374 ἐνδον
2421 3320 2520 3389 τῆς
2538 3318 2776 3381 διανοίας
2795 3316 2950 3389 ὑμῶν
2971 3315 3408 3387 ἐνδιαιτώμενον.
3434 3313 3633 3387 Ὁρᾶτε

2054 3405 2170 3469 πῶς
2214 3402 2368 3457 οὐδὲν
2421 3403 2581 3456 πλέον
2625 3400 2842 3471 ἐγένετο
2885 3402 3002 3463 τοῖς
3058 3399 3311 3471 ὲχθροῖς;
3361 3398 3482 3462 πῶς
3532 3398 3635 3452 οὒκ

2051 3485 2281 3544 ἔσϐεσαν
2312 3485 2411 3560 τὴν
2438 3485 2618 3553 δόξαν,
2659 3484 2778 3538 ἀλλ’
2812 3485 3025 3557 ἐπῆραν
3051 3482 3257 3555 ταύτην
3291 3482 3493 3555 μᾶλλον
3537 3481 3636 3534 καὶ

2050 3570 2434 3643 λαμπροτέραν
2472 3569 2819 3639 είργάσαντο,
2856 3566 3147 3630 τοσούτους
3173 3567 3502 3637 ποιήσαντες
3537 3563 3637 3617 τά-

2051 3674 2185 3726 φους
2226 3652 2340 3707 ἀνθ’
2387 3653 2508 3716 ἐνὸς
2526 3694 2543 3719 ,
2592 3653 2799 3721 τάφους
2846 3649 3145 3723 ἐμψύχους,
3197 3652 3403 3712 τάφους
3448 3646 3636 3718 φωνὴν

2050 3737 2329 3807 ἀφιέντας,
2366 3736 2572 3805 τάφους
2600 3734 2739 3806 πρὸς
2766 3732 2859 3788 τὸν
2890 3733 3054 3787 αὑτὸν
3093 3732 3255 3803 ζῆλον
3281 3747 3637 3802 παρασκευα-

2052 3820 2351 3893 ζομένουςς
2401 3818 2503 3871 Διά
2539 3817 2699 3871 τοῦτο
2748 3817 2820 3871 τὰ
2871 3816 2983 3871 τῶν
3027 3816 3200 3885 ἀγίων
3259 3813 3489 3885 σώματα
3540 3814 3637 3868 καὶ

2052 3902 2274 3974 πηγὰς,
2312 3903 2409 3957 καὶ
2466 3899 2656 3973 ῥίζας,
2709 3901 2806 3954 καὶ
2862 3898 3011 3972 μύρα
3068 3897 3215 3953 καλῶ
3260 3897 3633 3968 πνευματικά.

2052 3987 2210 4050 Τίνος
2243 3982 2337 4039 οὖν
2368 3986 2583 4051 ἕνεκενς
2612 3983 2737 4037 Ὅτι
2770 3984 3001 4037 ἕκαστον
3034 3981 3239 4035 τούτων
3264 3980 3375 4034 τῶν
3405 3979 3636 4051 εἰρημέ-

2052 4087 2160 4125 νων
2188 4070 2285 4141 τὴν
2319 4068 2529 4123 οίκείαν
2570 4066 2771 4140 ἀρετὴν
2785 4066 2862 4118 ού
2898 4065 3027 4137 παρ’
3062 4064 3242 4134 ἐαυτῷ
3270 4063 3491 4135 κατέχει
3540 4063 3638 4134 μό-

2052 4170 2164 4219 νον,
2206 4152 2344 4207 ἀλλά
2372 4152 2465 4205 καὶ
2500 4151 2661 4223 μέχρι
2690 4147 2886 4203 πολλοῦ
2915 4159 2940 4187 ο
2978 4147 3346 4218 διαπέμπεται
3401 4148 3634 4219 μήκους.

2054 4234 2182 4292 Οἵόν
2214 4255 2268 4292 τι
2299 4236 2444 4305 λέγω
2463 4252 2477 4266 ·
2510 4236 2568 4288 αἱ
2599 4235 2775 4302 πηγαὶ
2809 4231 3173 4295 ἀναϐλύζουσι
3212 4231 3313 4303 μὲν
3342 4231 3515 4285 πολλά
3542 4233 3639 4287 νά-

2058 4338 2225 4393 ματα,
2247 4322 2309 4373 οὐ
2349 4318 2454 4390 μὴν
2484 4318 2616 4371 είσω
2646 4317 2755 4371 τῶν
2786 4315 3001 4369 οἰκείων
3035 4315 3253 4369 κόλπων
3290 4317 3463 4369 ταῦτα
3504 4332 3637 4370 κατ-

2053 4405 2291 4476 έχουσιν,
2334 4401 2473 4457 ἀλλά
2516 4402 2759 4475 μακροὺς
2788 4400 3069 4454 τίκτουσαι
3128 4401 3411 4471 ποταμοὺς
3445 4400 3638 4469 συγγί-

2053 4503 2235 4541 νονται
2260 4484 2339 4557 τῷ
2378 4483 2626 4552 πελάγει,
2668 4483 2763 4538 καὶ
2792 4481 3046 4553 καθάπερ
3078 4482 3261 4554 χειρός
3294 4499 3439 4546 τινος
3477 4483 3638 4539 ἐκτά-

2055 4585 2163 4635 σει,
2193 4567 2271 4639 τῷ
2316 4569 2481 4640 μήκει
2522 4568 2728 4621 τούτων
2779 4566 3245 4638 ἐπιλαμϐάνονται
3276 4566 3386 4621 τῶν
3437 4566 3637 4620 θαλατ-

2052 4653 2186 4706 τίων
2218 4650 2448 4705 ὑδάτων.
2495 4650 2665 4703 Πάλιν
2696 4652 2730 4721 ή
2782 4650 2908 4723 ῥίζα
2950 4650 3060 4706 τῶν
3096 4650 3290 4721 φυτῶν
3324 4650 3636 4726 κέκρυπται

2054 4737 2112 4790 ἐν
2143 4737 2256 4799 τοῖς
2308 4734 2531 4798 κόλποις
2564 4734 2665 4805 τῆς
2692 4734 2818 4806 γῆς,
2860 4736 2977 4789 ἀλλ’
3007 4736 3069 4790 οὐ
3098 4735 3249 4790 κάτω
3283 4736 3505 4807 κατέχει
3537 4735 3639 4807 τὴν

2055 4820 2257 4892 ἀρετὴν
2290 4819 2460 4890 αὐτῆς
2510 4816 2753 4884 ἃπασαν,
2805 4820 2900 4873 καὶ
2955 4819 3191 4889 μάλιστα
3230 4818 3341 4873 τῶν
3373 4820 3639 4891 ἀμπέλων

2054 4903 2164 4957 τῶν
2210 4900 2612 4972 ἀναδενδράδων
2664 4901 2803 4974 αὕτη
2852 4904 2887 4974 ή
2944 4902 3125 4971 φύσις.
3172 4903 3341 4957 Ὅταν
3390 4903 3502 4975 γὰρ
3552 4904 3638 4970 ἐφ’

2057 4984 2278 5055 ὑψηλῶν
2318 4982 2429 5037 τῶν
2477 4982 2737 5055 καλάμων
2782 4986 2908 5048 τοὺς
2941 4986 3122 5040 αὐτῶν
3163 4985 3449 5039 ἐκτείνωσι
3502 4984 3639 5040 κλάο

2054 5067 2199 5133 δους,
2225 5066 2295 5120 τά
2327 5066 2581 5138 κλήματα
2608 5067 2697 5120 διά
2737 5066 2847 5121 τῶν
2878 5067 3121 5122 δονάκων
3151 5067 3375 5122 ἐκείνων
3401 5067 3640 5140 ἓρποντα

2061 5154 2225 5225 μέχρι
2278 5151 2475 5207 πολλοῦ
2534 5152 2751 5223 πρόεισι
2796 5152 3195 5226 διαστήματος,
3254 5155 3469 5225 μακράν
3518 5172 3659 5208 τινας

2056 5237 2261 5308 ὀροφὴν
2292 5237 2357 5307 τῇ
2383 5236 2494 5290 τῶν
2522 5234 2734 5304 φύλλων
2762 5235 3021 5291 ποιοῦντα
3052 5237 3369 5308 πυκνότητι.
3398 5236 3638 5307 Τοιαύτη
3709 5296 3713 5301 ,

2059 5322 2155 5379 καὶ
2186 5317 2296 5373 τῶν
2348 5319 2538 5391 μύρων
2575 5321 2609 5389 ή
2658 5322 2853 5389 φύσιςο
2903 5321 3044 5375 αὐτὰ
3076 5324 3175 5392 μέν
3214 5322 3323 5393 γάρ
3372 5324 3550 5375 κεῖται
3578 5324 3638 5375 ἐν

2062 5405 2291 5475 οίκίσκῳ
2336 5402 2618 5469 πολλάκις,
2659 5404 2748 5459 6:6
2792 5405 2850 5458 δέ
2877 5406 2986 5459 τῶν
3035 5404 3267 5476 θυρίδων
3330 5406 3639 5476 ύπερεκπί-

2065 5505 2273 5543 πτουσα
2318 5487 2496 5543 αὐτῶν
2522 5489 2556 5559 ἡ
2585 5488 2781 5544 εὐωδία
2811 5491 2889 5553 είς
2930 5488 3148 5560 ἀμφοδα
3179 5489 3274 5543 καὶ
3317 5488 3627 5551 στενωποὺς

2030 5602 2031 5605 η
2062 5571 2157 5626 καὶ
2201 5571 2407 5643 ἀγορὰς
2426 5613 2442 5641 ,
2483 5572 2576 5626 καὶ
2603 5573 2731 5637 τοὺς
2778 5573 2884 5641 ἔξω
2916 5571 3225 5643 βαδίζοντας
3267 5571 3507 5626 διδάσκει
3540 5572 3641 5641 τὴν

2119 5693 2144 5733 τι
2169 5694 2265 5759 Am
2284 5697 2438 5759 ἡμῶν.

2056 5754 2295 5871 μιἱέῧῶ
2322 5754 2444 5808 ά)λὰ
2468 5759 2546 5809 καὶ
2570 5759 2634 5818 είς
2653 5760 2789 5827 ἔτερα
2809 5760 2962 5810 πο)λά
2984 5760 3119 5825 μέχρι
3141 5755 3338 5809 πολλοῦ.
3367 5754 3549 5809 (ζείοῐί
3586 5758 3641 5807 υι
