4224 6302
718 456 866 511 ἐνδον
895 451 1150 522 κειμένην
1176 449 1286 504 τῶν
1327 448 1632 520 ἀρωμάτων
1674 449 1896 518 ἀρετήν.
1929 448 1992 501 Εί
2020 447 2077 500 δέ
2104 444 2277 517 πηγή,

720 539 814 592 καὶ
856 535 1000 605 ῥίζα,
1042 535 1137 586 καὶ
1190 532 1374 601 φυτῶν
1414 532 1507 584 καὶ
1551 532 1857 601 ἀρωμάτων
1896 531 2056 598 φύσις
2096 527 2291 581 10006-

717 637 816 690 την
859 617 1034 685 έχουσι
1070 616 1167 687 τὴν
1203 616 1374 685 ίσχὺν,
1410 613 1586 683 πολλῷ
1626 612 1824 682 μᾶλλον
1863 613 1968 665 τῶν
2006 611 2177 680 ἀγίων
2220 609 2289 664 τὰ

720 699 977 771 σώματα·
1011 699 1105 752 καί⁵
1137 699 1218 751 δτι
1253 697 1315 752 οὐ
1357 696 1526 768 ψευδῆ
1563 695 1632 749 τά
1676 695 1967 765 λεγόμενα,
2011 695 2287 766 μάρτυρες

719 785 894 854 ύμεῖς.
935 784 1008 836 Τὸ
1048 784 1147 853 μέν
1188 782 1294 852 γὰρ
1342 781 1503 850 σῶμα
1545 779 1640 833 τοῦ
1685 780 1959 849 μάρτυρος
2002 780 2180 832 κεῖται
2228 777 2287 830 ἐν

718 869 926 939 Θρᾴκῃ,
954 868 1109 936 ὑμεῖς
1153 864 1212 917 δέ
1249 864 1348 917 οὐκ
1393 865 1451 917 ἐν
1491 863 1680 934 Θρᾴκῃ
1729 861 2116 933 διατρίϐοντες,
2151 859 2283 914 ἀλλά

718 950 852 1002 πολὺ
893 949 992 1019 τῆς
1034 945 1215 1018 χώρας
1261 946 1479 1016 ἐκείνης
1535 948 1908 1015 ἀφεστηκότες
1957 942 2287 1013 ἀντιλαμϐά-

718 1030 872 1083 νεσθε
917 1030 1016 1099 τῆς
1062 1027 1291 1090 εὐωδίας
1329 1031 1397 1080 ἐκ
1440 1027 1695 1081 τοσούτου
1754 1027 2151 1096 διαστήματος,
2194 1025 2287 1077 καὶ

716 1112 803 1164 διά
846 1110 1004 1163 τοῦτο
1033 1108 1448 1177 συνεληλύθατε,
1475 1109 1567 1162 καὶ
1595 1109 1655 1161 ού
1697 1107 1988 1161 διεκώλυσε
2025 1106 2128 1176 τῆς
2165 1105 2285 1157 ὀδοῦ

716 1191 866 1265 [606]
910 1194 969 1245 τὸ
1002 1192 1196 1262 μῆκος,
1226 1191 1342 1244 οὑκ-
1373 1189 1564 1245 ἐσϐεσε
1602 1189 1698 1245 τοῦ
1739 1189 1928 1260 χρόνου
1972 1187 2032 1241 τὺ
2060 1187 2282 1257 πλῆθος.

716 1275 947 1344 Τοιαύτη
1003 1273 1112 1343 γάρ
1156 1272 1265 1325 τῶν
1323 1271 1708 1343 πνευματικῶν
1767 1270 2203 1341 κατορθωμάτων
2248 1271 2282 1338 ή

719 1355 910 1424 φύσις·
949 1355 1121 1408 οὐδενὶ
1177 1354 1486 1425 σωματικῷ
1517 1354 1868 1414 διακόπτεται
1916 1352 2197 1422 κωλύματι
2227 1365 2277 1416 ι,

719 1437 831 1490 ἀλλ’
874 1437 1025 1490 ἀνθεῖ
1055 1436 1147 1489 καὶ
1193 1435 1410 1502 αὔξεται
1458 1435 1575 1489 καθ’
1605 1435 1840 1504 ἐκάστην
1889 1433 2134 1504 ἡμέραν,
2193 1433 2286 1486 καὶ

719 1519 842 1571 οὔτε
890 1519 1081 1589 χρόνου
1132 1519 1384 1590 μαραίνει
1435 1519 1499 1572 τὸ
1538 1517 1738 1587 πλῆθος
1790 1517 1981 1587 αὐτὴν,
2028 1515 2126 1586 οὐχ
2163 1513 2284 1568 ὁδοῦ

718 1602 1026 1670 διατειχίζει
1062 1601 1257 1670 μῆκος.

788 1703 883 1773 Μὴ
909 1701 1226 1772 θαυμάσητε
1249 1702 1308 1755 δέ
1340 1703 1390 1756 εί
1429 1702 1523 1756 τοῦ
1555 1702 1714 1771 λόγου
1741 1703 1833 1756 καὶ
1864 1700 1970 1755 τῶν
1997 1699 2286 1771 ἐγκωμίων

717 1785 1015 1855 ἀρχόμενος
1046 1785 1297 1855 μάρτυρα
1334 1786 1426 1837 τὸν
1459 1785 1612 1852 ἀγιον
1647 1785 1878 1837 ἐκάλεσα
1898 1799 1913 1813 ·
1946 1784 2038 1836 καὶ
2068 1781 2175 1853 γάρ
2202 1783 2278 1835 οἰ-

720 1867 850 1935 κείῳ
868 1866 1010 1919 τέλει
1030 1867 1128 1936 τήν
1153 1863 1295 1935 ζωὴν
1320 1866 1586 1919 κατέλυσε
1605 1882 1619 1897 ·
1645 1865 1761 1928 πῶς
1780 1862 1875 1919 οῦν
1902 1866 2016 1919 ἐστι
2044 1865 2283 1936 μάρτυς;

721 1944 887 2000 Εἶπον
920 1946 1174 2010 πολλάκις
1197 1947 1334 2017 πρὸς
1360 1945 1458 2018 τὴν
1481 1947 1753 2017 ὑμετέραν
1781 1947 2022 2016 ἀγάπην,
2045 1948 2126 1999 ὃτι
2154 1946 2285 2018 μάρ-

719 2046 856 2099 τυρα
899 2030 1018 2097 οὐχὶ
1051 2031 1080 2082 0
1115 2028 1340 2091 θάνατος
1375 2033 1518 2082 ποιεῖ
1549 2029 1740 2099 μόνον,
1773 2029 1908 2084 ἀλλά
1951 2030 2102 2099 καὶὴ
2151 2030 2287 2101 πρό-

722 2113 888 2174 θεσις.
921 2113 994 2165 00
1042 2112 1149 2182 γὰρ
1193 2111 1300 2163 ἀπὸ
1345 2111 1443 2181 τῆς
1476 2110 1751 2174 ἐκϐάσεως
1799 2111 1990 2181 μόνον,
2021 2110 2156 2164 ἀλλὰ
2196 2111 2288 2163 καὶ¹

721 2193 827 2245 ἀπὸ
863 2192 961 2262 τῆς
991 2192 1214 2263 γνώμης
1243 2191 1505 2244 πλέκεται
1532 2192 1793 2255 πολλάκις
1821 2195 1850 2245 0
1875 2192 1966 2245 106
1992 2191 2286 2263 μαρτυρίου

723 2274 1002 2340 στέφανος.
1031 2274 1139 2325 Καὶ
1167 2272 1356 2326 τοῦτον
1393 2275 1494 2326 οὐκ
1525 2273 1654 2342 ἐγὼ,
1683 2273 1821 2327 ἀλλά
1854 2273 2064 2336 Παῦλος
2103 2273 2287 2327 δίδωσι

721 2353 813 2407 τοῦ
841 2355 1133 2425 μαρτυρίου
1163 2355 1252 2407 τὸν
1289 2355 1414 2425 ὅρον
1445 2355 1644 2408 οὑτωσὶ
1675 2355 1869 2423 λέγων,
1900 2356 2037 2410 Καθ’
2059 2353 2288 2425 ,ἡμέραν

720 2438 1104 2502 ἀποθνήσκω.
1157 2437 1279 2500 Πῶς
1317 2439 1678 2508 ἀποθνήσκεις
1717 2439 1838 2492 καθ’
1877 2439 2118 2510 ήμέραν;
2171 2439 2288 2503 πῶς

720 2519 943 2571 δυνατὸν
982 2520 1062 2575 ἐνὶ
1108 2517 1322 2586 σώματι
1351 2517 1530 2589 θνητῷ
1574 2520 1797 2590 μυρίους
1823 2521 2075 2587 δέξασθαι
2123 2520 2286 2574 θανά-

719 2616 842 2662 τους
863 2617 878 2666 ;
903 2602 980 2671 Τῇ
1004 2600 1276 2667 προθέσει,
1300 2603 1452 2671 φησὶ,
1477 2603 1571 2655 καὶ
1593 2602 1669 2673 τῷ
1696 2603 2133 2674 παρεσκευάσθαι
2155 2603 2288 2673 πρὸς

719 2682 992 2752 τελευτήν.
1027 2682 1180 2735 Οὖτω
1220 2684 1314 2736 καὶ
1356 2686 1384 2736 ό
1411 2684 1543 2747 Θεὸς
1573 2686 1963 2754 ἀποφαίνεται·
1993 2687 2085 2740 καὶ
2119 2685 2227 2756 γὰρ
2260 2688 2288 2740 ό

734 2763 982 2834 Ἀϐραὰμ
1004 2764 1102 2832 οὐχ
1136 2763 1311 2834 ᾕμαξε
1343 2766 1440 2833 τὴν
1472 2767 1768 2837 μάχαιραν,
1800 2767 1898 2820 οὐκ
1935 2768 2165 2836 ἐφοίνιξε
2195 2769 2286 2821 τὸν

723 2845 922 2917 βωμὸν,
970 2847 1068 2900 οὐκ
1108 2847 1267 2900 ἐθυσε
1303 2846 1392 2901 τὸν
1441 2847 1642 2912 Ἰσαάκ,
1677 2850 1793 2901 ἀλλ’
1825 2851 1974 2919 ὅμως
2017 2851 2286 2921 ἀπήρτισε

721 2928 817 2997 τὴν
847 2929 1053 2982 θυσίαν.
1083 2928 1179 2991 Τίς
1215 2928 1392 2982 ταῦτά
1444 2946 1642 2998 φησιν;
1690 2930 1860 2992 A610;
1903 2932 1932 2983 0
1971 2931 2066 3001 τήν
2100 2931 2287 2986 θυσίαν

719 3009 1042 3080 δεξάμενος·
1080 3013 1200 3063 Οὐκ
1243 3010 1464 3078 ἐφείσω
1498 3011 1626 3080 γὰρ,
1675 3013 1826 3080 φησὶ,
1858 3011 1964 3065 τοῦ
2004 3013 2137 3068 υίοῦ
2168 3028 2285 3068 σου

721 3091 826 3144 τοῦ
853 3089 1163 3159 ἀγαπητοῦ
1201 3091 1274 3144 δι’
1312 3092 1434 3160 ἐμέ.
1474 3093 1584 3144 Καὶ
1633 3092 1737 3162 μὴν
1768 3091 1944 3154 ζῶντα
1979 3093 2157 3157 ἔλαϐε,
2191 3096 2287 3148 καὶ

722 3171 848 3240 ὑγιῆ
900 3175 1213 3241 κατήγαγε·
1259 3173 1374 3237 πῶς
1416 3169 1508 3227 οῦν
1551 3173 1651 3226 ούκ
1696 3173 1981 3243 ἐφείσατο;
2024 3177 2144 3230 Ὂτι
2188 3178 2289 3230 οὐκ

721 3251 830 3306 ἀπὸ
855 3252 948 3306 τοῦ
989 3253 1169 3318 τέλους
1203 3253 1311 3306 τῶν
1342 3255 1700 3326 πραγμάτων,
1728 3255 1844 3310 ἀλλ’
1878 3258 1987 3311 ἀπὸ
2020 3259 2118 3328 τῆς
2155 3276 2287 3330 προ-

720 3334 922 3397 θέσεως
947 3335 1056 3388 τῶν
1077 3335 1472 3406 προελομένων,
1495 3337 1593 3400 τὰς
1617 3337 1872 3401 τοιαύτας
1897 3339 2066 3411 κρίνω
2099 3339 2289 3404 θυσίας

721 3415 866 3486 ἐγὼ,
899 3418 1082 3488 φησίν.
1127 3419 1241 3472 Ούκ
1287 3418 1517 3487 ἐσφαξεν
1557 3421 1591 3490 ή
1641 3420 1791 3492 χεὶρ,
1834 3421 1946 3474 ἀλλ’
1991 3422 2222 3492 ἐσφαξεν
2250 3427 2286 3494 ἡ

723 3499 1040 3571 προαίρεσις
1067 3515 1078 3529 ·
1107 3502 1207 3554 οὐκ
1228 3499 1487 3554 ἐϐάπτισε
1506 3500 1565 3554 τὸ
1589 3501 1740 3571 ξίφος
1763 3506 1840 3566 είς
1862 3504 1953 3559 τὸν
1973 3504 2166 3576 λαιμὸν
2191 3505 2285 3560 τοῦ

723 3582 933 3645 παιδὸς,
963 3583 1022 3635 οὺ
1053 3581 1264 3651 διέτεμε
1297 3582 1393 3653 τὴν
1423 3581 1583 3654 δέρην
1606 3583 1657 3650 δ,
1689 3583 1803 3636 ἀλλ’
1836 3585 1950 3639 ἐστι
1993 3587 2151 3642 θυσία
2192 3591 2288 3644 καὶ

723 3664 890 3733 χωρὶς
917 3663 1168 3733 αἵματος.
1191 3664 1398 3718 ’Ῑσασιν
1428 3666 1478 3716 οί
1510 3666 1849 3734 μεμυημένοι
1873 3669 1933 3721 τὸ
1961 3667 2249 3740 λεγόμενον
2266 3688 2280 3702 ·

719 3744 809 3798 διά
829 3745 987 3797 τοῦτο
1017 3746 1073 3798 δέ
1105 3747 1329 3815 κάκείνη
1356 3748 1388 3815 ή
1421 3745 1579 3799 θυσία
1601 3748 1768 3816 χωρὶς
1797 3748 2026 3819 αἵματος
2049 3751 2282 3819 ἐγένετο,

719 3826 907 3897 ἐπειδὴ
945 3826 1147 3897 ταύτης
1192 3826 1414 3897 ἔμελλεν
1457 3827 1674 3881 ἔσεσθαι
1707 3829 1893 3892 τύπος.
1939 3831 2097 3903 Ὁρᾷς
2128 3835 2187 3888 ἐν
2216 3837 2282 3906 τῇ

721 3907 933 3978 Παλαιᾷ
971 3908 1512 3980 προδιαγραφομένην
1547 3910 1645 3981 τὴν
1676 3910 1894 3978 είκόνας
1930 3914 2022 3985 Μὴ
2049 3916 2280 3986 ἀπιστή-

723 4006 823 4060 σῃς
845 3993 912 4062 τῇ
942 3989 1184 4062 ἀληθείᾳ.

796 4100 866 4163 γ’.
889 4089 1056 4158 Οὗτος
1075 4095 1256 4150 τοίνυν
1279 4099 1310 4150 0
1327 4097 1540 4166 μάρτυς
1560 4097 1835 4170 (μάρτυρα
1847 4100 1954 4170 γὰρ
1974 4100 2102 4171 ήμῖν
2122 4102 2283 4156 αὑτὸν

719 4178 749 4230 0
775 4177 925 4245 λόγος
951 4178 1232 4248 ἀπέδειξε)
1280 4178 1416 4249 πρὸς
1443 4178 1667 4250 μυρίους
1711 4183 2162 4252 παρεσκευάσατο
2184 4184 2283 4239 θα-

721 4259 931 4322 νάτους,
954 4260 1047 4311 καὶ
1080 4261 1287 4323 πάντας
1313 4261 1508 4322 αὐτοὺς
1557 4261 1814 4332 ὑπέμεινε
1849 4265 1915 4334 τῇ
1960 4263 2148 4336 γνώμῃ
2190 4266 2283 4319 καὶ

719 4342 786 4409 τῇ
816 4339 1090 4412 προθυμίᾳ
1109 4357 1123 4373 ·
1146 4341 1253 4393 τῶν
1268 4342 1330 4396 δὲ
1357 4343 1752 4413 ἐπενεχθέντων
1773 4344 2032 4399 κινδύνων
2057 4347 2281 4413 πολλοὺς

721 4423 815 4478 καὶ
841 4423 906 4474 δι’
944 4424 1230 4493 αὐτῆςίτῆς
1262 4424 1454 4494 πείρας
1489 4426 1762 4496 ἠνέσχετο.
1791 4428 1900 4481 Καὶ
1926 4429 2031 4501 γάρ
2059 4430 2151 4482 καὶ
2180 4431 2279 4503 τῆς

720 4504 975 4574 πατρίδος
1019 4505 1177 4559 αὐτὸν
1221 4506 1508 4576 ἐξήλασαν,
1537 4511 1632 4562 καὶ
1665 4509 1798 4580 πρὸς
1837 4510 1934 4582 τὴν
1983 4514 2278 4586 ὑπερορίαν

719 4589 1101 4670 μετέστησαν,
1149 4589 1241 4641 καὶ
1283 4589 1454 4644 πολλά
1494 4591 1657 4661 ἐτερα
1693 4593 1835 4646 κατὰ
1879 4595 1974 4648 τοῦ
2007 4598 2279 4670 μακαρίου

718 4671 977 4741 ἐκίνησαν
1019 4669 1138 4723 τότε
1194 4671 1423 4736 ἐκείνου,
1467 4673 1670 4726 δίκαιον
1723 4677 1820 4744 μὲν
1868 4678 2018 4732 οὐδὲν
2068 4680 2280 4750 ἔχοντες

715 4755 986 4833 ἐγκαλεῖν,
1009 4754 1091 4806 ὅτι
1117 4752 1174 4806 δὲ
1201 4753 1437 4818 ἀκούσας
1459 4755 1552 4808 τοῦ
1581 4756 1791 4812 Παύλου
1821 4758 2084 4828 λέγοντος,
2122 4764 2280 4818 Ἑσε-

714 4835 1030 4902 ὄὰσθησαν
1067 4836 1165 4889 καί
1210 4836 1583 4904 ἐλάτρευσαν
1626 4837 1698 4908 τῇ
1754 4841 1945 4896 κτίσει
1975 4845 2135 4912 παρὰ
2172 4845 2280 4900 τὸν

718 4918 1006 4971 κτίσαντα
1027 4960 1040 4980 ,
1071 4918 1237 4987 ἐφυγε
1260 4920 1322 4972 τὸ
1356 4919 1608 4991 ἀσέϐημα
1631 4960 1645 4984 ,
1681 4923 1776 4976 καὶ
1808 4925 1906 4996 τὴν
1936 4928 2279 4997 παρανομίαν

714 5000 952 5053 εδεισεν·
993 5000 1126 5053 ἀλλὰ
1174 5000 1330 5055 τοῦτο
1359 5002 1459 5074 μὲν
1499 5006 1797 5073 στεφάνων,
1837 5007 1900 5060 οὐ
1949 5011 2278 5080 κατηγορίας

717 5081 882 5163 ἀξιον.
914 5083 984 5135 Σὺ
1010 5083 1066 5135 δέ
1101 5099 1191 5153 μοι
1227 5086 1417 5139 σκόπει
1453 5086 1549 5140 τοῦ
1585 5086 1830 5142 διαϐόλου
1858 5089 1953 5159 τὴν
1993 5093 2273 5163 πονηρίαν.

729 5161 945 5235 Ἐπειδὴ
993 5166 1101 5238 γάρ
1152 5169 1474 5236 προσφάτως
1524 5168 1591 5242 ἦν
1621 5174 1648 5225 0
1696 5173 2000 5242 Ἐλληνικὸς
2047 5161 2278 5246 πόλεμος

688 5248 1064 5313 ⁵καταλυθείς,
1110 5251 1203 5304 καὶ
1232 5251 1354 5321 άρτι
1389 5252 1496 5305 τῶν
1536 5255 1786 5324 χαλεπῶν
1826 5256 1919 5309 καὶ⁹
1965 5246 2277 5326 ἐπαλλῖήλων

713 5330 966 5399 ειωγμῶν
995 5333 1492 5388 ἀνεπεπνεύκεισαν
1521 5337 1577 5388 0!
1617 5337 1928 5408 Ἑκκλησίαι
1966 5342 2157 5405 πᾶσαι,
2183 5345 2276 5397 καὶ

714 5414 815 5465 οὐκ
834 5409 900 5482 ἦν
927 5415 1090 5477 πολὺς
1113 5418 1140 5469 0
1167 5416 1375 5485 χρόνος,
1404 5416 1463 5482 ἐξ
1487 5412 1546 5470 οὗ
1575 5419 1692 5472 λαοὶ
1719 5419 1816 5489 μὲν
1843 5421 2275 5495 ἀπεκλείσθησαν

715 5500 975 5561 ἅπαντες,
1021 5499 1196 5568 βωμοὶ
1224 5501 1279 5553 δὲ
1319 5502 1682 5572 ἐσϐέσθησαν,
1727 5507 1873 5559 πᾶσα
1914 5508 1971 5561 δὲ
2013 5508 2118 5565 τῶν
2155 5512 2270 5568 δαι-

777 5618 794 5640 ¹¹
819 5624 1065 5683 Κωλύματι
1089 5626 1232 5674 (ξορα.
1254 5629 1300 5674 in
1329 5642 1440 5676 mss.

767 5681 794 5719 δ
812 5683 892 5734 Sic
926 5681 1036 5733 mss.
1063 5687 1212 5735 Morel
1263 5702 1376 5737 vero
1400 5689 1524 5738 male
1547 5691 1708 5753 δέρῥιν.

1421 336 1480 391 S.
1520 331 1804 390 ιῡΑΝΝιε
1837 329 2318 393 ουιινδοδῖοιιι
2352 329 2670 389 ARCHIEP.
2708 325 3249 386 CONSTANTINOI'.

3848 324 3956 379 60‘!

2395 444 2567 514 μόνων
2600 447 2636 516 ή
2685 443 2852 517 μανία
2886 441 3235 507 καταλέλυτο,
3281 437 3376 493 καὶ
3421 437 3594 492 ταῦτα
3626 435 3815 491 ἐλύπει
3858 437 3953 490 τὸν

2385 534 2622 604 πονηρὸν
2652 532 2904 603 δαίμονα,
2925 532 3020 586 καὶ
3050 531 3151 583 οὑκ
3171 527 3401 598 ήδύνατο
3428 527 3616 599 πράως
3646 526 3830 597 φέρειν
3855 525 3958 598 τὴν

2385 621 2486 691 τῆς
2511 620 2837 692 Ἐκκλησίας
2865 620 3108 691 είρήνην,
3129 617 3183 669 τί
3213 613 3306 670 οὖν
3333 619 3505 682 ποιεῖ;
3524 615 3747 685 Ἕτερον
3772 616 3956 666 ἐπεισ-

2389 713 2512 779 άγει
2539 710 2688 785 [60⁸7]
2738 712 2974 782 πόλεμον
3014 708 3266 779 χαλεπόν.
3305 705 3368 762 '0
3401 707 3500 774 μὲν
3530 705 3638 776 γάρ
3669 701 3952 771 ἐξωτικδς,

2382 783 2557 866 οὗτος
2584 783 2641 854 δέ
2687 801 2947 873 ἐμφύλιος
2975 795 3074 870 ἦν·
3109 798 3158 850 οί
3211 797 3270 850 δέ
3311 794 3542 849 τοιοῦτοι
3589 792 3955 862 δυσφύλακτοι

2387 892 2584 966 μᾶλλόν
2612 895 2740 958 είσι,
2757 892 2849 946 καὶ
2877 891 3073 962 ῥᾳδίως
3089 886 3393 960 χειροὶλιται
3417 887 3544 949 τοὺς
3559 885 3952 966 ἐμπίπτοντας.

2455 984 2611 1039 Κατά
2642 983 2734 1036 τὸν
2758 973 2947 1054 καιρὸν
2989 981 3168 1035 τοίνυν
3207 979 3411 1032 ἐκεῖνον
3442 977 3472 1030 0
3507 975 3770 1048 μακάριος
3794 964 3954 1036 0610;

2383 1076 2708 1147 ἐστρατήγει
2736 1073 2839 1145 τῆς
2875 1072 3005 1145 παρ’
3040 1073 3172 1143 ήμῖν
3215 1069 3562 1140 Ἐκκλησίας,
3606 1067 3700 1126 καὶ
3736 1066 3953 1132 αἴρεται

2386 1164 2486 1235 μέν
2535 1165 2569 1233 ή
2616 1162 2796 1228 νόσος,
2833 1160 3022 1232 ὥσπερ
3053 1176 3136 1222 τις
3189 1157 3374 1229 λοιμὸς
3427 1155 3660 1228 χαλεπὸς
3692 1153 3800 1206 ἀπὸ
3840 1152 3955 1206 τῶν

2388 1252 2668 1322 Αἰγύπτου
2689 1252 2926 1324 χωρίων,
2959 1247 3077 1304 εἶτα
3110 1249 3196 1304 διά
3227 1247 3336 1301 τῶν
3380 1245 3582 1318 μεταξὺ
3615 1245 3822 1298 πόλεων
3851 1243 3955 1313 βα-

2381 1343 2541 1409 δίζων
2569 1342 2650 1407 είς
2671 1343 2770 1414 τὴν
2805 1341 2959 1396 πόλιν
2980 1341 3235 1395 ἔσπευδεν
3257 1338 3512 1410 ἐμϐαλεῖν
3539 1337 3637 1408 τὴν
3657 1332 3951 1406 ἡμετέραν.

2396 1432 2534 1487 Ἀλλ’
2587 1434 2796 1495 ἐκεῖνος
2828 1429 3146 1502 ἐγρηγορὼς
3175 1427 3270 1482 καὶ
3299 1428 3504 1499 νήφων,
3551 1426 3646 1479 καὶ
3675 1425 3852 1478 πάντα
3881 1422 3954 1475 τά

2386 1523 2649 1594 μέλλοντα
2675 1523 2926 1595 προορῶν
2961 1520 3262 1593 πόρρωθεν,
3286 1518 3578 1591 προσιόντα
3599 1515 3691 1570 τὸν
3716 1516 3956 1586 πόλεμον

2382 1615 2745 1687 ἀπεκρούετο·
2779 1615 2872 1668 καὶ
2905 1613 3157 1683 καθάπερ
3199 1611 3361 1678 σοφός
3397 1626 3482 1673 τις
3511 1607 3715 1679 ίατρδς,
3749 1607 3885 1675 πρὶν
3917 1605 3954 1675 ﬂ

2381 1708 2480 1778 τὴν
2504 1706 2660 1761 νόσον
2690 1705 2946 1776 ἐμϐαλεῖν
2979 1705 3058 1768 είς
3094 1703 3194 1774 τὴν
3230 1703 3403 1766 πόλιν,
3444 1699 3677 1754 ἐνταῦθα
3707 1697 3955 1766 καθήμε-

2383 1817 2495 1864 νος,
2528 1798 2598 1852 τά
2622 1798 2891 1869 φάρμακα
2914 1794 3301 1860 κατεσκεύαζε,
3328 1793 3423 1847 καὶ
3449 1791 3549 1862 τὴν
3579 1789 3731 1861 ίεράν
3750 1788 3957 1856 ταύτην

2384 1889 2516 1945 ναῦν
2548 1887 2686 1960 μετά
2729 1886 2924 1957 πολλῆς
2953 1885 3219 1960 ἐκυϐέρνα
3253 1885 3354 1955 τῆς
3389 1881 3713 1954 ἀσφαλείας,
3746 1894 3956 1933 παντα⁴

2382 1981 2476 2052 χοῦ
2516 1980 2884 2050 περιτρέχων,
2925 1977 3157 2043 ναύτας,
3204 1977 3497 2040 ἐπιϐάτας,
3528 1975 3652 2037 τοὺς
3691 1971 3957 2033 πλέοντας

2384 2072 2628 2132 ἅπαντας
2650 2067 2982 2140 συγκροτῶν,
3000 2069 3208 2137 νήφειν,
3233 2062 3588 2136 ἐγρηγορέναι
3610 2057 3960 2131 11090011500-

2384 2160 2513 2227 ζων,
2539 2161 2615 2225 ὡς
2645 2158 2916 2230 πειρατῶν
2947 2155 3333 2224 ἐπιτιθεμένων
3358 2154 3451 2208 καὶ
3479 2154 3576 2223 τῆς
3604 2150 3838 2213 πίστεως
3863 2149 3956 2203 τὸν

2383 2252 2653 2324 θησαυρὸν
2674 2249 3015 2320 ἀποπλῆσαι
3037 2246 3474 2318 ἐπιχειρούντων.
3502 2245 3615 2298 Οὐκ
3641 2242 3875 2296 ἐνταῦθα
3897 2241 3957 2293 δέ

2386 2345 2544 2415 μόνον
2575 2344 2840 2414 ἐκέχρητο
2873 2343 2938 2412 τῇ
2979 2340 3205 2411 προνοίᾳ
3231 2339 3428 2410 ταύτῃ,
3459 2336 3595 2391 ἀλλά
3627 2336 3718 2388 καὶ
3750 2351 3956 2388 παντα-

2383 2433 2478 2504 χοῦ
2517 2433 2851 2503 διεπέμπετο
2897 2433 3022 2493 τοὺς
3040 2427 3359 2494 διδάξοντας
3380 2467 3394 2493 ,
3438 2426 3953 2500 παρακαλέσοντας,

2380 2520 2807 2590 διαλεξομένους,
2835 2516 3382 2589 προαποτειχίσοντας
3404 2519 3514 2580 τοῖς
3538 2514 3819 2583 πολεμίοις
3856 2513 3956 2582 τὴν

2383 2609 2592 2676 ἔφοδον.
2622 2606 2731 2659 Καὶ
2754 2605 2864 2675 γάρ
2889 2601 2958 2675 ἦν
3005 2603 3433 2674 πεπαιδευμένος
3463 2601 3642 2665 καλῶς
3669 2600 3818 2671 παρά
3855 2602 3955 2670 τῆς

2383 2698 2475 2753 τοῦ
2519 2696 2835 2767 Πνεύματος
2890 2695 3158 2766 χάριτος,Ι
3189 2694 3271 2747 δτι
3324 2693 3416 2746 τὸν
3467 2691 3790 2762 Ἐκκλησίας
3821 2707 3956 2760 προ-

2382 2788 2593 2842 εστῶτα
2619 2788 2720 2841 οὑκ
2741 2787 2955 2856 ἐκείνης
2987 2785 3151 2856 μόνης
3171 2782 3427 2855 κήδεσθαι
3447 2782 3528 2836 δεῖ
3553 2782 3651 2852 τῆς
3683 2779 3835 2852 παρά
3858 2779 3954 2832 τοῦ

2380 2880 2701 2951 Πνεύματος
2733 2877 3170 2950 ἐγχειρισθείσης
3221 2874 3408 2946 αύτῷ,
3451 2873 3585 2927 ἀλλά
3635 2872 3731 2927 καὶ
3774 2872 3955 2942 πάσης

2380 2971 2481 3041 τῆς
2517 2969 2659 3024 κατά
2695 2968 2792 3040 τὴν
2823 2968 3149 3038 οἰκουμένην
3192 2966 3483 3036 κειμένης·
3516 2965 3609 3018 καὶ
3644 2962 3817 3016 ταῦτα
3849 2962 3956 3015 ἀπὸ

2381 3060 2490 3113 τῶν
2522 3058 2683 3130 ἱερῶν
2709 3058 3010 3129 ἐμάνθανεν
3037 3055 3309 3126 εὐχῶν.Εί
3335 3056 3442 3124 γὰρ
3460 3054 3558 3119 τάς
3592 3053 3754 3124 εὐχὰς
3784 3055 3954 3106 ποιεῖ-

2385 3147 2508 3208 σθαι
2535 3154 2635 3218 δεῖ,
2666 3153 2850 3224 φησὶν,
2883 3151 3025 3222 ὑπὲρ
3051 3151 3149 3219 τῆς
3176 3148 3467 3220 καθολικής
3503 3146 3828 3216 Ἐκκλησίας
3854 3146 3955 3216 τῆς

2381 3246 2490 3300 ἀπὸ
2535 3245 2782 3316 περάτων
2820 3243 2926 3306 ἐως
2972 3242 3223 3311 περάτων
3252 3240 3352 3311 τῆς
3386 3238 3742 3310 οἰκουμένης,
3776 3235 3956 3306 πολλῷ

2386 3337 2584 3408 μᾶλλον
2619 3335 2713 3390 καὶ
2750 3333 2853 3404 τὴν
2893 3332 3152 3404 πρόνοιαν
3186 3330 3326 3400 ὑπὲρ
3367 3329 3586 3401 ἀπάσης
3626 3328 3800 3397 αὐτῆς
3828 3329 3955 3380 ἐπι-

2378 3427 2692 3482 δείκνυσθαι
2732 3425 2835 3492 δεῖ,
2885 3425 2978 3478 καὶ
3025 3423 3229 3493 ὁμοίως
3279 3421 3507 3476 ἀπασῶν
3547 3418 3826 3490 κήδεσθαι,
3862 3419 3955 3473 καὶ

2385 3520 2656 3592 μεριμνᾷν
2679 3517 2877 3581 πάσας.
2899 3514 3008 3569 Καὶ
3030 3515 3167 3585 ὅπερ
3189 3512 3282 3567 ἐπὶ
3312 3511 3406 3566 τοῦ
3438 3511 3707 3580 Στεφάνου
3739 3510 3952 3579 γέγονε,

2379 3609 2538 3664 τοῦτο
2573 3609 2669 3664 καὶ
2701 3609 2789 3662 ἐπ’
2820 3606 3030 3661 ἐκείνου
3076 3603 3402 3658 συνέϐαινεν.
3441 3603 3652 3672 Ὥσπερ
3706 3601 3816 3676 γάρ
3855 3601 3954 3656 οὐκ

2383 3701 2657 3772 ἰσχύοντες
2693 3698 3009 3768 ἀντιστῆναι
3032 3700 3100 3768 τῇ
3131 3695 3294 3768 σοφίᾳ
3321 3697 3388 3766 τῇ
3427 3693 3524 3748 106
3562 3692 3859 3763 Στεφάνου,
3903 3695 3952 3747 οἱ

2391 3792 2631 3847 Ἰουδαῖοι
2661 3789 2907 3854 ἐλίθαζον
2935 3788 3026 3843 τὸν
3054 3787 3207 3856 ἀγιον
3246 3787 3483 3840 ἐκεῖνον·
3517 3783 3662 3838 οὕτω
3686 3785 3781 3837 καὶ
3810 3779 3953 3838 οὗτοι

2378 3880 2478 3933 οὐκ
2531 3877 2804 3949 ίσχύοντες
2837 3875 3151 3946 ἀντιστῆναι
3194 3875 3262 3945 τῇ
3306 3873 3468 3946 σοφία
3494 3877 3562 3944 τῇ
3608 3872 3820 3937 τούτου,
3857 3872 3950 3926 καὶ

2377 3969 2612 4040 ὁρῶντες
2633 3965 3014 4038 ἡσφαλισμένα
3039 3965 3107 4018 τὰ
3133 3961 3484 4035 ὀχυρώματα,
3509 3961 3827 4016 ἐκϐάλλουσι
3851 3961 3947 4032 τῆς

2378 4059 2586 4122 πόλεως
2617 4057 2801 4112 λοιπὸν
2831 4058 2922 4112 τὸν
2953 4058 3188 4128 κήρυκα.
3227 4055 3366 4111 Ἀλλ’
3393 4057 3426 4127 ή
3463 4054 3616 4127 φωνή
3640 4055 3740 4109 οὐκ
3765 4055 3945 4125 ἐσίγα,

2377 4151 2492 4206 ἀλλ’
2546 4150 2858 4218 ἐξεϐάλλετο
2895 4149 2994 4220 μὲν
3045 4150 3075 4202 0
3123 4147 3440 4220 ἄνθρωπος,
3492 4149 3521 4201 0
3562 4147 3618 4201 δέ
3660 4147 3817 4215 λόγος
3848 4147 3950 4215 τῆς

2377 4241 2721 4306 διδασκαλίας
2750 4241 2851 4294 οὐκ
2895 4237 3232 4307 ἐξεϐάλλετα
3281 4239 3393 4293 Καὶ
3436 4239 3546 4311 γάρ
3584 4237 3798 4302 Παῦλος
3835 4238 3950 4292 ἐδέ-

2376 4334 2516 4398 δετο,
2551 4333 2644 4388 καὶ
2689 4332 2719 4385 ό
2752 4331 2907 4401 λόγος
2948 4329 3044 4384 τοῦ
3073 4329 3209 4383 Θεοῦ
3251 4330 3351 4384 οὐκ
3382 4329 3622 4383 ἐδέδετο·
3659 4332 3754 4384 καὶ
3792 4325 3948 4394 οὗτος

2377 4428 2435 4480 ἐν
2461 4425 2737 4495 ἀλλοτρίᾳ,
2768 4422 2863 4476 καὶ
2889 4423 2922 4494 ή
2951 4420 3270 4475 διδασκαλία
3294 4419 3456 4474 αὑτοῦ
3481 4421 3612 4490 παρ’
3635 4422 3789 4492 ἡμῖν.
3823 4420 3948 4474 Ἐκ-

2375 4515 2659 4579 ϐάλλοντες
2683 4515 2864 4569 τοίνυν
2902 4512 3229 4583 ἐπεισῄεσαν
3268 4511 3736 4582 συμφραξάμενοι,
3769 4510 3944 4568 καθά-

2376 4626 2484 4682 περ
2509 4608 2803 4684 χείμαρρος
2838 4605 3062 4678 σφοδρός
3082 4622 3096 4636 ·
3124 4605 3238 4659 ἀλλ’
3270 4603 3394 4658 οὔτε
3433 4603 3502 4657 τὰ
3526 4602 3668 4673 φυτά
3699 4603 3943 4674 παρέσυ-

2377 4718 2499 4771 ραν,
2535 4700 2658 4754 οῦτε
2692 4699 2762 4752 τά
2788 4698 3075 4770 σπέρματα
3110 4695 3446 4766 κατέχωσαν,
3481 4693 3605 4748 οὔτε
3634 4694 3732 4764 τὴν
3763 4711 3941 4766 γεωρ-

2372 4792 2499 4861 γίαν
2530 4789 2863 4860 ἐλυμήναντο
2882 4805 2896 4820 ·
2931 4788 3073 4842 οὕτω
3117 4787 3297 4850 καλῶς
3341 4787 3434 4840 καὶ
3489 4786 3606 4856 μετ’
3636 4788 3946 4858 ἐπιστήμης

2374 4882 2478 4936 ὑπὸ
2505 4882 2603 4950 τῆς
2631 4880 2836 4934 ἐκείνου
2861 4880 3245 4951 γεωργηθέντα
3270 4879 3458 4949 σοφίας
3482 4879 3763 4952 ἐρῤίζωτο.
3783 4881 3943 4935 Ἀλλά

2374 4970 2481 5042 γάρ
2517 4969 2665 5035 ἀξιον
2696 4969 2890 5033 εἰπεῖν,
2911 4967 3057 5029 τίνος
3090 4965 3276 5018 ἐνεκεν
3303 4965 3675 5036 συνεχώρησεν
3719 4965 3882 5018 αὑτὸν
3917 4968 3944 5018 0

2373 5059 2506 5124 Θεὸς
2532 5056 2869 5125 ἀπελαθῆναι
2907 5053 3177 5107 ἐντεῦθεν.
3214 5053 3548 5125 Προσφάτως
3575 5049 3643 5122 ἦν
3672 5052 3943 5107 ἀναπνεύο

2374 5167 2514 5204 σασα
2538 5150 2571 5220 ή
2599 5146 2895 5218 Ἐκκλησία
2915 5164 2929 5179 ·
2960 5143 3072 5216 εἷχε
3103 5145 3454 5217 παραμυθίαν
3476 5145 3536 5198 ού
3555 5144 3654 5214 τὴν
3675 5143 3942 5215 τυχοῦσαν

2372 5241 2468 5309 τὴν
2502 5238 2821 5292 ἐπιστασίαν
2858 5238 2956 5309 τὴν
2977 5237 3187 5291 ἐκείνου
3209 5254 3222 5268 ·
3249 5236 3581 5306 πανταχόθεν
3610 5237 3778 5308 αὐτὴν
3806 5238 3942 5291 ἐτεί-

2371 5330 2542 5398 χιζεν,
2568 5328 2659 5381 καί
2680 5326 2786 5379 τῶν
2819 5326 3091 5396 πολεμίων
3124 5327 3221 5389 τὰς
3247 5324 3550 5396 προσϐολάς
3581 5325 3939 5397 ἀπεκρούετο.

2440 5416 2596 5476 Τίνος
2640 5410 2732 5468 οῦν
2779 5414 2964 5467 ἕνεκεν
3009 5413 3344 5478 ἐξεϐὣλετο,
3375 5413 3465 5466 καὶ
3506 5411 3803 5483 συνεχώρει
3829 5417 3942 5477 τοῖς

2371 5508 2675 5575 ἀπάγουσιν
2714 5506 2875 5560 αὑτὸν
2902 5509 2928 5558 0
2957 5503 3127 5571 Θεός;
3157 5504 3300 5566 τίνος
3336 5506 3558 5569 ἐνεκεν;
3592 5503 3706 5556 Καὶ
3743 5505 3817 5574 μή
3861 5522 3940 5556 τοι

2370 5601 2625 5671 νομίσητε
2647 5599 2851 5670 ταύτης
2879 5599 2979 5669 τῆς
3002 5597 3231 5670 ἀπορίας
3261 5596 3413 5648 λύσιν
3444 5592 3582 5649 εἶναι
3616 5595 3678 5649 τὸ
3711 5595 3938 5666 λεγόμε-

2374 5707 2460 5749 νον
2488 5691 2653 5762 μόνης
2673 5707 2688 5723 ·
2722 5691 2856 5746 ἀλλά
2891 5691 2991 5747 κᾶν
3017 5688 3152 5761 πρὸς
3183 5687 3468 5757 Ἕλληνας,
3494 5683 3597 5738 κᾶν
3627 5683 3765 5754 πρὸς
3788 5686 3938 5758 αίρε-
