4224 6302
408 328 504 384 001

407 454 591 495 eorum
626 439 762 495 odor
801 439 854 495 in
894 443 1072 506 vicos,
1097 441 1408 512 angiportu’s
1426 484 1440 508 ,
1470 451 1523 497 et
1550 441 1686 510 fora,
1711 441 1789 498 eis
1817 442 1983 498 etiam

405 530 494 598 qui
521 527 652 585 foris
676 531 1140 598 ambulant,.intus
1166 533 1452 602 repositam
1487 541 1788 587 aromatum
1817 532 1987 587 virtu-

407 629 512 676 tem
535 620 757 678 indicat.
781 622 933 689 Quod
961 622 1008 676 si
1032 621 1174 688 fons,
1199 631 1255 678 et
1277 623 1447 689 radix,
1475 632 1530 679 et
1557 623 1808 678 arborum
1827 631 1988 693 atque

405 721 797 783 unguentorum
837 720 1024 768 natura
1060 721 1258 768 tantam
1286 715 1392 769 vim
1421 714 1649 781 habent,
1677 713 1849 770 multo
1875 726 1992 769 ωδε

405 804 483 872 gis
510 811 816 866 sanctorum
844 818 1088 872 corpora.
1122 804 1408 860 Enimvero
1433 804 1564 860 falsa
1589 820 1695 860 non
1725 819 1845 861 esse
1865 818 1988 875 quae

404 899 654 966 dicimus,
681 914 779 955 vos
808 899 937 955 mihi
963 909 1127 957 testes
1147 901 1297 956 estis.
1322 899 1454 954 Nam
1485 899 1736 970 martyris
1772 899 1988 970 quidem

403 991 562 1046 situm
591 999 673 1046 est
701 1005 896 1060 corpus
922 991 977 1046 in
1006 990 1230 1046 Thracia
1251 1032 1266 1057 ,
1299 1004 1395 1045 vos
1417 998 1594 1045 autem
1625 989 1714 1061 qui
1741 989 1793 1044 in
1821 988 1988 1044 Thra-

401 1083 482 1137 cia
507 1096 616 1136 non
639 1083 928 1138 versamini
951 1124 968 1151 ,
995 1082 1089 1139 sed
1115 1083 1182 1138 ab
1203 1083 1290 1138 illa
1323 1084 1540 1153 regione
1559 1082 1786 1137 multum
1811 1079 1985 1136 dissiti

403 1172 532 1227 estis
549 1214 563 1238 ,
592 1187 809 1230 suavem
833 1173 1051 1230 odorem
1081 1175 1240 1230 tantis
1277 1174 1463 1245 spatiis
1492 1173 1782 1244 interiectis
1809 1173 1984 1244 perci-

402 1263 524 1334 pitis
547 1307 564 1332 ,
599 1265 825 1336 ideoque
845 1267 1172 1323 convenistis
1187 1307 1202 1334 ,
1232 1281 1332 1323 nec
1354 1283 1476 1322 eum
1503 1267 1602 1322 viai
1627 1265 1986 1338 longinquitas

399 1353 712 1424 impedivit,
739 1371 840 1412 nec
875 1355 1194 1413 diuturnitas
1235 1357 1489 1426 temporis
1531 1355 1807 1413 exstinxit.
1837 1353 1986 1409 Talis

401 1446 544 1500 enim
574 1447 932 1516 spiritualium
967 1457 1115 1504 recte
1144 1448 1406 1504 laetorum
1453 1458 1536 1505 est
1581 1457 1808 1504 natura:
1836 1447 1984 1502 nullo

397 1547 658 1604 corporeo
700 1535 1104 1608 interrumpitur
1128 1537 1432 1603 obstaculo,
1464 1537 1560 1592 sed
1604 1536 1764 1592 ﬂoret
1783 1545 1837 1592 et
1865 1550 1982 1591 cre-

397 1625 497 1680 scit
521 1625 576 1681 in
595 1625 712 1682 dies
733 1669 750 1694 ,
777 1642 1001 1698 eamque
1030 1643 1130 1684 nec
1157 1628 1514 1699 longinquitas
1542 1627 1798 1700 temporis
1836 1624 1984 1682 labe-

399 1714 563 1772 factat
581 1758 598 1784 ,
624 1733 723 1774 nec
753 1718 1090 1774 intervallum
1113 1719 1320 1774 itineris
1346 1718 1671 1774 intercludit.

467 1805 748 1878 Hartyrem
772 1825 872 1864 non
899 1810 1011 1864 sola
1037 1826 1173 1864 mors
1198 1811 1338 1880 facit.
1357 1809 1619 1880 —-Neque
1635 1822 1762 1864 vero
1778 1806 1970 1862 mirum

396 1897 546 1953 vobis
573 1898 842 1964 videatur,
883 1899 1025 1970 quod
1056 1901 1170 1970 ipso
1201 1901 1252 1955 in
1282 1901 1464 1956 limine
1490 1899 1748 1956 orationis
1772 1914 1834 1954 ac
1860 1897 1979 1954 lau-

394 1987 625 2045 dationis
650 1999 893 2044 sanctum
919 2001 1208 2061 martyrem
1234 1991 1569 2062 appellat-im,
1601 1990 1862 2061 siquidem
1884 2004 1978 2044 sua

394 2090 564 2136 morte
595 2081 852 2136 sublatus
889 2098 921 2138 e
960 2083 1095 2138 vivis
1118 2092 1199 2138 est
1221 2101 1235 2136 :
1258 2083 1348 2154 qui
1374 2092 1552 2153 potest
1587 2082 1749 2154 igitur
1775 2091 1980 2154 martyr

393 2173 552 2228 esse?
580 2172 960 2242 Sepcnumero
988 2175 1096 2230 dixi
1123 2175 1273 2230 vobis
1294 2215 1311 2242 ,
1351 2183 1637 2246 martyrem
1665 2174 1842 2230 facere
1871 2189 1977 2230 non

393 2271 620 2317 mortem
658 2272 862 2318 tantum
885 2305 900 2329 ,
931 2264 1025 2320 sed
1050 2265 1211 2319 animi
1241 2280 1451 2334 quoque
1477 2264 1807 2334 propositum
1832 2283 1847 2320 :
1869 2280 1975 2319 non

390 2353 532 2406 enim
553 2361 751 2407 eventu
769 2354 904 2418 solo,
928 2354 1023 2408 sed
1043 2355 1204 2409 etiam
1227 2356 1498 2409 voluntate
1517 2355 1758 2426 martyrii
1777 2369 1974 2410 corona

387 2454 750 2513 comparatur.
781 2443 848 2498 Et
875 2446 1011 2500 hanc
1034 2459 1139 2500 non
1170 2459 1290 2515 ego,
1316 2444 1411 2499 sed
1432 2445 1626 2500 Paulus
1650 2445 1803 2500 aﬂ'ert
1830 2461 1975 2500 mar-

389 2535 509 2605 tyrii
558 2534 957 2601 deﬁnitionem,
1003 2550 1126 2594 cum
1181 2536 1252 2590 ita
1297 2535 1460 2613 dicit,
1506 2536 1745 2603 Quotidie
1788 2538 1977 2591 morior

388 2626 454 2698 (Ι.
475 2626 594 2681 Cor.
619 2627 705 2682 l5.
736 2625 852 2696 5i.)
882 2627 1162 2692 Quomodo
1187 2627 1420 2696 quotidie
1454 2626 1714 2682 moreris?
1740 2626 1831 2696 qui
1862 2627 1974 2682 fieri

389 2724 564 2785 potest
589 2757 603 2779 ,
655 2726 712 2770 ut
753 2731 858 2771 uno
885 2731 1110 2785 corpore
1152 2725 1431 2772 sescentas
1473 2726 1674 2772 mortes
1707 2718 1974 2788 excipias?

387 2806 668 2877 Proposito
697 2807 946 2862 nimirum
975 2808 1174 2876 animi,
1205 2809 1375 2878 inquit
1399 2850 1414 2876 ,
1455 2809 1702 2879 quodque
1727 2809 1793 2864 ad
1825 2825 1972 2865 mor—

386 2907 490 2952 tem
518 2898 622 2952 sim
652 2906 887 2968 paratus.
914 2898 996 2953 .lta
1037 2899 1178 2954 Deus
1216 2899 1376 2955 etiam
1420 2898 1709 2956 declaravit
1735 2917 1748 2953 :
1773 2902 1971 2956 etenim

383 2987 652 3042 Abraham
683 3003 788 3042 non
831 2987 1066 3058 gladium
1108 2989 1442 3056 cruentavit,
1474 3004 1582 3044 non
1612 2991 1781 3046 altare
1806 2990 1970 3046 rube-

383 3075 525 3144 fecit,
548 3092 656 3131 non
683 3075 830 3132 Isaac
849 3077 1145 3146 jugulavit:
1169 3078 1264 3133 sed
1293 3087 1470 3134 tamen
1499 3080 1822 3134 sacrificium
1850 3095 1971 3149 per-

381 3165 522 3236 fecit.
555 3166 686 3234 Quis
714 3165 816 3221 hoc
838 3167 948 3221 ait?
976 3166 1067 3222 Ille
1092 3169 1206 3238 ipse
1231 3170 1321 3238 qui
1348 3169 1670 3224 sacriﬁcium
1698 3170 1967 3240 suscepit:

384 3255 506 3312 Non
534 3257 802 3328 pepercisti
839 3257 981 3312 enim
1007 3299 1023 3324 ,
1066 3257 1272 3326 inquit,
1309 3259 1418 3328 ﬁlio
1448 3266 1533 3312 tuo
1561 3258 1742 3314 dilecto
1766 3271 1970 3331 propter

377 3365 459 3402 me
481 3347 634 3421 (Gen.
663 3347 754 3402 22.
788 3347 898 3419 η).
929 3349 1088 3419 Atqui
1116 3350 1292 3404 vivum
1324 3364 1445 3405 eum
1475 3351 1698 3422 recepit,
1731 3359 1787 3406 et
1813 3352 1964 3406 inco-

383 3440 583 3496 lumem
608 3439 822 3496 reduxit
848 3458 863 3495 :
893 3440 1163 3510 quomodo
1192 3441 1352 3512 igitur
1373 3456 1479 3496 non
1511 3442 1791 3512 pepercit?
1814 3442 1968 3510 Quod

381 3544 486 3586 non
509 3544 577 3585 ex
599 3529 858 3585 factorum
879 3530 1047 3594 exitu,
1072 3530 1167 3586 sed
1186 3545 1251 3585 ex
1280 3532 1442 3587 animi
1460 3534 1745 3598 sententia,
1773 3533 1964 3603 inquit,

379 3623 446 3678 de
470 3622 734 3693 ejusmodi
763 3622 1037 3678 sacrificiis
1061 3623 1263 3678 soleam
1279 3623 1542 3694 judicare.
1569 3624 1686 3680 Non
1715 3626 1969 3681 mactavit

375 3729 568 3769 manus
593 3755 610 3779 ,
662 3721 719 3768 at
756 3715 1003 3769 voluntas
1044 3715 1294 3770 mactavit
1325 3732 1339 3768 :
1372 3729 1478 3769 non
1533 3716 1766 3786 gladium
1813 3717 1965 3787 pueri

377 3804 560 3874 jugulo
587 3803 884 3868 immersit,
927 3818 1033 3858 non
1063 3804 1324 3859 cervicem
1360 3803 1580 3871 incidit;
1621 3805 1716 3860 sed
1753 3813 1836 3861 est
1875 3819 1966 3860 sa-

379 3893 635 3949 criﬁcium
647 3894 808 3948 etiam
821 3894 938 3948 sine
958 3893 1234 3963 sanguine.
1254 3893 1441 3950 Sciunt
1467 3894 1564 3962 illi,
1587 3896 1675 3968 qui
1698 3896 1966 3967 mysteriis

380 3983 569 4038 initiati
608 3990 766 4050 sunt,
798 3983 927 4054 quid
960 3981 1533 4054 dicamus:pr0pterea
1563 3993 1618 4041 et
1645 3985 1772 4041 illud
1801 3987 1968 4042 sacri-

381 4074 557 4130 ﬁcium
599 4074 717 4130 sine
761 4074 1018 4144 sanguine
1045 4074 1341 4144 perfectum
1367 4083 1483 4143 est,
1525 4075 1777 4147 quoniam
1807 4077 1966 4147 hujus

381 4165 547 4236 ﬁgura
575 4179 695 4222 esse
717 4165 922 4220 debuit.
954 4165 1116 4221 Vides
1154 4167 1208 4221 in
1228 4166 1406 4222 Veteri
1445 4167 1790 4226 Testamento
1828 4170 1966 4227 ima-

380 4254 557 4324 ginem
601 4253 770 4310 multo
794 4264 920 4311 ante
960 4253 1362 4311 adumbratam?
1393 4255 1512 4313 Noli
1558 4259 1767 4316 veritati
1803 4259 1964 4316 ﬁdem

380 4345 664 4415 denegare.

449 4435 504 4490 ὅ.
532 4435 630 4490 ilic
668 4435 846 4507 itaque
881 4445 1088 4508 martyr
1117 4437 1437 4510 (martyrem
1467 4439 1609 4495 enim
1647 4441 1802 4498 nobis
1841 4457 1964 4499 eum

380 4530 514 4586 ratio
543 4527 950 4601 demonstravit)
972 4529 1036 4583 ad
1057 4539 1337 4586 sexcentas
1362 4540 1564 4588 mortes
1589 4542 1805 4602 paratus
1829 4545 1961 4600 erat.

383 4627 437 4672 et
460 4633 649 4673 omnes
676 4617 795 4673 illas
813 4620 1085 4675 voluntate
1104 4619 1374 4691 animique
1395 4621 1666 4678 alacritate
1689 4624 1962 4679 toleravit:

383 4715 586 4766 intenta
611 4722 738 4762 vero
777 4708 1010 4778 pericula
1042 4709 1304 4779 permulta
1348 4710 1524 4780 reipsa
1554 4726 1767 4782 quoque
1807 4715 1968 4769 susti-

379 4795 515 4850 nuit.
554 4794 688 4850 Nam
732 4805 786 4852 et
807 4812 840 4852 e
869 4797 1036 4866 patria
1062 4812 1184 4852 eum
1212 4798 1481 4867 ejecerunt
1499 4841 1514 4867 ,
1545 4809 1705 4873 atque
1742 4802 1794 4858 in
1821 4804 1966 4859 exsi-

383 4887 512 4941 lium
560 4886 900 4957 relegarunt,
956 4889 1164 4959 aliaque
1213 4889 1379 4944 multa
1437 4898 1549 4946 tum
1602 4893 1857 4962 temporis
1912 4895 1967 4950 in

382 4978 596 5034 beatum
627 4979 773 5034 illum
801 4981 1086 5036 machinati
1118 4992 1271 5046 sunt;
1305 4982 1515 5038 tametsi
1553 4984 1694 5054 quod
1734 4985 1811 5041 illi
1846 4987 1968 5055 jure

382 5069 593 5124 crimini
620 5079 910 5137 verterent,
943 5072 1076 5126 nihil
1119 5072 1398 5140 haberent,
1430 5074 1523 5131 sed
1553 5075 1715 5145 quod,
1747 5077 1965 5133 Paulum

384 5159 650 5216 dicentem
677 5176 797 5215 cum
826 5163 1085 5218 audiisset
1107 5205 1123 5230 ,
1154 5163 1428 5219 Cotuerunt
1455 5176 1503 5220 et
1530 5167 1805 5223 servierunt
1829 5186 1969 5224 crea-

385 5257 508 5303 ture
537 5251 702 5318 potius
730 5267 878 5319 quam
919 5264 1133 5307 creator:
1173 5253 1346 5324 (Rom.
1381 5256 1433 5309 l.
1465 5255 1555 5328 25)
1579 5296 1596 5324 ,
1642 5258 1968 5329 impietatem

387 5355 449 5394 ac
474 5341 651 5396 scelus
679 5342 906 5398 evitaret
929 5361 942 5397 :
965 5352 1020 5398 at
1047 5345 1188 5400 enim
1221 5345 1322 5401 hoc
1359 5348 1571 5416 quidem
1602 5364 1828 5415 corona,
1863 5367 1967 5407 non

388 5428 804 5496 reprehensione
825 5432 1041 5503 dignum
1067 5444 1201 5489 erat.
1226 5437 1304 5490 Tu
1324 5453 1447 5494 vero
1469 5439 1663 5495 diaboli
1689 5443 1966 5511 malitiam,

390 5534 592 5586 quaeso,
626 5522 916 5589 perpende.
945 5523 1076 5578 Nam
1105 5527 1225 5594 quia
1263 5542 1366 5581 non
1407 5529 1475 5582 ita
1510 5531 1710 5598 pridem
1741 5547 1970 5602 pagano-

392 5625 504 5662 rum
533 5609 727 5664 bellum
757 5611 932 5667 fuerat
967 5616 1282 5670 exstinctum
1305 5659 1319 5682 ,
1364 5629 1416 5672 et
1459 5634 1486 5672 a
1523 5622 1770 5690 gravibus
1795 5625 1967 5679 conti-

393 5701 609 5772 nuisque
641 5707 1135 5774 perscquutionibus
1164 5711 1318 5781 paulo
1349 5721 1470 5770 ante
1496 5730 1680 5772 omnes
1713 5717 1966 5777 Ecclesia:

1397 329 1466 386 IN
1503 330 1560 386 S.
1601 327 2042 387 EUSTATHIUI!
2105 325 2618 386 ANTIOCHENUM.

3580 309 3686 368 ϐοὶ

2096 443 2456 513 respirarant,
2503 455 2678 513 neque
2717 437 2940 496 multum
2977 436 3260 496 ellluxerat
3300 436 3587 509 temporis,
3617 451 3684 492 ex

2093 549 2202 606 quo
2228 533 2426 604 templa
2464 533 2644 587 omnia
2670 531 2849 588 clausa
2873 571 2890 596 ,
2926 529 3114 585 altaria
3152 527 3410 584 exstincta
3440 526 3682 592 fuerant,

2094 634 2148 680 et
2172 623 2476 678 daemonum
2501 621 2678 678 rabies
2705 621 2881 677 omnis
2905 619 3106 688 deleta,
3133 618 3356 690 haecque
3383 618 3683 688 improbum

2095 713 2396 770 da‘monem
2433 712 2575 769 male
2616 710 2919 780 habebant,
2970 721 3148 781 neque
3193 723 3378 780 pacem
3427 706 3684 763 Ecclesia:

2091 818 2248 872 equo
2271 804 2452 858 animo
2478 802 2619 860 ferre
2643 810 2852 873 poterat
2869 819 2883 857 :
2900 802 3026 872 quid
3057 815 3186 872 ergo
3225 798 3393 855 facit?
3415 797 3573 854 Aliud
3604 797 3685 851 in-

2091 892 2198 949 fert
2239 892 2439 948 bellum
2483 892 2754 949 infestum.
2796 891 2932 949 Nam
2973 890 3101 947 illud
3138 889 3352 962 quidem
3399 899 3683 945 externu

2091 983 2212 1050 fuit,
2239 983 2344 1039 hoc
2368 999 2499 1040 vero
2524 984 2869 1045 intestinum:
2892 983 3013 1039 talia
3039 997 3202 1053 porro
3223 982 3391 1037 multo
3415 979 3682 1036 difﬁcilius

2091 1083 2461 1146 praecaventur
2477 1118 2493 1144 ,
2521 1085 2578 1133 et
2606 1075 2761 1132 facile
2780 1089 2876 1132 eos
2899 1073 3227 1146 opprimunt.
3255 1072 3309 1126 in
3339 1086 3474 1144 quos
3499 1071 3681 1126 incur-

2089 1175 2235 1222 runt.
3429 1158 3436 1185 ῗ

2161 1257 2458 1313 Eustathius
2468 1257 2794 1312 Antiocheam
2807 1265 2912 1312 tum
2926 1255 3168 1312 Ecclesia
3190 1255 3288 1328 [itit
3307 1253 3592 1335 episcopus.
3611 1281 3683 1294 --

2091 1346 2189 1402 Illo
2237 1349 2414 1418 itaque
2455 1357 2694 1419 tempore
2733 1349 3026 1405 Ecclesiam
3051 1390 3066 1415 ,
3099 1361 3218 1418 quae
3257 1345 3396 1416 apud
3436 1360 3537 1400 nos
3562 1353 3678 1407 est,

2088 1438 2305 1508 regebat
2348 1438 2535 1494 beatus
2583 1440 2722 1504 iste,
2779 1454 2842 1495 ac
2889 1437 3109 1494 morbus
3149 1446 3368 1492 exortus
3408 1443 3491 1490 est
3528 1432 3680 1504 quasi

2086 1529 2252 1600 pestis
2271 1529 2515 1599 quaedam
2539 1529 2733 1586 infesta
2771 1529 2839 1583 ab
2863 1528 3079 1601 Egypti
3111 1527 3437 1598 regionibus,
3465 1525 3553 1596 qui
3583 1539 3683 1595 per

2087 1617 2249 1672 urbes
2281 1619 2585 1688 interjectas
2627 1628 2900 1690 grassatus
2938 1618 2991 1673 in
3031 1628 3270 1672 nostram
3299 1617 3484 1671 urbem
3513 1614 3682 1683 impe-

2087 1717 2200 1764 tum
2228 1707 2405 1765 facere
2432 1710 2770 1780 properabat.
2812 1711 2882 1763 At
2925 1709 3015 1764 ille
3043 1709 3268 1778 vigilans
3307 1716 3362 1762 et
3406 1714 3678 1771 attentus,

2085 1801 2368 1870 omniaque
2399 1800 2698 1871 praevidens
2720 1816 2839 1871 qua:
2867 1799 3218 1855 imminebant
3237 1841 3251 1861 ,
3280 1800 3532 1868 ingruens
3557 1800 3673 1855 bel-

2084 1891 2194 1946 lum
2226 1890 2444 1945 arcebat
2471 1907 2484 1946 :
2510 1899 2565 1945 et
2607 1899 2876 1960 tamquam
2921 1891 3136 1959 sapiens
3175 1890 3368 1960 aliquis
3396 1889 3636 1944 medicus
3660 1931 3676 1955 ,

2085 1984 2393 2054 priusquam
2426 1983 2644 2039 morbus
2671 1982 2889 2048 urbem,
2919 1982 2971 2038 in
2999 1998 3102 2053 qua
3129 1981 3415 2046 residebat,
3446 1982 3679 2037 invasis-

2083 2083 2198 2140 set,
2231 2077 2622 2132 medicamenta
2651 2076 3032 2146 comparabat,
3064 2091 3128 2130 ac
3167 2090 3373 2130 sacram
3410 2075 3550 2130 hanc
3579 2089 3676 2128 na-

2082 2183 2203 2222 vem
2231 2168 2397 2222 multa
2427 2183 2548 2223 cum
2573 2169 2864 2235 securitate
2884 2166 3239 2238 gubernabat,
3269 2157 3676 2236 quoquoversus

2081 2261 2535 2327 circumcursans,
2562 2268 2754 2315 nautas
2775 2301 2788 2324 ,
2816 2266 3062 2315 vectores
3086 2300 3101 2325 ,
3148 2258 3461 2328 navigantes
3487 2271 3678 2312 omnes

2080 2351 2354 2406 concitans
2379 2392 2393 2414 ,
2439 2358 2494 2404 et
2534 2365 2726 2406 curans
2771 2358 2829 2404 ut
2873 2349 3154 2420 vigilarent
3196 2357 3250 2404 et
3297 2348 3674 2411 attenderem,

2079 2442 2229 2510 quasi
2256 2441 2366 2510 jam
2394 2441 2708 2496 invaderent
2737 2455 2854 2496 eam
2885 2441 3090 2510 piratae,
3118 2454 3182 2494 ac
3212 2438 3338 2494 iidei
3365 2438 3673 2494 thesaurum

2077 2530 2464 2584 contenderent
2493 2529 2813 2602 depraadari.
2836 2528 3020 2598 Neque
3040 2544 3170 2585 vero
3196 2529 3280 2582 hic
3302 2538 3505 2583 tantum
3533 2529 3676 2584 hanc

2078 2635 2262 2675 curam
2294 2620 2570 2687 adhibuit,
2617 2620 2711 2676 sed
2753 2619 2808 2674 in
2857 2634 3046 2675 omnes
3082 2629 3265 2689 partes
3309 2618 3554 2674 mittebat
3581 2619 3672 2689 qui

2078 2711 2368 2778 docerent,
2410 2713 2500 2782 qui
2545 2713 2994 2779 cohortarentur,
3034 2713 3122 2782 qui
3167 2713 3534 2783 disputarent,
3581 2712 3672 2782 qui

2076 2803 2323 2860 hostibus
2351 2805 2552 2861 aditum
2580 2821 2795 2861 omnem
2824 2805 3264 2861 intercluderent.
3296 2804 3472 2859 Probe
3503 2805 3672 2874 siqui-

2077 2898 2200 2954 dem
2233 2913 2262 2952 a
2289 2899 2518 2968 Spiritus
2544 2899 2714 2969 gratia
2752 2898 2926 2953 fuerat
2952 2897 3174 2952 edoctus
3194 2937 3208 2960 ,
3249 2896 3504 2955 Ecclesiae
3529 2911 3671 2966 prae-

2075 2990 2248 3045 sulem
2291 3004 2399 3044 non
2439 2988 2508 3044 de
2552 2989 2641 3043 illa
2695 2997 2900 3042 tantum
2946 2987 3234 3042 sollicitum
3269 3001 3390 3042 esse
3433 2985 3669 3053 debere,

2074 3095 2192 3151 quae
2218 3095 2247 3134 a
2277 3081 2479 3150 Spiritu
2505 3086 2690 3136 sancto
2716 3079 2789 3134 illi
2819 3078 3102 3134 commissa
3131 3085 3250 3146 est,
3294 3077 3387 3133 sed
3412 3078 3571 3133 etiam
3601 3076 3671 3132 de

2073 3173 2259 3241 quavis
2310 3171 2364 3227 in
2397 3173 2530 3228 orbe
2567 3179 2829 3226 terrarum
2878 3170 3168 3225 constituta
3203 3186 3216 3223 :
3246 3177 3406 3238 atque
3443 3167 3546 3225 hoc
3581 3167 3673 3224 ille

2072 3263 2241 3318 sacris
2279 3277 2310 3318 e
2347 3261 2596 3333 precibus
2641 3259 2950 3331 colligebat.
3000 3259 3060 3314 Si
3106 3260 3250 3314 enim
3291 3273 3388 3329 pro
3424 3259 3669 3314 universa

2071 3353 2337 3420 Ecclesia,
2365 3354 2559 3424 inquit,
2592 3352 2873 3408 inridenda:
2894 3360 3023 3407 sunt
3043 3365 3250 3420 preces,
3274 3365 3393 3421 qua:
3419 3365 3447 3403 a
3477 3349 3671 3405 finibus

2073 3445 2140 3499 ad
2168 3445 2313 3500 flues
2329 3459 2500 3515 usque
2522 3444 2755 3514 pertinet
2783 3444 2932 3499 orbis
2959 3452 3223 3498 terrarum
3244 3482 3261 3508 ,
3303 3442 3477 3498 multo
3499 3440 3671 3511 magis

2070 3542 2124 3590 et
2151 3535 2266 3603 ejus
2293 3535 2557 3590 universae
2580 3550 2769 3606 gerere
2787 3549 2970 3590 curam
3001 3539 3232 3603 oportet,
3261 3541 3316 3587 et
3335 3533 3401 3588 de
3421 3531 3671 3587 omnibus

2068 3626 2272 3698 pariter
2298 3643 2420 3684 esse
2441 3628 2750 3690 sollicitum,
2769 3626 3017 3682 omnibus
3045 3624 3346 3695 providere.
3368 3623 3519 3694 Quod
3541 3637 3670 3692 ergo

2071 3719 2122 3773 in
2166 3717 2437 3789 Stephano
2481 3718 2702 3782 accidit,
2749 3717 2800 3772 id
2828 3719 2881 3772 in
2909 3732 2976 3773 eo
3006 3717 3165 3772 etiam
3197 3717 3395 3772 evenit.
3417 3714 3667 3772 {lt-etum

2069 3807 2236 3863 Judaei
2264 3823 2386 3864 cum
2413 3808 2668 3878 Stephani
2699 3807 2976 3877 sapientia:
3003 3822 3108 3860 non
3136 3798 3659 3876 possent‘resistere,

2069 3906 2314 3953 sanctum
2345 3898 2494 3952 illum
2525 3896 2835 3967 lapidabant
2857 3915 2870 3951 :
2895 3897 2973 3952 sic
3012 3904 3067 3951 et
3108 3895 3193 3951 isti
3235 3911 3355 3950 cum
3386 3894 3544 3964 hujus
3573 3910 3665 3951 sa-

2067 3990 2283 4060 pientia:
2321 3989 2572 4045 resistere
2615 4003 2719 4042 non
2755 3994 3003 4058 possent,
3046 4001 3112 4042 ac
3152 3986 3354 4041 munita
3381 3993 3668 4042 cernerent

2069 4081 2460 4151 propugnacula
2485 4121 2502 4146 ,
2549 4087 2659 4135 tum
2703 4095 2734 4135 e
2772 4078 2992 4134 civitate
3033 4092 3336 4149 prmconem
3369 4078 3662 4147 expellunt.

2068 4173 2140 4227 At
2165 4172 2307 4227 enim
2332 4185 2436 4226 vox
2461 4170 2682 4225 minime
2708 4169 2938 4235 tacebat,
2964 4169 3058 4224 sed
3086 4168 3210 4223 licet
3236 4168 3400 4222 homo
3428 4168 3665 4237 expelle-

2067 4270 2239 4324 retur,
2259 4275 2364 4316 non
2383 4260 2750 4330 expellebatur
2761 4274 2941 4315 sermo
2953 4259 3228 4315 doctrinae.
3242 4259 3374 4314 Nam
3396 4269 3450 4314 et
3469 4259 3666 4316 Paulus

2069 4355 2318 4424 alligatus
2361 4363 2506 4419 erat,
2553 4353 2647 4408 sed
2693 4353 2914 4408 verbum
2955 4351 3054 4406 Del
3096 4366 3203 4406 non
3239 4359 3357 4407 erat
3393 4350 3664 4423 alligatum

2070 4445 2148 4511 (2.
2179 4444 2316 4500 Tim.
2349 4445 2414 4498 2.
2438 4445 2524 4514 9):
2544 4454 2598 4499 et
2640 4444 2726 4500 hic
2756 4458 2974 4514 peregre
3001 4450 3155 4508 erat,
3175 4450 3232 4498 et
3272 4442 3516 4498 doctrina
3543 4443 3661 4514 ejus

2071 4537 2209 4606 apud
2240 4551 2338 4592 nos
2366 4545 2501 4592 erat.
2539 4536 2892 4604 Erumpentes
2920 4549 3049 4605 ergo
3078 4534 3364 4604 constipati
3392 4527 3662 4605 tamquam

2071 4630 2338 4684 violentus
2388 4629 2602 4697 quidam
2656 4639 2867 4684 torrens
2927 4629 3186 4698 impetum
3244 4627 3514 4692 fecerunt;
3569 4627 3669 4683 sed

2071 4736 2244 4790 neque
2278 4721 2484 4790 plantas
2525 4721 2834 4788 vulserunt,
2883 4737 3058 4792 neque
3113 4720 3293 4793 fruges
3334 4721 3670 4786 obruerunt,

2071 4827 2245 4882 neque
2265 4819 2472 4881 segetes
2495 4819 2775 4867 vastarunt
2799 4831 2812 4867 :
2841 4821 2946 4868 tam
2975 4813 3188 4883 egregie
3209 4854 3226 4880 ,
3271 4822 3378 4868 tam
3405 4812 3578 4883 perite
3600 4813 3677 4866 ab

2071 4903 2188 4974 ejus
2203 4902 2461 4974 sapientia
2479 4905 2704 4962 excultae
2722 4904 2985 4960 radicibus
3003 4906 3126 4960 fixis
3140 4904 3432 4961 hmrebant.
3450 4905 3676 4961 Verum-

2072 4997 2345 5053 enimvero
2370 4997 2836 5052 dicendumnobis
2881 5006 2982 5058 est,
3013 5013 3117 5068 qua
3165 4997 3234 5052 de
3279 5013 3439 5052 causa
3470 4997 3683 5067 permi.

2073 5088 2205 5143 serit
2229 5087 2374 5142 illum
2408 5087 2548 5142 Dens
2574 5087 2697 5142 hinc
2726 5087 2940 5158 expelli.
2974 5086 3260 5156 Respirare
3287 5096 3524 5156 cmperat
3548 5102 3660 5142 non

2075 5181 2146 5236 ita
2178 5180 2382 5250 pridem
2420 5180 2658 5236 Ecclesia
2684 5224 2699 5246 ,
2731 5196 2907 5252 neque
2937 5181 3261 5236 mediocrem
3293 5183 3390 5252 ipsi
3418 5181 3673 5238 consola-

2077 5273 2273 5328 tionem
2304 5273 2443 5327 illius
2472 5274 2710 5342 regimen
2734 5272 2992 5328 all'erebat
3012 5291 3024 5324 :
3045 5273 3278 5344 undique
3301 5273 3442 5327 illam
3467 5274 3672 5328 munie-

2075 5363 2187 5430 bat,
2220 5374 2268 5419 et
2297 5364 2526 5420 hostium
2555 5366 2783 5435 impetus
2811 5366 3174 5436 propulsabat.

2149 5453 2250 5508 Cur
2273 5457 2326 5509 in
2368 5457 2607 5511 exsilium
2649 5457 2778 5510 mitti
2823 5457 3149 5511 Eustathium
3199 5456 3484 5526 permiserit
3511 5455 3672 5512 Deus.

2079 5576 2150 5586 --
2177 5545 2286 5600 Cur
2315 5546 2473 5616 igitur
2520 5557 2602 5602 est
2640 5547 2860 5616 eiectus,
2893 5558 2946 5603 et
2992 5549 3093 5603 hoc
3125 5550 3230 5603 illis
3273 5548 3531 5618 permisit,
3579 5548 3686 5616 qui'

2079 5635 2204 5689 hinc
2228 5651 2348 5689 eum
2375 5637 2704 5708 ablegarunt,
2729 5639 3073 5708 Dens?qnam
3094 5641 3308 5693 tandem
3332 5639 3399 5691 ob
3417 5638 3679 5692 causam?

2081 5724 2254 5781 Nolite
2284 5736 2461 5783 autem
2489 5727 2757 5787 arbitrari.
2791 5731 2930 5800 quod
2963 5746 3100 5787 nunc
3130 5739 3418 5786 tractamus
3443 5770 3458 5798 ,
3505 5730 3676 5786 solius
