4224 6302
559 336 666 392 603

560 449 869 520 quaestionis
889 449 1048 520 hujus
1072 463 1190 526 esse
1213 450 1564 516 solutionem;
1593 449 1690 525 sed
1716 450 1828 510 sive
1869 463 1992 504 cum
2038 461 2132 517 pa-

563 540 737 612 ganis,
767 538 880 594 sive
908 554 1030 594 cum
1062 537 1330 595 hzereticis
1355 554 1385 592 a
1408 539 1559 594 vobis
1580 538 1648 594 de
1683 538 1843 594 rebus
1870 537 2134 606 ejusmodi

562 627 737 682 sentio
757 626 868 696 ﬁat,
891 629 959 684 ad
1013 645 1226 684 omnem
1269 629 1577 696 solvendam
1607 628 1955 699 quaestionem
1983 625 2135 681 sufﬁ-

561 722 665 776 ciet
691 722 832 792 quod
862 723 1118 778 dicemus.
1153 713 1293 776 Deus
1318 722 1532 791 quidem
1553 736 1731 776 veram
1757 735 1907 775 suam
1929 727 1982 774 et
2007 733 2138 788 apo-

562 811 805 866 stolicam
832 812 986 866 ﬁdem
1015 813 1066 866 in
1096 811 1278 866 multis
1305 812 1600 883 oppugnari
1637 810 1890 881 permittit
1914 827 1930 875 ;
1959 808 2134 864 haere-

565 918 654 958 ses
705 914 881 960 autem
918 913 1074 975 atque
1108 906 1474 974 paganismum
1526 918 1711 958 secura
1754 901 2139 972 tranquillitate

566 995 764 1065 perfrui
787 997 930 1052 sinit.
981 997 1118 1065 Quid
1144 996 1255 1052 ita?
1287 997 1352 1054 Ut
1378 997 1588 1052 illorum
1615 995 1828 1066 quidem
1856 987 2140 1053 inﬁrmitaé

571 1097 675 1142 tem
698 1085 889 1153 discas,
921 1100 1040 1158 quae
1081 1103 1203 1143 cum
1233 1088 1450 1143 minime
1476 1087 1811 1154 divexentur,
1833 1093 2024 1156 sponte
2047 1083 2139 1139 de-

531 1165 543 1171 ’
565 1186 874 1243 struuntur;
900 1177 1023 1232 ﬁdei
1052 1193 1176 1234 vero
1221 1180 1471 1234 virtutem
1517 1192 1813 1247 agnoscas,
1850 1192 1968 1249 quas
2011 1175 2138 1230 dum

563 1276 917 1336 oppugnatur,
948 1283 1132 1322 eorum
1157 1278 1317 1338 opera
1342 1270 1431 1340 qui
1473 1283 1532 1323 se
1575 1269 1654 1332 illi
1681 1277 1956 1338 Opponunt
1979 1282 2142 1337 auge-

566 1365 681 1410 tur.
704 1357 856 1425 Quod
909 1369 1085 1414 autem
1123 1375 1228 1414 non
1267 1373 1384 1414 mea
1414 1359 1482 1413 sit
1502 1357 1618 1412 haec
1657 1357 1988 1427 conjectura,
2041 1355 2138 1411 sed

566 1447 804 1503 divinum
833 1464 896 1504 ac
925 1450 991 1505 de
1017 1450 1150 1504 caelo
1170 1448 1446 1519 delapsum
1487 1463 1802 1519 responsum
1821 1491 1835 1513 ,
1864 1447 2142 1502 audiamus

565 1541 691 1611 quid
715 1541 905 1596 Paulus
936 1542 1035 1596 hac
1057 1541 1124 1596 de
1150 1557 1208 1596 re
1232 1540 1372 1596 dicat
1399 1558 1412 1595 :
1441 1557 1564 1596 nam
1595 1549 1650 1596 et
1681 1539 1970 1594 humanum
2015 1537 2141 1608 quid

565 1631 850 1702 aliquando
891 1647 1077 1702 passus
1106 1631 1194 1687 hic
1231 1632 1392 1688 etiam
1438 1633 1710 1688 estzlicet
1757 1631 1898 1685 enim
1947 1628 2141 1683 Paulus

559 1733 736 1791 esset,
785 1733 1019 1779 attamen
1048 1734 1250 1779 naturae
1292 1732 1488 1778 nostra:
1533 1723 1796 1792 particeps
1840 1728 1974 1776 erat.
2003 1719 2142 1786 Quid

563 1830 692 1869 vero
719 1814 848 1873 illud
869 1826 971 1880 est,
1002 1814 1142 1885 quod
1170 1823 1251 1870 est
1279 1813 1504 1884 passus?
1529 1811 1937 1881 Exagitabatur,
1970 1825 2144 1881 oppu-

566 1906 844 1975 gnabatur,
875 1907 1034 1978 virgis
1059 1906 1364 1962 caedebatur
1381 1947 1398 1972 ,
1425 1905 1690 1960 sexcentis
1715 1903 2028 1959 insidiarum
2053 1917 2146 1973 ge-

563 1998 784 2054 neribus
829 1997 1194 2068 appetebatur,
1235 1999 1398 2064 intus,
1449 1995 1600 2062 foris,
1647 1995 1805 2050 abiis
1837 1993 1926 2066 qui
1954 1993 2142 2048 dome-

562 2089 687 2143 stici
713 2103 833 2143 esse
858 2089 1194 2154 videbantur,
1222 2087 1290 2142 ab
1315 2086 1521 2142 alienis.
1561 2085 1666 2143 Sed
1715 2085 1840 2155 quid
1887 2099 2023 2154 opus
2062 2091 2146 2138 est

559 2193 1006 2252 commemorare,
1026 2186 1250 2248 quantas
1267 2177 1578 2245 afﬂictiones
1605 2176 1673 2231 sit
1699 2174 2020 2246 perpessus?
2044 2173 2146 2227 Fa-

563 2268 760 2338 tigatus
785 2269 960 2340 igitur,
993 2281 1093 2322 nec
1121 2267 1347 2338 amplius
1375 2266 1549 2321 ferens
1581 2273 1658 2320 tot
1687 2265 1918 2320 hostium
1958 2265 2144 2317 incur-

565 2358 766 2423 siones,
797 2357 884 2428 qui
915 2372 1127 2426 semper
1158 2356 1272 2426 ejus
1313 2357 1608 2411 doctrinam
1653 2353 2141 2423 interrumpebant,

564 2449 788 2519 ejusque
833 2449 999 2504 verbo
1023 2447 1471 2515 adversabantur,
1503 2448 1727 2517 supplex
1766 2446 1990 2501 Domino
2021 2461 2144 2516 pro-

568 2539 776 2593 volutus
800 2554 922 2592 cum
947 2539 1262 2604 obtestatur,
1286 2536 1340 2593 et
1368 2538 1471 2603 ait,
1484 2537 1649 2591 Datus
1669 2546 1742 2591 est
1763 2536 1887 2589 mihi
1913 2536 2146 2589 stimulus

562 2629 708 2682 carni
725 2626 933 2698 angelus
964 2626 1195 2693 Satana',
1237 2635 1292 2680 ut
1334 2643 1413 2681 me
1453 2626 1754 2696 cofaphizet.
1795 2624 2015 2694 Propter
2051 2625 2146 2678 hoc

567 2727 644 2770 ter
663 2716 937 2770 Dominum
963 2715 1157 2787 rogaui,
1186 2725 1234 2769 et
1268 2717 1397 2770 dixit
1435 2717 1579 2783 mihi,
1622 2715 1818 2784 Sufﬁcit
1851 2714 1940 2767 tibi
1980 2714 2146 2784 gratia

570 2824 682 2862 mea
713 2824 732 2861 :
758 2824 876 2861 nam
893 2807 1051 2862 uirtus
1078 2824 1188 2862 mea
1211 2807 1264 2860 in
1288 2807 1582 2875 inﬁrmitate
1609 2807 1869 2875 perﬁcitur
1893 2805 1968 2878 (2.
1999 2805 2118 2860 Cor.

569 2898 659 2953 η.
691 2899 724 2952 7
747 2897 871 2969 αθ).
901 2897 1026 2954 Scio
1076 2897 1321 2968 equidem
1360 2897 1619 2967 quosdam
1663 2897 1904 2966 corporis
1922 2895 2146 2950 inﬁrmi-

569 2997 734 3045 tatem
763 3003 883 3044 esse
927 2989 1198 3055 arbitrari,
1238 2987 1333 3043 sed
1364 3002 1474 3043 non
1499 2995 1581 3043 est
1610 2987 1761 3054 illud,
1791 3002 2010 3058 prorsus
2037 3002 2144 3042 non

567 3091 684 3147 est;
714 3096 899 3136 verum
927 3082 1172 3152 angelum
1200 3079 1412 3136 Satanas
1461 3079 1724 3146 homines,
1765 3080 1856 3150 qui
1892 3080 2145 3134 adversa-

570 3173 784 3239 bantur,
813 3171 1045 3240 appellat
1067 3188 1081 3225 :
1103 3171 1230 3228 illud
1245 3170 1411 3237 enim,
1426 3170 1606 3235 Satan,
1629 3185 1733 3224 vox
1757 3175 1841 3225 est
1863 3169 2142 3235 llebraica;

570 3279 732 3334 porro
772 3263 935 3320 Satan
983 3264 1177 3320 dicitur
1222 3263 1573 3318 adversarius.
1616 3252 1972 3318 Instrumenta
2017 3277 2147 3333 ergo

566 3356 789 3422 diaboli,
817 3366 871 3412 et
895 3369 990 3412 eos
1040 3355 1304 3421 homines,
1333 3354 1423 3425 qui
1462 3353 1512 3408 ei
1561 3351 1902 3420 famulantur,
1929 3353 2146 3422 angelos

569 3448 690 3516 ejus
714 3447 965 3517 appellat.
995 3445 1105 3501 Cur
1129 3445 1311 3516 igitur,
1356 3444 1497 3501 dicet
1525 3445 1736 3516 aliquis,
1780 3444 2018 3500 additum
2040 3453 2143 3513 est,

566 3537 758 3592 carni?
783 3535 918 3603 Quia
941 3551 1067 3592 caro
1095 3535 1478 3606 ﬁagellabatur,
1510 3535 1689 3590 anima
1733 3550 1862 3590 vero
1903 3535 2147 3591 elevaba-

573 3638 660 3681 tur
682 3641 778 3697 spe
801 3626 1098 3682 futurorum
1124 3636 1320 3681 erecta.
1349 3625 1466 3680 Non
1509 3627 1654 3681 enim
1699 3626 1933 3680 animam
1980 3625 2146 3680 attin-

569 3716 748 3788 gebat,
780 3730 880 3771 nec
908 3716 1188 3771 interiores
1211 3716 1562 3785 cogitationes
1606 3717 1998 3786 supplantabat,
2049 3717 2146 3773 sed

568 3808 705 3863 intra
749 3823 961 3864 carnem
989 3807 1350 3878 consistebant
1387 3816 1651 3863 tormenta
1693 3807 2018 3878 Bellumque,
2047 3823 2148 3866 nec

571 3898 716 3952 intus
738 3905 978 3967 poterant
999 3906 1295 3966 penetrare.
1325 3897 1586 3965 Quoniam
1612 3899 1771 3969 igitur
1804 3899 1920 3954 haec
1963 3900 2141 3956 conci-

570 3989 813 4054 debatur,
845 3988 958 4043 haec
985 3988 1371 4059 ﬁagellabatur,
1398 3988 1511 4043 haec
1539 3989 1868 4044 vinciebatur
1894 3991 2147 4060 (animam

568 4083 767 4152 quippe
793 4081 956 4152 ligare
983 4096 1142 4137 nemo
1167 4091 1343 4150 potest
1369 4080 1412 4154 ),
1461 4081 1660 4137 idcirco
1684 4081 1831 4148 dicit,
1877 4081 2044 4136 Datus
2076 4092 2149 4136 est

569 4173 693 4227 mihi
722 4173 954 4228 stimulus
980 4175 1121 4227 carni
1146 4172 1357 4244 angelus
1402 4174 1632 4240 Satanae,
1664 4185 1717 4240 ut
1755 4190 1834 4228 me
1868 4175 2149 4244 colapltizet

568 4263 778 4334 (lbid.),
806 4264 1143 4330 tentationes,
1175 4263 1507 4330 afllictiones,
1531 4265 2148 4335 persequutionesinnu-

567 4371 685 4409 ens.
716 4354 916 4410 Deinde
937 4355 1063 4425 quid
1087 4355 1108 4408 Τ
1138 4353 1358 4425 Propter
1387 4357 1480 4409 hoc
1509 4365 1605 4422 ter,
1651 4356 1841 4425 inquit,
1877 4355 2149 4410 Dominum

569 4447 744 4514 rogavi
774 4462 792 4500 :
817 4445 917 4500 hoc
955 4455 1054 4512 est,
1106 4461 1474 4516 sarpenumero
1517 4456 1763 4518 precatus
1790 4462 1930 4515 sum,
1953 4447 2145 4519 inquit,

570 4546 627 4590 ut
675 4552 706 4590 a
738 4537 1114 4593 tentationibus
1158 4539 1436 4607 paululum
1493 4540 1830 4609 respirarem.
1863 4540 1973 4596 Vos
2019 4555 2148 4595 vero

567 4642 743 4682 causa:
787 4629 1124 4694 meministis,
1175 4629 1244 4683 ob
1291 4645 1450 4700 quam
1504 4631 1670 4685 Deum
1719 4630 1828 4685 dixi
1879 4631 2148 4687 verberari

568 4733 752 4773 servos
773 4733 901 4774 suos
929 4719 1260 4790 permittere,
1285 4721 1486 4786 vexari,
1519 4721 1722 4776 inﬁnita
1753 4722 1893 4776 mala
1916 4723 2144 4792 perpeti,

569 4819 624 4863 ut
662 4811 911 4867 virtutem
955 4827 1104 4867 suam
1131 4811 1394 4868 ostendat.
1429 4813 1564 4868 Ecce
1611 4815 1752 4868 enim
1802 4823 1855 4868 et
1905 4813 1991 4868 hic
2026 4830 2149 4869 cum

571 4911 816 4969 precatus
837 4912 996 4968 esset,
1039 4911 1099 4957 ut
1127 4919 1158 4958 a
1180 4919 1238 4959 se
1265 4905 1543 4958 innumera
1575 4904 1712 4957 mala
1752 4903 2066 4960 recederent
2094 4914 2150 4959 et

568 4991 878 5056 adversarii,
909 5009 1013 5047 non
1039 4993 1264 5049 obtinuit
1291 4994 1433 5066 quod
1461 4994 1710 5065 petebat;
1735 5005 1788 5049 et
1813 5010 2026 5049 causam
2052 4996 2150 5050 ad-

569 5080 685 5145 dit,
733 5080 803 5135 ob
846 5097 1004 5151 quam
1053 5097 1160 5138 non
1200 5085 1510 5139 obtinuerit.
1559 5084 1814 5151 Quaenam
1861 5085 2019 5155 igitur
2066 5095 2150 5143 est

568 5173 774 5225 causa?
807 5173 935 5228 nihil
959 5175 1099 5230 enim
1132 5176 1376 5245 prohibet
1420 5195 1604 5233 rursus
1652 5194 1769 5234 eam
1819 5193 2144 5236 memorare.

571 5263 786 5332 Sufﬁcit,
815 5265 1000 5336 inquit,
1035 5267 1123 5320 tibi
1139 5269 1304 5337 gratia
1325 5286 1466 5334 mea;
1494 5270 1651 5324 virtus
1678 5271 1810 5324 enim
1836 5286 1948 5325 mea
1975 5271 2025 5324 in
2065 5272 2146 5324 in-

565 5357 804 5422 ﬁrmitate
822 5365 1098 5426 per/tatur.

642 5447 696 5501 4.
741 5446 902 5502 Vides
945 5449 1144 5504 idcirco
1173 5450 1336 5505 Deum
1364 5453 1670 5521 permittere
1696 5457 1914 5525 angelos
1935 5456 2148 5511 Satanae

566 5552 756 5592 servos
775 5551 899 5592 suos
911 5554 1177 5608 premere,
1196 5551 1248 5594 et
1262 5552 1508 5596 sexcenta
1525 5543 1626 5598 illis
1643 5546 1851 5615 negotia
1869 5547 2144 5613 exhibere,

571 5637 628 5682 ut
646 5629 807 5697 ipsius
825 5631 994 5688 virtus
1009 5633 1299 5702 appareat?
1317 5633 1449 5688 Vere
1467 5649 1694 5703 namque
1713 5636 1824 5691 sive
1840 5653 1960 5694 cum
1983 5652 2147 5709 paga-

564 5724 668 5796 nis,
681 5723 790 5782 sive
803 5742 920 5784 cum
935 5726 1142 5783 miseris
1155 5725 1349 5784 Iudaeis
1369 5725 1716 5800 disseramus,
1726 5727 1790 5785 ad
1808 5729 2037 5787 divinam
2054 5731 2145 5787 vir-

1295 334 1357 392 8.
1395 333 1672 392 ιοΑΝΝιε
1707 331 2180 390 CBBYSOSTOMI
2217 331 2536 389 ABCHIEP.
2575 329 3107 387 CONSTANTINOP.

3709 341 3879 399 60‘-

2243 454 2406 502 tntem
2420 445 2799 503 ostendendam
2814 446 2916 502 hoc
2930 444 3141 512 sufﬁcit,
3159 443 3300 516 quod
3321 444 3541 500 inﬁnitis
3559 447 3819 515 exagitata

2241 536 2398 592 bellis
2423 537 2555 593 ﬁdes
2576 537 2927 607 superaverit,
2956 536 3097 607 quod
3124 536 3376 591 universo
3403 545 3664 591 terrarum
3692 536 3824 591 orbe

2241 638 2589 699 repugnante,
2607 628 2918 698 cunctisque
2940 628 3219 683 duodecim
3237 627 3357 683 illos
3375 626 3619 682 homines
3625 640 3824 702 magna

2243 726 2582 777 contentione
2607 721 3008 792 repellentibus,
3039 720 3285 791 apostoli,
3309 721 3548 790 inquam,
3576 718 3653 774 illi
3671 717 3827 774 brevi

2245 824 2486 885 tempore
2514 814 2676 884 virgis
2697 814 2842 880 caesi,
2868 813 3060 877 vexati,
3085 812 3364 868 innumera
3405 813 3543 867 mala
3585 811 3856 883 perpessi,

2246 919 2359 969 eos,
2381 919 2408 957 a
2436 906 2626 974 quibus
2671 904 2786 960 hac
2826 903 3208 969 inferebantur,
3257 904 3529 973 potuerint
3570 915 3830 972 prospero

2245 1007 2497 1048 successu
2522 993 2836 1050 devincere.
2858 993 3146 1063 Propterea
3187 992 3404 1048 beatum
3429 992 3592 1046 etiam
3639 990 3834 1047 Eusta-

2247 1081 2416 1137 thium
2445 1083 2501 1137 in
2525 1083 2772 1138 exsilium
2795 1082 2982 1138 abduci
3033 1082 3272 1152 permisit
3319 1081 3480 1146 Deus,
3509 1089 3568 1134 ut
3593 1080 3835 1136 veritatis

2245 1174 2401 1230 nobis
2451 1175 2700 1231 virtutem
2740 1185 2795 1231 et
2847 1175 3220 1230 haereticorum
3263 1172 3680 1229 imbecillitatem
3717 1187 3836 1228 am-

2247 1265 2383 1336 plius
2449 1266 2859 1322 demonstraret.
2947 1267 3128 1336 Itaque
3198 1280 3428 1337 peregre
3499 1263 3836 1336 profecturus

2248 1358 2433 1413 urbem
2477 1359 2689 1428 quidem
2726 1357 3048 1425 dimittebat,
3087 1365 3144 1412 at
3189 1357 3471 1413 caritatem
3519 1357 3573 1411 in
3600 1371 3697 1412 vos
3726 1371 3836 1412 non

2247 1447 2588 1503 dimittebat:
2622 1463 2794 1519 neque
2822 1448 2964 1520 quod
3015 1447 3084 1504 ab
3134 1447 3372 1504 Ecclesia
3423 1446 3835 1516 expellebatur,

2248 1554 2278 1594 a
2321 1541 2565 1610 praesulis
2612 1541 2774 1596 etiam
2819 1556 3062 1608 munere,
3113 1539 3254 1595 vela
3278 1554 3406 1595 cura
3441 1539 3628 1606 vestri,
3675 1551 3839 1610 quam

2247 1631 2506 1700 gerebat,
2555 1631 2788 1686 alienum
2837 1631 3074 1700 seipsum
3116 1629 3356 1702 putabat,
3421 1628 3518 1684 sed
3561 1638 3674 1683 tum
3716 1641 3838 1683 am-

2251 1723 2388 1793 plius
2464 1723 2685 1779 curabat
2750 1731 2806 1779 et
2873 1723 3132 1790 solliciuts
3209 1731 3346 1779 erat.
3424 1721 3550 1776 Ideo
3619 1728 3839 1776 vocatos

2249 1829 2436 1872 omnes
2512 1816 2869 1884 admonebat,
2928 1824 3001 1873 'ut
3061 1832 3130 1872 ne
3196 1815 3637 1878 succumberent,
3703 1826 3838 1869 neve

2253 1904 2395 1974 lupis
2461 1906 2760 1973 cederent,
2812 1914 2908 1961 aut
2961 1906 3068 1962 illis
3110 1921 3328 1977 gregem
3375 1905 3697 1975 proderent;
3743 1900 3840 1958 sed

2252 1996 2396 2052 intus
2439 2008 2739 2067 manerent,
2792 2008 2853 2054 ut
2898 2013 2962 2054 os
3012 1998 3117 2053 illis
3168 1998 3528 2062 obstruerent,
3572 2010 3666 2052 eos
3709 2009 3838 2051 con-

2249 2089 2546 2157 vincerent,
2588 2105 2651 2144 ac
2694 2089 3052 2160 simpliciores
3098 2090 3292 2145 fratres
3333 2088 3738 2145 conﬁrmarent.
3773 2085 3839 2142 Et

2249 2189 2378 2234 vero
2421 2189 2566 2235 recte
2605 2179 2752 2234 illum
2795 2181 3088 2252 imperasse
3131 2179 3344 2235 tandem
3383 2181 3561 2235 exitus
3585 2192 3838 2248 compro-

2252 2271 2396 2326 bavit
2440 2289 2454 2325 :
2513 2272 2615 2327 nisi
2669 2274 2814 2328 enim
2861 2281 2974 2328 tum
3025 2271 3081 2327 in
3126 2271 3367 2327 Ecclesia
3425 2269 3836 2336 remansissetis,

2250 2369 2499 2430 corrupta
2560 2375 2685 2431 pars
2745 2361 2919 2431 major
2977 2361 3205 2416 civitatis
3282 2358 3516 2427 fuisset,
3592 2372 3720 2413 oves
3785 2358 3840 2414 in

2251 2450 2467 2507 deserto
2491 2452 2870 2508 devorantibus
2922 2453 3092 2523 lupis;
3129 2467 3318 2507 verum
3363 2453 3504 2507 illius
3541 2465 3742 2516 sermo,
3772 2465 3842 2506 ne

2251 2557 2403 2597 suam
2432 2544 2720 2614 nequitiam
2751 2543 3088 2615 impudenter
3138 2554 3491 2610 exercerent,
3541 2541 3836 2614 impedivit.

2252 2633 2435 2703 Neque
2459 2649 2589 2690 vero
2625 2635 2797 2690 solum
2828 2637 3002 2692 exitus
3040 2634 3093 2690 id
3133 2634 3404 2702 ostendit,
3449 2634 3542 2690 sed
3581 2644 3634 2690 et
3679 2633 3835 2689 Pauli

2252 2723 2415 2779 verba
2449 2741 2464 2778 :
2495 2739 2619 2780 nam
2665 2733 2721 2780 et
2757 2725 2826 2781 ab
2865 2726 2955 2780 illo
2994 2725 3082 2780 hic
3117 2725 3342 2780 edoctus
3379 2725 3458 2779 sic
3496 2723 3838 2780 admonebat.

2253 2813 2392 2880 Quid
2415 2815 2574 2884 igitur
2599 2814 2674 2869 ait
2693 2814 2927 2870 Paulus?
2948 2814 3080 2871 Cum
3108 2815 3236 2870 olim
3263 2814 3490 2870 Romam
3511 2823 3658 2870 esset
3677 2813 3845 2870 abdu-

2251 2903 2456 2960 cendus
2482 2905 2667 2960 ultima
2687 2919 2783 2960 sua
2813 2906 3167 2975 profectione,
3189 2913 3472 2976 postquam
3490 2919 3597 2959 non
3613 2904 3844 2974 amplius

2253 2995 2544 3065 discipulos
2564 2995 2774 3052 visurus
2799 3005 2917 3051 erat
2939 3038 2954 3062 ,
2987 2996 3109 3051 Non
3141 2997 3274 3051 enim
3300 2997 3524 3066 amplius
3559 2997 3736 3051 uidebo
3757 3012 3844 3052 eos

2255 3085 2393 3156 (Act.
2419 3085 2510 3140 20.
2533 3085 2650 3156 25),
2677 3086 2847 3157 inquit
2876 3103 2890 3140 :
2920 3086 3022 3142 hoc
3051 3096 3226 3142 autem
3254 3086 3485 3152 dicebat,
3517 3102 3624 3142 non
3654 3096 3714 3141 ut
3740 3086 3845 3143 illis

2253 3175 2495 3231 dolorem
2524 3175 2776 3242 inureret,
2823 3176 2917 3231 sed
2966 3176 3109 3246 quod
3151 3175 3472 3231 conﬁrmare
3494 3176 3618 3230 illos
3635 3175 3798 3230 vellet
3823 3186 3860 3232 εἰ

2252 3265 2377 3321 lude
2405 3265 2564 3336 igitur
2581 3265 2917 3336 profecturus
2945 3266 3047 3321 hoc
3079 3274 3233 3336 pacto
3249 3266 3368 3320 illos
3391 3264 3745 3321 conﬁrmabat
3759 3264 3843 3320 dia

2252 3368 2382 3410 cens
2401 3394 2417 3420 ,
2447 3354 2571 3410 Scio
2596 3356 2833 3425 quoniam
2869 3354 3125 3408 intrabunt
3153 3365 3264 3425 post
3294 3355 3650 3409 discessionem
3678 3371 3845 3409 tum

2252 3444 2363 3513 ιιιρὶ
2391 3459 2599 3514 graves,
2635 3454 2684 3498 et
2725 3459 2788 3498 ea:
2828 3443 2967 3498 nobis
3002 3444 3128 3514 ipsis
3157 3453 3425 3514 exsurgant
3453 3444 3546 3496 uiri
3587 3444 3844 3515 loquentes

2255 3550 2492 3604 perversa
2538 3534 2699 3602 (Ibid.
2726 3549 2777 3588 υ.
2807 3533 2898 3590 29.
2937 3535 3049 3604 50).
3080 3534 3298 3603 Triplex
3332 3533 3531 3590 bellum
3552 3577 3568 3602 ,
3611 3535 3842 3591 ferarum

2255 3633 2466 3691 natura,
2486 3624 2613 3680 belli
2639 3625 2863 3691 saevitia,
2886 3624 3136 3695 quodque
3163 3640 3270 3679 non
3290 3625 3451 3680 alieni
3473 3626 3600 3693 sint,
3626 3626 3721 3681 sed
3747 3626 3844 3683 do-

2253 3716 2486 3783 mestici,
2511 3717 2602 3787 qui
2623 3716 2823 3772 bellum
2846 3717 3104 3780 inferunt,
3128 3716 3354 3787 ideoque
3378 3717 3613 3787 gravius.
3639 3717 3774 3774 Nam
3795 3720 3840 3776 si

2252 3807 2588 3862 extrinsecus
2611 3808 2856 3864 vulneret
2876 3822 2963 3864 me
2982 3807 3268 3877 quispiam,
3290 3817 3381 3863 aut
3403 3808 3601 3864 bellum
3624 3809 3837 3878 inferat,

2253 3897 2410 3954 facile
2449 3899 2596 3954 illum
2627 3909 2814 3969 potero
2843 3915 3136 3970 superare;
3182 3900 3266 3955 sin
3302 3911 3479 3955 autem
3521 3900 3842 3958 intrinsecus

2253 3990 2322 4045 ab
2351 3991 2468 4060 ipso
2499 4006 2721 4062 corpore
2747 3993 2899 4048 ulcus
2923 3994 3144 4056 oriatur,
3186 4003 3374 4047 sanatu
3399 3993 3616 4049 diflicile
3642 3994 3701 4048 ﬁt
3729 4010 3843 4049 ma-

2255 4081 2361 4137 lum
2395 4099 2408 4136 :
2440 4081 2581 4151 quod
2625 4083 2874 4138 nimirum
2927 4093 3052 4139 tunc
3099 4085 3262 4139 etiam
3310 4086 3509 4140 evenit.
3549 4085 3840 4156 Propterea

2255 4172 2507 4228 monebat
2554 4173 2767 4239 dicens,
2820 4177 3075 4232 Attendite
3121 4176 3277 4244 vobis,
3333 4186 3384 4230 et
3423 4179 3655 4231 universo
3701 4178 3842 4248 gregi

2256 4262 2420 4332 (Ibid.
2449 4280 2500 4318 υ.
2527 4262 2620 4336 28)
2654 4282 2667 4320 :
2702 4280 2807 4321 non
2835 4266 3006 4334 dixit,
3049 4268 3331 4322 Derelictis
3355 4270 3544 4323 ovibus
3571 4267 3716 4322 foras
3743 4284 3842 4322 au-

2257 4352 2436 4423 fugite.
2464 4355 2556 4410 His
2584 4355 2877 4412 instructus
2901 4372 3023 4411 cum
3061 4357 3248 4412 fuisset
3273 4359 3460 4412 beatus
3500 4358 3838 4425 Eustathius,

2256 4443 2542 4514 discipulos
2567 4461 2694 4501 suos
2717 4447 3076 4503 admonebat:
3102 4464 3221 4518 qua:
3242 4449 3493 4503 nimirum
3517 4450 3730 4519 sapiens
3755 4450 3843 4506 hic

2255 4549 2466 4605 quoque
2506 4551 2567 4592 ac
2595 4548 2888 4607 generosus
2915 4539 3167 4609 magister
3198 4555 3318 4593 cum
3359 4539 3638 4604 audisset,
3679 4556 3841 4610 Opere

2255 4637 2557 4682 sermonem
2588 4627 2846 4696 implevit.
2874 4627 3251 4684 lnvadentibus
3271 4628 3430 4698 igitur
3458 4629 3561 4684 illis
3585 4644 3714 4683 oves
3736 4645 3841 4685 non

2255 4717 2511 4784 deseruit,
2553 4720 2763 4773 tametsi
2809 4720 2863 4773 in
2905 4721 3153 4774 thronum
3203 4720 3530 4790 pnefectura:
3577 4735 3690 4774 suae
3735 4736 3842 4775 non

2255 4808 2606 4875 ascenderat;
2636 4809 2731 4864 sed
2757 4810 2860 4866 hoc
2881 4810 2971 4864 illa
2992 4824 3251 4880 generosa
3272 4819 3326 4866 et
3345 4810 3682 4882 philosophia
3706 4826 3844 4879 pra:-

2256 4907 2402 4953 stans
2445 4901 2621 4954 anima
2669 4915 2775 4955 non
2822 4900 3085 4955 curabat:
3116 4915 3238 4954 nam
3277 4902 3564 4970 prtesulum
3607 4901 3858 4956 honores

2255 4994 2463 5047 czeteris
2504 4993 2870 5063 relinquebat;
2918 4994 3129 5048 labores
3168 5001 3347 5047 autem
3395 4993 3680 5062 pra:sulum
3729 4994 3843 5062 ipse

2254 5085 2580 5150 exantlabat,
2608 5095 2662 5139 et
2691 5085 2832 5139 intus
2857 5100 2978 5139 cum
3004 5083 3143 5154 lupis
3161 5084 3473 5139 versabatur
3501 5101 3514 5136 :
3540 5084 3670 5138 nihil
3697 5084 3841 5140 enim

2257 5189 2378 5227 eum
2402 5173 2630 5229 ferarum
2661 5174 2848 5230 dentes
2873 5173 3135 5231 laedebant
3155 5216 3170 5240 ,
3202 5174 3272 5231 ita
3303 5173 3542 5236 solidiori
3569 5173 3674 5229 ﬁde
3699 5189 3840 5244 pra:-

2257 5264 2560 5329 ditus'erat,
2595 5281 2752 5335 quam
2783 5274 2842 5319 ut
2876 5280 3060 5320 eorum
3088 5266 3357 5319 morsibus
3381 5275 3525 5320 esset
3553 5267 3836 5321 obnoxius.

2257 5356 2390 5412 Cum
2421 5357 2578 5428 igitur
2607 5359 2746 5412 intus
2779 5367 3088 5413 versaretur
3109 5399 3125 5425 ,
3155 5368 3208 5412 et
3236 5372 3410 5428 pugna
3433 5398 3449 5424 ,
3481 5373 3583 5427 qua
3609 5373 3732 5413 cum
3773 5374 3839 5414 eo

2258 5449 2758 5518 congrediebantur,
2785 5465 2972 5504 omnes
2996 5449 3115 5504 illos
3142 5449 3444 5516 distineret,
3471 5449 3692 5503 multam
3723 5451 3837 5503 ovi-

2258 5544 2358 5598 bus
2391 5543 2823 5612 tranquillitatem
2865 5543 3230 5612 comparabat.
3267 5543 3450 5613 Neque
3476 5559 3607 5599 vero
3635 5551 3836 5597 tantum

2259 5635 2310 5689 id
2343 5635 2563 5704 agebat,
2597 5645 2654 5689 ut
2696 5649 2878 5689 eorum
2908 5650 3002 5690 ora
3043 5635 3348 5699 obturaret,
3387 5646 3440 5688 et
3479 5633 3840 5705 blasphemias

2259 5727 2551 5796 refelleret;
2583 5727 2673 5785 sed
2706 5728 2844 5799 ipsas
2870 5729 3028 5784 etiam
3051 5740 3177 5784 oves
3199 5726 3520 5784 circumiens
3545 5727 3838 5799 perpendev
