4224 6302
171 2967 200 3029 ι

401 359 506 416 θιλὸ
1412 361 1480 418 IN
1508 363 1565 420 S.
1595 362 2043 421 EUSTATIIIUM
2086 364 2600 428 ANTIOCHENUM.
3549 377 3652 436 606

401 477 586 538 τικοὺς
611 475 802 539 ἄλλους
825 477 951 547 ὑμῖν
977 476 1116 548 ὑπὲρ
1148 475 1256 530 τῶν
1283 475 1540 530 τοιούτων
1560 477 1774 547 γίνηται
1794 477 1974 545 λόγος,

363 577 370 581 '
403 559 585 615 ἰκανὸν
616 560 679 612 τὸ
725 559 1098 631 ῥηθησόμενον
1140 560 1358 614 ἅπασαν
1393 559 1552 612 λῦσαι
1580 561 1681 630 τὴν
1722 560 1977 632 ἀπορίαν.

411 643 469 698 '0
493 643 625 707 Θεὸς
649 643 747 715 τὴν
773 645 870 714 μὲν
896 645 1078 697 πίστιν
1112 643 1277 698 αὐτοῦ
1302 643 1399 714 τῆν
1431 644 1605 715 ἀληθῆ
1629 645 1723 697 καί
1751 646 1982 697 ἀποστο-

399 726 556 799 λικὴν
584 729 643 780 ἐν
675 727 904 788 πολλοῖς
923 730 1196 798 συγχωρεῖ
1224 727 1598 797 πολεμεῖσθαι,
1616 727 1714 789 τὰς
1745 726 1800 779 δέ
1829 725 1980 796 αἱρέ-

401 828 511 873 σεις
540 810 690 882 [608]
737 811 830 863 καὶ
862 810 951 863 τὸν
1001 810 1324 880 ἐλληνισμὸν
1365 809 1591 880 ἀφίησιν
1629 809 1815 872 ἀδείας
1848 811 1982 862 ἀπο-

400 893 603 948 λαύειν.
634 892 700 944 Τί
728 893 929 962 δήποτε
956 911 972 958 ;
1004 893 1121 944 Ἵνα
1160 893 1382 945 ἐκείνων
1425 893 1525 962 μὲν
1569 891 1666 963 τὴν
1696 892 1980 945 ἀσθένειαν

401 975 581 1047 μάθῃς
613 975 713 1028 οὐκ
759 974 1190 1045 ἐνοχλουμένων,
1225 973 1318 1027 καὶ
1356 976 1678 1045 αὐτομάτως
1714 976 1979 1029 καταλυο-

400 1059 576 1130 μένων
594 1074 608 1088 ⁸
642 1059 742 1127 τῆς
772 1057 828 1110 δὲ
857 1058 1092 1120 πίστεως
1113 1058 1213 1128 τὴν
1245 1049 1396 1127 ίσχὺν
1421 1059 1692 1130 γνωρίσης
1715 1057 1982 1127 πολεμουο

399 1142 588 1213 μένης,
621 1143 716 1194 καὶ
743 1140 830 1193 διὰ
858 1139 964 1193 τῶν
991 1140 1308 1193 κωλυόντων
1341 1138 1737 1211 αὐξανομένης.
1769 1139 1870 1192 Καὶ
1897 1142 1978 1193 ὅτι

395 1226 495 1278 οὐκ
522 1226 656 1294 ἐμός
688 1225 836 1276 ἐστιν
863 1219 1018 1286 οὗτος
1046 1221 1372 1293 στοχασμὸς,
1403 1221 1536 1274 ἀλλά
1562 1222 1704 1285 θεῖος
1731 1225 1978 1293 χρησμὸς

394 1307 599 1362 ἀνωθεν
623 1307 882 1377 ἐνεχθεὶς,
918 1304 1243 1374 ἀκούσωμεν
1279 1304 1494 1357 Παύλου
1529 1306 1581 1356 τί
1613 1307 1740 1377 περὶ
1772 1307 1977 1360 τούτων

395 1389 528 1460 φησί
549 1405 562 1418 ⁸
593 1390 688 1443 καὶ
714 1388 825 1458 γὰρ
849 1387 1021 1440 ἔπαθέ
1054 1389 1109 1441 τί
1132 1403 1262 1440 ποτε
1304 1385 1643 1458 ἀνθρώπινον
1665 1389 1760 1440 καὶ
1789 1383 1972 1451 οὗτοςο

392 1474 443 1525 εἰ
476 1472 586 1543 γάρ
623 1472 720 1524 καὶ
751 1471 965 1533 Παῦλος
1012 1465 1102 1540 ἦν,
1130 1468 1274 1542 ἀλλά
1296 1468 1396 1538 τῆς
1435 1469 1711 1539 ἡμετέρας
1747 1469 1973 1540 μετέσχε

395 1555 632 1623 φύσεως.
667 1555 732 1607 Τί
764 1554 820 1607 δέ
860 1556 1031 1618 ἐστιν,
1065 1554 1200 1623 ὅπερ
1237 1550 1469 1615 ἐπαθεν;
1511 1551 1817 1615 Ἦλαύνετο,
1850 1554 1974 1605 ἐπο-

393 1637 628 1709 λεμεῖτο,
676 1637 1022 1709 ἐμαστίζετο,
1058 1636 1271 1706 μυρίοις
1309 1633 1697 1686 ἐπεϐουλεύετο
1729 1636 1969 1707 τρόποις,

392 1721 626 1789 ἔξωθεν,
670 1720 903 1786 ἔσωθεν,
940 1719 1046 1773 ὑπὸ
1078 1719 1184 1772 τῶν
1226 1715 1529 1770 δοκούντων
1561 1719 1776 1772 οἰκείων
1809 1715 1968 1783 εἶναι,

391 1805 495 1859 ὑπὸ
525 1805 632 1858 τῶν
662 1804 980 1873 ἀλλοτρίων.
1012 1801 1122 1856 Καὶ
1141 1801 1194 1854 τί
1223 1801 1305 1854 δεῖ
1333 1798 1533 1866 λέγειν,
1555 1801 1685 1864 ὅσας
1711 1801 1970 1872 ὑπέμεινε

391 1887 632 1956 θλίψειςς
653 1887 895 1957 Κάμνων
912 1885 1113 1949 τοίνυν,
1134 1884 1226 1937 καὶ
1251 1879 1446 1954 μηκέτι
1473 1881 1654 1954 φέρων
1685 1883 1786 1946 τὰς
1806 1900 1974 1954 προσ-

390 1969 553 2033 ϐολάς
580 1969 691 2024 τῶν
719 1969 994 2039 πολεμίων
1034 1969 1121 2021 ἀεὶ¹
1142 1968 1540 2022 διακοπτόντων
1574 1966 1739 2019 αὐτοῦ
1769 1966 1867 2037 τὴν
1891 1967 1971 2019 δι-

388 2053 705 2119 δασκαλίαν,
739 2055 834 2106 καὶ
868 2051 1296 2122 ἐναντιουμένων
1319 2050 1481 2104 αὑτοῦ
1506 2049 1585 2119 τῷ
1613 2049 1776 2118 λόγῳ,
1805 2066 1975 2119 προσ-

389 2137 578 2190 πίπτει
605 2135 684 2206 τῷ
707 2137 976 2207 Δεσπότῃ,
1002 2135 1097 2187 καὶ
1122 2134 1430 2204 παρακαλεῖ
1458 2132 1640 2195 αὑτὸν,
1673 2131 1766 2184 καὶ
1791 2130 1937 2198 λέγει
1956 2146 1970 2160 ⁸

399 2218 605 2285 Ἐδόθη
622 2236 726 2287 μοι
758 2218 1003 2285 σκόλοψ-
1022 2214 1097 2284 τῇ
1125 2216 1308 2284 σαρκί
1347 2216 1602 2284 ἄγγελος
1621 2211 1838 2278 Σατᾶν,
1873 2213 1974 2267 ἵνα

386 2320 458 2373 με
479 2301 770 2373 κολαφίζῃ
793 2321 806 2334 ⁸
832 2302 984 2369 ὑπὲρ
1015 2302 1233 2355 τούτου
1267 2299 1394 2368 τρίς
1422 2301 1533 2353 τόν
1552 2299 1773 2366 Κύριον
1788 2314 1972 2367 παρε-

386 2384 640 2446 κάλεσα.
672 2386 770 2438 καὶ
805 2383 1010 2453 εῑρηκέ
1057 2401 1160 2452 μοι
1180 2401 1192 2414 ⁸
1227 2385 1408 2452 Ἀρκεῖ
1431 2397 1529 2437 σοι
1561 2384 1601 2451 ἡ
1631 2382 1968 2451 χάρις-μαι·

385 2468 422 2534 ἡ
464 2468 574 2538 γὰρ
615 2467 872 2536 δύναμίς
906 2484 1025 2537 μου
1065 2467 1136 2519 ἐν
1169 2465 1450 2532 ἀσθενείᾳ
1478 2465 1827 2519 τελειοῦται.
1860 2464 1970 2518 Καὶ

385 2546 501 2604 οἶδα
535 2550 636 2620 μὲν
666 2551 748 2603 ὅτι
775 2550 918 2610 τινές
947 2548 1234 2604 ἀσθένειαν
1265 2545 1403 2602 εἶναι
1449 2547 1732 2618 νομίζουσι
1777 2564 1967 2617 σωμα-

384 2635 540 2705 τικήν
564 2651 577 2665 ⁸
612 2633 714 2686 οὐκ
754 2631 869 2685 ἐστι
902 2631 960 2684 δὲ
1001 2630 1182 2698 τοῦτο,
1222 2632 1324 2685 οὐκ
1367 2631 1514 2684 ἐστιν
1536 2649 1548 2660 ⁸
1591 2629 1706 2682 ἀλλ’
1739 2629 1970 2698 ἀγγελον

382 2716 560 2772 Σατᾶν
589 2716 717 2778 τοὺς
757 2713 1171 2782 ἀντικειμένους
1200 2711 1706 2784 ἀνθρώπους.καλεῖ
1726 2727 1740 2741 ⁸
1768 2712 1830 2764 τὸ
1861 2711 1970 2782 γὰρ

382 2799 561 2854 Σατᾶν
583 2798 742 2850 τοῦτο
776 2797 1042 2868 Ἐϐραῖκὴ
1077 2795 1224 2862 λέξις
1254 2795 1403 2848 ἐστί·
1445 2795 1622 2848 Σατᾶν
1661 2794 1718 2847 δέ
1751 2796 1779 2848 6
1821 2795 1971 2847 ἀντι-

382 2882 638 2952 ηίμενος
683 2880 922 2949 λέγεται.
959 2879 1041 2934 Τά
1085 2874 1178 2933 οὖν
1230 2877 1400 2946 σκεύη
1441 2877 1535 2930 τοῦ
1572 2877 1839 2945 διαϐόλου,
1873 2879 1968 2931 καὶ

390 2967 509 3028 τοὺς
539 2964 737 3035 ἐκείνῳ
757 2963 1208 3033 διακονουμένους
1235 2962 1555 3033 ἀνθρώπους
1581 2963 1843 3031 ἀγγέλους
1871 2963 1968 3015 αύ-

381 3047 476 3101 τοῦ
522 3047 701 3102 καλεῖ.
747 3046 848 3101 Διά
891 3046 945 3099 τί
969 3041 1082 3110 οὖν,
1120 3045 1276 3116 φησί,
1316 3045 1638 3118 πρόσκειται
1674 3048 1741 3116 τῇ
1773 3046 1964 3116 σαρκί;

382 3130 506 3184 Ὀτι
553 3134 585 3199 ή
621 3129 761 3201 σὰρξ
794 3129 1142 3200 ἐμαστίζετο,
1180 3131 1213 3198 ή
1256 3128 1313 3181 δέ
1348 3127 1495 3198 ψυχὴ
1543 3128 1860 3196 ἐκουφίζετο
1898 3131 1964 3201 τῇ

381 3215 556 3268 ἐλπίδι
578 3214 688 3268 τῶν
716 3212 1022 3285 μελλόντων
1053 3210 1392 3284 ἐπαιρομένη
1412 3229 1426 3242 ⁸
1465 3211 1585 3264 οὐδὲ
1624 3210 1733 3282 γάρ
1764 3212 1968 3281 ἥπτετο

379 3297 480 3367 τῆς
506 3298 710 3368 ψυχῆς,
745 3296 868 3351 οὐδὲ
900 3295 1226 3358 ὑπεσκέλιζε
1280 3295 1407 3357 τοὺς
1453 3293 1601 3346 ἔνδον
1635 3293 1926 3363 λογισμοὺς
1947 3335 1962 3358 ,

379 3381 518 3436 ἀλλά
552 3383 715 3452 μέχρι
743 3381 844 3451 τῆς
869 3378 1073 3450 σαρκὸς
1100 3377 1343 3448 εἱστήκει
1368 3375 1440 3429 τά
1472 3378 1840 3448 μηχανήματα
1868 3377 1964 3430 καὶ⁵

379 3465 409 3517 6
442 3463 678 3533 πόλεμος
700 3504 715 3526 ,
762 3461 897 3514 εἵσω
937 3460 1187 3530 διαϐῆναι
1230 3460 1304 3530 μὴ
1335 3457 1652 3528 δυνάμενος.
1687 3459 1840 3512 Ἐπεὶ
1870 3454 1964 3513 οὖν

377 3545 519 3616 αὕτη
536 3545 814 3615 ἐτέμνετο,
831 3543 968 3613 αῦτη
988 3540 1334 3613 ἐμαστίζετο,
1369 3540 1516 3612 αὓτη
1539 3541 1818 3612 ἐδεσμεῖτο
1844 3543 1964 3612 (ψυ-

378 3629 480 3698 χὴν
496 3626 608 3698 γὰρ
629 3627 794 3696 δῆσαι
811 3624 1073 3679 ἀδύνατον
1109 3620 1222 3695 ῆν),
1252 3622 1340 3676 διά
1365 3623 1521 3687 τοῦτο
1549 3623 1716 3692 λέγει,
1751 3624 1960 3693 Ἐδόθη

375 3727 475 3781 μοι
499 3712 748 3777 σκόλοψ
769 3706 844 3778 τῇ
867 3708 1050 3776 σαρκί
1082 3707 1337 3778 ἅγγελος
1372 3706 1591 3772 Σατᾶν,
1618 3708 1720 3761 ἵνα
1757 3725 1838 3777 με
1866 3726 1964 3762 κο-

375 3789 616 3862 λαφίζῃ,
638 3792 768 3854 τοὺς
795 3792 1154 3862 πειρασμοὺς,
1177 3791 1276 3853 τὰς
1296 3790 1527 3859 θλίψεις,
1544 3791 1671 3854 τοὺς
1690 3791 1963 3861 διωγμοὺς

355 3874 769 3944 αἰνιττόμενος.
790 3869 922 3926 Εἶτα
945 3873 1030 3940 τίς
1059 3874 1228 3941 ’Υπὲρ
1253 3873 1468 3926 τούτου
1494 3874 1642 3940 τρίς,
1674 3874 1828 3944 φησὶ,
1853 3873 1961 3928 τὸν

309 3959 602 4038 ⁶Ἰ(ὕριον
622 3953 1016 4038 παρεκάλεσαῄ
1033 3973 1046 3988 ⁸
1077 3955 1223 4008 τοῦτ’
1253 3954 1393 4017 ἐστι,
1412 3954 1682 4038 Πολλάκις
1708 3955 1955 4027 ἐδεήθην,

377 4040 564 4111 φησὶν,
594 4039 736 4092 ὥστε
778 4035 1114 4091 ἀναπνεῦσαι
1147 4038 1343 4108 μικρὸν
1372 4039 1436 4090 ἐκ
1464 4036 1572 4090 τῶν
1615 4039 1956 4108 πειρασμῶν.

387 4123 580 4192 Ὑμεῖς
604 4121 661 4174 δέ
686 4121 966 4192 μέμνησθε
989 4121 1092 4191 τῆς
1113 4121 1291 4184 αἰτίας
1309 4115 1377 4191 ἦς
1397 4116 1568 4183 εἶπον,
1584 4122 1773 4176 ὅτιδιά
1800 4122 1959 4176 τοῦτο

377 4206 656 4275 συγχωρεῖ
681 4205 710 4257 6
741 4203 876 4267 Θεὸς
906 4205 1033 4268 τοὺς
1084 4203 1280 4258 ἐαυτοῦ
1313 4205 1532 4268 δούλους
1578 4205 1954 4276 μαστίζεσθαι,

376 4286 742 4351 ἐλαύνεσθαι,
780 4287 954 4357 μυρία
996 4287 1229 4356 πάσχειν
1284 4287 1461 4350 δεὶνά,
1493 4288 1579 4341 ἴνα
1623 4286 1724 4359 τὴν
1763 4287 1956 4342 ἐαυτοῦ

374 4369 526 4442 δείξῃ
551 4368 803 4440 δύναμιν.
841 4369 972 4423 Ἰδοὺ
998 4369 1108 4441 γὰρ
1155 4370 1252 4424 καὶ
1279 4370 1516 4425 ἐνταῦθα
1553 4371 1787 4441 δεηθεὶς,
1817 4372 1956 4426 ὥστε

376 4454 681 4525 ἀποστῆναι
707 4452 872 4507 αὑτοῦ
905 4453 973 4507 τὰ
1012 4455 1181 4526 μυρία
1235 4455 1385 4508 δεινά
1431 4456 1681 4521 καὶτοὺς
1720 4459 1958 4511 ἀντικει-

379 4537 600 4608 μένους,
628 4537 730 4590 ούκ
759 4537 993 4608 ἐπέτυχε
1023 4537 1125 4608 τῆς
1157 4539 1428 4609 αἰτήσεως
1447 4555 1462 4570 ⁸
1511 4539 1606 4592 καὶ
1651 4539 1751 4610 τὴν
1781 4541 1959 4595 αἰτίαν

374 4620 593 4692 τίθησι,
636 4619 704 4673 δι’
733 4620 800 4689 ήν
838 4621 939 4674 οὐκ
981 4621 1212 4690 ἐπέτυχε
1260 4619 1361 4690 τῆς
1401 4622 1689 4692 αἰτήσεως.
1727 4623 1826 4686 Τίς
1865 4619 1959 4678 οὖν

375 4704 529 4757 ἐστιν
555 4705 589 4775 ἡ
632 4703 818 4769 αἰτίας
847 4703 999 4756 οὐδὲν
1029 4703 1137 4774 γάρ
1181 4703 1379 4757 κωλύει
1404 4704 1566 4758 πάλιν
1613 4705 1786 4776 αὐτῆς
1834 4707 1956 4760 ἐπι-

381 4788 716 4860 μνησθῆναι·
756 4787 947 4857 Ἀρκεῖ
969 4803 1090 4852 σοι,
1127 4789 1313 4858 φησὶν,
1340 4789 1376 4857 ἠ
1405 4788 1576 4856 χάρις
1592 4806 1712 4858 μου
1730 4806 1746 4821 ⁸
1780 4789 1819 4858 ἠ
1847 4791 1957 4862 γὰρ

377 4870 634 4940 δύναμις
654 4888 775 4941 μου
801 4871 872 4925 ἐν
891 4871 1175 4940 ἀσθενείᾳ
1206 4871 1557 4928 τελειοῦται.

416 5049 464 5104 δ’
472 5089 484 5102 .
501 5045 667 5116 Ὁρᾷς
683 5043 765 5097 ὅτι
791 5041 883 5096 διά
894 5041 1055 5096 τοῦτο
1075 5041 1388 5113 συγχωρεῖό
1399 5041 1531 5106 Θεὸς
1546 5041 1672 5106 τοὺς
1686 5041 1952 5111 ἀγγέλους

375 5135 468 5189 τοῦ
487 5136 706 5190 Σατανᾶ
737 5138 850 5197 τοῖς
877 5133 1044 5189 αὑτοῦ
1069 5133 1277 5198 δούλοις
1301 5133 1632 5195 ἐπικεῖσθαι.
1662 5134 1755 5187 καὶ
1783 5133 1953 5204 μυρία

376 5224 640 5296 παρέχειν
673 5224 1107 5295 πράγματα,-ἴνα
1140 5225 1174 5292 ἠ
1206 5221 1435 5293 δύναμις
1464 5222 1629 5276 αὐτοῦ
1662 5222 1952 5293 διαφαίνη-

373 5334 501 5383 ταις
531 5319 740 5381 Ὄντως
766 5315 875 5387 γὰρ
899 5314 1003 5369 κᾶν
1040 5312 1176 5386 πρὸς
1197 5313 1484 5384 Ἕλληνας,
1517 5313 1619 5367 κᾶν
1655 5313 1792 5385 πρὸς
1825 5315 1954 5379 τοὺς

374 5408 590 5472 ἀθλίους
644 5408 931 5473 Ἰουδαίους
974 5405 1385 5477 διαλεγώμεθα,
1421 5406 1580 5475 ἀρκεῖ
1619 5405 1778 5459 τοῦτο
1815 5409 1952 5478 ἡμῖν

376 5501 456 5564 εἰς
499 5497 776 5563 ἀπόδειξιν
804 5499 905 5570 τῆς
952 5499 1102 5563 θείας
1149 5497 1458 5568 δυνάμεως,
1505 5496 1566 5549 τὸ
1612 5495 1700 5549 διά
1740 5498 1951 5569 μυρίων

377 5589 525 5662 1609]
557 5589 807 5660 πολέμων
851 5588 950 5659 τὴν
991 5588 1174 5642 πίστιν
1216 5587 1612 5658 εἰσενεχθεῖσαν
1655 5589 1950 5660 κρατῆσαι.

379 5681 473 5736 καὶ
515 5681 616 5751 τῆς
659 5680 981 5752 οἰκουμένης
1030 5680 1249 5752 ἀπάσης
1308 5679 1805 5750 ἀντιπραττούσης,
1853 5681 1952 5734 καὶ⁵

2083 479 2224 547 μετά
2241 481 2439 554 πολλῆς
2459 484 2559 552 τῆς
2588 484 2945 555 σφοδρότητος
2969 485 3370 560 ἁπωθουμένων
3399 489 3654 548 ἀπάντων

2078 573 2204 634 τοὺς
2245 574 2451 628 δώδεκα
2480 575 2801 648 ἀνθρώπους
2848 569 3120 645 ἐκείνουςξ
3157 582 3280 645 τοὺς
3324 582 3656 649 ἀποστόλους

2077 660 2260 731 λέγω,
2293 666 2582 737 δυνηθῆναι
2628 668 2685 719 ἐν
2733 667 2925 738 βραχεῖ
2970 669 3144 742 καιρῷ
3189 672 3656 743 μαστιζομένους,

2079 753 2504 825 ἐλαυνομένους,
2560 757 2728 828 μυρία
2763 758 3070 828 πάσχοντας
3117 762 3295 826 δεινὰ,
3345 763 3451 818 τῶν
3481 767 3656 820 ταῦτα

2078 845 2375 900 ποιούντων
2428 849 2701 919 κρατῆσαι
2750 850 2869 920 μεθ’
2917 852 3222 924 ὑπερϐολῆς
3272 855 3509 926 ἀπάσης.
3554 858 3656 910 Διά

2076 936 2250 988 ταῦτα
2285 938 2495 990 καὶτὸν
2544 940 2814 1010 μακάριον
2847 941 3145 997 Εύστάθιον
3182 944 3361 1013 ἀφῆκε
3394 949 3528 1017 πρὸς
3553 947 3653 1018 τὴν

2079 1026 2376 1098 ὑπερορίαν
2409 1031 2436 1081 ό
2471 1029 2602 1092 Θεὸς
2647 1031 3033 1103 ἀπενεχθῆναι,
3075 1035 3161 1086 ἵνα
3217 1035 3480 1105 μειζόνως
3521 1039 3652 1106 ἡμῖν

2076 1116 2223 1188 δείξῃ
2249 1118 2344 1170 καὶ
2373 1120 2471 1190 τὴν
2501 1119 2729 1191 δύναμιν
2761 1123 2861 1192 τῆς
2913 1123 3200 1194 ἀληθείας,
3237 1128 3332 1178 καὶ
3370 1125 3476 1180 τῶν
3500 1129 3653 1198 αἱρε-

2075 1208 2242 1260 τικῶν
2270 1208 2367 1278 τὴν
2395 1211 2701 1267 ἀσθένειαν.
2738 1212 2967 1266 Μέλλων
2988 1211 3182 1269 ’τοίνυν
3214 1215 3350 1286 πρὸς
3375 1216 3473 1288 τὴν
3519 1219 3654 1270 ἀπο-

2073 1299 2274 1369 δημίαν
2301 1302 2540 1370 ἀπιέναι,
2571 1303 2670 1374 τὴν
2706 1304 2805 1373 μὲν
2835 1305 2988 1358 πόλιν
3018 1306 3191 1375 ἠφίει,
3220 1307 3320 1377 την
3347 1307 3403 1360 δέ
3429 1310 3652 1379 ἀγάπην

2075 1391 2229 1461 ὑμῶν
2261 1394 2360 1446 οὐκ
2383 1395 2531 1463 ἠφίει
2553 1413 2565 1426 ⁸
2598 1397 2717 1449 ούδέ
2745 1397 2926 1470 ἐπειδὴ
2963 1397 3057 1469 τῆς
3082 1399 3408 1469 Ἐκκλησίας
3432 1401 3650 1467 ἐξεϐάλ-

2073 1487 2213 1551 λετο,
2258 1490 2350 1542 καὶ
2381 1489 2479 1558 τῆς
2507 1491 2844 1561 προστασίας
2877 1496 2971 1544 καὶ
2997 1490 3097 1559 τῆς
3133 1492 3271 1562 ὑπὲρ
3301 1492 3454 1562 ὑμῶν
3487 1496 3649 1564 κηδε-

2076 1581 2265 1650 μονίας
2294 1581 2570 1652 ἀλλότριον
2601 1583 2792 1635 ἐαυτὸν
2832 1579 2971 1636 εἶναι
2999 1583 3269 1654 ἐνόμιζεν,
3297 1585 3430 1638 ἀλλά
3469 1587 3652 1655 μειζό-

2071 1687 2178 1732 νως
2204 1670 2323 1724 τότε
2355 1671 2599 1740 ἐκήδετο,
2630 1672 2722 1725 καὶ
2752 1673 3032 1742 ἐφρόντιζε
3052 1689 3067 1705 ⁸
3090 1674 3184 1728 καὶ
3209 1675 3445 1740 καλέσας
3479 1678 3652 1731 ἀπαν-

2069 1779 2167 1824 τας
2193 1762 2536 1831 παρεκάλεσε
2565 1763 2637 1834 μὴ
2667 1765 3086 1834 παραχωρῆσαι,
3115 1766 3248 1834 μηδὲ
3271 1767 3512 1822 ἐνδοῦναι
3536 1773 3649 1831 τοῖς

2069 1851 2254 1916 λύκοις
2277 1892 2293 1915 ,
2338 1851 2472 1923 μηδὲ
2513 1852 2806 1923 προδοῦναι
2837 1854 2934 1924 τὴν
2976 1853 3222 1925 ,ποίμνην
3261 1856 3473 1919 αὐτοῖς,
3511 1858 3647 1911 ἀλλὰ

2073 1946 2254 2014 μένειν
2287 1942 2434 1996 ἔνδον
2471 1944 2924 2013 ἐπιστομίζοντας
2959 1945 3055 2014 μὲν
3086 1947 3284 2008 αὐτοὺς
3310 1947 3404 1999 καὶ
3437 1947 3647 2016 διελέγε-

2069 2050 2283 2103 χοντας,
2311 2035 2436 2096 τοὺς
2463 2033 2883 2104 ἀκεραιοτέρους
2911 2033 2967 2086 δὲ
2998 2034 3106 2087 τῶν
3144 2036 3387 2106 ἀδελφῶν
3415 2033 3648 2106 ἀσφαλιιὲ

2071 2121 2351 2192 ζομένους.
2377 2123 2488 2176 Καὶ
2511 2124 2593 2198 δτι
2626 2122 2805 2187 καλῶς
2839 2124 3114 2192 ἐκέλευσε,
3144 2126 3205 2179 τὸ
3239 2127 3391 2192 τέλος
3414 2128 3646 2194 Εδειξενο

2071 2215 2120 2266 εἰ
2159 2212 2267 2283 γὰρ
2300 2212 2376 2284 μὴ
2413 2213 2663 2284 ἐμείνατε
2694 2215 2751 2266 ἐν
2785 2216 2852 2282 τῇ
2891 2215 3187 2286 Ἐκκλησία
3215 2217 3360 2284 τότε,
3396 2217 3456 2270 τὸ
3489 2217 3649 2271 πλέον

2069 2305 2170 2373 τῆς
2197 2304 2406 2367 πόλεως
2428 2299 2497 2375 ἦν
2525 2304 2946 2374 διεφθαρμένον,
2974 2293 3060 2356 ἐπ’
3087 2306 3321 2377 ἐρημίας
3344 2308 3449 2360 τῶν
3467 2307 3648 2362 λύκων

2069 2395 2139 2448 τά
2164 2395 2409 2468 πρόϐατα
2441 2395 2727 2450 ἐσθιόντων
2744 2413 2756 2427 ⁸
2785 2395 2900 2462 ἀλλ’
2926 2397 3132 2452 ἐκείνου
3153 2398 3214 2451 τὸ
3236 2399 3387 2469 ῥῆμα
3409 2398 3645 2453 ἐκώλυσε

2073 2487 2212 2557 μετὰ
2241 2487 2424 2550 ἀδείας
2455 2489 2652 2551 αὐτοὺς
2695 2488 2794 2560 τὴν
2824 2488 3028 2540 οἰκείαν
3074 2488 3441 2554 ἐπιδείξασθαι
3484 2507 3650 2558 πονη-

2073 2579 2212 2648 ρίαν.
2241 2578 2316 2631 υύ
2347 2577 2408 2630 τὸ
2434 2577 2587 2640 τέλος
2614 2578 2670 2631 δὲ
2703 2577 2870 2644 ἔδειξε
2907 2578 3086 2648 μόνον,
3114 2576 3250 2631 ἀλλά
3283 2577 3378 2632 καὶ
3409 2579 3477 2632 τά
3500 2579 3648 2632 Παύ-

2067 2668 2160 2722 λου
2193 2670 2442 2740 ρήματα·
2483 2667 2578 2721 καὶ
2606 2667 2714 2737 γάρ
2746 2662 2900 2730 οὗτος
2937 2669 3071 2738 παρ’
3097 2666 3306 2720 ἐκείνου
3337 2667 3648 2732 παιδευθεὶς

2066 2760 2237 2814 ταῦτα
2261 2758 2518 2832 παρῄνει.
2543 2759 2611 2811 Τί
2653 2753 2746 2813 οῦν
2779 2762 2808 2812 6
2833 2757 3046 2822 Παῦλός
3076 2776 3210 2829 φησι
3236 2776 3252 2825 ;
3284 2759 3511 2813 Μέλλων
3539 2762 3647 2814 ἀπ-

2065 2849 2294 2920 άγεσθαι
2317 2867 2448 2903 ποτε
2469 2853 2549 2914 εἰς
2571 2849 2671 2920 τὴν
2685 2849 2905 2920 Ῥώμην
2925 2849 3026 2922 τὴν
3050 2850 3288 2922 ἐσχάτην
3313 2851 3647 2922 ἀποδημίαν,

2068 2941 2187 3012 μεθ’
2210 2941 2279 3012 ῆν
2303 2941 2403 2994 οὐκ
2430 2940 2510 2993 ἔτι
2542 2940 2765 3010 ἔμελλεν
2793 2939 3022 3007 ὄψεσθαι
3051 2941 3178 3002 τοὺς
3211 2940 3455 3012 μαθητάς
3475 2958 3489 2972 ⁸
3522 2944 3647 2996 Οὐκ

2063 3031 2150 3084 ἔτι
2177 3029 2290 3100 γὰρ
2336 3026 2493 3098 ὑμᾶς
2535 3030 2776 3098 ὄψομαι,
2811 3029 2944 3100 φησί
2966 3045 2978 3058 ⁸
3005 3029 3165 3082 τοῦτο
3193 3030 3252 3082 δέ
3290 3030 3494 3099 ἔλεγεν,
3524 3031 3646 3102 οὐχὶ

2063 3120 2344 3191 λυπῆσαι,
2397 3119 2512 3173 ἀλλ’
2561 3119 2968 3190 ἀσφαλίσασθαι
3020 3119 3342 3192 βουλόμενος
3365 3137 3382 3152 ⁸
3431 3122 3644 3193 μέλλων

2062 3211 2243 3264 τοίνυν
2271 3209 2573 3280 ἀποδημεῖν
2620 3211 2854 3275 ἐκεῖθεν,
2885 3210 3029 3264 οὕτω
3076 3227 3195 3275 πως
3235 3212 3434 3276 αὐτοὺς
3467 3215 3645 3283 ἠσφα-

2063 3299 2239 3363 λίζετο
2263 3300 2463 3369 λέγων·
2497 3295 2641 3353 Οἶδα
2673 3300 2763 3353 ὅτι
2783 3299 2935 3369 μετὰ
2968 3299 3084 3368 τὴν
3121 3301 3329 3371 ἄφιξίν
3361 3319 3481 3371 μου
3512 3305 3643 3356 είσ-

2063 3391 2422 3445 ελεύσονται
2453 3390 2605 3460 πρὸς
2627 3388 2782 3460 ὑμᾶς
2807 3391 2982 3445 λύκοι
3004 3392 3239 3460 βαρεῖς,
3262 3393 3356 3446 καί
3386 3392 3456 3457 ἐξ
3475 3393 3644 3462 ὑμῶν

2061 3482 2259 3537 αὐτῶν
2296 3479 2776 3548 ἀναστήσονται
2838 3480 3053 3550 ἄνδρες
3115 3483 3454 3548 λαλοῦντες
3520 3483 3641 3537 διε-

2061 3570 2426 3641 στραμμένα.
2442 3571 2714 3641 Τριπλοῦς
2733 3572 2761 3622 6
2778 3570 3034 3640 πόλεμος,
3051 3571 3084 3639 ή
3102 3569 3263 3638 φύσις
3283 3571 3391 3623 τῶν
3412 3569 3640 3643 θηρίων,

2061 3661 2102 3731 ή
2119 3659 2423 3730 χαλεπότης
2448 3658 2542 3712 τοῦ
2565 3658 2828 3729 πολέμου,
2851 3659 2910 3711 τὸ
2938 3658 3012 3730 μὴ
3035 3657 3369 3729 ἀλλοτρίους,
3389 3659 3524 3713 ἀλλά
3548 3663 3643 3714 καὶ

2060 3752 2298 3814 οίκείους
2327 3747 2471 3805 εἶναι
2503 3751 2632 3814 τοὺς
2657 3749 3060 3820 πολεμοῦντας·
3093 3749 3182 3803 διά
3209 3751 3368 3804 τοῦτο
3393 3751 3642 3821 χαλεπώ-

2058 3859 2216 3914 τερος
2239 3859 2253 3872 ⁸
2290 3841 2538 3904 εἰκότως.
2586 3841 2687 3894 “Av
2723 3841 2822 3911 μὲν
2849 3840 2959 3911 γάρ
2995 3840 3196 3906 ἔξωθέν
3231 3841 3304 3911 μέ
3345 3859 3428 3904 τις
3468 3841 3637 3914 βάλλῃ

2059 3935 2155 3988 καὶ
2193 3933 2430 4004 πολεμῇ,
2467 3933 2665 4004 ῥᾳδίως
2695 3930 2860 3985 αὑτοῦ
2890 3933 3272 4003 περιγενέσθαι
3300 3933 3602 4005 δυνήσομαι
3620 3953 3637 3966 ⁸

2060 4024 2125 4079 ἂν
2151 4025 2208 4078 δέ
2235 4023 2443 4077 ἔνδοθεν
2477 4023 2586 4077 ἀπὸ
2618 4022 2713 4076 τοῦ
2747 4023 2998 4094 σώματος
3036 4023 3147 4096 φύῃ
3168 4023 3228 4077 τὸ
3252 4023 3426 4088 ἕλκος,
3453 4025 3644 4078 δυσία-

2057 4134 2150 4171 τον
2181 4115 2390 4185 γίνεται
2417 4115 2477 4168 τὸ
2511 4114 2709 4169 κακόν⁸
2740 4115 2768 4167 6
2798 4115 2861 4185 δὴ
2893 4115 2989 4168 καὶ
3021 4114 3142 4167 τότε
3164 4115 3402 4184 ἐγένετο.
3428 4115 3519 4168 Διὸ
3545 4117 3642 4170 καὶ

2061 4207 2292 4279 παρῄνει
2328 4206 2524 4274 λέγων,
2568 4207 2903 4275 Προσέχετε
2947 4205 3184 4272 ἑαυτοῖς
3219 4207 3316 4259 καί
3345 4206 3527 4260 παντί
3559 4207 3646 4272 τῷ

2060 4301 2348 4370 ποιμνίῳ·
2383 4301 2483 4353 οὐκ
2519 4294 2661 4363 εἷπε,
2695 4298 3102 4361 Καταλιπόντες
3131 4298 3200 4352 τά
3230 4299 3476 4370 πρόϐατα
3504 4299 3640 4367 φεύ-

2060 4406 2186 4457 τετε
2225 4388 2349 4455 ἐξω.
2377 4388 2562 4441 Ταῦτα
2598 4388 2694 4442 καὶ
2729 4391 2757 4441 6
2794 4389 3065 4459 μακάριος
3105 4388 3401 4452 Εὐστάθιος
3440 4406 3645 4442 πεπαιο

2059 4479 2318 4552 δευμένος
2362 4477 2594 4551 παρῄνει
2637 4481 2750 4542 τοῖς
2785 4479 2983 4534 ἐαυτοῦ
3019 4480 3322 4550 μαθηταῖς⁸
3353 4480 3498 4552 άπερ
3543 4477 3644 4535 οῦν

2060 4572 2154 4626 καὶ
2175 4574 2205 4626 6
2233 4571 2398 4641 σοφὸς
2426 4567 2580 4635 οὗτος
2624 4572 2722 4626 καὶ⁹
2751 4574 2995 4642 γενναῖος
3026 4572 3344 4636 διδάσκαλος
3375 4573 3642 4641 ἀκούσας,

2059 4661 2206 4736 ἔργῳ
2233 4663 2325 4717 τὸν
2350 4663 2503 4732 λόγον
2536 4662 2873 4735 ἐπλήρωσεν.
2903 4664 3198 4718 Είσιόντων
3224 4664 3354 4732 γοῦν
3389 4665 3639 4726 ἐκείνων.

2057 4757 2158 4810 οὐκ
2187 4755 2369 4827 ἀφῆκε
2393 4755 2463 4810 τά
2480 4755 2752 4828 πρόϐατα,
2779 4756 2956 4810 καίτοι
2974 4774 3038 4826 γε
3063 4756 3163 4810 οὐκ
3181 4752 3250 4827 ἦν
3281 4757 3372 4809 ἐπὶ
3396 4756 3486 4810 τὸν
3513 4757 3640 4828 θρό-

2057 4864 2147 4901 νον
2184 4847 2283 4917 τῆς
2315 4846 2491 4918 ἀρχῆς
2527 4846 2797 4901 ἀνελθών⁸
2840 4846 2955 4901 ἀλλ’
2988 4846 3141 4900 οὐδὲν
3174 4845 3334 4900 τοῦτο
3364 4847 3502 4918 πρὸς
3535 4847 3643 4918 τὴν

2056 4937 2311 5006 γενναίαν
2340 4938 2558 5008 ἐκείνην
2597 4938 2690 4991 καὶ
2715 4937 3005 5006 φιλόσοφον
3031 4937 3233 5009 ψυχήν.
3271 4938 3384 5001 Τάς
3407 4939 3507 5008 μὲν
3529 4939 3636 5011 γὰρ

2055 5029 2224 5100 τιμὰς
2260 5028 2371 5082 τῶν
2414 5029 2690 5100 ἀρχόντων
2724 5029 2933 5101 ἑτέροις
2973 5028 3146 5099 ἠφίει,
3173 5029 3301 5092 τοὺς
3338 5028 3396 5082 δὲ
3441 5029 3637 5093 πόνους

2054 5119 2165 5172 τῶν
2212 5119 2489 5189 ἀρχόντων
2533 5119 2694 5180 αὐτὸς
2728 5120 3042 5190 ὑπέμενεν,
3093 5118 3241 5171 ἔνδον
3287 5119 3489 5190 μεταξὺ
3525 5118 3636 5172 τῶν

2054 5209 2234 5264 λύκων
2266 5210 2627 5280 στρεφόμενος
2647 5223 2661 5239 ⁸
2696 5209 2849 5262 οὐδὲν
2880 5209 2994 5281 γ’ἀρ
3014 5209 3176 5263 αὐτόν
3207 5209 3257 5263 οἱ
3287 5210 3395 5262 τῶν
3429 5209 3639 5280 θηρίων

2056 5299 2266 5363 ὀδόντες
2295 5299 2580 5365 ἔϐλαπτον,
2601 5297 2777 5362 οὕτως
2799 5299 3155 5370 ἰσχυροτέραν
3179 5299 3360 5352 πίστιν
3385 5295 3499 5369 εἶχε
3524 5300 3640 5353 τῶν

2057 5390 2280 5444 ἐκείνων
2316 5390 2628 5460 δηγμάτων.
2666 5390 2856 5443 Ἔνδον
2895 5390 3074 5443 τοίνυν
3120 5391 3507 5461 στρεφόμενος,
3538 5392 3634 5446 καῖ

2054 5483 2121 5552 τῇ
2151 5480 2409 5552 γινομένῃ
2442 5480 2578 5551 πρὸς
2609 5480 2771 5535 αὑτὸν
2801 5479 2950 5551 μάχῃ
2992 5480 3202 5545 πάντας
3242 5481 3439 5543 αὐτοὺς
3465 5482 3634 5550 ἀσχοο

2055 5570 2184 5632 λῶν,
2205 5569 2405 5640 πολλὴν
2435 5569 2621 5623 ἀδειαν
2647 5572 2760 5633 τοῖς
2784 5569 3078 5641 προϐάτοις
3101 5569 3529 5640 παρεσκεύαζεν.
3554 5570 3636 5623 Οὔ

2056 5659 2212 5715 τοῦτο
2233 5659 2289 5714 δὲ
2315 5660 2473 5731 μόνον
2505 5659 2677 5714 ἐποίει
2704 5659 3029 5732 ἐμφράττων
3061 5659 3244 5714 αὐτῶν
3263 5657 3334 5712 τά
3356 5658 3633 5728 στόματα,
