4224 6302
264 377 366 434 αδδ

266 493 383 555 bat,
411 504 541 544 num
568 491 691 561 quis
716 489 822 548 telo
847 501 1132 560 percussus
1161 486 1365 554 fuisset,
1397 497 1523 542 num
1543 501 1705 558 grave
1733 486 1850 541 vul-

269 597 368 638 nus
395 585 695 653 accepisset
722 623 737 646 ,
764 582 1049 649 statimque
1069 580 1512 635 medicamentum
1544 577 1850 632 adhibebat.

271 672 378 729 Hoc
417 674 544 729 dum
583 672 800 732 faceret.
843 670 910 726 ad
950 685 1130 725 veram
1175 669 1331 724 ﬁdem
1353 684 1542 723 omnes
1564 667 1851 733 animavit,

268 780 368 820 nec
401 765 550 835 prius
578 763 822 830 destitit,
855 776 1012 832 quam
1041 763 1134 819 Dei
1163 776 1384 817 munere
1409 767 1570 830 atque
1594 772 1854 814 concessu

270 857 456 910 beatus
480 854 724 909 Meletius
762 854 1012 920 advenit,
1040 854 1129 925 qui
1158 863 1320 910 totam
1348 867 1577 907 massam
1616 851 1852 921 accepit;

268 946 356 999 hic
384 943 689 1008 seminavit,
714 944 806 1000 ille
823 944 1064 1000 messuit.
1087 944 1214 999 Tale
1235 943 1359 1012 quid
1380 941 1542 998 etiam
1569 941 1780 1012 Moyses
1802 951 1857 996 et

265 1037 447 1089 Aaron
474 1037 852 1105 prtestiterunt.
879 1035 1012 1090 Nam
1049 1044 1106 1090 et
1144 1035 1218 1088 illi
1249 1032 1498 1088 fermenti
1523 1034 1575 1087 in
1611 1046 1815 1086 morem
1836 1073 1853 1100 ,

266 1126 394 1179 dum
427 1127 481 1180 in
514 1125 692 1182 medio
719 1125 1094 1197 Egyptiorum
1123 1129 1464 1180 versarentur
1483 1164 1498 1188 ,
1532 1121 1729 1176 multos
1753 1119 1853 1176 do—

266 1217 507 1272 mesticas
567 1217 783 1288 pietatis
849 1216 1187 1269 aemulatores
1242 1212 1555 1268 reddebant.
1607 1210 1858 1267 Testatur

268 1309 370 1364 hoc
403 1308 644 1380 Moyses,
685 1308 810 1361 dum
855 1305 1081 1360 multum
1124 1304 1311 1375 vulgus
1337 1303 1695 1374 promiscuum
1733 1316 1857 1357 cum

267 1399 525 1455 lsraelitis
590 1397 667 1452 ait
733 1396 1038 1452 ascendisse
1097 1394 1311 1467 (Exod.
1371 1395 1459 1451 i2.
1506 1394 1636 1465 38).
1703 1395 1858 1449 Hunc

269 1490 506 1561 Moysem
558 1487 772 1542 imitans
793 1488 924 1554 iste,
957 1487 1116 1542 etiam
1144 1495 1268 1541 ante
1293 1487 1659 1555 magistratum
1679 1525 1694 1549 ,
1737 1497 1858 1554 qua:

272 1583 614 1650 magistratus
677 1588 834 1633 erant
884 1578 1106 1649 gerebat
1165 1595 1178 1631 :
1222 1576 1483 1646 siquidem
1523 1575 1612 1631 ille
1682 1574 1859 1644 prius-

268 1684 428 1738 quam
467 1668 520 1722 in
561 1668 814 1738 populum
839 1667 1069 1722 delatum
1099 1665 1175 1720 illi
1201 1675 1343 1721 esset
1382 1665 1698 1734 imperium,
1748 1662 1858 1717 for-

265 1763 387 1814 titer
434 1759 723 1814 admodum
767 1769 925 1830 atque
968 1773 1227 1829 generose
1269 1757 1558 1818 inferentes
1609 1755 1855 1824 iniuriam

264 1849 538 1918 puniebat,
587 1848 835 1920 injuriam
876 1849 1140 1920 patientes
1181 1847 1533 1903 ulciscebatur
1557 1889 1574 1915 ,
1617 1855 1672 1901 et
1711 1846 1858 1916 regia

1398 371 1462 429 lN
1492 372 1551 430 s.
1592 327 2371 434 nousnuuttsnrrnsu.
2409 375 2450 434 ι.

3440 389 3542 445 606

1956 499 2140 562 mensa
2162 529 2179 554 ,
2212 488 2507 545 honoribus
2533 490 2983 566 dignitatibusque
3020 497 3339 567 contemptis
3364 499 3431 554 ad
3461 501 3543 554 lu-

1959 584 2069 631 tum
2094 585 2150 632 ct
2174 578 2463 634 lateritium
2487 594 2622 651 Opus
2641 584 2923 651 currebat,
2947 600 3010 641 ac
3034 587 3238 644 deliciis
3266 590 3541 657 omnibus,

1957 667 2317 738 voluptatibus
2361 677 2417 725 et
2458 669 2749 728 honoribus
2790 673 3174 743 praal‘ercndam
3213 681 3544 751 prapinquo-

1957 770 2077 811 rum
2103 771 2307 812 curam
2351 760 2694 816 existimabat
2722 781 2738 818 :
2767 763 2834 819 ad
2865 779 3020 834 quem
3051 767 3233 822 oculos
3273 770 3373 827 iste
3411 786 3543 826 cono

1959 853 2173 902 vertens
2202 850 2541 919 magistratus
2568 866 2756 909 omnes
2781 869 2874 908 sua
2917 854 2970 910 in
3000 858 3542 926 popuium'sollicitu-

1958 935 2084 991 dine
2112 939 2644 1009 commonefaciebat,
2675 953 2729 997 et
2766 944 2977 1000 labores
3003 946 3243 1016 perferre
3263 990 3278 1012 ,
3308 950 3544 1021 undique

1959 1026 2215 1093 divexari,
2246 1043 2406 1099 quam
2436 1031 2817 1101 tranquillitate
2843 1034 2945 1090 frui
2974 1037 3224 1103 malebat,
3256 1052 3320 1092 ac
3347 1054 3541 1109 perpe-

1960 1127 2079 1173 tuas
2108 1119 2160 1175 in
2190 1121 2308 1176 dies
2334 1121 2635 1178 inimicitias
2656 1125 2980 1182 incurrebat.
3010 1128 3382 1185 Verumtamen
3406 1131 3543 1199 levia

1959 1219 2112 1264 erant
2138 1211 2210 1266 illi
2237 1212 2415 1266 omnia
2445 1229 2459 1265 :
2490 1213 2750 1282 siquidem
2778 1230 2844 1270 ex
2872 1217 2935 1270 iis
2960 1217 3120 1272 rebus
3141 1260 3154 1283 ,
3186 1235 3308 1290 qua:
3333 1221 3544 1284 accide-

1960 1301 2118 1370 bant,
2163 1301 2408 1358 idoneam
2436 1306 2820 1362 consolationis
2849 1309 3186 1364 occasionem
3228 1312 3538 1382 arripiebat.

1959 1391 2089 1459 Quae
2138 1408 2257 1448 cum
2294 1395 2365 1449 ita
2413 1397 2519 1450 sint
2543 1439 2557 1463 ,
2606 1396 2717 1452 Deo
2755 1400 2955 1469 gratias
2992 1408 3212 1470 agentes
3237 1411 3543 1458 sanctorum

1962 1483 2185 1540 istorum
2215 1486 2435 1542 virtutes
2482 1489 2786 1556 imitemur,
2834 1501 2892 1545 nt
2921 1494 3226 1548 earumdem
3269 1509 3388 1549 cum
3418 1496 3547 1565 ipsis

1939 1580 2278 1628 e’coronarum
2307 1578 2589 1647 participes
2626 1594 2747 1636 esse
2773 1583 3043 1638 valeamus
3063 1623 3079 1650 ,
3108 1585 3274 1654 gratia
3305 1579 3358 1639 et
3389 1584 3541 1640 beni-

1960 1664 2160 1733 gnitate
2187 1664 2396 1719 Domini
2428 1669 2596 1722 nostri
2620 1668 2744 1723 Iesu
2770 1669 2969 1726 Christi
2996 1713 3011 1736 ,
3043 1688 3137 1742 per
3165 1689 3324 1744 quem
3347 1683 3547 1729 etcum

1961 1769 2067 1824 quo
2093 1755 2237 1810 Patri
2257 1772 2466 1828 unaque
2486 1770 2671 1813 sancto
2695 1759 2913 1830 Spiritui
2942 1761 3138 1831 gloria,
3170 1765 3340 1819 honor
3359 1772 3415 1820 et
3445 1765 3548 1819 im.-

1963 1847 2166 1916 perium
2193 1847 2246 1903 in
2275 1850 2468 1905 secula
2497 1850 2836 1907 sarcuiornm.
2868 1854 3061 1908 Amen.

1691 2380 2134 2445 ADMONITIO.

270 2637 520 2696 semotis
553 2633 864 2690 dicendum.
891 2630 1046 2686 Licet
1070 2627 1220 2684 enim
1245 2625 1365 2680 haec
1390 2621 1556 2677 verba
1584 2618 1690 2675 sub
1717 2618 1881 2672 tinem
1911 2614 2192 2670 homilize:
2236 2611 2528 2668 Voluissem
2555 2611 2795 2682 equidem
2829 2609 2888 2662 in
2907 2608 3065 2679 hujus
3096 2611 3354 2679 martyris
3383 2626 3548 2681 argo-

273 2758 451 2805 πωπω
484 2748 839 2803 exsultantem
869 2744 1164 2799 orationem
1191 2741 1260 2795 ad
1297 2740 1457 2810 ﬁnem
1481 2751 1644 2803 usque
1671 2727 1928 2787 deducere
1955 2747 1973 2786 :
2000 2739 2056 2785 at
2087 2729 2227 2799 justi
2258 2729 2419 2799 spatii
2451 2736 2653 2797 tempus
2680 2726 2912 2792 aduenit,
2935 2734 2987 2781 ct
3017 2736 3075 2780 ut
3111 2724 3266 2798 [6H]
3291 2727 3548 2780 sileamus

274 2870 542 2925 hortatur.
576 2866 721 2921 Nam
745 2874 794 2919 et
824 2864 967 2927 vobis,
994 2861 1063 2916 ad
1096 2858 1384 2914 utilitatem
1413 2855 1524 2909 hac
1560 2853 1704 2906 dicta
1731 2849 2018 2921 suﬁiciunt,
2047 2859 2094 2902 et
2127 2846 2423 2901 necessaria
2451 2853 2575 2899 sunt
2609 2842 2792 2899 Patris
2818 2843 3160 2910 documenta,
3187 2852 3244 2896 ut
3273 2843 3418 2898 dicta
3451 2843 3551 2898 illa

274 2986 642 3059 perficiantur.
685 2980 855 3042 Licet,
886 2979 1134 3048 inquam,
1163 2976 1278 3028 haec
1327 2969 1495 3026 verba
1519 2956 1850 3022 ‘Flarianum
1882 2963 2204 3034 episcOpum
2249 2974 2375 3014 mox
2430 2957 2887 3015 conciouaturum
2933 2957 3200 3024 indicent,
3232 2966 3292 3011 ut
3335 2955 3392 3010 in
3422 2955 3549 3009 aliis

279 3097 664 3173 Chrysostomi
708 3094 953 3150 bomiliis
986 3106 1095 3146 non
1129 3086 1506 3156 iul'requenter
1537 3078 2052 3142 animadvertimus,
2101 3087 2474 3144 magnumque
2523 3071 2652 3126 hinc
2693 3071 3047 3143 γνησιότητος
3085 3070 3357 3165 indicium
3401 3070 3549 3128 sumi

275 3229 442 3290 posse
475 3212 743 3273 videatur,
791 3214 1032 3261 attamen
1084 3200 1212 3273 styli
1272 3211 1445 3271 genus
1475 3184 1582 3250 tam
1612 3191 1864 3249 absimile
1894 3189 2112 3246 videtur
2146 3188 2271 3242 aliis
2311 3185 2693 3257 Chrysostomi
2750 3186 3132 3252 orationibus,
3167 3185 3262 3240 vis
3291 3192 3352 3239 ut
3401 3184 3552 3240 credi

275 3329 458 3402 possit
487 3328 632 3382 hanc
663 3339 784 3380 esse
811 3321 870 3378 S.
901 3319 1142 3377 doctoris
1178 3315 1485 3372 homiliam.
1514 3310 1710 3367 Omnia
1740 3309 1829 3365 hic
1857 3308 2032 3379 tropis
2058 3303 2660 3375 exclamationibusque
2691 3303 3026 3366 redundant,
3055 3311 3111 3358 et
3159 3303 3349 3360 nescio
3389 3318 3555 3374 quam

283 3443 737 3518 peregrinitatem
773 3438 947 3504 olent,
970 3436 1017 3492 si
1048 3449 1172 3490 cum
1197 3429 1635 3504 praecedentibus
1671 3437 1726 3483 et
1754 3423 2113 3496 sequentibus
2153 3417 2518 3482 concioni‘ous
2558 3423 2969 3487 comparentur.
2999 3413 3181 3480 Quare
3221 3415 3551 3470 crediderim

277 3565 465 3637 potius
493 3575 615 3616 esse
652 3557 940 3628 cujusdam
972 3552 1274 3625 presbyteri
1307 3549 1656 3613 Antiocheni,
1703 3547 1797 3617 qui
1833 3543 1936 3600 sub
1978 3541 2244 3596 Flaviano
2288 3537 2532 3592 alternas
2575 3550 2699 3591 cum
2744 3534 3146 3604 Chrysostomo
3185 3532 3558 3588 concionandi

280 3683 469 3747 partes
499 3677 703 3742 ageret.

351 3813 742 3887 interpretatio
788 3810 992 3867 Latina
1028 3808 1220 3879 prima:
1260 3805 1500 3860 homnine
1531 3810 1616 3858 est
1658 3799 1856 3856 incerti
1881 3794 2201 3868 cujusdam,
2251 3787 2509 3848 secunda
2562 3802 2690 3846 vero
2743 3786 3039 3844 Frontonis
3093 3786 3313 3853 Duczei;
3373 3788 3568 3844 amhas

279 3930 491 4001 aliquot
515 3931 571 3984 in
603 3927 738 3984 locis
765 3925 1206 3982 emendavimus.

269 4159 3344 4207 Μ

1399 4299 2256 4412 ΜΠΒΑΤΙΟ
2330 4300 2398 4408 1

1422 4527 1643 4572 sucu
1685 4522 2005 4569 και-ηις
2033 4522 2279 4568 nonum
2335 4510 2437 4584 (a).

1743 4675 2103 4733 eam»

351 4829 404 4883 1.
446 4823 564 4879 Nos
599 4834 776 4876 sumus
811 4814 1099 4884 Hartyrsm
1140 4803 1393 4872 malua,
1421 4804 1523 4858 imo
1561 4799 1773 4856 Christi.
1799 4827 1871 4838 —
1981 4798 2203 4853 membra
2233 4813 2252 4852 :
2275 4798 2377 4851 sive
2403 4796 2718 4868 gloriﬁcatur
2742 4807 2900 4849 unum
2930 4792 3227 4856 membrum,
3256 4787 3580 4859 congaudent

281 4921 490 4975 Rursus
515 4921 810 4982 martyrum
842 4904 1098 4962 memoria
1120 4943 1136 4970 ,
1168 4910 1223 4956 et
1260 4913 1445 4953 rursus
1474 4895 1590 4951 dies
1629 4893 1794 4948 festus
1823 4899 1878 4947 et
1981 4893 2152 4946 omnia
2179 4890 2400 4944 membra
2433 4889 2529 4961 (1.
2553 4887 2672 4943 Cor.
2707 4886 2792 4942 12.
2819 4884 2949 4957 26).
2976 4885 3147 4955 Caput
3167 4893 3494 4982 coronatur.
3514 4891 3579 4982 ,ει

280 4972 570 5068 celebritas
592 4972 899 5073 Spiritualis.
928 4995 1262 5052 Laborarunt
1288 4990 1458 5054 illi,et
1477 5000 1575 5041 nos
1599 4984 1874 5038 lmtamur:
1981 4981 2245 5052 reliquum
2289 4994 2482 5050 corpus
2529 4979 2758 5034 exsultat
2789 4996 2802 5033 :
2833 4992 2971 5034 unus
3009 4986 3090 5033 est
3132 4976 3303 5031 victor
3341 4973 3393 5029 in
3439 4972 3580 5027 ludis

283 5069 637 5159 decertaruut
671 5095 745 5150 illi
768 5134 786 5162 ,
814 5102 868 5149 et
904 5105 1004 5145 nos
1031 5088 1360 5145 exsultamus
1390 5101 1402 5136 :
1434 5081 1645 5136 illorum
1677 5086 1760 5132 est
1784 5090 1877 5130 ρο·
1982 5073 2272 5147 Olympicis
2291 5117 2305 5142 ,
2335 5084 2388 5129 et
2419 5082 2560 5129 totus
2595 5073 2791 5147 gaudet
2819 5071 3047 5142 populus
3068 5111 3082 5135 ,
3113 5069 3426 5140 magnisque
3453 5082 3579 5121 eun:

285 5157 418 5249 rana
454 5199 513 5245 ct
538 5157 839 5242 communis
866 5181 1032 5253 gloria
1057 5219 1072 5244 ,
1103 5180 1212 5231 imo
1237 5175 1411 5244 potius
1437 5171 1600 5225 totius
1626 5167 1880 5223 Ecclesia:
1985 5166 2230 5222 laudibus
2251 5165 2466 5235 excipit.
2492 5165 2547 5222 Si
2568 5174 2746 5218 autem
2775 5163 2826 5216 in
2855 5161 3144 5234 Olympicis
3171 5157 3580 5216 certaminibus.

285 5285 483 5358 gloria.
515 5279 582 5335 Et
608 5249 894 5347 quomodo,
921 5272 1064 5326 dicet
1091 5269 1372 5341 quispiam.
1403 5272 1583 5335 posset
1606 5261 1706 5315 hoc
1731 5257 1882 5313 ﬁeri?
1985 5260 2077 5330 qui
2102 5259 2234 5314 nihil
2259 5258 2324 5313 ad
2357 5258 2476 5312 illm
2500 5256 2725 5312 sudores
2749 5255 3123 5318 contulerunt,
3154 5261 3298 5306 tanta
3331 5249 3580 5350 fruuntur

286 5339 424 5444 δαῖε
466 5339 646 5443 partes
687 5377 742 5422 et
779 5363 1018 5421 membra
1060 5339 1238 5414 nostra
1273 5367 1397 5414 sunt
1424 5363 1685 5425 martyres
1718 5370 1732 5406 :
1765 5350 1885 5405 Sir:
1988 5352 2295 5444 voluptate:
2327 5350 2495 5404 multo
2535 5348 2702 5419 magis
2730 5346 2838 5402 hoc
2876 5345 2970 5401 ﬁet
3002 5347 3058 5400 in
3092 5343 3306 5398 athletis
3327 5339 3582 5444 "pietatis.

289 5431 482 5520 autem-
507 5461 697 5534 patitur
737 5472 896 5511 unum
938 5451 1250 5516 membrum,
1298 5447 1673 5518 compatiuntur
1715 5441 1884 5499 oinnia
1988 5441 2095 5497 Nos
2137 5439 2301 5511 pedes
2347 5455 2563 5504 sumus,
2604 5447 2866 5510 martyres
2905 5447 3083 5492 autem
3120 5443 3296 5504 caput.
3327 5431 3430 5487 Sed
3475 5446 3582 5485 non

353 5577 438 5643 (ιι)
667 5581 777 5624 cum
797 5568 941 5622 codd.
967 5573 1117 5630 negg.
1147 5561 1269 5615 1959
1293 5566 1347 5611 et
1368 5557 1505 5612 πίει
1991 5545 2168 5609 Potest.
2204 5541 2364 5608 caput
2405 5535 2582 5592 dicere
2619 5531 2874 5605 pedibus,
2906 5529 3085 5588 Veszri
3134 5541 3244 5584 non
3288 5539 3419 5597 egeo
3458 5521 3588 5594 (ib.
