  <div class='ocr_page' id='page_1' title='image "/cluster/home/n/w/nwhite01/storage/ocr_20150623/50/pst.000005712496/203.png"; bbox 0 0 4224 6302; ppageno 0'>
   <div class='ocr_carea' id='block_1_1' title="bbox 667 357 766 412">
    <p class='ocr_par' dir='ltr' id='par_1_1' title="bbox 667 357 766 412">
     <span class='ocr_line' id='line_1_1' title="bbox 667 357 766 412; baseline 0 0"><span class='ocrx_word' id='word_1_1' title='bbox 667 357 766 412; x_wconf 69' lang='lat'><strong>£07</strong></span> 
     </span>
    </p>
   </div>
   <div class='ocr_carea' id='block_1_2' title="bbox 669 455 2238 543">
    <p class='ocr_par' dir='ltr' id='par_1_2' title="bbox 669 455 2238 543">
     <span class='ocr_line' id='line_1_2' title="bbox 669 455 2238 543; baseline -0.013 -15"><span class='ocrx_word' id='word_1_2' title='bbox 669 490 714 526; x_wconf 76' lang='grc' dir='ltr'><strong>υ.</strong></span> <span class='ocrx_word' id='word_1_3' title='bbox 746 470 861 543; x_wconf 77' lang='lat'><strong>2|).</strong></span> <span class='ocrx_word' id='word_1_4' title='bbox 888 469 1126 527; x_wconf 83' lang='lat' dir='ltr'><strong>Gloriosa</strong></span> <span class='ocrx_word' id='word_1_5' title='bbox 1156 473 1278 521; x_wconf 87' lang='lat' dir='ltr'><strong>sunt</strong></span> <span class='ocrx_word' id='word_1_6' title='bbox 1305 465 1562 528; x_wconf 86' lang='lat' dir='ltr'><strong>membra,</strong></span> <span class='ocrx_word' id='word_1_7' title='bbox 1593 463 1684 516; x_wconf 92' lang='lat' dir='ltr'><strong>sed</strong></span> <span class='ocrx_word' id='word_1_8' title='bbox 1724 461 1905 531; x_wconf 64' lang='lat' dir='ltr'><strong>gloria:</strong></span> <span class='ocrx_word' id='word_1_9' title='bbox 1931 455 2238 512; x_wconf 69' lang='lat' dir='ltr'><strong>excellentia</strong></span> 
     </span>
    </p>
   </div>
   <div class='ocr_carea' id='block_1_3' title="bbox 671 553 2242 622">
    <p class='ocr_par' dir='ltr' id='par_1_3' title="bbox 671 553 2242 622">
     <span class='ocr_line' id='line_1_3' title="bbox 671 553 2242 622; baseline -0.013 -6"><span class='ocrx_word' id='word_1_10' title='bbox 671 577 777 616; x_wconf 86' lang='lat' dir='ltr'><strong>non</strong></span> <span class='ocrx_word' id='word_1_11' title='bbox 805 561 970 615; x_wconf 88' lang='lat' dir='ltr'><strong>aliena</strong></span> <span class='ocrx_word' id='word_1_12' title='bbox 1002 558 1086 611; x_wconf 88' lang='lat' dir='ltr'><strong>illa</strong></span> <span class='ocrx_word' id='word_1_13' title='bbox 1116 555 1240 615; x_wconf 66' lang='lat' dir='ltr'><strong>facit</strong></span> <span class='ocrx_word' id='word_1_14' title='bbox 1267 569 1296 608; x_wconf 90' lang='lat' dir='ltr'><strong>a</strong></span> <span class='ocrx_word' id='word_1_15' title='bbox 1327 553 1731 622; x_wconf 74' lang='lat' dir='ltr'><strong>coajuuctionc,</strong></span> <span class='ocrx_word' id='word_1_16' title='bbox 1759 566 1874 619; x_wconf 72' lang='lat' dir='ltr'><strong>qua:</strong></span> <span class='ocrx_word' id='word_1_17' title='bbox 1904 558 1986 602; x_wconf 91' lang='lat' dir='ltr'><strong>est</strong></span> <span class='ocrx_word' id='word_1_18' title='bbox 2007 561 2128 599; x_wconf 91' lang='lat' dir='ltr'><strong>cum</strong></span> <span class='ocrx_word' id='word_1_19' title='bbox 2156 559 2242 598; x_wconf 81' lang='lat' dir='ltr'><strong>re-</strong></span> 
     </span>
    </p>
   </div>
   <div class='ocr_carea' id='block_1_4' title="bbox 672 636 2244 720">
    <p class='ocr_par' dir='ltr' id='par_1_4' title="bbox 672 636 2244 720">
     <span class='ocr_line' id='line_1_4' title="bbox 672 636 2244 720; baseline -0.011 -16"><span class='ocrx_word' id='word_1_20' title='bbox 672 652 827 720; x_wconf 88' lang='lat' dir='ltr'><strong>liquis</strong></span> <span class='ocrx_word' id='word_1_21' title='bbox 862 649 1096 718; x_wconf 88' lang='lat' dir='ltr'><strong>partibus</strong></span> <span class='ocrx_word' id='word_1_22' title='bbox 1119 647 1134 676; x_wconf 76' lang='grc' dir='ltr'>ί</span> <span class='ocrx_word' id='word_1_23' title='bbox 1166 663 1180 699; x_wconf 90' lang='lat'>:</span> <span class='ocrx_word' id='word_1_24' title='bbox 1214 655 1336 698; x_wconf 87' lang='lat' dir='ltr'><strong>tunc</strong></span> <span class='ocrx_word' id='word_1_25' title='bbox 1365 644 1504 696; x_wconf 88' lang='lat' dir='ltr'><strong>enim</strong></span> <span class='ocrx_word' id='word_1_26' title='bbox 1542 641 1674 694; x_wconf 85' lang='lat' dir='ltr'><strong>liunt</strong></span> <span class='ocrx_word' id='word_1_27' title='bbox 1712 640 1938 693; x_wconf 80' lang='lat' dir='ltr'><strong>maxime</strong></span> <span class='ocrx_word' id='word_1_28' title='bbox 1976 636 2204 705; x_wconf 89' lang='lat' dir='ltr'><strong>gloriosa</strong></span> <span class='ocrx_word' id='word_1_29' title='bbox 2227 675 2244 700; x_wconf 92' lang='lat'><strong>,</strong></span> 
     </span>
    </p>
   </div>
   <div class='ocr_carea' id='block_1_5' title="bbox 673 726 2245 808">
    <p class='ocr_par' dir='ltr' id='par_1_5' title="bbox 673 726 2245 808">
     <span class='ocr_line' id='line_1_5' title="bbox 673 726 2245 808; baseline -0.011 -15"><span class='ocrx_word' id='word_1_30' title='bbox 673 739 881 808; x_wconf 82' lang='lat' dir='ltr'><strong>quando</strong></span> <span class='ocrx_word' id='word_1_31' title='bbox 905 752 1023 792; x_wconf 88' lang='lat' dir='ltr'><strong>eam</strong></span> <span class='ocrx_word' id='word_1_32' title='bbox 1048 778 1061 800; x_wconf 89' lang='lat'><strong>,</strong></span> <span class='ocrx_word' id='word_1_33' title='bbox 1092 751 1209 805; x_wconf 78' lang='lat' dir='ltr'><strong>quze</strong></span> <span class='ocrx_word' id='word_1_34' title='bbox 1236 734 1510 788; x_wconf 88' lang='lat' dir='ltr'><strong>nobiscum</strong></span> <span class='ocrx_word' id='word_1_35' title='bbox 1537 742 1618 786; x_wconf 90' lang='lat' dir='ltr'><strong>est</strong></span> <span class='ocrx_word' id='word_1_36' title='bbox 1642 771 1658 797; x_wconf 95' lang='lat'><strong>,</strong></span> <span class='ocrx_word' id='word_1_37' title='bbox 1690 726 2114 797; x_wconf 76' lang='lat' dir='ltr'><strong>coniunctionem</strong></span> <span class='ocrx_word' id='word_1_38' title='bbox 2141 739 2245 778; x_wconf 92' lang='lat' dir='ltr'><strong>non</strong></span> 
     </span>
    </p>
   </div>
   <div class='ocr_carea' id='block_1_6' title="bbox 675 816 2248 899">
    <p class='ocr_par' dir='ltr' id='par_1_6' title="bbox 675 816 2248 899">
     <span class='ocr_line' id='line_1_6' title="bbox 675 816 2248 899; baseline -0.01 -16"><span class='ocrx_word' id='word_1_39' title='bbox 675 830 983 899; x_wconf 79' lang='lat' dir='ltr'><strong>abruperint</strong></span> <span class='ocrx_word' id='word_1_40' title='bbox 1011 845 1027 882; x_wconf 87' lang='lat'>:</span> <span class='ocrx_word' id='word_1_41' title='bbox 1059 843 1180 880; x_wconf 89' lang='lat' dir='ltr'><strong>nam</strong></span> <span class='ocrx_word' id='word_1_42' title='bbox 1224 825 1408 878; x_wconf 85' lang='lat' dir='ltr'><strong>oculus</strong></span> <span class='ocrx_word' id='word_1_43' title='bbox 1445 837 1691 892; x_wconf 91' lang='lat' dir='ltr'><strong>quoque,</strong></span> <span class='ocrx_word' id='word_1_44' title='bbox 1731 821 1851 873; x_wconf 92' lang='lat' dir='ltr'><strong>licet</strong></span> <span class='ocrx_word' id='word_1_45' title='bbox 1891 816 2096 885; x_wconf 89' lang='lat' dir='ltr'><strong>reliquo</strong></span> <span class='ocrx_word' id='word_1_46' title='bbox 2141 822 2248 868; x_wconf 90' lang='lat' dir='ltr'><strong>toto</strong></span> 
     </span>
    </p>
   </div>
   <div class='ocr_carea' id='block_1_7' title="bbox 677 908 2246 988">
    <p class='ocr_par' dir='ltr' id='par_1_7' title="bbox 677 908 2246 988">
     <span class='ocr_line' id='line_1_7' title="bbox 677 908 2246 988; baseline -0.013 -15"><span class='ocrx_word' id='word_1_47' title='bbox 677 932 902 988; x_wconf 84' lang='lat' dir='ltr'><strong>corpore</strong></span> <span class='ocrx_word' id='word_1_48' title='bbox 922 919 992 970; x_wconf 92' lang='lat' dir='ltr'><strong>sit</strong></span> <span class='ocrx_word' id='word_1_49' title='bbox 1014 913 1355 985; x_wconf 81' lang='lat' dir='ltr'><strong>splendidior,</strong></span> <span class='ocrx_word' id='word_1_50' title='bbox 1379 927 1529 966; x_wconf 92' lang='lat' dir='ltr'><strong>suam</strong></span> <span class='ocrx_word' id='word_1_51' title='bbox 1557 923 1678 964; x_wconf 91' lang='lat' dir='ltr'><strong>tunc</strong></span> <span class='ocrx_word' id='word_1_52' title='bbox 1699 908 1920 977; x_wconf 93' lang='lat' dir='ltr'><strong>gloriam</strong></span> <span class='ocrx_word' id='word_1_53' title='bbox 1947 912 2246 967; x_wconf 80' lang='lat' dir='ltr'><strong>conservat,</strong></span> 
     </span>
    </p>
   </div>
   <div class='ocr_carea' id='block_1_8' title="bbox 675 992 2248 1077">
    <p class='ocr_par' dir='ltr' id='par_1_8' title="bbox 675 992 2248 1077">
     <span class='ocr_line' id='line_1_8' title="bbox 675 992 2248 1077; baseline -0.01 -16"><span class='ocrx_word' id='word_1_54' title='bbox 675 1007 884 1077; x_wconf 89' lang='lat' dir='ltr'><strong>quando</strong></span> <span class='ocrx_word' id='word_1_55' title='bbox 921 1021 951 1059; x_wconf 92' lang='lat' dir='ltr'><strong>a</strong></span> <span class='ocrx_word' id='word_1_56' title='bbox 992 1005 1194 1073; x_wconf 86' lang='lat' dir='ltr'><strong>reliquo</strong></span> <span class='ocrx_word' id='word_1_57' title='bbox 1235 1017 1464 1071; x_wconf 89' lang='lat' dir='ltr'><strong>corpore</strong></span> <span class='ocrx_word' id='word_1_58' title='bbox 1507 1015 1611 1054; x_wconf 92' lang='lat' dir='ltr'><strong>non</strong></span> <span class='ocrx_word' id='word_1_59' title='bbox 1648 997 1990 1052; x_wconf 69' lang='lat' dir='ltr'><strong>abscinditur.</strong></span> <span class='ocrx_word' id='word_1_60' title='bbox 2031 994 2097 1048; x_wconf 87' lang='lat' dir='ltr'><strong>Et</strong></span> <span class='ocrx_word' id='word_1_61' title='bbox 2124 992 2248 1062; x_wconf 92' lang='lat' dir='ltr'><strong>quid</strong></span> 
     </span>
    </p>
   </div>
   <div class='ocr_carea' id='block_1_9' title="bbox 677 1087 2252 1166">
    <p class='ocr_par' dir='ltr' id='par_1_9' title="bbox 677 1087 2252 1166">
     <span class='ocr_line' id='line_1_9' title="bbox 677 1087 2252 1166; baseline -0.011 -12"><span class='ocrx_word' id='word_1_62' title='bbox 677 1098 745 1154; x_wconf 90' lang='lat' dir='ltr'><strong>de</strong></span> <span class='ocrx_word' id='word_1_63' title='bbox 769 1097 1090 1166; x_wconf 77' lang='lat' dir='ltr'><strong>martyribus</strong></span> <span class='ocrx_word' id='word_1_64' title='bbox 1120 1095 1276 1148; x_wconf 82' lang='lat' dir='ltr'><strong>dico?</strong></span> <span class='ocrx_word' id='word_1_65' title='bbox 1313 1094 1366 1148; x_wconf 91' lang='lat' dir='ltr'><strong>Si</strong></span> <span class='ocrx_word' id='word_1_66' title='bbox 1403 1093 1542 1146; x_wconf 91' lang='lat' dir='ltr'><strong>enim</strong></span> <span class='ocrx_word' id='word_1_67' title='bbox 1586 1089 1838 1143; x_wconf 87' lang='lat' dir='ltr'><strong>Dominus</strong></span> <span class='ocrx_word' id='word_1_68' title='bbox 1881 1087 2114 1154; x_wconf 89' lang='lat' dir='ltr'><strong>ipsorum</strong></span> <span class='ocrx_word' id='word_1_69' title='bbox 2155 1098 2252 1136; x_wconf 86' lang='lat' dir='ltr'><strong>no-</strong></span> 
     </span>
    </p>
   </div>
   <div class='ocr_carea' id='block_1_10' title="bbox 678 1175 2252 1256">
    <p class='ocr_par' dir='ltr' id='par_1_10' title="bbox 678 1175 2252 1256">
     <span class='ocr_line' id='line_1_10' title="bbox 678 1175 2252 1256; baseline -0.011 -12"><span class='ocrx_word' id='word_1_70' title='bbox 678 1201 846 1244; x_wconf 91' lang='lat' dir='ltr'><strong>strum</strong></span> <span class='ocrx_word' id='word_1_71' title='bbox 873 1195 1029 1256; x_wconf 91' lang='lat' dir='ltr'><strong>caput</strong></span> <span class='ocrx_word' id='word_1_72' title='bbox 1053 1185 1165 1240; x_wconf 86' lang='lat' dir='ltr'><strong>fieri</strong></span> <span class='ocrx_word' id='word_1_73' title='bbox 1197 1201 1304 1240; x_wconf 91' lang='lat' dir='ltr'><strong>non</strong></span> <span class='ocrx_word' id='word_1_74' title='bbox 1340 1184 1579 1247; x_wconf 91' lang='lat' dir='ltr'><strong>erubuit,</strong></span> <span class='ocrx_word' id='word_1_75' title='bbox 1617 1181 1782 1234; x_wconf 91' lang='lat' dir='ltr'><strong>multo</strong></span> <span class='ocrx_word' id='word_1_76' title='bbox 1817 1177 1984 1247; x_wconf 87' lang='lat' dir='ltr'><strong>magis</strong></span> <span class='ocrx_word' id='word_1_77' title='bbox 2009 1175 2107 1245; x_wconf 85' lang='lat' dir='ltr'><strong>ipsi</strong></span> <span class='ocrx_word' id='word_1_78' title='bbox 2132 1188 2252 1228; x_wconf 88' lang='lat' dir='ltr'><strong>esse</strong></span> 
     </span>
    </p>
   </div>
   <div class='ocr_carea' id='block_1_11' title="bbox 680 1266 2254 1333">
    <p class='ocr_par' dir='ltr' id='par_1_11' title="bbox 680 1266 2254 1333">
     <span class='ocr_line' id='line_1_11' title="bbox 680 1266 2254 1333; baseline -0.01 0"><span class='ocrx_word' id='word_1_79' title='bbox 680 1287 859 1333; x_wconf 88' lang='lat' dir='ltr'><strong>nostra</strong></span> <span class='ocrx_word' id='word_1_80' title='bbox 885 1279 1122 1332; x_wconf 90' lang='lat' dir='ltr'><strong>membra</strong></span> <span class='ocrx_word' id='word_1_81' title='bbox 1149 1291 1250 1330; x_wconf 93' lang='lat' dir='ltr'><strong>non</strong></span> <span class='ocrx_word' id='word_1_82' title='bbox 1275 1275 1593 1329; x_wconf 86' lang='lat' dir='ltr'><strong>erubescunt</strong></span> <span class='ocrx_word' id='word_1_83' title='bbox 1622 1290 1636 1326; x_wconf 91' lang='lat'><strong>:</strong></span> <span class='ocrx_word' id='word_1_84' title='bbox 1665 1270 1858 1324; x_wconf 84' lang='lat' dir='ltr'><strong>habent</strong></span> <span class='ocrx_word' id='word_1_85' title='bbox 1884 1269 2024 1323; x_wconf 90' lang='lat' dir='ltr'><strong>enim</strong></span> <span class='ocrx_word' id='word_1_86' title='bbox 2050 1266 2254 1320; x_wconf 86' lang='lat' dir='ltr'><strong>radica-</strong></span> 
     </span>
    </p>
   </div>
   <div class='ocr_carea' id='block_1_12' title="bbox 682 1357 2254 1429">
    <p class='ocr_par' dir='ltr' id='par_1_12' title="bbox 682 1357 2254 1429">
     <span class='ocr_line' id='line_1_12' title="bbox 682 1357 2254 1429; baseline -0.008 -7"><span class='ocrx_word' id='word_1_87' title='bbox 682 1378 787 1422; x_wconf 90' lang='lat' dir='ltr'><strong>tam</strong></span> <span class='ocrx_word' id='word_1_88' title='bbox 812 1369 1082 1422; x_wconf 81' lang='lat' dir='ltr'><strong>caritatem</strong></span> <span class='ocrx_word' id='word_1_89' title='bbox 1107 1385 1122 1420; x_wconf 87' lang='lat'><strong>:</strong></span> <span class='ocrx_word' id='word_1_90' title='bbox 1147 1367 1281 1420; x_wconf 82' lang='lat' dir='ltr'><strong>solet</strong></span> <span class='ocrx_word' id='word_1_91' title='bbox 1311 1374 1487 1418; x_wconf 89' lang='lat' dir='ltr'><strong>autem</strong></span> <span class='ocrx_word' id='word_1_92' title='bbox 1513 1362 1703 1416; x_wconf 88' lang='lat' dir='ltr'><strong>caritas</strong></span> <span class='ocrx_word' id='word_1_93' title='bbox 1731 1376 1793 1414; x_wconf 91' lang='lat' dir='ltr'><strong>ea</strong></span> <span class='ocrx_word' id='word_1_94' title='bbox 1814 1401 1828 1424; x_wconf 90' lang='lat'><strong>,</strong></span> <span class='ocrx_word' id='word_1_95' title='bbox 1854 1374 1972 1429; x_wconf 69' lang='lat' dir='ltr'><strong>qua:</strong></span> <span class='ocrx_word' id='word_1_96' title='bbox 1999 1367 2120 1412; x_wconf 91' lang='lat' dir='ltr'><strong>sunt</strong></span> <span class='ocrx_word' id='word_1_97' title='bbox 2145 1357 2254 1410; x_wconf 79' lang='lat' dir='ltr'><strong>dis-</strong></span> 
     </span>
    </p>
   </div>
   <div class='ocr_carea' id='block_1_13' title="bbox 675 1449 2252 1528">
    <p class='ocr_par' dir='ltr' id='par_1_13' title="bbox 675 1449 2252 1528">
     <span class='ocr_line' id='line_1_13' title="bbox 675 1449 2252 1528; baseline -0.006 -16"><span class='ocrx_word' id='word_1_98' title='bbox 675 1459 855 1528; x_wconf 85' lang='lat' dir='ltr'><strong>juncta</strong></span> <span class='ocrx_word' id='word_1_99' title='bbox 875 1499 892 1524; x_wconf 97' lang='lat'><strong>,</strong></span> <span class='ocrx_word' id='word_1_100' title='bbox 932 1459 1254 1528; x_wconf 74' lang='lat' dir='ltr'><strong>conjungere</strong></span> <span class='ocrx_word' id='word_1_101' title='bbox 1293 1465 1348 1510; x_wconf 94' lang='lat' dir='ltr'><strong>et</strong></span> <span class='ocrx_word' id='word_1_102' title='bbox 1388 1454 1636 1524; x_wconf 74' lang='lat' dir='ltr'><strong>colligare</strong></span> <span class='ocrx_word' id='word_1_103' title='bbox 1656 1495 1670 1518; x_wconf 91' lang='lat'><strong>,</strong></span> <span class='ocrx_word' id='word_1_104' title='bbox 1709 1467 1878 1522; x_wconf 91' lang='lat' dir='ltr'><strong>neque</strong></span> <span class='ocrx_word' id='word_1_105' title='bbox 1904 1451 1972 1504; x_wconf 84' lang='lat' dir='ltr'><strong>de</strong></span> <span class='ocrx_word' id='word_1_106' title='bbox 2000 1449 2252 1518; x_wconf 84' lang='lat' dir='ltr'><strong>dignitate</strong></span> 
     </span>
    </p>
   </div>
   <div class='ocr_carea' id='block_1_14' title="bbox 681 1539 2251 1616">
    <p class='ocr_par' dir='ltr' id='par_1_14' title="bbox 681 1539 2251 1616">
     <span class='ocr_line' id='line_1_14' title="bbox 681 1539 2251 1616; baseline -0.006 -13"><span class='ocrx_word' id='word_1_107' title='bbox 681 1549 967 1603; x_wconf 85' lang='lat' dir='ltr'><strong>admodum</strong></span> <span class='ocrx_word' id='word_1_108' title='bbox 997 1557 1237 1602; x_wconf 85' lang='lat' dir='ltr'><strong>accurate</strong></span> <span class='ocrx_word' id='word_1_109' title='bbox 1263 1546 1499 1616; x_wconf 84' lang='lat' dir='ltr'><strong>inquirit.</strong></span> <span class='ocrx_word' id='word_1_110' title='bbox 1528 1545 1674 1599; x_wconf 87' lang='lat' dir='ltr'><strong>Sicut</strong></span> <span class='ocrx_word' id='word_1_111' title='bbox 1698 1558 1823 1613; x_wconf 84' lang='lat' dir='ltr'><strong>ergo</strong></span> <span class='ocrx_word' id='word_1_112' title='bbox 1857 1539 1953 1611; x_wconf 90' lang='lat' dir='ltr'><strong>ipsi</strong></span> <span class='ocrx_word' id='word_1_113' title='bbox 1983 1541 2251 1610; x_wconf 90' lang='lat' dir='ltr'><strong>peccanti-</strong></span> 
     </span>
    </p>
   </div>
   <div class='ocr_carea' id='block_1_15' title="bbox 683 1633 2252 1701">
    <p class='ocr_par' dir='ltr' id='par_1_15' title="bbox 683 1633 2252 1701">
     <span class='ocr_line' id='line_1_15' title="bbox 683 1633 2252 1701; baseline -0.006 -6"><span class='ocrx_word' id='word_1_114' title='bbox 683 1641 780 1695; x_wconf 86' lang='lat' dir='ltr'><strong>bus</strong></span> <span class='ocrx_word' id='word_1_115' title='bbox 808 1640 957 1694; x_wconf 88' lang='lat' dir='ltr'><strong>nobis</strong></span> <span class='ocrx_word' id='word_1_116' title='bbox 982 1638 1164 1692; x_wconf 91' lang='lat' dir='ltr'><strong>dolore</strong></span> <span class='ocrx_word' id='word_1_117' title='bbox 1189 1637 1345 1692; x_wconf 87' lang='lat' dir='ltr'><strong>simul</strong></span> <span class='ocrx_word' id='word_1_118' title='bbox 1374 1635 1696 1701; x_wconf 85' lang='lat' dir='ltr'><strong>afficiuntur,</strong></span> <span class='ocrx_word' id='word_1_119' title='bbox 1725 1636 1794 1688; x_wconf 87' lang='lat' dir='ltr'><strong>ita</strong></span> <span class='ocrx_word' id='word_1_120' title='bbox 1823 1649 1920 1687; x_wconf 92' lang='lat' dir='ltr'><strong>nos</strong></span> <span class='ocrx_word' id='word_1_121' title='bbox 1947 1633 2102 1687; x_wconf 88' lang='lat' dir='ltr'><strong>etiam</strong></span> <span class='ocrx_word' id='word_1_122' title='bbox 2131 1645 2252 1685; x_wconf 88' lang='lat' dir='ltr'><strong>cum</strong></span> 
     </span>
    </p>
   </div>
   <div class='ocr_carea' id='block_1_16' title="bbox 681 1722 2256 1791">
    <p class='ocr_par' dir='ltr' id='par_1_16' title="bbox 681 1722 2256 1791">
     <span class='ocr_line' id='line_1_16' title="bbox 681 1722 2256 1791; baseline -0.006 -5"><span class='ocrx_word' id='word_1_123' title='bbox 681 1737 760 1787; x_wconf 87' lang='lat' dir='ltr'><strong>eis</strong></span> <span class='ocrx_word' id='word_1_124' title='bbox 804 1731 857 1784; x_wconf 92' lang='lat' dir='ltr'><strong>in</strong></span> <span class='ocrx_word' id='word_1_125' title='bbox 893 1741 1037 1784; x_wconf 88' lang='lat' dir='ltr'><strong>recte</strong></span> <span class='ocrx_word' id='word_1_126' title='bbox 1081 1729 1232 1783; x_wconf 89' lang='lat' dir='ltr'><strong>factis</strong></span> <span class='ocrx_word' id='word_1_127' title='bbox 1268 1743 1451 1782; x_wconf 91' lang='lat' dir='ltr'><strong>eorum</strong></span> <span class='ocrx_word' id='word_1_128' title='bbox 1496 1727 1752 1781; x_wconf 68' lang='lat' dir='ltr'><strong>laetamur.</strong></span> <span class='ocrx_word' id='word_1_129' title='bbox 1793 1725 1880 1780; x_wconf 92' lang='lat' dir='ltr'><strong>Sic</strong></span> <span class='ocrx_word' id='word_1_130' title='bbox 1908 1724 2065 1778; x_wconf 90' lang='lat' dir='ltr'><strong>etiam</strong></span> <span class='ocrx_word' id='word_1_131' title='bbox 2096 1722 2256 1791; x_wconf 84' lang='lat' dir='ltr'><strong>jussit</strong></span> 
     </span>
    </p>
   </div>
   <div class='ocr_carea' id='block_1_17' title="bbox 681 1812 2256 1891">
    <p class='ocr_par' dir='ltr' id='par_1_17' title="bbox 681 1812 2256 1891">
     <span class='ocr_line' id='line_1_17' title="bbox 681 1812 2256 1891; baseline -0.007 -14"><span class='ocrx_word' id='word_1_132' title='bbox 681 1822 874 1877; x_wconf 81' lang='lat' dir='ltr'><strong>Paulus</strong></span> <span class='ocrx_word' id='word_1_133' title='bbox 899 1821 1129 1891; x_wconf 89' lang='lat' dir='ltr'><strong>gaudere</strong></span> <span class='ocrx_word' id='word_1_134' title='bbox 1156 1836 1276 1875; x_wconf 90' lang='lat' dir='ltr'><strong>cum</strong></span> <span class='ocrx_word' id='word_1_135' title='bbox 1301 1818 1670 1889; x_wconf 84' lang='lat' dir='ltr'><strong>gaudentibus,</strong></span> <span class='ocrx_word' id='word_1_136' title='bbox 1700 1826 1753 1870; x_wconf 91' lang='lat' dir='ltr'><strong>et</strong></span> <span class='ocrx_word' id='word_1_137' title='bbox 1779 1814 1906 1870; x_wconf 80' lang='lat' dir='ltr'><strong>ﬂere</strong></span> <span class='ocrx_word' id='word_1_138' title='bbox 1931 1829 2050 1867; x_wconf 90' lang='lat' dir='ltr'><strong>cum</strong></span> <span class='ocrx_word' id='word_1_139' title='bbox 2080 1812 2256 1868; x_wconf 82' lang='lat' dir='ltr'><strong>ﬂenti-</strong></span> 
     </span>
    </p>
   </div>
   <div class='ocr_carea' id='block_1_18' title="bbox 683 1905 2256 1981">
    <p class='ocr_par' dir='ltr' id='par_1_18' title="bbox 683 1905 2256 1981">
     <span class='ocr_line' id='line_1_18' title="bbox 683 1905 2256 1981; baseline -0.004 -16"><span class='ocrx_word' id='word_1_140' title='bbox 683 1913 780 1965; x_wconf 87' lang='lat' dir='ltr'><strong>bus</strong></span> <span class='ocrx_word' id='word_1_141' title='bbox 808 1911 1103 1981; x_wconf 47' lang='lat' dir='ltr'><strong>(Rana/£2.</strong></span> <span class='ocrx_word' id='word_1_142' title='bbox 1141 1911 1244 1978; x_wconf 82' lang='grc'><strong>15).</strong></span> <span class='ocrx_word' id='word_1_143' title='bbox 1290 1909 1394 1963; x_wconf 90' lang='lat' dir='ltr'><strong>Sed</strong></span> <span class='ocrx_word' id='word_1_144' title='bbox 1437 1908 1564 1962; x_wconf 85' lang='lat' dir='ltr'><strong>flere</strong></span> <span class='ocrx_word' id='word_1_145' title='bbox 1603 1907 1812 1977; x_wconf 89' lang='lat' dir='ltr'><strong>quidem</strong></span> <span class='ocrx_word' id='word_1_146' title='bbox 1848 1921 1967 1960; x_wconf 82' lang='lat' dir='ltr'><strong>cuin</strong></span> <span class='ocrx_word' id='word_1_147' title='bbox 2008 1905 2256 1960; x_wconf 80' lang='lat' dir='ltr'><strong>flentibus</strong></span> 
     </span>
    </p>
   </div>
   <div class='ocr_carea' id='block_1_19' title="bbox 685 1992 2256 2070">
    <p class='ocr_par' dir='ltr' id='par_1_19' title="bbox 685 1992 2256 2070">
     <span class='ocr_line' id='line_1_19' title="bbox 685 1992 2256 2070; baseline -0.004 -14"><span class='ocrx_word' id='word_1_148' title='bbox 685 1992 838 2056; x_wconf 82' lang='lat' dir='ltr'><strong>facile</strong></span> <span class='ocrx_word' id='word_1_149' title='bbox 867 2012 965 2065; x_wconf 89' lang='lat' dir='ltr'><strong>est,</strong></span> <span class='ocrx_word' id='word_1_150' title='bbox 1000 2001 1228 2070; x_wconf 89' lang='lat' dir='ltr'><strong>gaudere</strong></span> <span class='ocrx_word' id='word_1_151' title='bbox 1252 2009 1426 2054; x_wconf 89' lang='lat' dir='ltr'><strong>autem</strong></span> <span class='ocrx_word' id='word_1_152' title='bbox 1451 2014 1569 2054; x_wconf 89' lang='lat' dir='ltr'><strong>cum</strong></span> <span class='ocrx_word' id='word_1_153' title='bbox 1599 1997 1946 2067; x_wconf 90' lang='lat' dir='ltr'><strong>gaudentibus</strong></span> <span class='ocrx_word' id='word_1_154' title='bbox 1973 2011 2080 2050; x_wconf 92' lang='lat' dir='ltr'><strong>non</strong></span> <span class='ocrx_word' id='word_1_155' title='bbox 2106 1996 2256 2049; x_wconf 88' lang='lat' dir='ltr'><strong>facile</strong></span> 
     </span>
    </p>
   </div>
   <div class='ocr_carea' id='block_1_20' title="bbox 680 2085 2254 2157">
    <p class='ocr_par' dir='ltr' id='par_1_20' title="bbox 680 2085 2254 2157">
     <span class='ocr_line' id='line_1_20' title="bbox 680 2085 2254 2157; baseline -0.004 -10"><span class='ocrx_word' id='word_1_156' title='bbox 680 2093 964 2147; x_wconf 83' lang='lat' dir='ltr'><strong>admodum</strong></span> <span class='ocrx_word' id='word_1_157' title='bbox 992 2111 1005 2145; x_wconf 92' lang='lat'><strong>:</strong></span> <span class='ocrx_word' id='word_1_158' title='bbox 1029 2091 1234 2146; x_wconf 82' lang='lat' dir='ltr'><strong>facilius</strong></span> <span class='ocrx_word' id='word_1_159' title='bbox 1253 2091 1394 2146; x_wconf 89' lang='lat' dir='ltr'><strong>enim</strong></span> <span class='ocrx_word' id='word_1_160' title='bbox 1419 2106 1540 2144; x_wconf 92' lang='lat' dir='ltr'><strong>cum</strong></span> <span class='ocrx_word' id='word_1_161' title='bbox 1565 2088 1649 2152; x_wconf 88' lang='lat' dir='ltr'><strong>iis,</strong></span> <span class='ocrx_word' id='word_1_162' title='bbox 1672 2089 1762 2157; x_wconf 88' lang='lat' dir='ltr'><strong>qui</strong></span> <span class='ocrx_word' id='word_1_163' title='bbox 1789 2089 1843 2141; x_wconf 90' lang='lat' dir='ltr'><strong>in</strong></span> <span class='ocrx_word' id='word_1_164' title='bbox 1867 2085 2254 2142; x_wconf 88' lang='lat' dir='ltr'><strong>calamitatibus</strong></span> 
     </span>
    </p>
   </div>
   <div class='ocr_carea' id='block_1_21' title="bbox 683 2179 2257 2251">
    <p class='ocr_par' dir='ltr' id='par_1_21' title="bbox 683 2179 2257 2251">
     <span class='ocr_line' id='line_1_21' title="bbox 683 2179 2257 2251; baseline -0.006 -14"><span class='ocrx_word' id='word_1_165' title='bbox 683 2193 825 2249; x_wconf 87' lang='lat' dir='ltr'><strong>sunt,</strong></span> <span class='ocrx_word' id='word_1_166' title='bbox 853 2184 1114 2246; x_wconf 88' lang='lat' dir='ltr'><strong>dolemus,</strong></span> <span class='ocrx_word' id='word_1_167' title='bbox 1140 2197 1297 2251; x_wconf 91' lang='lat' dir='ltr'><strong>quam</strong></span> <span class='ocrx_word' id='word_1_168' title='bbox 1323 2197 1443 2235; x_wconf 91' lang='lat' dir='ltr'><strong>cum</strong></span> <span class='ocrx_word' id='word_1_169' title='bbox 1475 2181 1558 2244; x_wconf 91' lang='lat' dir='ltr'><strong>iis,</strong></span> <span class='ocrx_word' id='word_1_170' title='bbox 1587 2179 1776 2248; x_wconf 88' lang='lat' dir='ltr'><strong>quibus</strong></span> <span class='ocrx_word' id='word_1_171' title='bbox 1803 2188 1924 2233; x_wconf 91' lang='lat' dir='ltr'><strong>sunt</strong></span> <span class='ocrx_word' id='word_1_172' title='bbox 1954 2192 2040 2232; x_wconf 89' lang='lat' dir='ltr'><strong>res</strong></span> <span class='ocrx_word' id='word_1_173' title='bbox 2067 2191 2257 2230; x_wconf 83' lang='lat' dir='ltr'><strong>secun-</strong></span> 
     </span>
    </p>
   </div>
   <div class='ocr_carea' id='block_1_22' title="bbox 682 2267 2254 2343">
    <p class='ocr_par' dir='ltr' id='par_1_22' title="bbox 682 2267 2254 2343">
     <span class='ocr_line' id='line_1_22' title="bbox 682 2267 2254 2343; baseline -0.006 -16"><span class='ocrx_word' id='word_1_174' title='bbox 682 2274 796 2338; x_wconf 69' lang='lat' dir='ltr'><strong>dae,</strong></span> <span class='ocrx_word' id='word_1_175' title='bbox 827 2273 1131 2343; x_wconf 88' lang='lat' dir='ltr'><strong>gaudemus.</strong></span> <span class='ocrx_word' id='word_1_176' title='bbox 1165 2272 1294 2326; x_wconf 82' lang='lat' dir='ltr'><strong>Nam</strong></span> <span class='ocrx_word' id='word_1_177' title='bbox 1325 2271 1429 2324; x_wconf 91' lang='lat' dir='ltr'><strong>illic</strong></span> <span class='ocrx_word' id='word_1_178' title='bbox 1457 2269 1667 2339; x_wconf 87' lang='lat' dir='ltr'><strong>quidem</strong></span> <span class='ocrx_word' id='word_1_179' title='bbox 1697 2271 1806 2337; x_wconf 90' lang='lat' dir='ltr'><strong>ipsa</strong></span> <span class='ocrx_word' id='word_1_180' title='bbox 1829 2267 2140 2322; x_wconf 87' lang='lat' dir='ltr'><strong>calamitatis</strong></span> <span class='ocrx_word' id='word_1_181' title='bbox 2162 2280 2254 2318; x_wconf 83' lang='lat' dir='ltr'><strong>na-</strong></span> 
     </span>
    </p>
   </div>
   <div class='ocr_carea' id='block_1_23' title="bbox 683 2357 2250 2432">
    <p class='ocr_par' dir='ltr' id='par_1_23' title="bbox 683 2357 2250 2432">
     <span class='ocr_line' id='line_1_23' title="bbox 683 2357 2250 2432; baseline -0.006 -15"><span class='ocrx_word' id='word_1_182' title='bbox 683 2373 798 2417; x_wconf 87' lang='lat' dir='ltr'><strong>tura</strong></span> <span class='ocrx_word' id='word_1_183' title='bbox 823 2372 993 2432; x_wconf 83' lang='lat' dir='ltr'><strong>potest</strong></span> <span class='ocrx_word' id='word_1_184' title='bbox 1022 2362 1102 2417; x_wconf 91' lang='lat' dir='ltr'><strong>vel</strong></span> <span class='ocrx_word' id='word_1_185' title='bbox 1129 2363 1352 2431; x_wconf 92' lang='lat' dir='ltr'><strong>lapidem</strong></span> <span class='ocrx_word' id='word_1_186' title='bbox 1375 2359 1588 2414; x_wconf 89' lang='lat' dir='ltr'><strong>flectere</strong></span> <span class='ocrx_word' id='word_1_187' title='bbox 1609 2359 1672 2413; x_wconf 89' lang='lat' dir='ltr'><strong>ad</strong></span> <span class='ocrx_word' id='word_1_188' title='bbox 1696 2357 2210 2412; x_wconf 86' lang='lat' dir='ltr'><strong>commiseraticuem</strong></span> <span class='ocrx_word' id='word_1_189' title='bbox 2234 2371 2250 2408; x_wconf 91' lang='lat'><strong>:</strong></span> 
     </span>
    </p>
   </div>
   <div class='ocr_carea' id='block_1_24' title="bbox 682 2448 2250 2520">
    <p class='ocr_par' dir='ltr' id='par_1_24' title="bbox 682 2448 2250 2520">
     <span class='ocr_line' id='line_1_24' title="bbox 682 2448 2250 2520; baseline -0.004 -14"><span class='ocrx_word' id='word_1_190' title='bbox 682 2453 768 2507; x_wconf 92' lang='lat' dir='ltr'><strong>hic</strong></span> <span class='ocrx_word' id='word_1_191' title='bbox 805 2462 980 2507; x_wconf 90' lang='lat' dir='ltr'><strong>autem</strong></span> <span class='ocrx_word' id='word_1_192' title='bbox 1010 2453 1062 2505; x_wconf 93' lang='lat' dir='ltr'><strong>in</strong></span> <span class='ocrx_word' id='word_1_193' title='bbox 1091 2451 1249 2506; x_wconf 84' lang='lat' dir='ltr'><strong>rebus</strong></span> <span class='ocrx_word' id='word_1_194' title='bbox 1285 2451 1556 2520; x_wconf 89' lang='lat' dir='ltr'><strong>prosperis</strong></span> <span class='ocrx_word' id='word_1_195' title='bbox 1598 2449 1791 2503; x_wconf 88' lang='lat' dir='ltr'><strong>invidia</strong></span> <span class='ocrx_word' id='word_1_196' title='bbox 1827 2458 1882 2502; x_wconf 90' lang='lat' dir='ltr'><strong>et</strong></span> <span class='ocrx_word' id='word_1_197' title='bbox 1919 2448 2051 2501; x_wconf 91' lang='lat' dir='ltr'><strong>livor</strong></span> <span class='ocrx_word' id='word_1_198' title='bbox 2089 2461 2212 2500; x_wconf 90' lang='lat' dir='ltr'><strong>eum</strong></span> <span class='ocrx_word' id='word_1_199' title='bbox 2236 2485 2250 2510; x_wconf 92' lang='lat'><strong>,</strong></span> 
     </span>
    </p>
   </div>
   <div class='ocr_carea' id='block_1_25' title="bbox 680 2538 2252 2614">
    <p class='ocr_par' dir='ltr' id='par_1_25' title="bbox 680 2538 2252 2614">
     <span class='ocr_line' id='line_1_25' title="bbox 680 2538 2252 2614; baseline -0.006 -15"><span class='ocrx_word' id='word_1_200' title='bbox 680 2545 768 2614; x_wconf 86' lang='lat' dir='ltr'><strong>qui</strong></span> <span class='ocrx_word' id='word_1_201' title='bbox 798 2561 900 2599; x_wconf 93' lang='lat' dir='ltr'><strong>non</strong></span> <span class='ocrx_word' id='word_1_202' title='bbox 938 2545 1094 2599; x_wconf 88' lang='lat' dir='ltr'><strong>valde</strong></span> <span class='ocrx_word' id='word_1_203' title='bbox 1123 2543 1521 2614; x_wconf 89' lang='lat' dir='ltr'><strong>philosophatur</strong></span> <span class='ocrx_word' id='word_1_204' title='bbox 1544 2585 1558 2606; x_wconf 93' lang='lat'><strong>,</strong></span> <span class='ocrx_word' id='word_1_205' title='bbox 1589 2555 1693 2595; x_wconf 92' lang='lat' dir='ltr'><strong>non</strong></span> <span class='ocrx_word' id='word_1_206' title='bbox 1732 2541 1858 2594; x_wconf 90' lang='lat' dir='ltr'><strong>sinit</strong></span> <span class='ocrx_word' id='word_1_207' title='bbox 1885 2538 2022 2593; x_wconf 88' lang='lat' dir='ltr'><strong>effici</strong></span> <span class='ocrx_word' id='word_1_208' title='bbox 2049 2539 2252 2593; x_wconf 91' lang='lat' dir='ltr'><strong>socium</strong></span> 
     </span>
    </p>
   </div>
   <div class='ocr_carea' id='block_1_26' title="bbox 688 2618 2253 2704">
    <p class='ocr_par' dir='ltr' id='par_1_26' title="bbox 688 2618 2253 2704">
     <span class='ocr_line' id='line_1_26' title="bbox 688 2618 2253 2704; baseline -0.003 -18"><span class='ocrx_word' id='word_1_209' title='bbox 688 2635 982 2704; x_wconf 76' lang='lat' dir='ltr'><strong>voluptatis.</strong></span> <span class='ocrx_word' id='word_1_210' title='bbox 1008 2635 1138 2688; x_wconf 86' lang='lat' dir='ltr'><strong>Nam</strong></span> <span class='ocrx_word' id='word_1_211' title='bbox 1163 2632 1605 2704; x_wconf 83' lang='lat' dir='ltr'><strong>quemadmodum</strong></span> <span class='ocrx_word' id='word_1_212' title='bbox 1630 2631 1821 2685; x_wconf 88' lang='lat' dir='ltr'><strong>earitas</strong></span> <span class='ocrx_word' id='word_1_213' title='bbox 1841 2644 1924 2694; x_wconf 88' lang='lat' dir='ltr'><strong>ea,</strong></span> <span class='ocrx_word' id='word_1_214' title='bbox 1949 2618 2066 2698; x_wconf 62' lang='lat' dir='ltr'><strong>quae</strong></span> <span class='ocrx_word' id='word_1_215' title='bbox 2085 2628 2253 2682; x_wconf 88' lang='lat' dir='ltr'><strong>divisa</strong></span> 
     </span>
    </p>
   </div>
   <div class='ocr_carea' id='block_1_27' title="bbox 680 2719 2253 2793">
    <p class='ocr_par' dir='ltr' id='par_1_27' title="bbox 680 2719 2253 2793">
     <span class='ocr_line' id='line_1_27' title="bbox 680 2719 2253 2793; baseline -0.004 -15"><span class='ocrx_word' id='word_1_216' title='bbox 680 2737 824 2788; x_wconf 88' lang='lat' dir='ltr'><strong>sunt,</strong></span> <span class='ocrx_word' id='word_1_217' title='bbox 852 2725 1126 2793; x_wconf 89' lang='lat' dir='ltr'><strong>conjungit</strong></span> <span class='ocrx_word' id='word_1_218' title='bbox 1148 2733 1202 2779; x_wconf 91' lang='lat' dir='ltr'><strong>et</strong></span> <span class='ocrx_word' id='word_1_219' title='bbox 1227 2723 1440 2793; x_wconf 82' lang='lat' dir='ltr'><strong>colligat</strong></span> <span class='ocrx_word' id='word_1_220' title='bbox 1466 2740 1479 2775; x_wconf 91' lang='lat'>:</span> <span class='ocrx_word' id='word_1_221' title='bbox 1507 2721 1585 2776; x_wconf 86' lang='lat' dir='ltr'><strong>sic</strong></span> <span class='ocrx_word' id='word_1_222' title='bbox 1611 2721 1770 2776; x_wconf 88' lang='lat' dir='ltr'><strong>etiam</strong></span> <span class='ocrx_word' id='word_1_223' title='bbox 1801 2719 1994 2773; x_wconf 85' lang='lat' dir='ltr'><strong>invidia</strong></span> <span class='ocrx_word' id='word_1_224' title='bbox 2022 2733 2106 2785; x_wconf 86' lang='lat' dir='ltr'><strong>ea,</strong></span> <span class='ocrx_word' id='word_1_225' title='bbox 2135 2731 2253 2788; x_wconf 59' lang='lat' dir='ltr'><strong>qua:</strong></span> 
     </span>
    </p>
   </div>
   <div class='ocr_carea' id='block_1_28' title="bbox 681 2810 2254 2881">
    <p class='ocr_par' dir='ltr' id='par_1_28' title="bbox 681 2810 2254 2881">
     <span class='ocr_line' id='line_1_28' title="bbox 681 2810 2254 2881; baseline -0.003 -13"><span class='ocrx_word' id='word_1_226' title='bbox 681 2817 824 2869; x_wconf 85' lang='lat' dir='ltr'><strong>unita</strong></span> <span class='ocrx_word' id='word_1_227' title='bbox 853 2824 1008 2881; x_wconf 88' lang='lat' dir='ltr'><strong>sunt,</strong></span> <span class='ocrx_word' id='word_1_228' title='bbox 1036 2815 1238 2870; x_wconf 87' lang='lat' dir='ltr'><strong>dividit.</strong></span> <span class='ocrx_word' id='word_1_229' title='bbox 1262 2814 1612 2880; x_wconf 88' lang='lat' dir='ltr'><strong>Quamobrem</strong></span> <span class='ocrx_word' id='word_1_230' title='bbox 1631 2853 1646 2876; x_wconf 88' lang='lat'><strong>,</strong></span> <span class='ocrx_word' id='word_1_231' title='bbox 1671 2826 1766 2866; x_wconf 90' lang='lat' dir='ltr'><strong>oro</strong></span> <span class='ocrx_word' id='word_1_232' title='bbox 1793 2826 1887 2866; x_wconf 89' lang='lat' dir='ltr'><strong>vos</strong></span> <span class='ocrx_word' id='word_1_233' title='bbox 1907 2851 1921 2873; x_wconf 89' lang='lat'><strong>,</strong></span> <span class='ocrx_word' id='word_1_234' title='bbox 1949 2810 2254 2866; x_wconf 87' lang='lat' dir='ltr'><strong>studeamus</strong></span> 
     </span>
    </p>
   </div>
   <div class='ocr_carea' id='block_1_29' title="bbox 678 2899 2251 2973">
    <p class='ocr_par' dir='ltr' id='par_1_29' title="bbox 678 2899 2251 2973">
     <span class='ocr_line' id='line_1_29' title="bbox 678 2899 2251 2973; baseline -0.004 -15"><span class='ocrx_word' id='word_1_235' title='bbox 678 2903 911 2973; x_wconf 86' lang='lat' dir='ltr'><strong>gaudere</strong></span> <span class='ocrx_word' id='word_1_236' title='bbox 937 2919 1058 2958; x_wconf 88' lang='lat' dir='ltr'><strong>cum</strong></span> <span class='ocrx_word' id='word_1_237' title='bbox 1097 2903 1179 2966; x_wconf 80' lang='lat' dir='ltr'><strong>iis,</strong></span> <span class='ocrx_word' id='word_1_238' title='bbox 1206 2903 1295 2972; x_wconf 91' lang='lat' dir='ltr'><strong>qui</strong></span> <span class='ocrx_word' id='word_1_239' title='bbox 1327 2912 1471 2957; x_wconf 86' lang='lat' dir='ltr'><strong>recte</strong></span> <span class='ocrx_word' id='word_1_240' title='bbox 1499 2917 1610 2956; x_wconf 89' lang='lat' dir='ltr'><strong>rem</strong></span> <span class='ocrx_word' id='word_1_241' title='bbox 1641 2909 1848 2970; x_wconf 88' lang='lat' dir='ltr'><strong>gerunt,</strong></span> <span class='ocrx_word' id='word_1_242' title='bbox 1883 2907 1940 2952; x_wconf 92' lang='lat' dir='ltr'><strong>ut</strong></span> <span class='ocrx_word' id='word_1_243' title='bbox 1967 2899 2195 2952; x_wconf 72' lang='lat' dir='ltr'><strong>animam</strong></span> <span class='ocrx_word' id='word_1_244' title='bbox 2221 2913 2251 2951; x_wconf 94' lang='lat' dir='ltr'><strong>a</strong></span> 
     </span>
    </p>
   </div>
   <div class='ocr_carea' id='block_1_30' title="bbox 679 2989 2252 3062">
    <p class='ocr_par' dir='ltr' id='par_1_30' title="bbox 679 2989 2252 3062">
     <span class='ocr_line' id='line_1_30' title="bbox 679 2989 2252 3062; baseline -0.003 -16"><span class='ocrx_word' id='word_1_245' title='bbox 679 2993 847 3047; x_wconf 86' lang='lat' dir='ltr'><strong>livore</strong></span> <span class='ocrx_word' id='word_1_246' title='bbox 884 3003 1040 3062; x_wconf 90' lang='lat' dir='ltr'><strong>atque</strong></span> <span class='ocrx_word' id='word_1_247' title='bbox 1079 2992 1274 3048; x_wconf 89' lang='lat' dir='ltr'><strong>invidia</strong></span> <span class='ocrx_word' id='word_1_248' title='bbox 1314 3005 1666 3061; x_wconf 84' lang='lat' dir='ltr'><strong>espurgemus</strong></span> <span class='ocrx_word' id='word_1_249' title='bbox 1699 3008 1712 3044; x_wconf 89' lang='lat'><strong>:</strong></span> <span class='ocrx_word' id='word_1_250' title='bbox 1745 2989 1876 3042; x_wconf 90' lang='lat' dir='ltr'><strong>nihil</strong></span> <span class='ocrx_word' id='word_1_251' title='bbox 1918 2989 2058 3042; x_wconf 87' lang='lat' dir='ltr'><strong>enim</strong></span> <span class='ocrx_word' id='word_1_252' title='bbox 2102 3003 2252 3058; x_wconf 72' lang='lat' dir='ltr'><strong>teque</strong></span> 
     </span>
    </p>
   </div>
   <div class='ocr_carea' id='block_1_31' title="bbox 679 3080 2249 3155">
    <p class='ocr_par' dir='ltr' id='par_1_31' title="bbox 679 3080 2249 3155">
     <span class='ocr_line' id='line_1_31' title="bbox 679 3080 2249 3155; baseline -0.003 -17"><span class='ocrx_word' id='word_1_253' title='bbox 679 3084 925 3139; x_wconf 91' lang='lat' dir='ltr'><strong>morbum</strong></span> <span class='ocrx_word' id='word_1_254' title='bbox 962 3083 1104 3140; x_wconf 91' lang='lat' dir='ltr'><strong>hunc</strong></span> <span class='ocrx_word' id='word_1_255' title='bbox 1140 3100 1353 3155; x_wconf 88' lang='lat' dir='ltr'><strong>gravem</strong></span> <span class='ocrx_word' id='word_1_256' title='bbox 1383 3093 1676 3154; x_wconf 82' lang='lat' dir='ltr'><strong>curatoque</strong></span> <span class='ocrx_word' id='word_1_257' title='bbox 1701 3082 1968 3138; x_wconf 84' lang='lat' dir='ltr'><strong>difficilem</strong></span> <span class='ocrx_word' id='word_1_258' title='bbox 1997 3080 2249 3149; x_wconf 80' lang='lat' dir='ltr'><strong>expellit,</strong></span> 
     </span>
    </p>
   </div>
   <div class='ocr_carea' id='block_1_32' title="bbox 678 3169 2252 3245">
    <p class='ocr_par' dir='ltr' id='par_1_32' title="bbox 678 3169 2252 3245">
     <span class='ocr_line' id='line_1_32' title="bbox 678 3169 2252 3245; baseline -0.003 -17"><span class='ocrx_word' id='word_1_259' title='bbox 678 3184 840 3245; x_wconf 89' lang='lat' dir='ltr'><strong>atque</strong></span> <span class='ocrx_word' id='word_1_260' title='bbox 868 3191 989 3231; x_wconf 90' lang='lat' dir='ltr'><strong>cum</strong></span> <span class='ocrx_word' id='word_1_261' title='bbox 1025 3177 1090 3230; x_wconf 87' lang='lat' dir='ltr'><strong>lis</strong></span> <span class='ocrx_word' id='word_1_262' title='bbox 1112 3218 1128 3242; x_wconf 92' lang='lat'><strong>,</strong></span> <span class='ocrx_word' id='word_1_263' title='bbox 1154 3177 1243 3245; x_wconf 91' lang='lat' dir='ltr'><strong>qui</strong></span> <span class='ocrx_word' id='word_1_264' title='bbox 1283 3177 1472 3228; x_wconf 89' lang='lat' dir='ltr'><strong>vivunt</strong></span> <span class='ocrx_word' id='word_1_265' title='bbox 1499 3176 1549 3228; x_wconf 93' lang='lat' dir='ltr'><strong>in</strong></span> <span class='ocrx_word' id='word_1_266' title='bbox 1578 3176 1772 3228; x_wconf 86' lang='lat' dir='ltr'><strong>virtute</strong></span> <span class='ocrx_word' id='word_1_267' title='bbox 1790 3213 1808 3238; x_wconf 96' lang='lat'><strong>,</strong></span> <span class='ocrx_word' id='word_1_268' title='bbox 1838 3171 2086 3242; x_wconf 89' lang='lat' dir='ltr'><strong>gaudere.</strong></span> <span class='ocrx_word' id='word_1_269' title='bbox 2115 3169 2252 3224; x_wconf 80' lang='lat' dir='ltr'><strong>Audi</strong></span> 
     </span>
    </p>
   </div>
   <div class='ocr_carea' id='block_1_33' title="bbox 679 3259 2250 3334">
    <p class='ocr_par' dir='ltr' id='par_1_33' title="bbox 679 3259 2250 3334">
     <span class='ocr_line' id='line_1_33' title="bbox 679 3259 2250 3334; baseline -0.002 -18"><span class='ocrx_word' id='word_1_270' title='bbox 679 3265 854 3334; x_wconf 79' lang='lat' dir='ltr'><strong>itaque</strong></span> <span class='ocrx_word' id='word_1_271' title='bbox 877 3281 1032 3333; x_wconf 84' lang='lat' dir='ltr'><strong>quam</strong></span> <span class='ocrx_word' id='word_1_272' title='bbox 1057 3279 1295 3319; x_wconf 88' lang='lat' dir='ltr'><strong>summus</strong></span> <span class='ocrx_word' id='word_1_273' title='bbox 1315 3265 1370 3318; x_wconf 90' lang='lat' dir='ltr'><strong>in</strong></span> <span class='ocrx_word' id='word_1_274' title='bbox 1396 3265 1478 3318; x_wconf 89' lang='lat' dir='ltr'><strong>bis</strong></span> <span class='ocrx_word' id='word_1_275' title='bbox 1499 3265 1731 3333; x_wconf 89' lang='lat' dir='ltr'><strong>utrisque</strong></span> <span class='ocrx_word' id='word_1_276' title='bbox 1755 3262 1824 3316; x_wconf 89' lang='lat' dir='ltr'><strong>sit</strong></span> <span class='ocrx_word' id='word_1_277' title='bbox 1853 3261 2043 3316; x_wconf 85' lang='lat' dir='ltr'><strong>Paulus</strong></span> <span class='ocrx_word' id='word_1_278' title='bbox 2067 3277 2079 3312; x_wconf 90' lang='lat'>:</span> <span class='ocrx_word' id='word_1_279' title='bbox 2105 3259 2250 3326; x_wconf 76' lang='lat' dir='ltr'><strong>Quis,</strong></span> 
     </span>
    </p>
   </div>
   <div class='ocr_carea' id='block_1_34' title="bbox 677 3351 2250 3425">
    <p class='ocr_par' dir='ltr' id='par_1_34' title="bbox 677 3351 2250 3425">
     <span class='ocr_line' id='line_1_34' title="bbox 677 3351 2250 3425; baseline -0.003 -16"><span class='ocrx_word' id='word_1_280' title='bbox 677 3355 867 3425; x_wconf 88' lang='lat' dir='ltr'><strong>inquit,</strong></span> <span class='ocrx_word' id='word_1_281' title='bbox 894 3355 1198 3424; x_wconf 74' lang='lat' dir='ltr'><strong>inﬁrmatur,</strong></span> <span class='ocrx_word' id='word_1_282' title='bbox 1229 3367 1275 3409; x_wconf 81' lang='lat' dir='ltr'><strong>et</strong></span> <span class='ocrx_word' id='word_1_283' title='bbox 1305 3371 1393 3424; x_wconf 81' lang='lat' dir='ltr'><strong>ego</strong></span> <span class='ocrx_word' id='word_1_284' title='bbox 1435 3371 1533 3408; x_wconf 91' lang='lat' dir='ltr'><strong>non</strong></span> <span class='ocrx_word' id='word_1_285' title='bbox 1563 3353 1830 3422; x_wconf 65' lang='lat' dir='ltr'><strong>inﬁrntor?</strong></span> <span class='ocrx_word' id='word_1_286' title='bbox 1855 3353 1967 3423; x_wconf 83' lang='lat' dir='ltr'><strong>quis</strong></span> <span class='ocrx_word' id='word_1_287' title='bbox 1993 3351 2250 3407; x_wconf 84' lang='lat' dir='ltr'><strong>scandali-</strong></span> 
     </span>
    </p>
   </div>
   <div class='ocr_carea' id='block_1_35' title="bbox 674 3442 2252 3516">
    <p class='ocr_par' dir='ltr' id='par_1_35' title="bbox 674 3442 2252 3516">
     <span class='ocr_line' id='line_1_35' title="bbox 674 3442 2252 3516; baseline -0.001 -19"><span class='ocrx_word' id='word_1_288' title='bbox 674 3455 840 3511; x_wconf 73' lang='lat' dir='ltr'><strong>zatur,</strong></span> <span class='ocrx_word' id='word_1_289' title='bbox 865 3455 910 3498; x_wconf 86' lang='lat' dir='ltr'><strong>et</strong></span> <span class='ocrx_word' id='word_1_290' title='bbox 935 3461 1026 3516; x_wconf 85' lang='lat' dir='ltr'><strong>ego</strong></span> <span class='ocrx_word' id='word_1_291' title='bbox 1060 3462 1160 3498; x_wconf 88' lang='lat' dir='ltr'><strong>non</strong></span> <span class='ocrx_word' id='word_1_292' title='bbox 1184 3462 1304 3498; x_wconf 89' lang='lat' dir='ltr'><strong>uror</strong></span> <span class='ocrx_word' id='word_1_293' title='bbox 1329 3444 1408 3515; x_wconf 93' lang='lat'><strong>(2.</strong></span> <span class='ocrx_word' id='word_1_294' title='bbox 1434 3444 1549 3499; x_wconf 89' lang='lat' dir='ltr'><strong>Cor.</strong></span> <span class='ocrx_word' id='word_1_295' title='bbox 1581 3445 1666 3499; x_wconf 79' lang='grc'><strong>11.</strong></span> <span class='ocrx_word' id='word_1_296' title='bbox 1698 3443 1832 3516; x_wconf 77' lang='lat'><strong>29)?</strong></span> <span class='ocrx_word' id='word_1_297' title='bbox 1861 3443 1972 3497; x_wconf 80' lang='lat' dir='ltr'><strong>Non</strong></span> <span class='ocrx_word' id='word_1_298' title='bbox 2002 3442 2154 3504; x_wconf 78' lang='lat' dir='ltr'><strong>dixit.</strong></span> <span class='ocrx_word' id='word_1_299' title='bbox 2186 3442 2252 3496; x_wconf 89' lang='lat' dir='ltr'><strong>Et</strong></span> 
     </span>
    </p>
   </div>
   <div class='ocr_carea' id='block_1_36' title="bbox 676 3533 2245 3605">
    <p class='ocr_par' dir='ltr' id='par_1_36' title="bbox 676 3533 2245 3605">
     <span class='ocr_line' id='line_1_36' title="bbox 676 3533 2245 3605; baseline -0.002 -16"><span class='ocrx_word' id='word_1_300' title='bbox 676 3549 778 3604; x_wconf 86' lang='lat' dir='ltr'><strong>ego</strong></span> <span class='ocrx_word' id='word_1_301' title='bbox 815 3536 1056 3591; x_wconf 82' lang='lat' dir='ltr'><strong>molestia</strong></span> <span class='ocrx_word' id='word_1_302' title='bbox 1085 3550 1189 3590; x_wconf 93' lang='lat' dir='ltr'><strong>non</strong></span> <span class='ocrx_word' id='word_1_303' title='bbox 1226 3534 1430 3590; x_wconf 83' lang='lat' dir='ltr'><strong>afficior</strong></span> <span class='ocrx_word' id='word_1_304' title='bbox 1459 3552 1472 3588; x_wconf 87' lang='lat'><strong>:</strong></span> <span class='ocrx_word' id='word_1_305' title='bbox 1502 3535 1619 3600; x_wconf 87' lang='lat' dir='ltr'><strong>sed,</strong></span> <span class='ocrx_word' id='word_1_306' title='bbox 1650 3534 1760 3605; x_wconf 84' lang='lat' dir='ltr'><strong>Ego</strong></span> <span class='ocrx_word' id='word_1_307' title='bbox 1790 3551 1891 3588; x_wconf 86' lang='lat' dir='ltr'><strong>non</strong></span> <span class='ocrx_word' id='word_1_308' title='bbox 1923 3550 2062 3599; x_wconf 88' lang='lat' dir='ltr'><strong>uror,</strong></span> <span class='ocrx_word' id='word_1_309' title='bbox 2095 3533 2245 3596; x_wconf 77' lang='lat' dir='ltr'><strong>dixit,</strong></span> 
     </span>
    </p>
   </div>
   <div class='ocr_carea' id='block_1_37' title="bbox 675 3623 2246 3679">
    <p class='ocr_par' dir='ltr' id='par_1_37' title="bbox 675 3623 2246 3679">
     <span class='ocr_line' id='line_1_37' title="bbox 675 3623 2246 3679; baseline -0.002 -1"><span class='ocrx_word' id='word_1_310' title='bbox 675 3624 862 3678; x_wconf 88' lang='lat' dir='ltr'><strong>urcndi</strong></span> <span class='ocrx_word' id='word_1_311' title='bbox 899 3626 1061 3679; x_wconf 87' lang='lat' dir='ltr'><strong>verbo</strong></span> <span class='ocrx_word' id='word_1_312' title='bbox 1103 3639 1367 3678; x_wconf 90' lang='lat' dir='ltr'><strong>summum</strong></span> <span class='ocrx_word' id='word_1_313' title='bbox 1405 3624 1557 3678; x_wconf 89' lang='lat' dir='ltr'><strong>nobis</strong></span> <span class='ocrx_word' id='word_1_314' title='bbox 1587 3624 1823 3678; x_wconf 88' lang='lat' dir='ltr'><strong>dolorem</strong></span> <span class='ocrx_word' id='word_1_315' title='bbox 1853 3623 2035 3677; x_wconf 91' lang='lat' dir='ltr'><strong>volens</strong></span> <span class='ocrx_word' id='word_1_316' title='bbox 2063 3630 2246 3676; x_wconf 84' lang='lat' dir='ltr'><strong>osten-</strong></span> 
     </span>
    </p>
   </div>
   <div class='ocr_carea' id='block_1_38' title="bbox 673 3712 2249 3778">
    <p class='ocr_par' dir='ltr' id='par_1_38' title="bbox 673 3712 2249 3778">
     <span class='ocr_line' id='line_1_38' title="bbox 673 3712 2249 3778; baseline -0.003 -8"><span class='ocrx_word' id='word_1_317' title='bbox 673 3716 819 3770; x_wconf 88' lang='lat' dir='ltr'><strong>dere.</strong></span> <span class='ocrx_word' id='word_1_318' title='bbox 859 3717 918 3771; x_wconf 85' lang='lat' dir='ltr'><strong>Et</strong></span> <span class='ocrx_word' id='word_1_319' title='bbox 964 3732 1146 3772; x_wconf 89' lang='lat' dir='ltr'><strong>rursus</strong></span> <span class='ocrx_word' id='word_1_320' title='bbox 1181 3716 1248 3770; x_wconf 92' lang='lat' dir='ltr'><strong>ad</strong></span> <span class='ocrx_word' id='word_1_321' title='bbox 1290 3717 1423 3770; x_wconf 90' lang='lat' dir='ltr'><strong>alios</strong></span> <span class='ocrx_word' id='word_1_322' title='bbox 1465 3716 1704 3769; x_wconf 89' lang='lat' dir='ltr'><strong>scribens</strong></span> <span class='ocrx_word' id='word_1_323' title='bbox 1741 3714 1896 3778; x_wconf 90' lang='lat' dir='ltr'><strong>dicit,</strong></span> <span class='ocrx_word' id='word_1_324' title='bbox 1940 3713 2064 3768; x_wconf 82' lang='lat' dir='ltr'><strong>Sine</strong></span> <span class='ocrx_word' id='word_1_325' title='bbox 2107 3712 2249 3766; x_wconf 84' lang='lat' dir='ltr'><strong>nobis</strong></span> 
     </span>
    </p>
   </div>
   <div class='ocr_carea' id='block_1_39' title="bbox 671 3804 2250 3878">
    <p class='ocr_par' dir='ltr' id='par_1_39' title="bbox 671 3804 2250 3878">
     <span class='ocr_line' id='line_1_39' title="bbox 671 3804 2250 3878; baseline -0.002 -18"><span class='ocrx_word' id='word_1_326' title='bbox 671 3809 964 3878; x_wconf 75' lang='lat' dir='ltr'><strong>regnavistis</strong></span> <span class='ocrx_word' id='word_1_327' title='bbox 988 3825 1006 3862; x_wconf 90' lang='lat'><strong><em>:</em></strong></span> <span class='ocrx_word' id='word_1_328' title='bbox 1026 3817 1070 3861; x_wconf 74' lang='lat' dir='ltr'><strong>et</strong></span> <span class='ocrx_word' id='word_1_329' title='bbox 1089 3809 1283 3861; x_wconf 82' lang='lat' dir='ltr'><strong>utinam</strong></span> <span class='ocrx_word' id='word_1_330' title='bbox 1308 3808 1674 3878; x_wconf 74' lang='lat' dir='ltr'><strong>regnarissetis,</strong></span> <span class='ocrx_word' id='word_1_331' title='bbox 1698 3815 1751 3859; x_wconf 88' lang='lat' dir='ltr'><strong>ut</strong></span> <span class='ocrx_word' id='word_1_332' title='bbox 1771 3823 1860 3860; x_wconf 89' lang='lat' dir='ltr'><strong>nos</strong></span> <span class='ocrx_word' id='word_1_333' title='bbox 1880 3822 2074 3877; x_wconf 85' lang='lat' dir='ltr'><strong>quoque</strong></span> <span class='ocrx_word' id='word_1_334' title='bbox 2097 3804 2250 3859; x_wconf 77' lang='lat' dir='ltr'><strong>simul</strong></span> 
     </span>
    </p>
   </div>
   <div class='ocr_carea' id='block_1_40' title="bbox 671 3896 2248 3969">
    <p class='ocr_par' dir='ltr' id='par_1_40' title="bbox 671 3896 2248 3969">
     <span class='ocr_line' id='line_1_40' title="bbox 671 3896 2248 3969; baseline 0 -20"><span class='ocrx_word' id='word_1_335' title='bbox 671 3898 922 3950; x_wconf 72' lang='lat' dir='ltr'><strong>vobiscum</strong></span> <span class='ocrx_word' id='word_1_336' title='bbox 947 3914 1267 3967; x_wconf 83' lang='lat' dir='ltr'><strong>regnaremus</strong></span> <span class='ocrx_word' id='word_1_337' title='bbox 1296 3898 1370 3969; x_wconf 86' lang='lat' dir='ltr'><strong>(l.</strong></span> <span class='ocrx_word' id='word_1_338' title='bbox 1407 3897 1524 3951; x_wconf 86' lang='lat' dir='ltr'><strong>Cor.</strong></span> <span class='ocrx_word' id='word_1_339' title='bbox 1556 3899 1608 3950; x_wconf 73' lang='grc'><strong>4.</strong></span> <span class='ocrx_word' id='word_1_340' title='bbox 1638 3896 1724 3967; x_wconf 88' lang='grc'><strong>8).</strong></span> <span class='ocrx_word' id='word_1_341' title='bbox 1757 3898 1824 3951; x_wconf 81' lang='lat' dir='ltr'><strong>Et</strong></span> <span class='ocrx_word' id='word_1_342' title='bbox 1852 3912 2065 3962; x_wconf 88' lang='lat' dir='ltr'><strong>rursus,</strong></span> <span class='ocrx_word' id='word_1_343' title='bbox 2095 3896 2248 3949; x_wconf 83' lang='lat' dir='ltr'><strong>Nunc</strong></span> 
     </span>
    </p>
   </div>
   <div class='ocr_carea' id='block_1_41' title="bbox 671 3986 2248 4059">
    <p class='ocr_par' dir='ltr' id='par_1_41' title="bbox 671 3986 2248 4059">
     <span class='ocr_line' id='line_1_41' title="bbox 671 3986 2248 4059; baseline 0.002 -19"><span class='ocrx_word' id='word_1_344' title='bbox 671 3988 879 4040; x_wconf 73' lang='lat' dir='ltr'><strong>vivimus</strong></span> <span class='ocrx_word' id='word_1_345' title='bbox 899 4028 913 4052; x_wconf 93' lang='lat'><strong>,</strong></span> <span class='ocrx_word' id='word_1_346' title='bbox 942 3989 983 4039; x_wconf 91' lang='lat' dir='ltr'><strong>si</strong></span> <span class='ocrx_word' id='word_1_347' title='bbox 1012 4002 1098 4040; x_wconf 75' lang='lat' dir='ltr'><strong>vos</strong></span> <span class='ocrx_word' id='word_1_348' title='bbox 1123 3989 1264 4041; x_wconf 88' lang='lat' dir='ltr'><strong>statis</strong></span> <span class='ocrx_word' id='word_1_349' title='bbox 1287 3989 1341 4042; x_wconf 85' lang='lat' dir='ltr'><strong>in</strong></span> <span class='ocrx_word' id='word_1_350' title='bbox 1371 3986 1586 4042; x_wconf 87' lang='lat' dir='ltr'><strong>Domino</strong></span> <span class='ocrx_word' id='word_1_351' title='bbox 1621 3987 1696 4055; x_wconf 78' lang='grc'><strong>(1.</strong></span> <span class='ocrx_word' id='word_1_352' title='bbox 1726 3987 1900 4041; x_wconf 85' lang='lat' dir='ltr'><strong>Thess.</strong></span> <span class='ocrx_word' id='word_1_353' title='bbox 1933 3989 1984 4042; x_wconf 95' lang='grc'><strong>5.</strong></span> <span class='ocrx_word' id='word_1_354' title='bbox 2014 3988 2089 4059; x_wconf 89' lang='lat'><strong>8).</strong></span> <span class='ocrx_word' id='word_1_355' title='bbox 2118 3988 2248 4043; x_wconf 82' lang='lat' dir='ltr'><strong>Vide</strong></span> 
     </span>
    </p>
   </div>
   <div class='ocr_carea' id='block_1_42' title="bbox 672 4077 2246 4148">
    <p class='ocr_par' dir='ltr' id='par_1_42' title="bbox 672 4077 2246 4148">
     <span class='ocr_line' id='line_1_42' title="bbox 672 4077 2246 4148; baseline 0.001 -17"><span class='ocrx_word' id='word_1_356' title='bbox 672 4087 997 4148; x_wconf 87' lang='lat' dir='ltr'><strong>quantopere</strong></span> <span class='ocrx_word' id='word_1_357' title='bbox 1042 4078 1323 4144; x_wconf 90' lang='lat' dir='ltr'><strong>studebat,</strong></span> <span class='ocrx_word' id='word_1_358' title='bbox 1357 4086 1415 4131; x_wconf 91' lang='lat' dir='ltr'><strong>ut</strong></span> <span class='ocrx_word' id='word_1_359' title='bbox 1448 4093 1532 4132; x_wconf 92' lang='lat' dir='ltr'><strong>res</strong></span> <span class='ocrx_word' id='word_1_360' title='bbox 1561 4077 1780 4132; x_wconf 89' lang='lat' dir='ltr'><strong>fratrum</strong></span> <span class='ocrx_word' id='word_1_361' title='bbox 1821 4085 1964 4132; x_wconf 87' lang='lat' dir='ltr'><strong>recte</strong></span> <span class='ocrx_word' id='word_1_362' title='bbox 1994 4093 2052 4132; x_wconf 91' lang='lat' dir='ltr'><strong>se</strong></span> <span class='ocrx_word' id='word_1_363' title='bbox 2081 4078 2246 4133; x_wconf 91' lang='lat' dir='ltr'><strong>habe-</strong></span> 
     </span>
    </p>
   </div>
   <div class='ocr_carea' id='block_1_43' title="bbox 671 4168 2249 4240">
    <p class='ocr_par' dir='ltr' id='par_1_43' title="bbox 671 4168 2249 4240">
     <span class='ocr_line' id='line_1_43' title="bbox 671 4168 2249 4240; baseline 0 -17"><span class='ocrx_word' id='word_1_364' title='bbox 671 4179 826 4226; x_wconf 88' lang='lat' dir='ltr'><strong>rent.</strong></span> <span class='ocrx_word' id='word_1_365' title='bbox 858 4170 944 4225; x_wconf 87' lang='lat' dir='ltr'><strong>oui</strong></span> <span class='ocrx_word' id='word_1_366' title='bbox 991 4183 1088 4223; x_wconf 92' lang='lat' dir='ltr'><strong>nec</strong></span> <span class='ocrx_word' id='word_1_367' title='bbox 1125 4184 1185 4224; x_wconf 90' lang='lat' dir='ltr'><strong>se</strong></span> <span class='ocrx_word' id='word_1_368' title='bbox 1226 4169 1405 4224; x_wconf 83' lang='lat' dir='ltr'><strong>vivere</strong></span> <span class='ocrx_word' id='word_1_369' title='bbox 1443 4168 1657 4240; x_wconf 90' lang='lat' dir='ltr'><strong>quidem</strong></span> <span class='ocrx_word' id='word_1_370' title='bbox 1695 4169 2062 4236; x_wconf 80' lang='lat' dir='ltr'><strong>existimabat,</strong></span> <span class='ocrx_word' id='word_1_371' title='bbox 2094 4169 2138 4222; x_wconf 92' lang='lat' dir='ltr'><strong>si</strong></span> <span class='ocrx_word' id='word_1_372' title='bbox 2173 4169 2249 4224; x_wconf 91' lang='lat' dir='ltr'><strong>illi</strong></span> 
     </span>
    </p>
   </div>
   <div class='ocr_carea' id='block_1_44' title="bbox 671 4261 1162 4315">
    <p class='ocr_par' dir='ltr' id='par_1_44' title="bbox 671 4261 1162 4315">
     <span class='ocr_line' id='line_1_44' title="bbox 671 4261 1162 4315; baseline -0.006 -1"><span class='ocrx_word' id='word_1_373' title='bbox 671 4261 802 4314; x_wconf 86' lang='lat' dir='ltr'><strong>salvi</strong></span> <span class='ocrx_word' id='word_1_374' title='bbox 830 4275 933 4314; x_wconf 93' lang='lat' dir='ltr'><strong>non</strong></span> <span class='ocrx_word' id='word_1_375' title='bbox 963 4268 1162 4315; x_wconf 92' lang='lat' dir='ltr'><strong>essent.</strong></span> 
     </span>
    </p>
   </div>
   <div class='ocr_carea' id='block_1_45' title="bbox 741 4351 2249 4422">
    <p class='ocr_par' dir='ltr' id='par_1_45' title="bbox 741 4351 2249 4422">
     <span class='ocr_line' id='line_1_45' title="bbox 741 4351 2249 4422; baseline 0 -17"><span class='ocrx_word' id='word_1_376' title='bbox 741 4352 936 4405; x_wconf 86' lang='lat' dir='ltr'><strong>Caritas</strong></span> <span class='ocrx_word' id='word_1_377' title='bbox 955 4353 1062 4406; x_wconf 81' lang='lat' dir='ltr'><strong>sine</strong></span> <span class='ocrx_word' id='word_1_378' title='bbox 1081 4351 1321 4421; x_wconf 78' lang='lat' dir='ltr'><strong>martyrio</strong></span> <span class='ocrx_word' id='word_1_379' title='bbox 1350 4362 1549 4420; x_wconf 79' lang='lat' dir='ltr'><strong>proacst</strong></span> <span class='ocrx_word' id='word_1_380' title='bbox 1561 4369 1580 4416; x_wconf 86' lang='lat'><strong>;</strong></span> <span class='ocrx_word' id='word_1_381' title='bbox 1601 4352 1896 4422; x_wconf 77' lang='lat' dir='ltr'><strong>martyrium</strong></span> <span class='ocrx_word' id='word_1_382' title='bbox 1915 4351 2022 4405; x_wconf 82' lang='lat' dir='ltr'><strong>sine</strong></span> <span class='ocrx_word' id='word_1_383' title='bbox 2043 4351 2249 4405; x_wconf 82' lang='lat' dir='ltr'><strong>caritate</strong></span> 
     </span>
    </p>
   </div>
   <div class='ocr_carea' id='block_1_46' title="bbox 633 4441 2249 4512">
    <p class='ocr_par' dir='ltr' id='par_1_46' title="bbox 633 4441 2249 4512">
     <span class='ocr_line' id='line_1_46' title="bbox 633 4441 2249 4512; baseline 0.001 -18"><span class='ocrx_word' id='word_1_384' title='bbox 633 4457 770 4494; x_wconf 88' lang='lat' dir='ltr'><strong>&#39;non</strong></span> <span class='ocrx_word' id='word_1_385' title='bbox 812 4442 1029 4510; x_wconf 83' lang='lat' dir='ltr'><strong>prodest.</strong></span> <span class='ocrx_word' id='word_1_386' title='bbox 1084 4441 1314 4496; x_wconf 87' lang='lat' dir='ltr'><strong>Romano</strong></span> <span class='ocrx_word' id='word_1_387' title='bbox 1355 4443 1528 4511; x_wconf 83' lang='lat' dir='ltr'><strong>lingua</strong></span> <span class='ocrx_word' id='word_1_388' title='bbox 1566 4452 1855 4511; x_wconf 85' lang='lat' dir='ltr'><strong>amputatur</strong></span> <span class='ocrx_word' id='word_1_389' title='bbox 1893 4459 1911 4496; x_wconf 91' lang='lat'><strong><em>:</em></strong></span> <span class='ocrx_word' id='word_1_390' title='bbox 1945 4443 2146 4512; x_wconf 79' lang='lat' dir='ltr'><strong>quare?</strong></span> <span class='ocrx_word' id='word_1_391' title='bbox 2177 4473 2249 4483; x_wconf 93' lang='lat'><strong>—</strong></span> 
     </span>
    </p>
   </div>
   <div class='ocr_carea' id='block_1_47' title="bbox 670 4530 2244 4603">
    <p class='ocr_par' dir='ltr' id='par_1_47' title="bbox 670 4530 2244 4603">
     <span class='ocr_line' id='line_1_47' title="bbox 670 4530 2244 4603; baseline 0.001 -18"><span class='ocrx_word' id='word_1_392' title='bbox 670 4530 841 4586; x_wconf 89' lang='lat' dir='ltr'><strong>llomo</strong></span> <span class='ocrx_word' id='word_1_393' title='bbox 866 4533 954 4601; x_wconf 92' lang='lat' dir='ltr'><strong>qui</strong></span> <span class='ocrx_word' id='word_1_394' title='bbox 993 4531 1058 4586; x_wconf 91' lang='lat' dir='ltr'><strong>ad</strong></span> <span class='ocrx_word' id='word_1_395' title='bbox 1101 4533 1312 4586; x_wconf 87' lang='lat' dir='ltr'><strong>tertium</strong></span> <span class='ocrx_word' id='word_1_396' title='bbox 1337 4533 1522 4586; x_wconf 62' lang='lat' dir='ltr'><strong>calum</strong></span> <span class='ocrx_word' id='word_1_397' title='bbox 1555 4542 1736 4602; x_wconf 89' lang='lat' dir='ltr'><strong>raptus</strong></span> <span class='ocrx_word' id='word_1_398' title='bbox 1765 4532 1970 4600; x_wconf 90' lang='lat' dir='ltr'><strong>fuerat,</strong></span> <span class='ocrx_word' id='word_1_399' title='bbox 2001 4543 2162 4603; x_wconf 92' lang='lat' dir='ltr'><strong>atque</strong></span> <span class='ocrx_word' id='word_1_400' title='bbox 2192 4533 2244 4587; x_wconf 92' lang='lat' dir='ltr'><strong>in</strong></span> 
     </span>
    </p>
   </div>
   <div class='ocr_carea' id='block_1_48' title="bbox 671 4623 2244 4694">
    <p class='ocr_par' dir='ltr' id='par_1_48' title="bbox 671 4623 2244 4694">
     <span class='ocr_line' id='line_1_48' title="bbox 671 4623 2244 4694; baseline 0.001 -18"><span class='ocrx_word' id='word_1_401' title='bbox 671 4623 971 4693; x_wconf 87' lang='lat' dir='ltr'><strong>paradisum</strong></span> <span class='ocrx_word' id='word_1_402' title='bbox 1008 4623 1214 4678; x_wconf 89' lang='lat' dir='ltr'><strong>delatus</strong></span> <span class='ocrx_word' id='word_1_403' title='bbox 1239 4666 1253 4690; x_wconf 93' lang='lat'><strong>,</strong></span> <span class='ocrx_word' id='word_1_404' title='bbox 1280 4631 1333 4679; x_wconf 90' lang='lat' dir='ltr'><strong>et</strong></span> <span class='ocrx_word' id='word_1_405' title='bbox 1361 4624 1448 4692; x_wconf 94' lang='lat' dir='ltr'><strong>qui</strong></span> <span class='ocrx_word' id='word_1_406' title='bbox 1487 4624 1858 4694; x_wconf 83' lang='lat' dir='ltr'><strong>mysteriorum</strong></span> <span class='ocrx_word' id='word_1_407' title='bbox 1903 4623 2244 4678; x_wconf 79' lang='lat' dir='ltr'><strong>ineﬂ&#39;abilium</strong></span> 
     </span>
    </p>
   </div>
   <div class='ocr_carea' id='block_1_49' title="bbox 667 4713 2246 4785">
    <p class='ocr_par' dir='ltr' id='par_1_49' title="bbox 667 4713 2246 4785">
     <span class='ocr_line' id='line_1_49' title="bbox 667 4713 2246 4785; baseline 0.001 -17"><span class='ocrx_word' id='word_1_408' title='bbox 667 4715 930 4785; x_wconf 90' lang='lat' dir='ltr'><strong>particeps</strong></span> <span class='ocrx_word' id='word_1_409' title='bbox 959 4713 1148 4778; x_wconf 87' lang='lat' dir='ltr'><strong>fuerat,</strong></span> <span class='ocrx_word' id='word_1_410' title='bbox 1180 4722 1481 4782; x_wconf 89' lang='lat' dir='ltr'><strong>tantamque</strong></span> <span class='ocrx_word' id='word_1_411' title='bbox 1506 4713 1641 4782; x_wconf 90' lang='lat' dir='ltr'><strong>apud</strong></span> <span class='ocrx_word' id='word_1_412' title='bbox 1673 4713 1837 4768; x_wconf 91' lang='lat' dir='ltr'><strong>Deum</strong></span> <span class='ocrx_word' id='word_1_413' title='bbox 1865 4713 2108 4768; x_wconf 86' lang='lat' dir='ltr'><strong>fiduciam</strong></span> <span class='ocrx_word' id='word_1_414' title='bbox 2136 4713 2246 4770; x_wconf 89' lang='lat' dir='ltr'><strong>fue-</strong></span> 
     </span>
    </p>
   </div>
   <div class='ocr_carea' id='block_1_50' title="bbox 670 4804 2245 4875">
    <p class='ocr_par' dir='ltr' id='par_1_50' title="bbox 670 4804 2245 4875">
     <span class='ocr_line' id='line_1_50' title="bbox 670 4804 2245 4875; baseline 0.001 -17"><span class='ocrx_word' id='word_1_415' title='bbox 670 4815 751 4859; x_wconf 90' lang='lat' dir='ltr'><strong>rat</strong></span> <span class='ocrx_word' id='word_1_416' title='bbox 780 4813 1096 4875; x_wconf 89' lang='lat' dir='ltr'><strong>assequutus</strong></span> <span class='ocrx_word' id='word_1_417' title='bbox 1118 4846 1134 4870; x_wconf 93' lang='lat'><strong>,</strong></span> <span class='ocrx_word' id='word_1_418' title='bbox 1167 4804 1377 4858; x_wconf 91' lang='lat' dir='ltr'><strong>illorum</strong></span> <span class='ocrx_word' id='word_1_419' title='bbox 1408 4805 1667 4858; x_wconf 91' lang='lat' dir='ltr'><strong>bonorum</strong></span> <span class='ocrx_word' id='word_1_420' title='bbox 1707 4818 1920 4858; x_wconf 86' lang='lat' dir='ltr'><strong>sensum</strong></span> <span class='ocrx_word' id='word_1_421' title='bbox 1951 4819 2056 4859; x_wconf 93' lang='lat' dir='ltr'><strong>non</strong></span> <span class='ocrx_word' id='word_1_422' title='bbox 2089 4805 2245 4859; x_wconf 81' lang='lat' dir='ltr'><strong>valde</strong></span> 
     </span>
    </p>
   </div>
   <div class='ocr_carea' id='block_1_51' title="bbox 667 4894 2245 4963">
    <p class='ocr_par' dir='ltr' id='par_1_51' title="bbox 667 4894 2245 4963">
     <span class='ocr_line' id='line_1_51' title="bbox 667 4894 2245 4963; baseline 0.001 -15"><span class='ocrx_word' id='word_1_423' title='bbox 667 4895 980 4963; x_wconf 82' lang='lat' dir='ltr'><strong>accipiebat,</strong></span> <span class='ocrx_word' id='word_1_424' title='bbox 1006 4895 1107 4950; x_wconf 88' lang='lat' dir='ltr'><strong>nisi</strong></span> <span class='ocrx_word' id='word_1_425' title='bbox 1133 4894 1292 4950; x_wconf 89' lang='lat' dir='ltr'><strong>etiam</strong></span> <span class='ocrx_word' id='word_1_426' title='bbox 1319 4894 1511 4949; x_wconf 87' lang='lat' dir='ltr'><strong>fratres</strong></span> <span class='ocrx_word' id='word_1_427' title='bbox 1536 4910 1715 4950; x_wconf 87' lang='lat' dir='ltr'><strong>secum</strong></span> <span class='ocrx_word' id='word_1_428' title='bbox 1743 4895 1918 4950; x_wconf 86' lang='lat' dir='ltr'><strong>salvos</strong></span> <span class='ocrx_word' id='word_1_429' title='bbox 1942 4911 2059 4950; x_wconf 89' lang='lat' dir='ltr'><strong>esse</strong></span> <span class='ocrx_word' id='word_1_430' title='bbox 2084 4895 2245 4950; x_wconf 83' lang='lat' dir='ltr'><strong>vidis-</strong></span> 
     </span>
    </p>
   </div>
   <div class='ocr_carea' id='block_1_52' title="bbox 666 4985 2244 5055">
    <p class='ocr_par' dir='ltr' id='par_1_52' title="bbox 666 4985 2244 5055">
     <span class='ocr_line' id='line_1_52' title="bbox 666 4985 2244 5055; baseline 0.003 -17"><span class='ocrx_word' id='word_1_431' title='bbox 666 4995 767 5040; x_wconf 87' lang='lat' dir='ltr'><strong>set.</strong></span> <span class='ocrx_word' id='word_1_432' title='bbox 797 4985 1008 5040; x_wconf 86' lang='lat' dir='ltr'><strong>Sciebat</strong></span> <span class='ocrx_word' id='word_1_433' title='bbox 1035 4985 1207 5050; x_wconf 92' lang='lat' dir='ltr'><strong>enim,</strong></span> <span class='ocrx_word' id='word_1_434' title='bbox 1243 4985 1397 5055; x_wconf 89' lang='lat' dir='ltr'><strong>plane</strong></span> <span class='ocrx_word' id='word_1_435' title='bbox 1439 4986 1675 5051; x_wconf 90' lang='lat' dir='ltr'><strong>sciebat,</strong></span> <span class='ocrx_word' id='word_1_436' title='bbox 1707 4986 1927 5040; x_wconf 88' lang='lat' dir='ltr'><strong>caritate</strong></span> <span class='ocrx_word' id='word_1_437' title='bbox 1965 4987 2093 5040; x_wconf 84' lang='lat' dir='ltr'><strong>nihil</strong></span> <span class='ocrx_word' id='word_1_438' title='bbox 2123 5002 2244 5042; x_wconf 90' lang='lat' dir='ltr'><strong>esse</strong></span> 
     </span>
    </p>
   </div>
   <div class='ocr_carea' id='block_1_53' title="bbox 665 5077 2245 5150">
    <p class='ocr_par' dir='ltr' id='par_1_53' title="bbox 665 5077 2245 5150">
     <span class='ocr_line' id='line_1_53' title="bbox 665 5077 2245 5150; baseline -0.001 -18"><span class='ocrx_word' id='word_1_439' title='bbox 665 5077 856 5147; x_wconf 85' lang='lat' dir='ltr'><strong>majus,</strong></span> <span class='ocrx_word' id='word_1_440' title='bbox 889 5077 1018 5132; x_wconf 86' lang='lat' dir='ltr'><strong>nihil</strong></span> <span class='ocrx_word' id='word_1_441' title='bbox 1050 5079 1148 5147; x_wconf 81' lang='lat' dir='ltr'><strong>ipsi</strong></span> <span class='ocrx_word' id='word_1_442' title='bbox 1181 5093 1453 5147; x_wconf 88' lang='lat' dir='ltr'><strong>par—esse;</strong></span> <span class='ocrx_word' id='word_1_443' title='bbox 1485 5093 1585 5133; x_wconf 89' lang='lat' dir='ltr'><strong>nec</strong></span> <span class='ocrx_word' id='word_1_444' title='bbox 1612 5079 1781 5148; x_wconf 87' lang='lat' dir='ltr'><strong>ipsum</strong></span> <span class='ocrx_word' id='word_1_445' title='bbox 1807 5078 2017 5147; x_wconf 87' lang='lat' dir='ltr'><strong>quidem</strong></span> <span class='ocrx_word' id='word_1_446' title='bbox 2045 5089 2245 5150; x_wconf 86' lang='lat' dir='ltr'><strong>marty-</strong></span> 
     </span>
    </p>
   </div>
   <div class='ocr_carea' id='block_1_54' title="bbox 665 5168 2240 5240">
    <p class='ocr_par' dir='ltr' id='par_1_54' title="bbox 665 5168 2240 5240">
     <span class='ocr_line' id='line_1_54' title="bbox 665 5168 2240 5240; baseline 0.001 -17"><span class='ocrx_word' id='word_1_447' title='bbox 665 5171 800 5223; x_wconf 90' lang='lat' dir='ltr'><strong>rium</strong></span> <span class='ocrx_word' id='word_1_448' title='bbox 825 5211 840 5234; x_wconf 92' lang='lat'><strong>,</strong></span> <span class='ocrx_word' id='word_1_449' title='bbox 869 5169 1009 5239; x_wconf 88' lang='lat' dir='ltr'><strong>quod</strong></span> <span class='ocrx_word' id='word_1_450' title='bbox 1037 5179 1194 5240; x_wconf 91' lang='lat' dir='ltr'><strong>caput</strong></span> <span class='ocrx_word' id='word_1_451' title='bbox 1218 5169 1454 5225; x_wconf 90' lang='lat' dir='ltr'><strong>omnium</strong></span> <span class='ocrx_word' id='word_1_452' title='bbox 1481 5179 1563 5224; x_wconf 90' lang='lat' dir='ltr'><strong>est</strong></span> <span class='ocrx_word' id='word_1_453' title='bbox 1589 5169 1870 5224; x_wconf 88' lang='lat' dir='ltr'><strong>bonorum.</strong></span> <span class='ocrx_word' id='word_1_454' title='bbox 1897 5168 2011 5237; x_wconf 88' lang='lat' dir='ltr'><strong>Quo</strong></span> <span class='ocrx_word' id='word_1_455' title='bbox 2034 5185 2162 5224; x_wconf 88' lang='lat' dir='ltr'><strong>vero</strong></span> <span class='ocrx_word' id='word_1_456' title='bbox 2188 5170 2240 5224; x_wconf 89' lang='lat' dir='ltr'><strong>id</strong></span> 
     </span>
    </p>
   </div>
   <div class='ocr_carea' id='block_1_55' title="bbox 666 5259 2238 5330">
    <p class='ocr_par' dir='ltr' id='par_1_55' title="bbox 666 5259 2238 5330">
     <span class='ocr_line' id='line_1_55' title="bbox 666 5259 2238 5330; baseline -0.002 -15"><span class='ocrx_word' id='word_1_457' title='bbox 666 5260 876 5315; x_wconf 86' lang='lat' dir='ltr'><strong>tandem</strong></span> <span class='ocrx_word' id='word_1_458' title='bbox 907 5260 1069 5315; x_wconf 91' lang='lat' dir='ltr'><strong>modo</strong></span> <span class='ocrx_word' id='word_1_459' title='bbox 1089 5301 1105 5326; x_wconf 91' lang='lat'><strong>,</strong></span> <span class='ocrx_word' id='word_1_460' title='bbox 1133 5262 1211 5315; x_wconf 90' lang='lat' dir='ltr'><strong>sic</strong></span> <span class='ocrx_word' id='word_1_461' title='bbox 1244 5260 1409 5316; x_wconf 89' lang='lat' dir='ltr'><strong>disce.</strong></span> <span class='ocrx_word' id='word_1_462' title='bbox 1456 5260 1586 5315; x_wconf 87' lang='lat' dir='ltr'><strong>Nam</strong></span> <span class='ocrx_word' id='word_1_463' title='bbox 1623 5260 1813 5314; x_wconf 89' lang='lat' dir='ltr'><strong>caritas</strong></span> <span class='ocrx_word' id='word_1_464' title='bbox 1838 5259 2048 5330; x_wconf 89' lang='lat' dir='ltr'><strong>quidem</strong></span> <span class='ocrx_word' id='word_1_465' title='bbox 2078 5263 2238 5314; x_wconf 90' lang='lat' dir='ltr'><strong>etiam</strong></span> 
     </span>
    </p>
   </div>
   <div class='ocr_carea' id='block_1_56' title="bbox 661 5352 2237 5427">
    <p class='ocr_par' dir='ltr' id='par_1_56' title="bbox 661 5352 2237 5427">
     <span class='ocr_line' id='line_1_56' title="bbox 661 5352 2237 5427; baseline 0.001 -20"><span class='ocrx_word' id='word_1_466' title='bbox 661 5353 864 5423; x_wconf 84' lang='lat' dir='ltr'><strong>absque</strong></span> <span class='ocrx_word' id='word_1_467' title='bbox 903 5355 1156 5427; x_wconf 80' lang='lat' dir='ltr'><strong>martyrio</strong></span> <span class='ocrx_word' id='word_1_468' title='bbox 1181 5352 1380 5409; x_wconf 89' lang='lat' dir='ltr'><strong>Christi</strong></span> <span class='ocrx_word' id='word_1_469' title='bbox 1414 5354 1700 5424; x_wconf 88' lang='lat' dir='ltr'><strong>discipulos</strong></span> <span class='ocrx_word' id='word_1_470' title='bbox 1735 5354 1856 5408; x_wconf 88' lang='lat' dir='ltr'><strong>facit</strong></span> <span class='ocrx_word' id='word_1_471' title='bbox 1885 5371 1899 5408; x_wconf 89' lang='lat'><strong>:</strong></span> <span class='ocrx_word' id='word_1_472' title='bbox 1927 5355 2237 5424; x_wconf 83' lang='lat' dir='ltr'><strong>martyrium</strong></span> 
     </span>
    </p>
   </div>
   <div class='ocr_carea' id='block_1_57' title="bbox 661 5445 2236 5516">
    <p class='ocr_par' dir='ltr' id='par_1_57' title="bbox 661 5445 2236 5516">
     <span class='ocr_line' id='line_1_57' title="bbox 661 5445 2236 5516; baseline 0.002 -18"><span class='ocrx_word' id='word_1_473' title='bbox 661 5455 837 5500; x_wconf 83' lang='lat' dir='ltr'><strong>autem</strong></span> <span class='ocrx_word' id='word_1_474' title='bbox 881 5446 996 5500; x_wconf 90' lang='lat' dir='ltr'><strong>sine</strong></span> <span class='ocrx_word' id='word_1_475' title='bbox 1034 5447 1254 5502; x_wconf 84' lang='lat' dir='ltr'><strong>caritate</strong></span> <span class='ocrx_word' id='word_1_476' title='bbox 1291 5446 1464 5502; x_wconf 89' lang='lat' dir='ltr'><strong>facere</strong></span> <span class='ocrx_word' id='word_1_477' title='bbox 1504 5447 1557 5501; x_wconf 92' lang='lat' dir='ltr'><strong>id</strong></span> <span class='ocrx_word' id='word_1_478' title='bbox 1594 5462 1700 5500; x_wconf 92' lang='lat' dir='ltr'><strong>non</strong></span> <span class='ocrx_word' id='word_1_479' title='bbox 1741 5455 1930 5516; x_wconf 90' lang='lat' dir='ltr'><strong>potest.</strong></span> <span class='ocrx_word' id='word_1_480' title='bbox 1961 5445 2236 5501; x_wconf 87' lang='lat' dir='ltr'><strong>Undenam</strong></span> 
     </span>
    </p>
   </div>
   <div class='ocr_carea' id='block_1_58' title="bbox 666 5536 2233 5608">
    <p class='ocr_par' dir='ltr' id='par_1_58' title="bbox 666 5536 2233 5608">
     <span class='ocr_line' id='line_1_58' title="bbox 666 5536 2233 5608; baseline 0.003 -20"><span class='ocrx_word' id='word_1_481' title='bbox 666 5536 766 5590; x_wconf 90' lang='lat' dir='ltr'><strong>hoc</strong></span> <span class='ocrx_word' id='word_1_482' title='bbox 811 5536 934 5590; x_wconf 87' lang='lat' dir='ltr'><strong>sciri</strong></span> <span class='ocrx_word' id='word_1_483' title='bbox 982 5537 1194 5606; x_wconf 73' lang='lat' dir='ltr'><strong>potest?</strong></span> <span class='ocrx_word' id='word_1_484' title='bbox 1231 5538 1313 5592; x_wconf 91' lang='lat' dir='ltr'><strong>Ab</strong></span> <span class='ocrx_word' id='word_1_485' title='bbox 1357 5539 1485 5608; x_wconf 82' lang='lat' dir='ltr'><strong>ipsis</strong></span> <span class='ocrx_word' id='word_1_486' title='bbox 1525 5537 1722 5592; x_wconf 88' lang='lat' dir='ltr'><strong>Christi</strong></span> <span class='ocrx_word' id='word_1_487' title='bbox 1768 5538 1945 5592; x_wconf 79' lang='lat' dir='ltr'><strong>verbis</strong></span> <span class='ocrx_word' id='word_1_488' title='bbox 1980 5555 1993 5591; x_wconf 95' lang='lat'>:</span> <span class='ocrx_word' id='word_1_489' title='bbox 2028 5537 2233 5592; x_wconf 87' lang='lat' dir='ltr'><strong>dicebat</strong></span> 
     </span>
    </p>
   </div>
   <div class='ocr_carea' id='block_1_59' title="bbox 662 5627 2234 5702">
    <p class='ocr_par' dir='ltr' id='par_1_59' title="bbox 662 5627 2234 5702">
     <span class='ocr_line' id='line_1_59' title="bbox 662 5627 2234 5702; baseline 0.003 -22"><span class='ocrx_word' id='word_1_490' title='bbox 662 5627 805 5682; x_wconf 88' lang='lat' dir='ltr'><strong>enim</strong></span> <span class='ocrx_word' id='word_1_491' title='bbox 844 5627 1111 5702; x_wconf 75' lang='lat' dir='ltr'><strong>discipulis</strong></span> <span class='ocrx_word' id='word_1_492' title='bbox 1141 5645 1156 5684; x_wconf 92' lang='lat'><strong>:</strong></span> <span class='ocrx_word' id='word_1_493' title='bbox 1185 5627 1251 5685; x_wconf 85' lang='lat' dir='ltr'><strong>In</strong></span> <span class='ocrx_word' id='word_1_494' title='bbox 1286 5630 1379 5684; x_wconf 81' lang='lat' dir='ltr'><strong>Itoc</strong></span> <span class='ocrx_word' id='word_1_495' title='bbox 1402 5643 1700 5702; x_wconf 75' lang='lat' dir='ltr'><strong>cognoscent</strong></span> <span class='ocrx_word' id='word_1_496' title='bbox 1728 5648 1899 5686; x_wconf 87' lang='lat' dir='ltr'><strong>omnes</strong></span> <span class='ocrx_word' id='word_1_497' title='bbox 1921 5632 2054 5702; x_wconf 86' lang='lat' dir='ltr'><strong>quod</strong></span> <span class='ocrx_word' id='word_1_498' title='bbox 2079 5632 2205 5686; x_wconf 87' lang='lat' dir='ltr'><strong>disci</strong></span> <span class='ocrx_word' id='word_1_499' title='bbox 2216 5659 2234 5672; x_wconf 83' lang='lat'><strong>-</strong></span> 
     </span>
    </p>
   </div>
   <div class='ocr_carea' id='block_1_60' title="bbox 724 5741 1438 5806">
    <p class='ocr_par' dir='ltr' id='par_1_60' title="bbox 724 5741 1438 5806">
     <span class='ocr_line' id='line_1_60' title="bbox 724 5741 1438 5806; baseline 0.01 -15"><span class='ocrx_word' id='word_1_500' title='bbox 724 5741 745 5774; x_wconf 78' lang='grc' dir='ltr'>ί</span> <span class='ocrx_word' id='word_1_501' title='bbox 779 5748 908 5792; x_wconf 87' lang='lat' dir='ltr'><strong>Unus</strong></span> <span class='ocrx_word' id='word_1_502' title='bbox 933 5749 1050 5806; x_wconf 72' lang='lat' dir='ltr'><strong>Reg.</strong></span> <span class='ocrx_word' id='word_1_503' title='bbox 1075 5752 1178 5802; x_wconf 62' lang='grc' dir='ltr'><strong>ης..</strong></span> <span class='ocrx_word' id='word_1_504' title='bbox 1200 5745 1438 5798; x_wconf 67' lang='lat' dir='ltr'><strong>iurisiuris.</strong></span> 
     </span>
    </p>
   </div>
   <div class='ocr_carea' id='block_1_61' title="bbox 1409 339 3215 408">
    <p class='ocr_par' dir='ltr' id='par_1_61' title="bbox 1409 339 3215 408">
     <span class='ocr_line' id='line_1_61' title="bbox 1409 339 3215 408; baseline -0.007 0"><span class='ocrx_word' id='word_1_505' title='bbox 1409 351 1465 408; x_wconf 89' lang='lat' dir='ltr'><strong>S.</strong></span> <span class='ocrx_word' id='word_1_506' title='bbox 1505 348 1778 406; x_wconf 75' lang='lat' dir='ltr'><strong>JO.\NNiS</strong></span> <span class='ocrx_word' id='word_1_507' title='bbox 1808 339 2282 402; x_wconf 74' lang='lat' dir='ltr'><strong>&#39;CllllYSOSTO-Ml</strong></span> <span class='ocrx_word' id='word_1_508' title='bbox 2323 340 2638 398; x_wconf 79' lang='lat' dir='ltr'><strong>ARClllEP.</strong></span> <span class='ocrx_word' id='word_1_509' title='bbox 2677 340 3215 399; x_wconf 71' lang='lat' dir='ltr'><strong>CONSTANTINOP.</strong></span> 
     </span>
    </p>
   </div>
   <div class='ocr_carea' id='block_1_62' title="bbox 3820 339 3927 394">
    <p class='ocr_par' dir='ltr' id='par_1_62' title="bbox 3820 339 3927 394">
     <span class='ocr_line' id='line_1_62' title="bbox 3820 339 3927 394; baseline 0.047 -4"><span class='ocrx_word' id='word_1_510' title='bbox 3820 339 3927 394; x_wconf 74' lang='lat'><strong>608</strong></span> 
     </span>
    </p>
   </div>
   <div class='ocr_carea' id='block_1_63' title="bbox 2353 450 3928 523">
    <p class='ocr_par' dir='ltr' id='par_1_63' title="bbox 2353 450 3928 523">
     <span class='ocr_line' id='line_1_63' title="bbox 2353 450 3928 523; baseline 0.001 -18"><span class='ocrx_word' id='word_1_511' title='bbox 2353 455 2467 522; x_wconf 82' lang='lat' dir='ltr'><strong>puti</strong></span> <span class='ocrx_word' id='word_1_512' title='bbox 2493 453 2592 508; x_wconf 84' lang='lat' dir='ltr'><strong>mei</strong></span> <span class='ocrx_word' id='word_1_513' title='bbox 2618 455 2766 521; x_wconf 87' lang='lat' dir='ltr'><strong>estis,</strong></span> <span class='ocrx_word' id='word_1_514' title='bbox 2792 454 2837 507; x_wconf 88' lang='lat' dir='ltr'><strong>si</strong></span> <span class='ocrx_word' id='word_1_515' title='bbox 2863 469 2946 508; x_wconf 75' lang='lat' dir='ltr'><strong>vos</strong></span> <span class='ocrx_word' id='word_1_516' title='bbox 2974 455 3182 506; x_wconf 73' lang='lat' dir='ltr'><strong>invicem</strong></span> <span class='ocrx_word' id='word_1_517' title='bbox 3208 450 3431 521; x_wconf 77' lang='lat' dir='ltr'><strong>diligatis</strong></span> <span class='ocrx_word' id='word_1_518' title='bbox 3450 450 3470 520; x_wconf 90' lang='lat'><strong>(</strong></span> <span class='ocrx_word' id='word_1_519' title='bbox 3491 450 3648 504; x_wconf 77' lang='lat' dir='ltr'><strong>Joan.</strong></span> <span class='ocrx_word' id='word_1_520' title='bbox 3678 451 3765 506; x_wconf 75' lang='grc'><strong>15.</strong></span> <span class='ocrx_word' id='word_1_521' title='bbox 3793 453 3862 506; x_wconf 82' lang='grc'><strong>55</strong></span> <span class='ocrx_word' id='word_1_522' title='bbox 3885 453 3928 523; x_wconf 93' lang='grc'><strong>).</strong></span> 
     </span>
    </p>
   </div>
   <div class='ocr_carea' id='block_1_64' title="bbox 2351 540 3932 615">
    <p class='ocr_par' dir='ltr' id='par_1_64' title="bbox 2351 540 3932 615">
     <span class='ocr_line' id='line_1_64' title="bbox 2351 540 3932 615; baseline -0.002 -16"><span class='ocrx_word' id='word_1_523' title='bbox 2351 545 2492 605; x_wconf 86' lang='lat' dir='ltr'><strong>Ecce</strong></span> <span class='ocrx_word' id='word_1_524' title='bbox 2515 548 2708 600; x_wconf 78' lang='lat' dir='ltr'><strong>Caritas</strong></span> <span class='ocrx_word' id='word_1_525' title='bbox 2736 545 2853 600; x_wconf 87' lang='lat' dir='ltr'><strong>sine</strong></span> <span class='ocrx_word' id='word_1_526' title='bbox 2887 546 3142 615; x_wconf 79' lang='lat' dir='ltr'><strong>martyrio</strong></span> <span class='ocrx_word' id='word_1_527' title='bbox 3166 543 3455 611; x_wconf 86' lang='lat' dir='ltr'><strong>discipulos</strong></span> <span class='ocrx_word' id='word_1_528' title='bbox 3485 542 3630 595; x_wconf 81' lang='lat' dir='ltr'><strong>facit.</strong></span> <span class='ocrx_word' id='word_1_529' title='bbox 3659 540 3809 607; x_wconf 85' lang='lat' dir='ltr'><strong>Quod</strong></span> <span class='ocrx_word' id='word_1_530' title='bbox 3835 557 3932 596; x_wconf 83' lang='lat' dir='ltr'><strong>au-</strong></span> 
     </span>
    </p>
   </div>
   <div class='ocr_carea' id='block_1_65' title="bbox 2353 631 3935 707">
    <p class='ocr_par' dir='ltr' id='par_1_65' title="bbox 2353 631 3935 707">
     <span class='ocr_line' id='line_1_65' title="bbox 2353 631 3935 707; baseline -0.003 -17"><span class='ocrx_word' id='word_1_531' title='bbox 2353 646 2458 690; x_wconf 90' lang='lat' dir='ltr'><strong>tem</strong></span> <span class='ocrx_word' id='word_1_532' title='bbox 2502 635 2810 707; x_wconf 88' lang='lat' dir='ltr'><strong>martyrium</strong></span> <span class='ocrx_word' id='word_1_533' title='bbox 2853 636 2970 689; x_wconf 89' lang='lat' dir='ltr'><strong>sine</strong></span> <span class='ocrx_word' id='word_1_534' title='bbox 3012 635 3233 689; x_wconf 86' lang='lat' dir='ltr'><strong>caritate</strong></span> <span class='ocrx_word' id='word_1_535' title='bbox 3279 647 3384 688; x_wconf 91' lang='lat' dir='ltr'><strong>non</strong></span> <span class='ocrx_word' id='word_1_536' title='bbox 3428 632 3598 687; x_wconf 89' lang='lat' dir='ltr'><strong>solum</strong></span> <span class='ocrx_word' id='word_1_537' title='bbox 3643 631 3935 696; x_wconf 86' lang='lat' dir='ltr'><strong>discipulos</strong></span> 
     </span>
    </p>
   </div>
   <div class='ocr_carea' id='block_1_66' title="bbox 2352 722 3934 794">
    <p class='ocr_par' dir='ltr' id='par_1_66' title="bbox 2352 722 3934 794">
     <span class='ocr_line' id='line_1_66' title="bbox 2352 722 3934 794; baseline -0.004 -14"><span class='ocrx_word' id='word_1_538' title='bbox 2352 742 2458 780; x_wconf 93' lang='lat' dir='ltr'><strong>non</strong></span> <span class='ocrx_word' id='word_1_539' title='bbox 2485 725 2662 789; x_wconf 87' lang='lat' dir='ltr'><strong>faciat,</strong></span> <span class='ocrx_word' id='word_1_540' title='bbox 2692 724 2786 779; x_wconf 85' lang='lat' dir='ltr'><strong>sed</strong></span> <span class='ocrx_word' id='word_1_541' title='bbox 2817 740 2915 778; x_wconf 91' lang='lat' dir='ltr'><strong>nec</strong></span> <span class='ocrx_word' id='word_1_542' title='bbox 2942 725 3107 794; x_wconf 92' lang='lat' dir='ltr'><strong>prosit</strong></span> <span class='ocrx_word' id='word_1_543' title='bbox 3135 724 3347 792; x_wconf 84' lang='lat' dir='ltr'><strong>quidem</strong></span> <span class='ocrx_word' id='word_1_544' title='bbox 3378 723 3614 792; x_wconf 89' lang='lat' dir='ltr'><strong>patienti,</strong></span> <span class='ocrx_word' id='word_1_545' title='bbox 3643 722 3762 774; x_wconf 88' lang='lat' dir='ltr'><strong>audi</strong></span> <span class='ocrx_word' id='word_1_546' title='bbox 3790 722 3934 774; x_wconf 83' lang='lat' dir='ltr'><strong>Pau-</strong></span> 
     </span>
    </p>
   </div>
   <div class='ocr_carea' id='block_1_67' title="bbox 2353 813 3931 884">
    <p class='ocr_par' dir='ltr' id='par_1_67' title="bbox 2353 813 3931 884">
     <span class='ocr_line' id='line_1_67' title="bbox 2353 813 3931 884; baseline -0.003 -13"><span class='ocrx_word' id='word_1_547' title='bbox 2353 818 2460 871; x_wconf 90' lang='lat' dir='ltr'><strong>lum</strong></span> <span class='ocrx_word' id='word_1_548' title='bbox 2487 819 2748 872; x_wconf 86' lang='lat' dir='ltr'><strong>dicentem</strong></span> <span class='ocrx_word' id='word_1_549' title='bbox 2781 836 2794 872; x_wconf 91' lang='lat'>:</span> <span class='ocrx_word' id='word_1_550' title='bbox 2821 816 2882 871; x_wconf 86' lang='lat' dir='ltr'><strong>Si</strong></span> <span class='ocrx_word' id='word_1_551' title='bbox 2918 818 3171 870; x_wconf 83' lang='lat' dir='ltr'><strong>tradidero</strong></span> <span class='ocrx_word' id='word_1_552' title='bbox 3198 833 3384 884; x_wconf 84' lang='lat' dir='ltr'><strong>corpus</strong></span> <span class='ocrx_word' id='word_1_553' title='bbox 3419 832 3584 868; x_wconf 73' lang='lat' dir='ltr'><strong>meum</strong></span> <span class='ocrx_word' id='word_1_554' title='bbox 3602 856 3616 878; x_wconf 89' lang='lat'><strong>,</strong></span> <span class='ocrx_word' id='word_1_555' title='bbox 3643 825 3697 867; x_wconf 76' lang='lat' dir='ltr'><strong>ut</strong></span> <span class='ocrx_word' id='word_1_556' title='bbox 3721 813 3931 867; x_wconf 81' lang='lat' dir='ltr'><strong>combu-</strong></span> 
     </span>
    </p>
   </div>
   <div class='ocr_carea' id='block_1_68' title="bbox 2353 905 3934 974">
    <p class='ocr_par' dir='ltr' id='par_1_68' title="bbox 2353 905 3934 974">
     <span class='ocr_line' id='line_1_68' title="bbox 2353 905 3934 974; baseline -0.002 -14"><span class='ocrx_word' id='word_1_557' title='bbox 2353 923 2440 960; x_wconf 85' lang='lat' dir='ltr'><strong>rar</strong></span> <span class='ocrx_word' id='word_1_558' title='bbox 2459 948 2473 971; x_wconf 93' lang='lat'><strong>,</strong></span> <span class='ocrx_word' id='word_1_559' title='bbox 2504 910 2760 961; x_wconf 79' lang='lat' dir='ltr'><strong>caritatem</strong></span> <span class='ocrx_word' id='word_1_560' title='bbox 2799 919 2964 961; x_wconf 84' lang='lat' dir='ltr'><strong>autem</strong></span> <span class='ocrx_word' id='word_1_561' title='bbox 3001 924 3102 961; x_wconf 87' lang='lat' dir='ltr'><strong>non</strong></span> <span class='ocrx_word' id='word_1_562' title='bbox 3129 906 3380 972; x_wconf 75' lang='lat' dir='ltr'><strong>habuero,</strong></span> <span class='ocrx_word' id='word_1_563' title='bbox 3413 905 3542 959; x_wconf 81' lang='lat' dir='ltr'><strong>nihil</strong></span> <span class='ocrx_word' id='word_1_564' title='bbox 3580 906 3702 957; x_wconf 70' lang='lat' dir='ltr'><strong>milii</strong></span> <span class='ocrx_word' id='word_1_565' title='bbox 3729 905 3934 974; x_wconf 84' lang='lat' dir='ltr'><strong>prodest</strong></span> 
     </span>
    </p>
   </div>
   <div class='ocr_carea' id='block_1_69' title="bbox 2356 998 2802 1072">
    <p class='ocr_par' dir='ltr' id='par_1_69' title="bbox 2356 998 2802 1072">
     <span class='ocr_line' id='line_1_69' title="bbox 2356 998 2802 1072; baseline 0 -20"><span class='ocrx_word' id='word_1_566' title='bbox 2356 999 2432 1071; x_wconf 79' lang='grc' dir='ltr'><strong>(ι.</strong></span> <span class='ocrx_word' id='word_1_567' title='bbox 2459 998 2578 1053; x_wconf 89' lang='lat' dir='ltr'><strong>Cor.</strong></span> <span class='ocrx_word' id='word_1_568' title='bbox 2611 1001 2694 1055; x_wconf 79' lang='grc'><strong>15.</strong></span> <span class='ocrx_word' id='word_1_569' title='bbox 2724 1000 2802 1072; x_wconf 82' lang='grc'><strong>5).</strong></span> 
     </span>
    </p>
   </div>
   <div class='ocr_carea' id='block_1_70' title="bbox 2425 1089 3937 1159">
    <p class='ocr_par' dir='ltr' id='par_1_70' title="bbox 2425 1089 3937 1159">
     <span class='ocr_line' id='line_1_70' title="bbox 2425 1089 3937 1159; baseline -0.002 -16"><span class='ocrx_word' id='word_1_570' title='bbox 2425 1091 2479 1143; x_wconf 73' lang='lat'><strong>2.</strong></span> <span class='ocrx_word' id='word_1_571' title='bbox 2509 1091 2791 1159; x_wconf 81' lang='lat' dir='ltr'><strong>Pmpterea</strong></span> <span class='ocrx_word' id='word_1_572' title='bbox 2821 1099 3060 1146; x_wconf 89' lang='lat' dir='ltr'><strong>sanctum</strong></span> <span class='ocrx_word' id='word_1_573' title='bbox 3090 1089 3229 1144; x_wconf 89' lang='lat' dir='ltr'><strong>hunc</strong></span> <span class='ocrx_word' id='word_1_574' title='bbox 3257 1089 3486 1143; x_wconf 78' lang='lat' dir='ltr'><strong>maxime</strong></span> <span class='ocrx_word' id='word_1_575' title='bbox 3510 1096 3693 1158; x_wconf 80' lang='lat' dir='ltr'><strong>diligo,</strong></span> <span class='ocrx_word' id='word_1_576' title='bbox 3717 1089 3803 1158; x_wconf 92' lang='lat' dir='ltr'><strong>qui</strong></span> <span class='ocrx_word' id='word_1_577' title='bbox 3836 1101 3937 1141; x_wconf 83' lang='lat' dir='ltr'><strong>nos</strong></span> 
     </span>
    </p>
   </div>
   <div class='ocr_carea' id='block_1_71' title="bbox 2356 1179 3935 1250">
    <p class='ocr_par' dir='ltr' id='par_1_71' title="bbox 2356 1179 3935 1250">
     <span class='ocr_line' id='line_1_71' title="bbox 2356 1179 3935 1250; baseline -0.001 -16"><span class='ocrx_word' id='word_1_578' title='bbox 2356 1181 2512 1235; x_wconf 92' lang='lat' dir='ltr'><strong>hodie</strong></span> <span class='ocrx_word' id='word_1_579' title='bbox 2537 1182 2906 1250; x_wconf 83' lang='lat' dir='ltr'><strong>congregavit,</strong></span> <span class='ocrx_word' id='word_1_580' title='bbox 2943 1181 3152 1234; x_wconf 89' lang='lat' dir='ltr'><strong>beatum</strong></span> <span class='ocrx_word' id='word_1_581' title='bbox 3190 1180 3402 1250; x_wconf 91' lang='lat' dir='ltr'><strong>inquam</strong></span> <span class='ocrx_word' id='word_1_582' title='bbox 3437 1179 3732 1234; x_wconf 82' lang='lat' dir='ltr'><strong>Romanum</strong></span> <span class='ocrx_word' id='word_1_583' title='bbox 3753 1218 3768 1243; x_wconf 89' lang='lat'><strong>,</strong></span> <span class='ocrx_word' id='word_1_584' title='bbox 3797 1193 3935 1248; x_wconf 84' lang='lat' dir='ltr'><strong>quo-</strong></span> 
     </span>
    </p>
   </div>
   <div class='ocr_carea' id='block_1_72' title="bbox 2357 1269 3936 1340">
    <p class='ocr_par' dir='ltr' id='par_1_72' title="bbox 2357 1269 3936 1340">
     <span class='ocr_line' id='line_1_72' title="bbox 2357 1269 3936 1340; baseline -0.001 -16"><span class='ocrx_word' id='word_1_585' title='bbox 2357 1274 2498 1324; x_wconf 91' lang='lat' dir='ltr'><strong>niam</strong></span> <span class='ocrx_word' id='word_1_586' title='bbox 2523 1287 2640 1325; x_wconf 92' lang='lat' dir='ltr'><strong>cum</strong></span> <span class='ocrx_word' id='word_1_587' title='bbox 2672 1273 2926 1340; x_wconf 83' lang='lat' dir='ltr'><strong>martyrio</strong></span> <span class='ocrx_word' id='word_1_588' title='bbox 2961 1285 3204 1339; x_wconf 90' lang='lat' dir='ltr'><strong>magnam</strong></span> <span class='ocrx_word' id='word_1_589' title='bbox 3231 1284 3439 1340; x_wconf 90' lang='lat' dir='ltr'><strong>quoque</strong></span> <span class='ocrx_word' id='word_1_590' title='bbox 3469 1270 3520 1324; x_wconf 91' lang='lat' dir='ltr'><strong>in</strong></span> <span class='ocrx_word' id='word_1_591' title='bbox 3549 1269 3814 1324; x_wconf 90' lang='lat' dir='ltr'><strong>Christum</strong></span> <span class='ocrx_word' id='word_1_592' title='bbox 3839 1283 3936 1322; x_wconf 78' lang='lat' dir='ltr'><strong>ca-</strong></span> 
     </span>
    </p>
   </div>
   <div class='ocr_carea' id='block_1_73' title="bbox 2357 1360 3935 1431">
    <p class='ocr_par' dir='ltr' id='par_1_73' title="bbox 2357 1360 3935 1431">
     <span class='ocr_line' id='line_1_73' title="bbox 2357 1360 3935 1431; baseline 0.001 -15"><span class='ocrx_word' id='word_1_593' title='bbox 2357 1365 2564 1417; x_wconf 89' lang='lat' dir='ltr'><strong>ritatem</strong></span> <span class='ocrx_word' id='word_1_594' title='bbox 2588 1360 2819 1417; x_wconf 89' lang='lat' dir='ltr'><strong>ostendit</strong></span> <span class='ocrx_word' id='word_1_595' title='bbox 2842 1379 2856 1416; x_wconf 91' lang='lat'><strong>:</strong></span> <span class='ocrx_word' id='word_1_596' title='bbox 2880 1361 3222 1430; x_wconf 90' lang='lat' dir='ltr'><strong>quamobrem</strong></span> <span class='ocrx_word' id='word_1_597' title='bbox 3249 1361 3295 1414; x_wconf 91' lang='lat' dir='ltr'><strong>ei</strong></span> <span class='ocrx_word' id='word_1_598' title='bbox 3321 1375 3528 1431; x_wconf 90' lang='lat' dir='ltr'><strong>quoque</strong></span> <span class='ocrx_word' id='word_1_599' title='bbox 3552 1369 3734 1414; x_wconf 88' lang='lat' dir='ltr'><strong>sancta</strong></span> <span class='ocrx_word' id='word_1_600' title='bbox 3757 1361 3935 1430; x_wconf 79' lang='lat' dir='ltr'><strong>lingua</strong></span> 
     </span>
    </p>
   </div>
   <div class='ocr_carea' id='block_1_74' title="bbox 2357 1450 3934 1530">
    <p class='ocr_par' dir='ltr' id='par_1_74' title="bbox 2357 1450 3934 1530">
     <span class='ocr_line' id='line_1_74' title="bbox 2357 1450 3934 1530; baseline 0.001 -25"><span class='ocrx_word' id='word_1_601' title='bbox 2357 1451 2454 1506; x_wconf 88' lang='lat' dir='ltr'><strong>fuit</strong></span> <span class='ocrx_word' id='word_1_602' title='bbox 2477 1460 2761 1520; x_wconf 85' lang='lat' dir='ltr'><strong>amputata.</strong></span> <span class='ocrx_word' id='word_1_603' title='bbox 2791 1450 3000 1504; x_wconf 83' lang='lat' dir='ltr'><strong>Etenim</strong></span> <span class='ocrx_word' id='word_1_604' title='bbox 3033 1451 3132 1505; x_wconf 88' lang='lat' dir='ltr'><strong>hoc</strong></span> <span class='ocrx_word' id='word_1_605' title='bbox 3154 1466 3363 1530; x_wconf 81' lang='lat' dir='ltr'><strong>quoque</strong></span> <span class='ocrx_word' id='word_1_606' title='bbox 3386 1453 3689 1506; x_wconf 79' lang='lat' dir='ltr'><strong>examinare</strong></span> <span class='ocrx_word' id='word_1_607' title='bbox 3716 1467 3810 1520; x_wconf 90' lang='lat' dir='ltr'><strong>par</strong></span> <span class='ocrx_word' id='word_1_608' title='bbox 3829 1460 3934 1521; x_wconf 89' lang='lat' dir='ltr'><strong>est,</strong></span> 
     </span>
    </p>
   </div>
   <div class='ocr_carea' id='block_1_75' title="bbox 2358 1539 3932 1611">
    <p class='ocr_par' dir='ltr' id='par_1_75' title="bbox 2358 1539 3932 1611">
     <span class='ocr_line' id='line_1_75' title="bbox 2358 1539 3932 1611; baseline 0.001 -17"><span class='ocrx_word' id='word_1_609' title='bbox 2358 1557 2584 1611; x_wconf 89' lang='lat' dir='ltr'><strong>quanam</strong></span> <span class='ocrx_word' id='word_1_610' title='bbox 2614 1541 2682 1596; x_wconf 93' lang='lat' dir='ltr'><strong>de</strong></span> <span class='ocrx_word' id='word_1_611' title='bbox 2708 1555 2864 1594; x_wconf 88' lang='lat' dir='ltr'><strong>causa</strong></span> <span class='ocrx_word' id='word_1_612' title='bbox 2893 1556 2996 1594; x_wconf 92' lang='lat' dir='ltr'><strong>non</strong></span> <span class='ocrx_word' id='word_1_613' title='bbox 3036 1539 3102 1594; x_wconf 87' lang='lat' dir='ltr'><strong>ad</strong></span> <span class='ocrx_word' id='word_1_614' title='bbox 3140 1542 3241 1594; x_wconf 89' lang='lat' dir='ltr'><strong>alia</strong></span> <span class='ocrx_word' id='word_1_615' title='bbox 3271 1539 3448 1608; x_wconf 89' lang='lat' dir='ltr'><strong>utique</strong></span> <span class='ocrx_word' id='word_1_616' title='bbox 3478 1551 3774 1609; x_wconf 87' lang='lat' dir='ltr'><strong>tormenta,</strong></span> <span class='ocrx_word' id='word_1_617' title='bbox 3801 1557 3932 1610; x_wconf 83' lang='lat' dir='ltr'><strong>sup-</strong></span> 
     </span>
    </p>
   </div>
   <div class='ocr_carea' id='block_1_76' title="bbox 2360 1633 3937 1704">
    <p class='ocr_par' dir='ltr' id='par_1_76' title="bbox 2360 1633 3937 1704">
     <span class='ocr_line' id='line_1_76' title="bbox 2360 1633 3937 1704; baseline 0.001 -16"><span class='ocrx_word' id='word_1_618' title='bbox 2360 1634 2515 1704; x_wconf 86' lang='lat' dir='ltr'><strong>plicia</strong></span> <span class='ocrx_word' id='word_1_619' title='bbox 2542 1647 2596 1689; x_wconf 85' lang='lat' dir='ltr'><strong>et</strong></span> <span class='ocrx_word' id='word_1_620' title='bbox 2623 1634 2886 1688; x_wconf 85' lang='lat' dir='ltr'><strong>cruciatus</strong></span> <span class='ocrx_word' id='word_1_621' title='bbox 2914 1633 3154 1688; x_wconf 90' lang='lat' dir='ltr'><strong>diabolus</strong></span> <span class='ocrx_word' id='word_1_622' title='bbox 3182 1649 3304 1688; x_wconf 92' lang='lat' dir='ltr'><strong>eum</strong></span> <span class='ocrx_word' id='word_1_623' title='bbox 3341 1633 3651 1700; x_wconf 81' lang='lat' dir='ltr'><strong>deduxerit,</strong></span> <span class='ocrx_word' id='word_1_624' title='bbox 3694 1635 3787 1690; x_wconf 88' lang='lat' dir='ltr'><strong>sed</strong></span> <span class='ocrx_word' id='word_1_625' title='bbox 3829 1635 3937 1690; x_wconf 87' lang='lat' dir='ltr'><strong>lin-</strong></span> 
     </span>
    </p>
   </div>
   <div class='ocr_carea' id='block_1_77' title="bbox 2357 1723 3937 1794">
    <p class='ocr_par' dir='ltr' id='par_1_77' title="bbox 2357 1723 3937 1794">
     <span class='ocr_line' id='line_1_77' title="bbox 2357 1723 3937 1794; baseline 0.001 -14"><span class='ocrx_word' id='word_1_626' title='bbox 2357 1740 2511 1794; x_wconf 83' lang='lat' dir='ltr'><strong>guam</strong></span> <span class='ocrx_word' id='word_1_627' title='bbox 2542 1725 2588 1778; x_wconf 91' lang='lat' dir='ltr'><strong>ei</strong></span> <span class='ocrx_word' id='word_1_628' title='bbox 2617 1723 2919 1778; x_wconf 85' lang='lat' dir='ltr'><strong>absciderit.</strong></span> <span class='ocrx_word' id='word_1_629' title='bbox 2949 1723 3064 1778; x_wconf 84' lang='lat' dir='ltr'><strong>Non</strong></span> <span class='ocrx_word' id='word_1_630' title='bbox 3103 1725 3244 1778; x_wconf 90' lang='lat' dir='ltr'><strong>enim</strong></span> <span class='ocrx_word' id='word_1_631' title='bbox 3289 1724 3391 1780; x_wconf 92' lang='lat' dir='ltr'><strong>hoc</strong></span> <span class='ocrx_word' id='word_1_632' title='bbox 3430 1736 3627 1780; x_wconf 92' lang='lat' dir='ltr'><strong>temere</strong></span> <span class='ocrx_word' id='word_1_633' title='bbox 3656 1727 3812 1790; x_wconf 89' lang='lat' dir='ltr'><strong>fecit,</strong></span> <span class='ocrx_word' id='word_1_634' title='bbox 3842 1727 3937 1782; x_wconf 86' lang='lat' dir='ltr'><strong>sed</strong></span> 
     </span>
    </p>
   </div>
   <div class='ocr_carea' id='block_1_78' title="bbox 2358 1814 3940 1872">
    <p class='ocr_par' dir='ltr' id='par_1_78' title="bbox 2358 1814 3940 1872">
     <span class='ocr_line' id='line_1_78' title="bbox 2358 1814 3940 1872; baseline 0.003 -4"><span class='ocrx_word' id='word_1_635' title='bbox 2358 1816 2586 1869; x_wconf 82' lang='lat' dir='ltr'><strong>maxima</strong></span> <span class='ocrx_word' id='word_1_636' title='bbox 2611 1829 2729 1869; x_wconf 93' lang='lat' dir='ltr'><strong>cum</strong></span> <span class='ocrx_word' id='word_1_637' title='bbox 2757 1814 2954 1869; x_wconf 90' lang='lat' dir='ltr'><strong>malitia</strong></span> <span class='ocrx_word' id='word_1_638' title='bbox 2986 1831 3000 1866; x_wconf 91' lang='lat'><strong>:</strong></span> <span class='ocrx_word' id='word_1_639' title='bbox 3030 1829 3151 1869; x_wconf 89' lang='lat' dir='ltr'><strong>nam</strong></span> <span class='ocrx_word' id='word_1_640' title='bbox 3180 1815 3366 1869; x_wconf 88' lang='lat' dir='ltr'><strong>callida</strong></span> <span class='ocrx_word' id='word_1_641' title='bbox 3388 1824 3442 1870; x_wconf 87' lang='lat' dir='ltr'><strong>et</strong></span> <span class='ocrx_word' id='word_1_642' title='bbox 3462 1816 3695 1870; x_wconf 85' lang='lat' dir='ltr'><strong>malefica</strong></span> <span class='ocrx_word' id='word_1_643' title='bbox 3717 1826 3800 1871; x_wconf 88' lang='lat' dir='ltr'><strong>est</strong></span> <span class='ocrx_word' id='word_1_644' title='bbox 3823 1817 3940 1872; x_wconf 69' lang='lat' dir='ltr'><strong>hac</strong></span> 
     </span>
    </p>
   </div>
   <div class='ocr_carea' id='block_1_79' title="bbox 2359 1903 3938 1974">
    <p class='ocr_par' dir='ltr' id='par_1_79' title="bbox 2359 1903 3938 1974">
     <span class='ocr_line' id='line_1_79' title="bbox 2359 1903 3938 1974; baseline 0.002 -14"><span class='ocrx_word' id='word_1_645' title='bbox 2359 1905 2525 1960; x_wconf 86' lang='lat' dir='ltr'><strong>bestia</strong></span> <span class='ocrx_word' id='word_1_646' title='bbox 2546 1946 2562 1971; x_wconf 93' lang='lat'><strong>,</strong></span> <span class='ocrx_word' id='word_1_647' title='bbox 2589 1905 2826 1974; x_wconf 90' lang='lat' dir='ltr'><strong>nihilque</strong></span> <span class='ocrx_word' id='word_1_648' title='bbox 2851 1919 2955 1958; x_wconf 90' lang='lat' dir='ltr'><strong>non</strong></span> <span class='ocrx_word' id='word_1_649' title='bbox 2987 1903 3111 1958; x_wconf 88' lang='lat' dir='ltr'><strong>facit</strong></span> <span class='ocrx_word' id='word_1_650' title='bbox 3135 1917 3188 1959; x_wconf 93' lang='lat' dir='ltr'><strong>et</strong></span> <span class='ocrx_word' id='word_1_651' title='bbox 3215 1916 3393 1960; x_wconf 90' lang='lat' dir='ltr'><strong>movet</strong></span> <span class='ocrx_word' id='word_1_652' title='bbox 3421 1907 3671 1961; x_wconf 87' lang='lat' dir='ltr'><strong>adversus</strong></span> <span class='ocrx_word' id='word_1_653' title='bbox 3699 1917 3938 1964; x_wconf 87' lang='lat' dir='ltr'><strong>nostram</strong></span> 
     </span>
    </p>
   </div>
   <div class='ocr_carea' id='block_1_80' title="bbox 2358 1996 3940 2067">
    <p class='ocr_par' dir='ltr' id='par_1_80' title="bbox 2358 1996 3940 2067">
     <span class='ocr_line' id='line_1_80' title="bbox 2358 1996 3940 2067; baseline 0.003 -18"><span class='ocrx_word' id='word_1_654' title='bbox 2358 1996 2602 2049; x_wconf 87' lang='lat' dir='ltr'><strong>salutem.</strong></span> <span class='ocrx_word' id='word_1_655' title='bbox 2639 2004 2756 2066; x_wconf 74' lang='lat' dir='ltr'><strong>Age</strong></span> <span class='ocrx_word' id='word_1_656' title='bbox 2795 2009 2923 2064; x_wconf 89' lang='lat' dir='ltr'><strong>ergo</strong></span> <span class='ocrx_word' id='word_1_657' title='bbox 2951 1996 3315 2050; x_wconf 82' lang='lat' dir='ltr'><strong>examinemus</strong></span> <span class='ocrx_word' id='word_1_658' title='bbox 3335 2037 3348 2060; x_wconf 92' lang='lat'><strong>,</strong></span> <span class='ocrx_word' id='word_1_659' title='bbox 3379 2011 3473 2051; x_wconf 91' lang='lat' dir='ltr'><strong>cur</strong></span> <span class='ocrx_word' id='word_1_660' title='bbox 3503 1997 3568 2051; x_wconf 90' lang='lat' dir='ltr'><strong>ad</strong></span> <span class='ocrx_word' id='word_1_661' title='bbox 3609 1999 3798 2067; x_wconf 68' lang='lat' dir='ltr'><strong>linguae</strong></span> <span class='ocrx_word' id='word_1_662' title='bbox 3824 1999 3940 2064; x_wconf 88' lang='lat' dir='ltr'><strong>ejus</strong></span> 
     </span>
    </p>
   </div>
   <div class='ocr_carea' id='block_1_81' title="bbox 2358 2086 3939 2159">
    <p class='ocr_par' dir='ltr' id='par_1_81' title="bbox 2358 2086 3939 2159">
     <span class='ocr_line' id='line_1_81' title="bbox 2358 2086 3939 2159; baseline 0.003 -20"><span class='ocrx_word' id='word_1_663' title='bbox 2358 2086 2774 2159; x_wconf 89' lang='lat' dir='ltr'><strong>amputationem</strong></span> <span class='ocrx_word' id='word_1_664' title='bbox 2815 2087 3114 2154; x_wconf 90' lang='lat' dir='ltr'><strong>processit:</strong></span> <span class='ocrx_word' id='word_1_665' title='bbox 3145 2103 3327 2142; x_wconf 91' lang='lat' dir='ltr'><strong>verum</strong></span> <span class='ocrx_word' id='word_1_666' title='bbox 3365 2090 3518 2155; x_wconf 86' lang='lat' dir='ltr'><strong>paulo</strong></span> <span class='ocrx_word' id='word_1_667' title='bbox 3547 2089 3702 2144; x_wconf 86' lang='lat' dir='ltr'><strong>altius</strong></span> <span class='ocrx_word' id='word_1_668' title='bbox 3740 2091 3939 2159; x_wconf 87' lang='lat' dir='ltr'><strong>repeti-</strong></span> 
     </span>
    </p>
   </div>
   <div class='ocr_carea' id='block_1_82' title="bbox 2361 2176 3939 2236">
    <p class='ocr_par' dir='ltr' id='par_1_82' title="bbox 2361 2176 3939 2236">
     <span class='ocr_line' id='line_1_82' title="bbox 2361 2176 3939 2236; baseline 0.003 -5"><span class='ocrx_word' id='word_1_669' title='bbox 2361 2187 2467 2231; x_wconf 92' lang='lat' dir='ltr'><strong>tam</strong></span> <span class='ocrx_word' id='word_1_670' title='bbox 2495 2179 2792 2233; x_wconf 90' lang='lat' dir='ltr'><strong>orationem</strong></span> <span class='ocrx_word' id='word_1_671' title='bbox 2822 2176 3160 2230; x_wconf 88' lang='lat' dir='ltr'><strong>instituamus</strong></span> <span class='ocrx_word' id='word_1_672' title='bbox 3192 2196 3208 2236; x_wconf 84' lang='lat'><strong>:</strong></span> <span class='ocrx_word' id='word_1_673' title='bbox 3236 2179 3313 2233; x_wconf 93' lang='lat' dir='ltr'><strong>sic</strong></span> <span class='ocrx_word' id='word_1_674' title='bbox 3337 2180 3477 2233; x_wconf 90' lang='lat' dir='ltr'><strong>enim</strong></span> <span class='ocrx_word' id='word_1_675' title='bbox 3509 2180 3738 2235; x_wconf 88' lang='lat' dir='ltr'><strong>sciemus</strong></span> <span class='ocrx_word' id='word_1_676' title='bbox 3763 2190 3815 2234; x_wconf 90' lang='lat' dir='ltr'><strong>et</strong></span> <span class='ocrx_word' id='word_1_677' title='bbox 3847 2181 3939 2236; x_wconf 89' lang='lat' dir='ltr'><strong>Dei</strong></span> 
     </span>
    </p>
   </div>
   <div class='ocr_carea' id='block_1_83' title="bbox 2357 2267 3942 2338">
    <p class='ocr_par' dir='ltr' id='par_1_83' title="bbox 2357 2267 3942 2338">
     <span class='ocr_line' id='line_1_83' title="bbox 2357 2267 3942 2338; baseline 0.004 -16"><span class='ocrx_word' id='word_1_678' title='bbox 2357 2267 2776 2337; x_wconf 86' lang='lat' dir='ltr'><strong>benignitatem,</strong></span> <span class='ocrx_word' id='word_1_679' title='bbox 2827 2275 2881 2321; x_wconf 89' lang='lat' dir='ltr'><strong>et</strong></span> <span class='ocrx_word' id='word_1_680' title='bbox 2927 2269 3176 2338; x_wconf 87' lang='lat' dir='ltr'><strong>martyris</strong></span> <span class='ocrx_word' id='word_1_681' title='bbox 3225 2270 3595 2332; x_wconf 86' lang='lat' dir='ltr'><strong>tolerantiam,</strong></span> <span class='ocrx_word' id='word_1_682' title='bbox 3644 2279 3695 2325; x_wconf 89' lang='lat' dir='ltr'><strong>et</strong></span> <span class='ocrx_word' id='word_1_683' title='bbox 3743 2271 3942 2328; x_wconf 88' lang='lat' dir='ltr'><strong>diaboli</strong></span> 
     </span>
    </p>
   </div>
   <div class='ocr_carea' id='block_1_84' title="bbox 2358 2357 3939 2428">
    <p class='ocr_par' dir='ltr' id='par_1_84' title="bbox 2358 2357 3939 2428">
     <span class='ocr_line' id='line_1_84' title="bbox 2358 2357 3939 2428; baseline 0.004 -18"><span class='ocrx_word' id='word_1_684' title='bbox 2358 2357 2736 2428; x_wconf 86' lang='lat' dir='ltr'><strong>malignitatem</strong></span> <span class='ocrx_word' id='word_1_685' title='bbox 2765 2376 2778 2412; x_wconf 91' lang='lat'>:</span> <span class='ocrx_word' id='word_1_686' title='bbox 2812 2365 2866 2410; x_wconf 90' lang='lat' dir='ltr'><strong>et</strong></span> <span class='ocrx_word' id='word_1_687' title='bbox 2897 2372 3017 2411; x_wconf 89' lang='lat' dir='ltr'><strong>cum</strong></span> <span class='ocrx_word' id='word_1_688' title='bbox 3055 2357 3147 2413; x_wconf 89' lang='lat' dir='ltr'><strong>Dei</strong></span> <span class='ocrx_word' id='word_1_689' title='bbox 3176 2359 3389 2426; x_wconf 83' lang='lat' dir='ltr'><strong>quidem</strong></span> <span class='ocrx_word' id='word_1_690' title='bbox 3420 2359 3760 2415; x_wconf 79' lang='lat' dir='ltr'><strong>didicerimus</strong></span> <span class='ocrx_word' id='word_1_691' title='bbox 3788 2362 3939 2416; x_wconf 84' lang='lat' dir='ltr'><strong>beni-</strong></span> 
     </span>
    </p>
   </div>
   <div class='ocr_carea' id='block_1_85' title="bbox 2357 2447 3938 2523">
    <p class='ocr_par' dir='ltr' id='par_1_85' title="bbox 2357 2447 3938 2523">
     <span class='ocr_line' id='line_1_85' title="bbox 2357 2447 3938 2523; baseline 0.005 -22"><span class='ocrx_word' id='word_1_692' title='bbox 2357 2449 2608 2518; x_wconf 85' lang='lat' dir='ltr'><strong>gnitatem</strong></span> <span class='ocrx_word' id='word_1_693' title='bbox 2629 2490 2643 2512; x_wconf 89' lang='lat'><strong>,</strong></span> <span class='ocrx_word' id='word_1_694' title='bbox 2676 2447 2906 2504; x_wconf 80' lang='lat' dir='ltr'><strong>Domino</strong></span> <span class='ocrx_word' id='word_1_695' title='bbox 2939 2448 3137 2516; x_wconf 85' lang='lat' dir='ltr'><strong>gratias</strong></span> <span class='ocrx_word' id='word_1_696' title='bbox 3177 2462 3430 2518; x_wconf 84' lang='lat' dir='ltr'><strong>agemus;</strong></span> <span class='ocrx_word' id='word_1_697' title='bbox 3476 2452 3722 2523; x_wconf 86' lang='lat' dir='ltr'><strong>martyris</strong></span> <span class='ocrx_word' id='word_1_698' title='bbox 3759 2463 3938 2509; x_wconf 86' lang='lat' dir='ltr'><strong>autem</strong></span> 
     </span>
    </p>
   </div>
   <div class='ocr_carea' id='block_1_86' title="bbox 2358 2540 3938 2608">
    <p class='ocr_par' dir='ltr' id='par_1_86' title="bbox 2358 2540 3938 2608">
     <span class='ocr_line' id='line_1_86' title="bbox 2358 2540 3938 2608; baseline 0.005 -18"><span class='ocrx_word' id='word_1_699' title='bbox 2358 2540 2564 2606; x_wconf 85' lang='lat' dir='ltr'><strong>cognita</strong></span> <span class='ocrx_word' id='word_1_700' title='bbox 2610 2540 2860 2608; x_wconf 84' lang='lat' dir='ltr'><strong>patientia</strong></span> <span class='ocrx_word' id='word_1_701' title='bbox 2910 2552 3222 2591; x_wconf 86' lang='lat' dir='ltr'><strong>conservum</strong></span> <span class='ocrx_word' id='word_1_702' title='bbox 3273 2540 3629 2606; x_wconf 90' lang='lat' dir='ltr'><strong>imitabimur;</strong></span> <span class='ocrx_word' id='word_1_703' title='bbox 3676 2543 3938 2600; x_wconf 86' lang='lat' dir='ltr'><strong>intellecta</strong></span> 
     </span>
    </p>
   </div>
   <div class='ocr_carea' id='block_1_87' title="bbox 2357 2629 3934 2692">
    <p class='ocr_par' dir='ltr' id='par_1_87' title="bbox 2357 2629 3934 2692">
     <span class='ocr_line' id='line_1_87' title="bbox 2357 2629 3934 2692; baseline 0.006 -10"><span class='ocrx_word' id='word_1_704' title='bbox 2357 2645 2485 2686; x_wconf 89' lang='lat' dir='ltr'><strong>vero</strong></span> <span class='ocrx_word' id='word_1_705' title='bbox 2518 2630 2707 2684; x_wconf 87' lang='lat' dir='ltr'><strong>diaboli</strong></span> <span class='ocrx_word' id='word_1_706' title='bbox 2755 2632 2951 2686; x_wconf 90' lang='lat' dir='ltr'><strong>malitia</strong></span> <span class='ocrx_word' id='word_1_707' title='bbox 2992 2629 3213 2686; x_wconf 89' lang='lat' dir='ltr'><strong>omnino</strong></span> <span class='ocrx_word' id='word_1_708' title='bbox 3248 2631 3609 2687; x_wconf 86' lang='lat' dir='ltr'><strong>aversabimur</strong></span> <span class='ocrx_word' id='word_1_709' title='bbox 3640 2634 3934 2692; x_wconf 87' lang='lat' dir='ltr'><strong>inimicum.</strong></span> 
     </span>
    </p>
   </div>
   <div class='ocr_carea' id='block_1_88' title="bbox 2358 2719 3935 2793">
    <p class='ocr_par' dir='ltr' id='par_1_88' title="bbox 2358 2719 3935 2793">
     <span class='ocr_line' id='line_1_88' title="bbox 2358 2719 3935 2793; baseline 0.005 -19"><span class='ocrx_word' id='word_1_710' title='bbox 2358 2719 2642 2789; x_wconf 86' lang='lat' dir='ltr'><strong>Propterea</strong></span> <span class='ocrx_word' id='word_1_711' title='bbox 2678 2723 2820 2776; x_wconf 90' lang='lat' dir='ltr'><strong>enim</strong></span> <span class='ocrx_word' id='word_1_712' title='bbox 2863 2724 3003 2779; x_wconf 89' lang='lat' dir='ltr'><strong>Deus</strong></span> <span class='ocrx_word' id='word_1_713' title='bbox 3043 2721 3161 2793; x_wconf 77' lang='lat' dir='ltr'><strong>ejus</strong></span> <span class='ocrx_word' id='word_1_714' title='bbox 3201 2721 3648 2787; x_wconf 82' lang='lat' dir='ltr'><strong>machinationum</strong></span> <span class='ocrx_word' id='word_1_715' title='bbox 3693 2727 3935 2782; x_wconf 86' lang='lat' dir='ltr'><strong>notitiam</strong></span> 
     </span>
    </p>
   </div>
   <div class='ocr_carea' id='block_1_89' title="bbox 2357 2810 3938 2885">
    <p class='ocr_par' dir='ltr' id='par_1_89' title="bbox 2357 2810 3938 2885">
     <span class='ocr_line' id='line_1_89' title="bbox 2357 2810 3938 2885; baseline 0.005 -21"><span class='ocrx_word' id='word_1_716' title='bbox 2357 2810 2502 2865; x_wconf 87' lang='lat' dir='ltr'><strong>dedit</strong></span> <span class='ocrx_word' id='word_1_717' title='bbox 2528 2812 2700 2876; x_wconf 91' lang='lat' dir='ltr'><strong>nobis,</strong></span> <span class='ocrx_word' id='word_1_718' title='bbox 2727 2822 2784 2866; x_wconf 93' lang='lat' dir='ltr'><strong>ut</strong></span> <span class='ocrx_word' id='word_1_719' title='bbox 2805 2827 2927 2867; x_wconf 91' lang='lat' dir='ltr'><strong>eum</strong></span> <span class='ocrx_word' id='word_1_720' title='bbox 2956 2816 3122 2885; x_wconf 86' lang='lat' dir='ltr'><strong>magis</strong></span> <span class='ocrx_word' id='word_1_721' title='bbox 3147 2810 3274 2871; x_wconf 85' lang='lat' dir='ltr'><strong>odio</strong></span> <span class='ocrx_word' id='word_1_722' title='bbox 3303 2813 3577 2882; x_wconf 85' lang='lat' dir='ltr'><strong>habentes,</strong></span> <span class='ocrx_word' id='word_1_723' title='bbox 3606 2813 3813 2870; x_wconf 88' lang='lat' dir='ltr'><strong>facilius</strong></span> <span class='ocrx_word' id='word_1_724' title='bbox 3848 2833 3938 2872; x_wconf 87' lang='lat' dir='ltr'><strong>su-</strong></span> 
     </span>
    </p>
   </div>
   <div class='ocr_carea' id='block_1_90' title="bbox 2357 2903 3938 2978">
    <p class='ocr_par' dir='ltr' id='par_1_90' title="bbox 2357 2903 3938 2978">
     <span class='ocr_line' id='line_1_90' title="bbox 2357 2903 3938 2978; baseline 0.004 -23"><span class='ocrx_word' id='word_1_725' title='bbox 2357 2916 2620 2970; x_wconf 87' lang='lat' dir='ltr'><strong>peremus.</strong></span> <span class='ocrx_word' id='word_1_726' title='bbox 2669 2903 2819 2968; x_wconf 84' lang='lat' dir='ltr'><strong>Quod</strong></span> <span class='ocrx_word' id='word_1_727' title='bbox 2865 2905 3005 2958; x_wconf 89' lang='lat' dir='ltr'><strong>enim</strong></span> <span class='ocrx_word' id='word_1_728' title='bbox 3051 2907 3300 2976; x_wconf 85' lang='lat' dir='ltr'><strong>cognosci</strong></span> <span class='ocrx_word' id='word_1_729' title='bbox 3341 2905 3548 2978; x_wconf 80' lang='lat' dir='ltr'><strong>possint</strong></span> <span class='ocrx_word' id='word_1_730' title='bbox 3591 2908 3938 2972; x_wconf 82' lang='lat' dir='ltr'><strong>cogitationes</strong></span> 
     </span>
    </p>
   </div>
   <div class='ocr_carea' id='block_1_91' title="bbox 2355 2994 3936 3071">
    <p class='ocr_par' dir='ltr' id='par_1_91' title="bbox 2355 2994 3936 3071">
     <span class='ocr_line' id='line_1_91' title="bbox 2355 2994 3936 3071; baseline 0.003 -23"><span class='ocrx_word' id='word_1_731' title='bbox 2355 2995 2490 3062; x_wconf 84' lang='lat' dir='ltr'><strong>ejus,</strong></span> <span class='ocrx_word' id='word_1_732' title='bbox 2513 2994 2632 3049; x_wconf 91' lang='lat' dir='ltr'><strong>audi</strong></span> <span class='ocrx_word' id='word_1_733' title='bbox 2659 2995 2781 3064; x_wconf 93' lang='lat' dir='ltr'><strong>quid</strong></span> <span class='ocrx_word' id='word_1_734' title='bbox 2807 2995 2948 3052; x_wconf 86' lang='lat' dir='ltr'><strong>dicat</strong></span> <span class='ocrx_word' id='word_1_735' title='bbox 2975 2997 3169 3053; x_wconf 88' lang='lat' dir='ltr'><strong>Paulus</strong></span> <span class='ocrx_word' id='word_1_736' title='bbox 3193 2999 3261 3055; x_wconf 93' lang='lat' dir='ltr'><strong>de</strong></span> <span class='ocrx_word' id='word_1_737' title='bbox 3284 3015 3370 3067; x_wconf 91' lang='lat' dir='ltr'><strong>eo,</strong></span> <span class='ocrx_word' id='word_1_738' title='bbox 3392 3000 3478 3071; x_wconf 92' lang='lat' dir='ltr'><strong>qui</strong></span> <span class='ocrx_word' id='word_1_739' title='bbox 3508 2996 3800 3056; x_wconf 85' lang='lat' dir='ltr'><strong>fornicatus</strong></span> <span class='ocrx_word' id='word_1_740' title='bbox 3825 2997 3936 3052; x_wconf 79' lang='lat' dir='ltr'><strong>fue-</strong></span> 
     </span>
    </p>
   </div>
   <div class='ocr_carea' id='block_1_92' title="bbox 2356 3085 3934 3160">
    <p class='ocr_par' dir='ltr' id='par_1_92' title="bbox 2356 3085 3934 3160">
     <span class='ocr_line' id='line_1_92' title="bbox 2356 3085 3934 3160; baseline 0.004 -21"><span class='ocrx_word' id='word_1_741' title='bbox 2356 3095 2439 3139; x_wconf 79' lang='lat' dir='ltr'><strong>rat</strong></span> <span class='ocrx_word' id='word_1_742' title='bbox 2467 3103 2479 3138; x_wconf 95' lang='lat'>:</span> <span class='ocrx_word' id='word_1_743' title='bbox 2510 3088 2575 3139; x_wconf 92' lang='lat' dir='ltr'><strong>ad</strong></span> <span class='ocrx_word' id='word_1_744' title='bbox 2605 3085 2912 3141; x_wconf 87' lang='lat' dir='ltr'><strong>Corinthios</strong></span> <span class='ocrx_word' id='word_1_745' title='bbox 2938 3092 3078 3142; x_wconf 88' lang='lat' dir='ltr'><strong>enim</strong></span> <span class='ocrx_word' id='word_1_746' title='bbox 3107 3091 3347 3145; x_wconf 89' lang='lat' dir='ltr'><strong>scribens</strong></span> <span class='ocrx_word' id='word_1_747' title='bbox 3373 3094 3450 3146; x_wconf 89' lang='lat' dir='ltr'><strong>sic</strong></span> <span class='ocrx_word' id='word_1_748' title='bbox 3483 3093 3556 3146; x_wconf 91' lang='lat' dir='ltr'><strong>ait</strong></span> <span class='ocrx_word' id='word_1_749' title='bbox 3583 3109 3597 3145; x_wconf 91' lang='lat'><strong>:</strong></span> <span class='ocrx_word' id='word_1_750' title='bbox 3625 3088 3934 3160; x_wconf 69' lang='lat' dir='ltr'><strong>Con/innate</strong></span> 
     </span>
    </p>
   </div>
   <div class='ocr_carea' id='block_1_93' title="bbox 2355 3170 3932 3237">
    <p class='ocr_par' dir='ltr' id='par_1_93' title="bbox 2355 3170 3932 3237">
     <span class='ocr_line' id='line_1_93' title="bbox 2355 3170 3932 3237; baseline 0.006 -16"><span class='ocrx_word' id='word_1_751' title='bbox 2355 3170 2407 3221; x_wconf 88' lang='lat' dir='ltr'><strong>in</strong></span> <span class='ocrx_word' id='word_1_752' title='bbox 2434 3173 2599 3237; x_wconf 79' lang='lat' dir='ltr'><strong>ipsum</strong></span> <span class='ocrx_word' id='word_1_753' title='bbox 2625 3171 2883 3224; x_wconf 77' lang='lat' dir='ltr'><strong>caritatem</strong></span> <span class='ocrx_word' id='word_1_754' title='bbox 2901 3212 2915 3232; x_wconf 89' lang='lat'><strong>.</strong></span> <span class='ocrx_word' id='word_1_755' title='bbox 2945 3180 2998 3224; x_wconf 84' lang='lat' dir='ltr'><strong>ut</strong></span> <span class='ocrx_word' id='word_1_756' title='bbox 3032 3189 3132 3227; x_wconf 84' lang='lat' dir='ltr'><strong>non</strong></span> <span class='ocrx_word' id='word_1_757' title='bbox 3159 3174 3606 3229; x_wconf 74' lang='lat' dir='ltr'><strong>circumveniantur</strong></span> <span class='ocrx_word' id='word_1_758' title='bbox 3627 3193 3660 3228; x_wconf 93' lang='lat' dir='ltr'><strong>a</strong></span> <span class='ocrx_word' id='word_1_759' title='bbox 3686 3177 3885 3231; x_wconf 73' lang='lat' dir='ltr'><strong>Salano</strong></span> <span class='ocrx_word' id='word_1_760' title='bbox 3911 3193 3932 3233; x_wconf 90' lang='lat'><strong><em>:</em></strong></span> 
     </span>
    </p>
   </div>
   <div class='ocr_carea' id='block_1_94' title="bbox 2356 3263 3934 3337">
    <p class='ocr_par' dir='ltr' id='par_1_94' title="bbox 2356 3263 3934 3337">
     <span class='ocr_line' id='line_1_94' title="bbox 2356 3263 3934 3337; baseline 0.003 -23"><span class='ocrx_word' id='word_1_761' title='bbox 2356 3277 2454 3315; x_wconf 85' lang='lat' dir='ltr'><strong>non</strong></span> <span class='ocrx_word' id='word_1_762' title='bbox 2479 3264 2610 3315; x_wconf 88' lang='lat' dir='ltr'><strong>enim</strong></span> <span class='ocrx_word' id='word_1_763' title='bbox 2645 3263 2970 3332; x_wconf 80' lang='lat' dir='ltr'><strong>cogitationes</strong></span> <span class='ocrx_word' id='word_1_764' title='bbox 2998 3264 3106 3333; x_wconf 76' lang='lat' dir='ltr'><strong>ejus</strong></span> <span class='ocrx_word' id='word_1_765' title='bbox 3141 3265 3432 3336; x_wconf 84' lang='lat' dir='ltr'><strong>ignoramus</strong></span> <span class='ocrx_word' id='word_1_766' title='bbox 3461 3267 3545 3337; x_wconf 87' lang='lat'><strong>(2.</strong></span> <span class='ocrx_word' id='word_1_767' title='bbox 3575 3267 3693 3322; x_wconf 80' lang='lat' dir='ltr'><strong>Cor.</strong></span> <span class='ocrx_word' id='word_1_768' title='bbox 3722 3268 3776 3321; x_wconf 88' lang='lat'><strong>2.</strong></span> <span class='ocrx_word' id='word_1_769' title='bbox 3807 3268 3860 3324; x_wconf 85' lang='lat'><strong>8.</strong></span> <span class='ocrx_word' id='word_1_770' title='bbox 3886 3279 3934 3330; x_wconf 66' lang='lat' dir='ltr'><strong>es</strong></span> 
     </span>
    </p>
   </div>
   <div class='ocr_carea' id='block_1_95' title="bbox 2356 3351 3931 3428">
    <p class='ocr_par' dir='ltr' id='par_1_95' title="bbox 2356 3351 3931 3428">
     <span class='ocr_line' id='line_1_95' title="bbox 2356 3351 3931 3428; baseline 0.005 -23"><span class='ocrx_word' id='word_1_771' title='bbox 2356 3351 2382 3405; x_wconf 81' lang='grc'><strong>1</strong></span> <span class='ocrx_word' id='word_1_772' title='bbox 2398 3352 2464 3421; x_wconf 85' lang='lat' dir='ltr'><strong>l).</strong></span> <span class='ocrx_word' id='word_1_773' title='bbox 2488 3351 2739 3419; x_wconf 67' lang='lat' dir='ltr'><strong>Quaanam</strong></span> <span class='ocrx_word' id='word_1_774' title='bbox 2760 3364 2842 3408; x_wconf 90' lang='lat' dir='ltr'><strong>est</strong></span> <span class='ocrx_word' id='word_1_775' title='bbox 2866 3368 2994 3424; x_wconf 89' lang='lat' dir='ltr'><strong>ergo</strong></span> <span class='ocrx_word' id='word_1_776' title='bbox 3012 3369 3192 3420; x_wconf 90' lang='lat' dir='ltr'><strong>causa,</strong></span> <span class='ocrx_word' id='word_1_777' title='bbox 3217 3367 3432 3425; x_wconf 88' lang='lat' dir='ltr'><strong>propter</strong></span> <span class='ocrx_word' id='word_1_778' title='bbox 3449 3373 3607 3427; x_wconf 85' lang='lat' dir='ltr'><strong>quam</strong></span> <span class='ocrx_word' id='word_1_779' title='bbox 3628 3358 3675 3412; x_wconf 90' lang='lat' dir='ltr'><strong>ei</strong></span> <span class='ocrx_word' id='word_1_780' title='bbox 3700 3358 3931 3428; x_wconf 83' lang='lat' dir='ltr'><strong>linguam</strong></span> 
     </span>
    </p>
   </div>
   <div class='ocr_carea' id='block_1_96' title="bbox 2353 3443 3930 3517">
    <p class='ocr_par' dir='ltr' id='par_1_96' title="bbox 2353 3443 3930 3517">
     <span class='ocr_line' id='line_1_96' title="bbox 2353 3443 3930 3517; baseline 0.006 -23"><span class='ocrx_word' id='word_1_781' title='bbox 2353 3443 2678 3511; x_wconf 82' lang='lat' dir='ltr'><strong>amputavit?</strong></span> <span class='ocrx_word' id='word_1_782' title='bbox 2711 3443 2996 3498; x_wconf 89' lang='lat' dir='ltr'><strong>Concedite</strong></span> <span class='ocrx_word' id='word_1_783' title='bbox 3036 3455 3091 3499; x_wconf 93' lang='lat' dir='ltr'><strong>ut</strong></span> <span class='ocrx_word' id='word_1_784' title='bbox 3131 3462 3244 3501; x_wconf 85' lang='lat' dir='ltr'><strong>rem</strong></span> <span class='ocrx_word' id='word_1_785' title='bbox 3284 3447 3437 3516; x_wconf 90' lang='lat' dir='ltr'><strong>paulo</strong></span> <span class='ocrx_word' id='word_1_786' title='bbox 3474 3448 3632 3502; x_wconf 89' lang='lat' dir='ltr'><strong>altius</strong></span> <span class='ocrx_word' id='word_1_787' title='bbox 3671 3459 3930 3517; x_wconf 89' lang='lat' dir='ltr'><strong>repetam.</strong></span> 
     </span>
    </p>
   </div>
   <div class='ocr_carea' id='block_1_97' title="bbox 2353 3531 3938 3604">
    <p class='ocr_par' dir='ltr' id='par_1_97' title="bbox 2353 3531 3938 3604">
     <span class='ocr_line' id='line_1_97' title="bbox 2353 3531 3938 3604; baseline 0.006 -19"><span class='ocrx_word' id='word_1_788' title='bbox 2353 3531 2526 3587; x_wconf 88' lang='lat' dir='ltr'><strong>Grave</strong></span> <span class='ocrx_word' id='word_1_789' title='bbox 2551 3533 2746 3588; x_wconf 91' lang='lat' dir='ltr'><strong>bellum</strong></span> <span class='ocrx_word' id='word_1_790' title='bbox 2778 3533 2874 3588; x_wconf 87' lang='lat' dir='ltr'><strong>fuit</strong></span> <span class='ocrx_word' id='word_1_791' title='bbox 2901 3536 3185 3604; x_wconf 90' lang='lat' dir='ltr'><strong>aliquando</strong></span> <span class='ocrx_word' id='word_1_792' title='bbox 3222 3538 3475 3592; x_wconf 85' lang='lat' dir='ltr'><strong>adversus</strong></span> <span class='ocrx_word' id='word_1_793' title='bbox 3502 3538 3769 3593; x_wconf 81' lang='lat' dir='ltr'><strong>Eeclcsias</strong></span> <span class='ocrx_word' id='word_1_794' title='bbox 3794 3541 3938 3594; x_wconf 81' lang='lat' dir='ltr'><strong>esci-</strong></span> 
     </span>
    </p>
   </div>
   <div class='ocr_carea' id='block_1_98' title="bbox 2353 3625 3938 3691">
    <p class='ocr_par' dir='ltr' id='par_1_98' title="bbox 2353 3625 3938 3691">
     <span class='ocr_line' id='line_1_98' title="bbox 2353 3625 3938 3691; baseline 0.006 -14"><span class='ocrx_word' id='word_1_795' title='bbox 2353 3633 2554 3691; x_wconf 89' lang='lat' dir='ltr'><strong>tatum,</strong></span> <span class='ocrx_word' id='word_1_796' title='bbox 2597 3641 2701 3680; x_wconf 93' lang='lat' dir='ltr'><strong>non</strong></span> <span class='ocrx_word' id='word_1_797' title='bbox 2740 3625 2983 3681; x_wconf 88' lang='lat' dir='ltr'><strong>barbaris</strong></span> <span class='ocrx_word' id='word_1_798' title='bbox 3024 3629 3282 3683; x_wconf 90' lang='lat' dir='ltr'><strong>adversus</strong></span> <span class='ocrx_word' id='word_1_799' title='bbox 3325 3630 3566 3684; x_wconf 87' lang='lat' dir='ltr'><strong>civitates</strong></span> <span class='ocrx_word' id='word_1_800' title='bbox 3604 3629 3938 3687; x_wconf 84' lang='lat' dir='ltr'><strong>incursiones</strong></span> 
     </span>
    </p>
   </div>
   <div class='ocr_carea' id='block_1_99' title="bbox 2352 3714 3938 3790">
    <p class='ocr_par' dir='ltr' id='par_1_99' title="bbox 2352 3714 3938 3790">
     <span class='ocr_line' id='line_1_99' title="bbox 2352 3714 3938 3790; baseline 0.006 -22"><span class='ocrx_word' id='word_1_801' title='bbox 2352 3714 2666 3770; x_wconf 90' lang='lat' dir='ltr'><strong>facientibus</strong></span> <span class='ocrx_word' id='word_1_802' title='bbox 2687 3757 2701 3780; x_wconf 94' lang='lat'><strong>,</strong></span> <span class='ocrx_word' id='word_1_803' title='bbox 2733 3731 2835 3773; x_wconf 89' lang='lat' dir='ltr'><strong>nec</strong></span> <span class='ocrx_word' id='word_1_804' title='bbox 2861 3719 2982 3772; x_wconf 92' lang='lat' dir='ltr'><strong>ullis</strong></span> <span class='ocrx_word' id='word_1_805' title='bbox 3006 3718 3319 3790; x_wconf 87' lang='lat' dir='ltr'><strong>alienigenis</strong></span> <span class='ocrx_word' id='word_1_806' title='bbox 3338 3762 3352 3782; x_wconf 85' lang='lat'><strong>,</strong></span> <span class='ocrx_word' id='word_1_807' title='bbox 3380 3720 3474 3775; x_wconf 91' lang='lat' dir='ltr'><strong>sed</strong></span> <span class='ocrx_word' id='word_1_808' title='bbox 3509 3721 3574 3775; x_wconf 87' lang='lat' dir='ltr'><strong>iis</strong></span> <span class='ocrx_word' id='word_1_809' title='bbox 3592 3762 3606 3782; x_wconf 88' lang='lat'><strong><em>.</em></strong></span> <span class='ocrx_word' id='word_1_810' title='bbox 3633 3722 3722 3790; x_wconf 90' lang='lat' dir='ltr'><strong>qui</strong></span> <span class='ocrx_word' id='word_1_811' title='bbox 3753 3733 3938 3778; x_wconf 88' lang='lat' dir='ltr'><strong>nostro</strong></span> 
     </span>
    </p>
   </div>
   <div class='ocr_carea' id='block_1_100' title="bbox 2351 3804 3935 3879">
    <p class='ocr_par' dir='ltr' id='par_1_100' title="bbox 2351 3804 3935 3879">
     <span class='ocr_line' id='line_1_100' title="bbox 2351 3804 3935 3879; baseline 0.004 -20"><span class='ocrx_word' id='word_1_812' title='bbox 2351 3804 2475 3861; x_wconf 87' lang='lat' dir='ltr'><strong>huic</strong></span> <span class='ocrx_word' id='word_1_813' title='bbox 2503 3815 2766 3862; x_wconf 88' lang='lat' dir='ltr'><strong>terrarum</strong></span> <span class='ocrx_word' id='word_1_814' title='bbox 2807 3809 2925 3863; x_wconf 91' lang='lat' dir='ltr'><strong>orbi</strong></span> <span class='ocrx_word' id='word_1_815' title='bbox 2967 3824 3198 3879; x_wconf 71' lang='lat' dir='ltr'><strong>pra3esse</strong></span> <span class='ocrx_word' id='word_1_816' title='bbox 3235 3810 3577 3874; x_wconf 89' lang='lat' dir='ltr'><strong>videbantur,</strong></span> <span class='ocrx_word' id='word_1_817' title='bbox 3611 3812 3898 3866; x_wconf 89' lang='lat' dir='ltr'><strong>immanius</strong></span> <span class='ocrx_word' id='word_1_818' title='bbox 3919 3853 3935 3878; x_wconf 90' lang='lat'><strong>,</strong></span> 
     </span>
    </p>
   </div>
   <div class='ocr_carea' id='block_1_101' title="bbox 2351 3901 3935 3973">
    <p class='ocr_par' dir='ltr' id='par_1_101' title="bbox 2351 3901 3935 3973">
     <span class='ocr_line' id='line_1_101' title="bbox 2351 3901 3935 3973; baseline 0.006 -21"><span class='ocrx_word' id='word_1_819' title='bbox 2351 3914 2510 3969; x_wconf 89' lang='lat' dir='ltr'><strong>quam</strong></span> <span class='ocrx_word' id='word_1_820' title='bbox 2542 3901 2746 3969; x_wconf 88' lang='lat' dir='ltr'><strong>tyranni</strong></span> <span class='ocrx_word' id='word_1_821' title='bbox 2777 3901 3015 3970; x_wconf 88' lang='lat' dir='ltr'><strong>quilibet,</strong></span> <span class='ocrx_word' id='word_1_822' title='bbox 3046 3901 3392 3956; x_wconf 85' lang='lat' dir='ltr'><strong>tractantibus</strong></span> <span class='ocrx_word' id='word_1_823' title='bbox 3418 3917 3529 3964; x_wconf 88' lang='lat' dir='ltr'><strong>eos.</strong></span> <span class='ocrx_word' id='word_1_824' title='bbox 3563 3903 3654 3972; x_wconf 91' lang='lat' dir='ltr'><strong>qui</strong></span> <span class='ocrx_word' id='word_1_825' title='bbox 3697 3903 3935 3973; x_wconf 87' lang='lat' dir='ltr'><strong>ipsorum</strong></span> 
     </span>
    </p>
   </div>
   <div class='ocr_carea' id='block_1_102' title="bbox 2353 3990 3933 4065">
    <p class='ocr_par' dir='ltr' id='par_1_102' title="bbox 2353 3990 3933 4065">
     <span class='ocr_line' id='line_1_102' title="bbox 2353 3990 3933 4065; baseline 0.004 -21"><span class='ocrx_word' id='word_1_826' title='bbox 2353 3990 2576 4059; x_wconf 89' lang='lat' dir='ltr'><strong>imperio</strong></span> <span class='ocrx_word' id='word_1_827' title='bbox 2599 3990 2869 4059; x_wconf 89' lang='lat' dir='ltr'><strong>parebant.</strong></span> <span class='ocrx_word' id='word_1_828' title='bbox 2894 3991 3007 4046; x_wconf 82' lang='lat' dir='ltr'><strong>Non</strong></span> <span class='ocrx_word' id='word_1_829' title='bbox 3034 3992 3174 4046; x_wconf 90' lang='lat' dir='ltr'><strong>enim</strong></span> <span class='ocrx_word' id='word_1_830' title='bbox 3200 3993 3372 4047; x_wconf 90' lang='lat' dir='ltr'><strong>solum</strong></span> <span class='ocrx_word' id='word_1_831' title='bbox 3399 3994 3637 4060; x_wconf 89' lang='lat' dir='ltr'><strong>libertas,</strong></span> <span class='ocrx_word' id='word_1_832' title='bbox 3663 4005 3716 4049; x_wconf 91' lang='lat' dir='ltr'><strong>et</strong></span> <span class='ocrx_word' id='word_1_833' title='bbox 3741 3997 3933 4065; x_wconf 86' lang='lat' dir='ltr'><strong>patria,</strong></span> 
     </span>
    </p>
   </div>
   <div class='ocr_carea' id='block_1_103' title="bbox 2351 4083 3937 4156">
    <p class='ocr_par' dir='ltr' id='par_1_103' title="bbox 2351 4083 3937 4156">
     <span class='ocr_line' id='line_1_103' title="bbox 2351 4083 3937 4156; baseline 0.005 -20"><span class='ocrx_word' id='word_1_834' title='bbox 2351 4091 2403 4136; x_wconf 93' lang='lat' dir='ltr'><strong>et</strong></span> <span class='ocrx_word' id='word_1_835' title='bbox 2432 4083 2690 4152; x_wconf 62' lang='lat' dir='ltr'><strong>pecuniae,</strong></span> <span class='ocrx_word' id='word_1_836' title='bbox 2721 4091 2776 4137; x_wconf 90' lang='lat' dir='ltr'><strong>et</strong></span> <span class='ocrx_word' id='word_1_837' title='bbox 2803 4099 3039 4153; x_wconf 68' lang='lat' dir='ltr'><strong>prmsens</strong></span> <span class='ocrx_word' id='word_1_838' title='bbox 3067 4085 3171 4139; x_wconf 93' lang='lat' dir='ltr'><strong>vita</strong></span> <span class='ocrx_word' id='word_1_839' title='bbox 3204 4095 3327 4140; x_wconf 90' lang='lat' dir='ltr'><strong>tunc</strong></span> <span class='ocrx_word' id='word_1_840' title='bbox 3356 4087 3406 4141; x_wconf 92' lang='lat' dir='ltr'><strong>in</strong></span> <span class='ocrx_word' id='word_1_841' title='bbox 3437 4088 3727 4156; x_wconf 89' lang='lat' dir='ltr'><strong>periculum</strong></span> <span class='ocrx_word' id='word_1_842' title='bbox 3753 4091 3937 4144; x_wconf 88' lang='lat' dir='ltr'><strong>venie-</strong></span> 
     </span>
    </p>
   </div>
   <div class='ocr_carea' id='block_1_104' title="bbox 2351 4173 3937 4250">
    <p class='ocr_par' dir='ltr' id='par_1_104' title="bbox 2351 4173 3937 4250">
     <span class='ocr_line' id='line_1_104' title="bbox 2351 4173 3937 4250; baseline 0.005 -20"><span class='ocrx_word' id='word_1_843' title='bbox 2351 4173 2474 4240; x_wconf 90' lang='lat' dir='ltr'><strong>bat;</strong></span> <span class='ocrx_word' id='word_1_844' title='bbox 2507 4177 2599 4229; x_wconf 92' lang='lat' dir='ltr'><strong>sed</strong></span> <span class='ocrx_word' id='word_1_845' title='bbox 2638 4190 2860 4245; x_wconf 88' lang='lat' dir='ltr'><strong>regnum</strong></span> <span class='ocrx_word' id='word_1_846' title='bbox 2886 4176 3136 4231; x_wconf 69' lang='lat' dir='ltr'><strong>caalorum</strong></span> <span class='ocrx_word' id='word_1_847' title='bbox 3157 4217 3174 4242; x_wconf 88' lang='lat'><strong>,</strong></span> <span class='ocrx_word' id='word_1_848' title='bbox 3201 4187 3256 4232; x_wconf 90' lang='lat' dir='ltr'><strong>et</strong></span> <span class='ocrx_word' id='word_1_849' title='bbox 3293 4177 3427 4232; x_wconf 88' lang='lat' dir='ltr'><strong>bona</strong></span> <span class='ocrx_word' id='word_1_850' title='bbox 3462 4196 3581 4249; x_wconf 73' lang='lat' dir='ltr'><strong>qua:</strong></span> <span class='ocrx_word' id='word_1_851' title='bbox 3617 4180 3778 4250; x_wconf 91' lang='lat' dir='ltr'><strong>justis</strong></span> <span class='ocrx_word' id='word_1_852' title='bbox 3815 4192 3937 4238; x_wconf 89' lang='lat' dir='ltr'><strong>sunt</strong></span> 
     </span>
    </p>
   </div>
   <div class='ocr_carea' id='block_1_105' title="bbox 2350 4267 3937 4337">
    <p class='ocr_par' dir='ltr' id='par_1_105' title="bbox 2350 4267 3937 4337">
     <span class='ocr_line' id='line_1_105' title="bbox 2350 4267 3937 4337; baseline 0.008 -17"><span class='ocrx_word' id='word_1_853' title='bbox 2350 4268 2613 4335; x_wconf 90' lang='lat' dir='ltr'><strong>reposita,</strong></span> <span class='ocrx_word' id='word_1_854' title='bbox 2639 4267 2852 4337; x_wconf 88' lang='lat' dir='ltr'><strong>vitaque</strong></span> <span class='ocrx_word' id='word_1_855' title='bbox 2879 4268 3194 4324; x_wconf 88' lang='lat' dir='ltr'><strong>immortalis</strong></span> <span class='ocrx_word' id='word_1_856' title='bbox 3231 4280 3285 4327; x_wconf 93' lang='lat' dir='ltr'><strong>et</strong></span> <span class='ocrx_word' id='word_1_857' title='bbox 3323 4272 3515 4327; x_wconf 88' lang='lat' dir='ltr'><strong>Christi</strong></span> <span class='ocrx_word' id='word_1_858' title='bbox 3543 4276 3829 4331; x_wconf 72' lang='lat' dir='ltr'><strong>confessio.</strong></span> <span class='ocrx_word' id='word_1_859' title='bbox 3860 4279 3937 4333; x_wconf 78' lang='lat' dir='ltr'><strong>Ae</strong></span> 
     </span>
    </p>
   </div>
   <div class='ocr_carea' id='block_1_106' title="bbox 2351 4362 3934 4433">
    <p class='ocr_par' dir='ltr' id='par_1_106' title="bbox 2351 4362 3934 4433">
     <span class='ocr_line' id='line_1_106' title="bbox 2351 4362 3934 4433; baseline 0.009 -23"><span class='ocrx_word' id='word_1_860' title='bbox 2351 4372 2521 4412; x_wconf 88' lang='lat' dir='ltr'><strong>novus</strong></span> <span class='ocrx_word' id='word_1_861' title='bbox 2544 4375 2752 4430; x_wconf 91' lang='lat' dir='ltr'><strong>quoque</strong></span> <span class='ocrx_word' id='word_1_862' title='bbox 2778 4362 3094 4430; x_wconf 86' lang='lat' dir='ltr'><strong>captivitatis</strong></span> <span class='ocrx_word' id='word_1_863' title='bbox 3121 4362 3311 4417; x_wconf 89' lang='lat' dir='ltr'><strong>modus</strong></span> <span class='ocrx_word' id='word_1_864' title='bbox 3333 4364 3661 4433; x_wconf 78' lang='lat' dir='ltr'><strong>excogitatas</strong></span> <span class='ocrx_word' id='word_1_865' title='bbox 3683 4377 3764 4420; x_wconf 90' lang='lat' dir='ltr'><strong>est</strong></span> <span class='ocrx_word' id='word_1_866' title='bbox 3790 4386 3803 4420; x_wconf 95' lang='lat'><strong>:</strong></span> <span class='ocrx_word' id='word_1_867' title='bbox 3829 4383 3934 4424; x_wconf 90' lang='lat' dir='ltr'><strong>non</strong></span> 
     </span>
    </p>
   </div>
   <div class='ocr_carea' id='block_1_107' title="bbox 2350 4452 3935 4522">
    <p class='ocr_par' dir='ltr' id='par_1_107' title="bbox 2350 4452 3935 4522">
     <span class='ocr_line' id='line_1_107' title="bbox 2350 4452 3935 4522; baseline 0.005 -17"><span class='ocrx_word' id='word_1_868' title='bbox 2350 4453 2492 4505; x_wconf 88' lang='lat' dir='ltr'><strong>enim</strong></span> <span class='ocrx_word' id='word_1_869' title='bbox 2521 4467 2585 4506; x_wconf 82' lang='lat' dir='ltr'><strong>ex</strong></span> <span class='ocrx_word' id='word_1_870' title='bbox 2611 4467 2693 4515; x_wconf 90' lang='lat' dir='ltr'><strong>ea,</strong></span> <span class='ocrx_word' id='word_1_871' title='bbox 2723 4469 2841 4520; x_wconf 66' lang='lat' dir='ltr'><strong>quae</strong></span> <span class='ocrx_word' id='word_1_872' title='bbox 2864 4452 2949 4507; x_wconf 91' lang='lat' dir='ltr'><strong>hic</strong></span> <span class='ocrx_word' id='word_1_873' title='bbox 2973 4463 3074 4519; x_wconf 86' lang='lat' dir='ltr'><strong>est,</strong></span> <span class='ocrx_word' id='word_1_874' title='bbox 3101 4453 3314 4508; x_wconf 88' lang='lat' dir='ltr'><strong>civitate</strong></span> <span class='ocrx_word' id='word_1_875' title='bbox 3341 4455 3698 4522; x_wconf 83' lang='lat' dir='ltr'><strong>expellebant,</strong></span> <span class='ocrx_word' id='word_1_876' title='bbox 3725 4458 3820 4512; x_wconf 87' lang='lat' dir='ltr'><strong>sed</strong></span> <span class='ocrx_word' id='word_1_877' title='bbox 3847 4475 3935 4513; x_wconf 88' lang='lat' dir='ltr'><strong>su-</strong></span> 
     </span>
    </p>
   </div>
   <div class='ocr_carea' id='block_1_108' title="bbox 2347 4543 3935 4620">
    <p class='ocr_par' dir='ltr' id='par_1_108' title="bbox 2347 4543 3935 4620">
     <span class='ocr_line' id='line_1_108' title="bbox 2347 4543 3935 4620; baseline 0.007 -25"><span class='ocrx_word' id='word_1_878' title='bbox 2347 4559 2512 4614; x_wconf 72' lang='lat' dir='ltr'><strong>perna</strong></span> <span class='ocrx_word' id='word_1_879' title='bbox 2541 4543 2854 4608; x_wconf 80' lang='lat' dir='ltr'><strong>Jerusalem,</strong></span> <span class='ocrx_word' id='word_1_880' title='bbox 2879 4559 2997 4614; x_wconf 67' lang='lat' dir='ltr'><strong>qua:</strong></span> <span class='ocrx_word' id='word_1_881' title='bbox 3021 4555 3102 4600; x_wconf 89' lang='lat' dir='ltr'><strong>est</strong></span> <span class='ocrx_word' id='word_1_882' title='bbox 3129 4547 3318 4607; x_wconf 88' lang='lat' dir='ltr'><strong>libera.</strong></span> <span class='ocrx_word' id='word_1_883' title='bbox 3349 4547 3554 4616; x_wconf 88' lang='lat' dir='ltr'><strong>privare</strong></span> <span class='ocrx_word' id='word_1_884' title='bbox 3579 4550 3935 4620; x_wconf 82' lang='lat' dir='ltr'><strong>conabantur,</strong></span> 
     </span>
    </p>
   </div>
   <div class='ocr_carea' id='block_1_109' title="bbox 2349 4635 3936 4704">
    <p class='ocr_par' dir='ltr' id='par_1_109' title="bbox 2349 4635 3936 4704">
     <span class='ocr_line' id='line_1_109' title="bbox 2349 4635 3936 4704; baseline 0.006 -16"><span class='ocrx_word' id='word_1_885' title='bbox 2349 4645 2403 4688; x_wconf 89' lang='lat' dir='ltr'><strong>et</strong></span> <span class='ocrx_word' id='word_1_886' title='bbox 2433 4642 2860 4704; x_wconf 89' lang='lat' dir='ltr'><strong>unumquemque</strong></span> <span class='ocrx_word' id='word_1_887' title='bbox 2887 4636 2939 4690; x_wconf 91' lang='lat' dir='ltr'><strong>in</strong></span> <span class='ocrx_word' id='word_1_888' title='bbox 2965 4635 3218 4690; x_wconf 81' lang='lat' dir='ltr'><strong>altaribus</strong></span> <span class='ocrx_word' id='word_1_889' title='bbox 3247 4638 3477 4693; x_wconf 88' lang='lat' dir='ltr'><strong>animam</strong></span> <span class='ocrx_word' id='word_1_890' title='bbox 3509 4640 3810 4697; x_wconf 88' lang='lat' dir='ltr'><strong>sacrificare</strong></span> <span class='ocrx_word' id='word_1_891' title='bbox 3840 4658 3936 4698; x_wconf 85' lang='lat' dir='ltr'><strong>co-</strong></span> 
     </span>
    </p>
   </div>
   <div class='ocr_carea' id='block_1_110' title="bbox 2348 4725 3934 4801">
    <p class='ocr_par' dir='ltr' id='par_1_110' title="bbox 2348 4725 3934 4801">
     <span class='ocr_line' id='line_1_110' title="bbox 2348 4725 3934 4801; baseline 0.007 -23"><span class='ocrx_word' id='word_1_892' title='bbox 2348 4725 2562 4794; x_wconf 88' lang='lat' dir='ltr'><strong>gebant,</strong></span> <span class='ocrx_word' id='word_1_893' title='bbox 2584 4741 2647 4780; x_wconf 92' lang='lat' dir='ltr'><strong>ac</strong></span> <span class='ocrx_word' id='word_1_894' title='bbox 2670 4741 2823 4781; x_wconf 91' lang='lat' dir='ltr'><strong>suum</strong></span> <span class='ocrx_word' id='word_1_895' title='bbox 2851 4726 3130 4783; x_wconf 88' lang='lat' dir='ltr'><strong>Dominum</strong></span> <span class='ocrx_word' id='word_1_896' title='bbox 3154 4730 3419 4798; x_wconf 85' lang='lat' dir='ltr'><strong>abjurare,</strong></span> <span class='ocrx_word' id='word_1_897' title='bbox 3443 4746 3608 4801; x_wconf 88' lang='lat' dir='ltr'><strong>seque</strong></span> <span class='ocrx_word' id='word_1_898' title='bbox 3627 4731 3934 4790; x_wconf 74' lang='lat' dir='ltr'><strong>dazmonum</strong></span> 
     </span>
    </p>
   </div>
   <div class='ocr_carea' id='block_1_111' title="bbox 2349 4817 3936 4894">
    <p class='ocr_par' dir='ltr' id='par_1_111' title="bbox 2349 4817 3936 4894">
     <span class='ocr_line' id='line_1_111' title="bbox 2349 4817 3936 4894; baseline 0.009 -26"><span class='ocrx_word' id='word_1_899' title='bbox 2349 4817 2611 4886; x_wconf 84' lang='lat' dir='ltr'><strong>tyrannidi</strong></span> <span class='ocrx_word' id='word_1_900' title='bbox 2640 4817 2934 4886; x_wconf 91' lang='lat' dir='ltr'><strong>subjicere,</strong></span> <span class='ocrx_word' id='word_1_901' title='bbox 2965 4830 3019 4875; x_wconf 90' lang='lat' dir='ltr'><strong>ct</strong></span> <span class='ocrx_word' id='word_1_902' title='bbox 3059 4821 3386 4890; x_wconf 89' lang='lat' dir='ltr'><strong>perniciosos</strong></span> <span class='ocrx_word' id='word_1_903' title='bbox 3415 4823 3706 4894; x_wconf 89' lang='lat' dir='ltr'><strong>salutisque</strong></span> <span class='ocrx_word' id='word_1_904' title='bbox 3733 4836 3936 4882; x_wconf 65' lang='lat' dir='ltr'><strong>nostra:</strong></span> 
     </span>
    </p>
   </div>
   <div class='ocr_carea' id='block_1_112' title="bbox 2348 4909 3937 4991">
    <p class='ocr_par' dir='ltr' id='par_1_112' title="bbox 2348 4909 3937 4991">
     <span class='ocr_line' id='line_1_112' title="bbox 2348 4909 3937 4991; baseline 0.008 -29"><span class='ocrx_word' id='word_1_905' title='bbox 2348 4909 2529 4967; x_wconf 91' lang='lat' dir='ltr'><strong>hostes</strong></span> <span class='ocrx_word' id='word_1_906' title='bbox 2556 4912 2829 4969; x_wconf 65' lang='lat' dir='ltr'><strong>daemones</strong></span> <span class='ocrx_word' id='word_1_907' title='bbox 2857 4915 3034 4970; x_wconf 89' lang='lat' dir='ltr'><strong>colere</strong></span> <span class='ocrx_word' id='word_1_908' title='bbox 3052 4956 3067 4979; x_wconf 92' lang='lat'><strong>,</strong></span> <span class='ocrx_word' id='word_1_909' title='bbox 3100 4915 3239 4983; x_wconf 90' lang='lat' dir='ltr'><strong>quod</strong></span> <span class='ocrx_word' id='word_1_910' title='bbox 3267 4915 3412 4971; x_wconf 92' lang='lat' dir='ltr'><strong>mille</strong></span> <span class='ocrx_word' id='word_1_911' title='bbox 3439 4918 3698 4973; x_wconf 89' lang='lat' dir='ltr'><strong>mortibus</strong></span> <span class='ocrx_word' id='word_1_912' title='bbox 3722 4926 3777 4973; x_wconf 88' lang='lat' dir='ltr'><strong>et</strong></span> <span class='ocrx_word' id='word_1_913' title='bbox 3801 4935 3937 4991; x_wconf 90' lang='lat' dir='ltr'><strong>qua-</strong></span> 
     </span>
    </p>
   </div>
   <div class='ocr_carea' id='block_1_113' title="bbox 2347 5002 3936 5078">
    <p class='ocr_par' dir='ltr' id='par_1_113' title="bbox 2347 5002 3936 5078">
     <span class='ocr_line' id='line_1_113' title="bbox 2347 5002 3936 5078; baseline 0.006 -23"><span class='ocrx_word' id='word_1_914' title='bbox 2347 5002 2426 5057; x_wconf 89' lang='lat' dir='ltr'><strong>vis</strong></span> <span class='ocrx_word' id='word_1_915' title='bbox 2450 5002 2690 5073; x_wconf 89' lang='lat' dir='ltr'><strong>gehenna</strong></span> <span class='ocrx_word' id='word_1_916' title='bbox 2719 5005 2930 5074; x_wconf 89' lang='lat' dir='ltr'><strong>gravius</strong></span> <span class='ocrx_word' id='word_1_917' title='bbox 2953 5015 3006 5060; x_wconf 87' lang='lat' dir='ltr'><strong>et</strong></span> <span class='ocrx_word' id='word_1_918' title='bbox 3031 5005 3416 5062; x_wconf 88' lang='lat' dir='ltr'><strong>intolerabilius</strong></span> <span class='ocrx_word' id='word_1_919' title='bbox 3437 5013 3714 5078; x_wconf 87' lang='lat' dir='ltr'><strong>generosis</strong></span> <span class='ocrx_word' id='word_1_920' title='bbox 3736 5012 3936 5065; x_wconf 89' lang='lat' dir='ltr'><strong>animis</strong></span> 
     </span>
    </p>
   </div>
   <div class='ocr_carea' id='block_1_114' title="bbox 2347 5095 3931 5165">
    <p class='ocr_par' dir='ltr' id='par_1_114' title="bbox 2347 5095 3931 5165">
     <span class='ocr_line' id='line_1_114' title="bbox 2347 5095 3931 5165; baseline 0.005 -16"><span class='ocrx_word' id='word_1_921' title='bbox 2347 5105 2402 5149; x_wconf 90' lang='lat' dir='ltr'><strong>et</strong></span> <span class='ocrx_word' id='word_1_922' title='bbox 2423 5095 2615 5150; x_wconf 88' lang='lat' dir='ltr'><strong>Christi</strong></span> <span class='ocrx_word' id='word_1_923' title='bbox 2641 5097 2942 5151; x_wconf 88' lang='lat' dir='ltr'><strong>amantibus</strong></span> <span class='ocrx_word' id='word_1_924' title='bbox 2969 5105 3102 5150; x_wconf 89' lang='lat' dir='ltr'><strong>erat.</strong></span> <span class='ocrx_word' id='word_1_925' title='bbox 3133 5097 3281 5154; x_wconf 86' lang='lat' dir='ltr'><strong>Tunc</strong></span> <span class='ocrx_word' id='word_1_926' title='bbox 3307 5099 3556 5154; x_wconf 90' lang='lat' dir='ltr'><strong>nimirum</strong></span> <span class='ocrx_word' id='word_1_927' title='bbox 3581 5142 3595 5165; x_wconf 90' lang='lat'><strong>,</strong></span> <span class='ocrx_word' id='word_1_928' title='bbox 3623 5116 3746 5155; x_wconf 90' lang='lat' dir='ltr'><strong>cum</strong></span> <span class='ocrx_word' id='word_1_929' title='bbox 3775 5104 3931 5158; x_wconf 92' lang='lat' dir='ltr'><strong>multi</strong></span> 
     </span>
    </p>
   </div>
   <div class='ocr_carea' id='block_1_115' title="bbox 2346 5187 3931 5259">
    <p class='ocr_par' dir='ltr' id='par_1_115' title="bbox 2346 5187 3931 5259">
     <span class='ocr_line' id='line_1_115' title="bbox 2346 5187 3931 5259; baseline 0.006 -19"><span class='ocrx_word' id='word_1_930' title='bbox 2346 5187 2842 5256; x_wconf 86' lang='lat' dir='ltr'><strong>submergerentur,</strong></span> <span class='ocrx_word' id='word_1_931' title='bbox 2873 5197 2928 5243; x_wconf 92' lang='lat' dir='ltr'><strong>et</strong></span> <span class='ocrx_word' id='word_1_932' title='bbox 2963 5187 3153 5244; x_wconf 79' lang='lat' dir='ltr'><strong>ﬂuctus</strong></span> <span class='ocrx_word' id='word_1_933' title='bbox 3192 5191 3243 5244; x_wconf 90' lang='lat' dir='ltr'><strong>in</strong></span> <span class='ocrx_word' id='word_1_934' title='bbox 3281 5192 3446 5245; x_wconf 92' lang='lat' dir='ltr'><strong>altum</strong></span> <span class='ocrx_word' id='word_1_935' title='bbox 3482 5193 3826 5259; x_wconf 88' lang='lat' dir='ltr'><strong>tollerentur,</strong></span> <span class='ocrx_word' id='word_1_936' title='bbox 3869 5209 3931 5251; x_wconf 85' lang='lat' dir='ltr'><strong>ac</strong></span> 
     </span>
    </p>
   </div>
   <div class='ocr_carea' id='block_1_116' title="bbox 2346 5279 3929 5351">
    <p class='ocr_par' dir='ltr' id='par_1_116' title="bbox 2346 5279 3929 5351">
     <span class='ocr_line' id='line_1_116' title="bbox 2346 5279 3929 5351; baseline 0.006 -20"><span class='ocrx_word' id='word_1_937' title='bbox 2346 5279 2558 5348; x_wconf 87' lang='lat' dir='ltr'><strong>plurimi</strong></span> <span class='ocrx_word' id='word_1_938' title='bbox 2588 5280 2918 5351; x_wconf 90' lang='lat' dir='ltr'><strong>naufragium</strong></span> <span class='ocrx_word' id='word_1_939' title='bbox 2951 5280 3214 5345; x_wconf 90' lang='lat' dir='ltr'><strong>facerent,</strong></span> <span class='ocrx_word' id='word_1_940' title='bbox 3251 5283 3436 5337; x_wconf 89' lang='lat' dir='ltr'><strong>beatus</strong></span> <span class='ocrx_word' id='word_1_941' title='bbox 3462 5283 3546 5336; x_wconf 91' lang='lat' dir='ltr'><strong>hic</strong></span> <span class='ocrx_word' id='word_1_942' title='bbox 3571 5283 3845 5341; x_wconf 79' lang='lat' dir='ltr'><strong>Romanus</strong></span> <span class='ocrx_word' id='word_1_943' title='bbox 3878 5287 3929 5341; x_wconf 93' lang='lat' dir='ltr'><strong>in</strong></span> 
     </span>
    </p>
   </div>
   <div class='ocr_carea' id='block_1_117' title="bbox 2345 5372 3930 5444">
    <p class='ocr_par' dir='ltr' id='par_1_117' title="bbox 2345 5372 3930 5444">
     <span class='ocr_line' id='line_1_117' title="bbox 2345 5372 3930 5444; baseline 0.005 -20"><span class='ocrx_word' id='word_1_944' title='bbox 2345 5372 2575 5425; x_wconf 89' lang='lat' dir='ltr'><strong>medium</strong></span> <span class='ocrx_word' id='word_1_945' title='bbox 2606 5387 2789 5426; x_wconf 91' lang='lat' dir='ltr'><strong>eorum</strong></span> <span class='ocrx_word' id='word_1_946' title='bbox 2825 5372 3143 5440; x_wconf 90' lang='lat' dir='ltr'><strong>procedens,</strong></span> <span class='ocrx_word' id='word_1_947' title='bbox 3186 5387 3292 5426; x_wconf 93' lang='lat' dir='ltr'><strong>non</strong></span> <span class='ocrx_word' id='word_1_948' title='bbox 3331 5373 3507 5426; x_wconf 88' lang='lat' dir='ltr'><strong>statim</strong></span> <span class='ocrx_word' id='word_1_949' title='bbox 3535 5373 3930 5444; x_wconf 81' lang='lat' dir='ltr'><strong>consideravit,</strong></span> 
     </span>
    </p>
   </div>
   <div class='ocr_carea' id='block_1_118' title="bbox 2342 5464 3930 5538">
    <p class='ocr_par' dir='ltr' id='par_1_118' title="bbox 2342 5464 3930 5538">
     <span class='ocr_line' id='line_1_118' title="bbox 2342 5464 3930 5538; baseline 0.004 -21"><span class='ocrx_word' id='word_1_950' title='bbox 2342 5479 2450 5533; x_wconf 91' lang='lat' dir='ltr'><strong>quo</strong></span> <span class='ocrx_word' id='word_1_951' title='bbox 2487 5479 2545 5518; x_wconf 84' lang='lat' dir='ltr'><strong>se</strong></span> <span class='ocrx_word' id='word_1_952' title='bbox 2587 5465 2744 5518; x_wconf 89' lang='lat' dir='ltr'><strong>modo</strong></span> <span class='ocrx_word' id='word_1_953' title='bbox 2786 5464 3034 5533; x_wconf 86' lang='lat' dir='ltr'><strong>periculis</strong></span> <span class='ocrx_word' id='word_1_954' title='bbox 3073 5464 3338 5529; x_wconf 86' lang='lat' dir='ltr'><strong>traderet;</strong></span> <span class='ocrx_word' id='word_1_955' title='bbox 3373 5465 3466 5520; x_wconf 87' lang='lat' dir='ltr'><strong>sed</strong></span> <span class='ocrx_word' id='word_1_956' title='bbox 3503 5481 3596 5522; x_wconf 86' lang='lat' dir='ltr'><strong>eos</strong></span> <span class='ocrx_word' id='word_1_957' title='bbox 3625 5469 3808 5536; x_wconf 88' lang='lat' dir='ltr'><strong>prius,</strong></span> <span class='ocrx_word' id='word_1_958' title='bbox 3841 5469 3930 5538; x_wconf 82' lang='lat' dir='ltr'><strong>qui</strong></span> 
     </span>
    </p>
   </div>
   <div class='ocr_carea' id='block_1_119' title="bbox 2342 5555 3928 5629">
    <p class='ocr_par' dir='ltr' id='par_1_119' title="bbox 2342 5555 3928 5629">
     <span class='ocr_line' id='line_1_119' title="bbox 2342 5555 3928 5629; baseline 0.004 -21"><span class='ocrx_word' id='word_1_959' title='bbox 2342 5564 2486 5608; x_wconf 90' lang='lat' dir='ltr'><strong>metu</strong></span> <span class='ocrx_word' id='word_1_960' title='bbox 2515 5555 2740 5623; x_wconf 85' lang='lat' dir='ltr'><strong>perculsi</strong></span> <span class='ocrx_word' id='word_1_961' title='bbox 2767 5555 3105 5620; x_wconf 91' lang='lat' dir='ltr'><strong>ceciderant,</strong></span> <span class='ocrx_word' id='word_1_962' title='bbox 3133 5557 3219 5626; x_wconf 90' lang='lat' dir='ltr'><strong>qui</strong></span> <span class='ocrx_word' id='word_1_963' title='bbox 3251 5557 3474 5612; x_wconf 89' lang='lat' dir='ltr'><strong>salutem</strong></span> <span class='ocrx_word' id='word_1_964' title='bbox 3505 5572 3656 5613; x_wconf 90' lang='lat' dir='ltr'><strong>suam</strong></span> <span class='ocrx_word' id='word_1_965' title='bbox 3685 5559 3928 5629; x_wconf 83' lang='lat' dir='ltr'><strong>prodide-</strong></span> 
     </span>
    </p>
   </div>
   <div class='ocr_carea' id='block_1_120' title="bbox 2342 5645 3927 5718">
    <p class='ocr_par' dir='ltr' id='par_1_120' title="bbox 2342 5645 3927 5718">
     <span class='ocr_line' id='line_1_120' title="bbox 2342 5645 3927 5718; baseline 0.006 -18"><span class='ocrx_word' id='word_1_966' title='bbox 2342 5653 2481 5712; x_wconf 88' lang='lat' dir='ltr'><strong>rant,</strong></span> <span class='ocrx_word' id='word_1_967' title='bbox 2507 5645 2737 5714; x_wconf 80' lang='lat' dir='ltr'><strong>collegit,</strong></span> <span class='ocrx_word' id='word_1_968' title='bbox 2769 5647 3042 5709; x_wconf 87' lang='lat' dir='ltr'><strong>animavit,</strong></span> <span class='ocrx_word' id='word_1_969' title='bbox 3071 5657 3128 5700; x_wconf 90' lang='lat' dir='ltr'><strong>nt</strong></span> <span class='ocrx_word' id='word_1_970' title='bbox 3153 5649 3393 5718; x_wconf 67' lang='lat' dir='ltr'><strong>praelium</strong></span> <span class='ocrx_word' id='word_1_971' title='bbox 3422 5649 3780 5706; x_wconf 89' lang='lat' dir='ltr'><strong>instaurarent</strong></span> <span class='ocrx_word' id='word_1_972' title='bbox 3804 5653 3927 5708; x_wconf 83' lang='lat' dir='ltr'><strong>effe-</strong></span> 
     </span>
    </p>
   </div>
   <div class='ocr_carea' id='block_1_121' title="bbox 2343 5737 3924 5812">
    <p class='ocr_par' dir='ltr' id='par_1_121' title="bbox 2343 5737 3924 5812">
     <span class='ocr_line' id='line_1_121' title="bbox 2343 5737 3924 5812; baseline 0.003 -20"><span class='ocrx_word' id='word_1_973' title='bbox 2343 5739 2436 5805; x_wconf 85' lang='lat' dir='ltr'><strong>cit,</strong></span> <span class='ocrx_word' id='word_1_974' title='bbox 2466 5751 2560 5792; x_wconf 84' lang='lat' dir='ltr'><strong>eos</strong></span> <span class='ocrx_word' id='word_1_975' title='bbox 2586 5737 2818 5807; x_wconf 90' lang='lat' dir='ltr'><strong>quidem,</strong></span> <span class='ocrx_word' id='word_1_976' title='bbox 2850 5740 2938 5808; x_wconf 90' lang='lat' dir='ltr'><strong>qui</strong></span> <span class='ocrx_word' id='word_1_977' title='bbox 2971 5739 3104 5808; x_wconf 88' lang='lat' dir='ltr'><strong>lapsi</strong></span> <span class='ocrx_word' id='word_1_978' title='bbox 3143 5749 3316 5808; x_wconf 87' lang='lat' dir='ltr'><strong>erant,</strong></span> <span class='ocrx_word' id='word_1_979' title='bbox 3346 5740 3558 5812; x_wconf 86' lang='lat' dir='ltr'><strong>erigens</strong></span> <span class='ocrx_word' id='word_1_980' title='bbox 3613 5757 3708 5798; x_wconf 84' lang='lat' dir='ltr'><strong>eos</strong></span> <span class='ocrx_word' id='word_1_981' title='bbox 3734 5752 3924 5809; x_wconf 81' lang='lat' dir='ltr'><strong>autem,</strong></span> 
     </span>
    </p>
   </div>
  </div>
