4246 6320
305 428 412 484 609

305 551 400 622 qui
428 548 659 617 stabant,
685 549 1010 606 confirmans
1037 547 1304 621 precibus,
1334 545 1811 614 exhortationibus,
1842 555 1897 603 et

308 641 580 707 consiliis;
603 642 671 700 de
698 642 909 710 futuris,
932 652 987 699 et
1011 644 1080 700 de
1109 643 1459 715 praesentibus
1485 642 1646 698 rebus
1672 641 1894 696 multum

309 733 729 805 philosophans,
762 735 1052 792 ostendens
1098 735 1192 789 has
1235 734 1300 790 ad
1347 744 1555 804 tempus
1587 747 1707 788 esse
1729 773 1744 798 ,
1779 733 1896 788 illas

305 833 486 880 autem
517 835 836 896 perpetuas;
865 826 1084 896 prmmia
1116 826 1384 881 laboribus
1412 837 1708 895 opponens,
1739 839 1896 878 coro-

306 930 404 970 nas
442 917 755 983 tormentis,
800 917 986 972 bravia
1028 905 1378 982 doloribus‘;
1409 915 1609 972 docens
1650 930 1894 984 qumnam

307 1007 379 1062 sit
409 1007 512 1062 vita
542 1023 775 1079 presens
796 1050 814 1076 ,
839 1025 1082 1080 quaenam
1113 1009 1317 1075 futura,
1348 1018 1404 1064 et
1441 1009 1580 1064 inter
1617 1017 1895 1078 utramque

305 1107 561 1167 quantum
589 1099 839 1166 intersit,
870 1108 926 1156 et
950 1100 1092 1170 quod
1123 1101 1261 1155 mori
1287 1099 1507 1155 omnino
1530 1101 1603 1155 sit
1633 1114 1852 1154 necesse
1877 1114 1890 1164 ;

307 1198 361 1243 et
385 1188 432 1244 si
458 1203 563 1244 non
589 1192 690 1246 hoc
728 1190 889 1245 modo
915 1191 1077 1246 vitam
1118 1191 1411 1247 ﬁnierimus
1433 1230 1450 1256 ,
1481 1189 1699 1246 omnino
1726 1191 1893 1245 coacti

306 1281 425 1352 lege
449 1291 650 1338 natura:
676 1284 833 1353 paulo
859 1293 978 1354 post
998 1285 1067 1338 ab
1093 1284 1175 1339 his
1199 1285 1514 1355 corporibus
1533 1284 1888 1340 discedemus.

309 1370 406 1428 llis
439 1381 494 1429 et
533 1374 794 1429 similibus
837 1374 1301 1430 exhortationibus
1340 1375 1527 1432 beatus
1570 1375 1661 1430 ille
1705 1389 1892 1429 manus

303 1464 558 1519 remissas
583 1466 786 1530 erexit,
818 1475 873 1520 et
898 1481 1066 1538 genua
1096 1467 1355 1522 dissoluta
1379 1466 1685 1534 roboravit,
1713 1467 1892 1537 fugiti-

302 1569 401 1609 vos
425 1555 653 1621 reduxit,
675 1565 875 1611 metum
897 1558 1121 1627 expulit,
1148 1572 1402 1628 angorem
1430 1559 1626 1629 exegit,
1655 1559 1889 1613 animum

301 1646 383 1702 eis
412 1645 651 1712 addidit;
684 1662 782 1716 pro
821 1647 1020 1704 timidis
1058 1648 1287 1706 audaces
1315 1657 1369 1706 et
1399 1649 1727 1705 conﬁdentes
1760 1649 1889 1704 eii'e-

301 1736 414 1803 cit;
459 1752 555 1806 pro
595 1739 804 1808 capreis
840 1747 895 1794 et
929 1739 1103 1794 cervis
1143 1740 1328 1795 leones
1370 1740 1600 1796 reddidit
1642 1756 1888 1811 magnam

299 1826 411 1880 vim
443 1827 742 1897 spirantes;
777 1824 974 1886 Christi
1011 1832 1305 1886 exercitum
1344 1831 1631 1899 instruxit;
1664 1832 1889 1902 ignomi-

300 1918 446 1972 niam
471 1927 706 1975 nostram
733 1923 786 1976 iu
809 1921 1042 1977 hostium
1061 1921 1234 1993 capita
1253 1923 1519 1978 convertit
1538 1925 1579 1973 ³.
1603 1923 1736 1978 Cum
1760 1938 1890 1994 ergo

300 2017 504 2064 tantam
549 2020 771 2080 repente
808 2010 1004 2070 factam
1046 2010 1214 2069 fuisse
1248 2009 1497 2067 diabolus
1539 2014 1886 2070 mutationem

298 2100 553 2168 vidisset,
579 2110 634 2158 et
670 2103 759 2173 qui
802 2103 1185 2160 nudiustertius
1208 2120 1335 2164 eum
1369 2105 1626 2161 timebant
1662 2115 1718 2162 et
1752 2121 1886 2161 cou-

299 2191 681 2248 tremiscebant
702 2234 720 2258 ,
750 2195 923 2265 ipsum
965 2195 1189 2250 irridere
1223 2205 1278 2251 et
1316 2195 1568 2250 audacter
1594 2196 1646 2251 in
1675 2213 1796 2252 eum
1827 2211 1887 2253 se

297 2296 487 2351 gerere
506 2324 522 2348 ,
549 2283 807 2340 adeuntes
834 2287 1070 2356 pericula
1089 2326 1104 2352 ,
1131 2287 1476 2357 prosilientcs
1500 2288 1566 2343 ad
1597 2289 1882 2358 supplicia;

296 2382 356 2427 et
386 2387 506 2428 cum
542 2378 1186 2448 auctoremcognovisset
1207 2421 1222 2445 ,
1251 2378 1489 2435 dimissis
1515 2379 1761 2436 omnibus
1785 2422 1800 2446 ,
1832 2381 1885 2436 in

298 2463 448 2519 illum
484 2466 737 2538 deinceps
765 2477 906 2523 totus
940 2469 1210 2533 incubuit,
1243 2485 1565 2542 omnemque
1598 2472 1704 2525 vim
1735 2487 1884 2526 suam

296 2564 355 2610 et
390 2555 652 2614 insaniam
693 2559 949 2616 adversus
989 2560 1198 2617 beatum
1245 2561 1347 2618 hoc
1385 2571 1546 2634 caput
1585 2563 1784 2618 eii‘udit.
1822 2564 1889 2619 Et

295 2646 428 2717 quid
467 2646 624 2703 facit?
647 2649 994 2707 Considerate
1031 2653 1308 2708 malitiam.
1346 2653 1461 2709 Non
1491 2670 1624 2709 eum
1665 2654 1729 2708 ad
1773 2663 1886 2710 tor-

296 2744 479 2793 menta
505 2736 678 2806 duxit,
702 2755 810 2796 non
838 2741 956 2812 ejus
983 2752 1141 2812 caput
1167 2743 1393 2808 abscidit
1421 2762 1434 2797 :
1461 2743 1576 2801 haec
1602 2744 1744 2800 enim
1773 2760 1886 2800 om-

297 2827 387 2883 nia
414 2837 617 2885 temere
650 2828 815 2887 fuisse
842 2831 980 2888 facta
1019 2835 1348 2904 przeteritum
1373 2851 1496 2890 eum
1523 2846 1729 2906 tempus
1754 2837 1887 2890 edo-

295 2918 429 2973 cuit.
464 2919 580 2974 Non
623 2921 798 2977 solum
835 2923 981 2980 enim
1019 2926 1182 2980 animi
1221 2927 1550 2984 alacritatem
1584 2943 1768 2984 eorum
1797 2931 1885 3000 qui

295 3009 636 3068 crediderant
680 3030 789 3070 non
829 3017 1107 3085 cohibuit,
1154 3019 1250 3075 sed
1294 3021 1455 3076 etiam
1496 3024 1665 3092 magis
1703 3024 1882 3090 auxit,

296 3116 525 3174 eamque
545 3106 803 3176 majorem
825 3123 886 3164 ac
903 3109 1356 3170 vehementiorem
1377 3115 1571 3171 ell'ecit.
1591 3115 1883 3180 Carbones.

296 3195 504 3267 inquit,
534 3199 940 3258 substernebam
964 3244 981 3271 ,
1011 3204 1084 3259 illi
1124 3214 1302 3261 autem
1343 3218 1612 3278 tamquam
1643 3211 1708 3264 ad
1739 3223 1888 3264 rosas

297 3288 587 3344 currebant
614 3307 626 3343 :
658 3291 834 3362 ignem
861 3295 1218 3351 accendebam
1236 3338 1250 3362 ,
1277 3297 1355 3352 illi
1384 3313 1513 3354 vero
1540 3308 1806 3371 tamquam
1833 3302 1885 3356 in

299 3376 474 3434 fontes
510 3381 818 3453 frigidarum
849 3401 1106 3456 aquarum
1141 3390 1349 3460 seipsos
1386 3392 1736 3462 projiciebant
1765 3413 1778 3449 :
1806 3395 1886 3450 la-

299 3477 417 3523 tera
456 3472 759 3542 czedebam,
791 3477 1082 3546 profundos
1111 3480 1164 3534 in
1194 3481 1272 3535 eis
1299 3481 1478 3538 sulcos
1515 3482 1804 3551 faciebam,
1835 3492 1890 3540 et

299 3558 444 3615 rivos
470 3565 745 3634 sanguinis
763 3565 1090 3623 deducebam
1116 3586 1131 3635 ;
1161 3570 1235 3625 illi
1260 3580 1439 3628 autem
1464 3582 1732 3646 tamquam
1757 3590 1889 3630 auro

297 3652 448 3706 omni
471 3669 536 3708 ex
563 3665 714 3724 parte
742 3657 1174 3717 circumfluentes
1201 3663 1568 3733 gloriabantur
1593 3685 1606 3719 :
1635 3682 1730 3736 per
1755 3683 1890 3737 prae-

297 3742 479 3812 cipitia
519 3745 782 3815 jaciebam
827 3760 881 3806 et
919 3752 972 3807 in
1012 3769 1160 3810 mare
1195 3755 1604 3827 demergebam,
1647 3759 1722 3814 illi
1763 3775 1890 3814 vero

297 3849 406 3888 non
440 3846 706 3911 tamquam
737 3841 790 3896 in
830 3844 1146 3912 profundum
1171 3847 1587 3914 descendentes,
1615 3851 1709 3907 sed
1748 3859 1890 3906 tam-

295 3943 457 3997 quam
483 3931 535 3986 in
563 3932 733 4002 ipsum
761 3935 952 3991 caelum
980 3940 1334 3996 ascendentes
1352 3985 1366 4007 ,
1401 3943 1473 3997 ita
1498 3943 1672 4000 affecti
1698 3953 1848 4000 erant
1869 3987 1886 4010 ,

295 4022 604 4079 exsilientes
645 4033 700 4081 et
725 4029 1104 4094 exsultantes,
1135 4040 1189 4088 et
1229 4033 1374 4088 velut
1413 4034 1464 4089 iu
1505 4049 1656 4091 sacra
1695 4051 1888 4106 pompa

295 4113 522 4170 choreas
548 4115 829 4185 ducentes,
857 4128 912 4176 et
939 4121 991 4177 in
1019 4122 1170 4178 viridi
1203 4135 1358 4194 prato
1387 4126 1631 4182 ludentes
1657 4145 1670 4182 :
1702 4129 1772 4182 ita
1799 4144 1888 4184 ar-

294 4205 526 4276 ripiebat
547 4212 910 4283 unusquisque
939 4215 1226 4284 cruciatus,
1251 4231 1358 4271 non
1387 4225 1657 4289 tamquam
1682 4221 1892 4276 crucia-

296 4305 420 4363 tus,
457 4298 553 4354 sed
588 4308 858 4372 tamquam
896 4318 1090 4360 vernos
1127 4305 1288 4362 ﬂores
1312 4319 1594 4378 carpentes
1615 4351 1630 4375 ,
1662 4325 1888 4382 seseque

293 4399 636 4457 coronantes,
661 4391 851 4464 insigni
872 4395 1034 4450 animi
1055 4398 1136 4452 sui
1157 4398 1431 4455 alacritate
1449 4401 1718 4458 cruciatus
1737 4418 1888 4458 meos

295 4483 710 4550 przcveniebant.
739 4484 877 4553 Quid
906 4502 1053 4558 ergo,
1089 4488 1279 4559 inquit,
1307 4492 1568 4560 agendum
1598 4507 1742 4548 nunc
1769 4492 1888 4548 fuc-

294 4572 404 4626 rit?
448 4572 842 4630 Abscindamne
883 4588 1041 4646 caput
1080 4579 1238 4649 ejus?
1281 4581 1387 4635 Sed
1431 4581 1483 4636 id
1522 4583 1612 4638 ille
1655 4583 1708 4637 in
1750 4587 1888 4640 votis

296 4665 478 4732 habet,
505 4675 559 4721 et
590 4683 685 4738 per
711 4683 871 4739 opera
903 4671 1146 4742 discipuli
1173 4674 1429 4742 majorem
1459 4674 1884 4731 adhortationem

295 4760 562 4830 accipiunt
592 4780 608 4818 :
640 4777 736 4818 eos
763 4763 959 4834 quippe
998 4765 1275 4821 admonuit
1320 4777 1613 4838 martyrum
1657 4777 1885 4824 mortem

294 4866 401 4907 non
441 4867 562 4908 esse
605 4862 867 4918 mortem,
907 4856 1001 4910 sed
1035 4856 1196 4910 vitam
1243 4856 1348 4911 line
1385 4865 1658 4912 carentem
1689 4877 1703 4912 :
1729 4866 1888 4927 atque

295 4943 454 5011 hujus
483 4944 714 5000 maxime
738 4959 897 5000 causa
919 4948 1096 5002 omnia
1123 4961 1243 5001 esse
1271 4947 1566 5010 toleranda,
1591 4947 1888 5018 despicien-

293 5036 530 5106 dumque
569 5052 690 5104 esse
725 5037 1025 5094 decessum.
1059 5040 1115 5094 Si
1145 5055 1273 5110 ergo
1299 5051 1458 5110 caput
1484 5041 1764 5096 abscidero
1789 5084 1803 5108 ,
1835 5053 1890 5097 et

210 5149 217 5167 ·
295 5129 348 5184 id
379 5129 467 5184 ille
496 5128 706 5185 fortiter
730 5131 931 5194 tulerit,
960 5131 1104 5202 ipsos
1132 5133 1369 5201 apertius
1393 5148 1487 5202 per
1513 5132 1649 5187 facta
1676 5133 1889 5190 docebit

293 5221 375 5274 sic
403 5230 651 5290 oportere
675 5223 1219 5292 mortemldespicere,
1243 5231 1297 5277 et
1321 5238 1506 5278 eorum
1537 5224 1752 5293 spiritus
1776 5240 1887 5277 ma-

293 5316 377 5387 gis
403 5318 592 5387 eriget,
613 5316 798 5387 eisque
820 5325 1062 5371 mortuus
1088 5317 1342 5387 majorem
1365 5317 1526 5371 animi
1555 5317 1882 5373 alacritatem

294 5407 594 5477 inspirabit.
622 5406 907 5476 Propterea
933 5407 1165 5477 linguam
1190 5408 1499 5477 amputavit,
1525 5415 1583 5462 ut
1605 5421 1753 5472 voce,
1782 5423 1885 5477 qua

297 5497 630 5567 fruebantur,
658 5501 850 5572 privati
877 5499 1126 5571 martyris
1157 5500 1424 5570 discipuli,
1455 5508 1510 5555 ct
1537 5501 1759 5555 consilio
1789 5499 1886 5554 de—

294 5591 498 5659 stituti,
525 5601 684 5662 atque
711 5590 1073 5648 admonitione
1110 5591 1337 5661 privati,
1372 5591 1662 5646 timidiores
1691 5591 1884 5647 evade-

293 5691 454 5747 rent,
500 5691 558 5738 et
592 5683 661 5739 ad
697 5684 932 5754 priorem
960 5697 1216 5754 angorem
1251 5691 1305 5738 et
1331 5682 1716 5738 dubitationem
1760 5683 1882 5737 red-

359 5832 379 5923 :
563 5819 1086 5950 ῗιῗ
1105 5879 1364 5948 phalanges
1387 5878 1632 5935 conuertit.

1413 432 1478 489 ΙΝ
1507 432 1563 490 S.
1607 430 1941 488 ROMANUM
1982 429 2384 488 MARTYREM.
2427 431 2469 487 i.

3491 433 3587 487 610

2001 546 2160 614 irent,
2179 562 2300 602 cum
2340 551 2447 602 no'n
2485 545 2775 611 haberent,
2806 547 2893 618 qui
2941 533 3018 605 eis
3057 549 3291 604 animum
3333 549 3588 615 adderet,

2003 653 2174 708 neque
2197 637 2288 708 qui
2316 640 2573 694 excitaret
2595 649 2650 694 et
2674 651 2926 695 armaret.

2071 730 2127 784 5.
2167 730 2454 785 Considera
2493 741 2671 786 autem
2702 730 2828 785 mihi
2869 731 3068 787 diaboli
3111 732 3386 787 malitiam.
3417 733 3590 790 ilero-

2000 818 2097 874 des
2130 820 2342 890 quidem
2381 820 2605 878 Joannis
2639 830 2796 891 caput
2836 822 3061 877 abscidit
3093 840 3107 877 :
3138 824 3224 879 hic
3263 834 3438 881 autem
3482 843 3589 880 non

2001 918 2180 978 caput,
2212 910 2306 964 sed
2338 910 2568 981 linguam
2591 912 2785 966 solum.
2814 913 3026 980 Quare?
3053 913 3170 968 Prae
3197 916 3358 969 nimia
3389 917 3591 971 scilicet

2002 1001 2203 1055 malitia
2230 1010 2277 1055 et
2310 1003 2677 1070 perversitate.
2704 1001 2759 1058 Si
2787 1003 3067 1058 abscidero
3105 1014 3283 1074 caput,
3317 1005 3507 1075 inquit,
3538 1015 3592 1060 ct

2001 1099 2243 1146 mortuus
2283 1092 2462 1158 fuerit,
2505 1092 2727 1148 fratrum
2771 1095 3041 1150 interitum
3087 1110 3194 1150 non
3224 1097 3410 1150 videns
3439 1113 3589 1152 rece-

1999 1181 2122 1247 det;
2147 1191 2203 1236 at
2229 1198 2329 1253 ego
2355 1185 2500 1239 illum
2533 1185 2758 1238 militum
2791 1200 3007 1240 suorum
3050 1186 3258 1255 lapsum
3289 1197 3343 1242 et
3371 1188 3589 1243 calami-

2001 1275 2124 1329 tatis
2157 1284 2345 1330 testem
2372 1291 2492 1332 esse
2518 1276 2660 1342 volo,
2703 1287 2761 1332 ut
2803 1277 2986 1332 dolore
3031 1288 3304 1344 euocetur,
3335 1279 3464 1334 dum
3511 1280 3589 1338 la-

1998 1365 2185 1422 bentes
2217 1367 2429 1437 quidem
2458 1369 2650 1433 cernit,
2679 1368 2771 1424 sed
2801 1370 3074 1438 porrigere
3109 1384 3322 1424 manum
3353 1386 3459 1426 non
3487 1387 3589 1442 po-

1999 1465 2123 1523 test,
2154 1473 2326 1527 neque
2355 1473 2415 1513 ea
2443 1474 2562 1528 qua:
2587 1459 2731 1529 prius
2761 1469 2937 1529 potest
2964 1459 3269 1526 consulere,
3295 1471 3507 1518 exsecta
3536 1464 3586 1520 ei

1995 1547 2155 1603 simul
2183 1563 2314 1605 voce
2342 1564 2463 1605 cum
2493 1551 2692 1621 lingua.

2068 1640 2330 1697 Romanus
2357 1652 2620 1714 amputata
2641 1645 2816 1715 lingua
2835 1645 3074 1714 loquitur.
3093 1674 3166 1686 -~
3185 1646 3289 1702 Sed
3319 1647 3406 1717 qui
3437 1662 3586 1702 com-

1995 1733 2278 1801 prehendit
2304 1733 2572 1803 sapientes
2607 1734 2659 1788 in
2686 1735 2879 1790 astutia
2904 1750 3090 1790 eorum
3118 1736 3195 1809 (l.
3227 1735 3345 1793 Cor.
3380 1738 3434 1793 5.
3469 1738 3583 1808 l9),

1995 1822 2268 1878 inventum
2296 1824 2400 1880 hoc
2443 1825 2494 1880 in
2522 1827 2638 1896 ejus
2673 1836 2831 1896 caput
2863 1828 3127 1882 convertit
3155 1845 3169 1880 :
3201 1842 3375 1899 neque
3409 1829 3582 1882 solum

1992 1922 2094 1970 eos
2112 1916 2336 1971 consilio
2360 1930 2467 1972 non
2498 1918 2746 1987 privavit,
2773 1918 2870 1974 sed
2899 1919 3060 1974 etiam
3091 1928 3149 1974 ut
3171 1920 3360 1990 majori
3381 1921 3582 1976 adhor-

1994 2008 2193 2064 tatione
2234 2007 2561 2078 fruerentur,
2604 2010 2803 2079 effecit,
2849 2011 3123 2082 magisque
3164 2012 3453 2082 spiritualis
3488 2014 3584 2069 do-

1991 2102 2178 2156 ctrinae
2209 2102 2493 2172 participes
2532 2111 2737 2159 essent.
2769 2102 2903 2157 Nam
2931 2097 3053 2158 cum
3094 2102 3196 2157 hoc
3240 2104 3582 2169 obtinuisset,

1992 2199 2212 2244 vocatur
2238 2191 2307 2246 de
2340 2201 2536 2246 caatero
2566 2192 2806 2247 medicus
2833 2193 2900 2248 ad
2938 2193 3251 2260 sectionem,
3301 2203 3358 2249 et
3397 2195 3457 2249 iit
3485 2211 3584 2266 pro

1991 2283 2200 2338 medico
2227 2284 2495 2350 carnifex;
2528 2300 2633 2340 non
2676 2284 2730 2339 id
2765 2285 3064 2356 corrigens,
3096 2287 3238 2358 quod
3284 2287 3473 2342 morbo
3502 2287 3583 2343 la—

1991 2373 2234 2441 borabat,
2275 2377 2596 2452 membrum,
2635 2378 2730 2434 sed
2769 2379 2914 2449 quod
2949 2389 3068 2435 erat
3103 2395 3291 2436 sanum
3332 2396 3582 2436 corrum-

1991 2481 2151 2536 pens;
2173 2476 2225 2522 et
2247 2482 2368 2523 cum
2391 2469 2622 2540 linguam
2648 2473 2958 2538 exemisset,
2985 2471 3143 2527 simul
3159 2487 3278 2526 cum
3309 2487 3370 2527 ca
3391 2488 3581 2528 vocem

1990 2557 2226 2612 eximere
2265 2558 2482 2613 minimc
2525 2559 2735 2628 potuit:
2764 2559 2858 2616 sed
2908 2560 3086 2616 carnis
3139 2561 3354 2632 quidem
3405 2562 3582 2634 lingua

1990 2647 2089 2703 fuit
2120 2650 2347 2716 abscisa,
2378 2652 2554 2722 lingua
2584 2663 2762 2707 autem
2787 2653 2980 2709 divinte
3009 2655 3194 2724 gratiae
3225 2655 3289 2709 ad
3314 2654 3454 2712 beati
3477 2656 3585 2712 Ro-

1991 2741 2132 2795 mani
2159 2756 2221 2796 os
2251 2743 2520 2798 advolavit
2539 2761 2553 2809 ;
2575 2753 2628 2800 et
2653 2753 2836 2799 natura
2857 2744 3069 2816 quidem
3099 2746 3397 2802 membrum
3424 2762 3581 2802 suum

1991 2833 2136 2889 ferro
2164 2834 2217 2888 id
2248 2845 2472 2905 cogente
2499 2837 2697 2903 amisit,
2728 2837 2820 2892 Dei
2843 2845 3021 2892 autem
3050 2839 3218 2908 gratia
3244 2853 3365 2893 cum
3393 2853 3454 2894 ca
3487 2856 3584 2896 es.-

1991 2924 2169 2980 cidere
2193 2940 2381 2981 vacem
2413 2941 2518 2981 non
2548 2927 2671 2981 sivit
2699 2944 2713 2980 :
2745 2926 2888 2982 unde
2915 2928 3076 2984 etiam
3105 2928 3172 2983 de
3195 2939 3392 2986 caetero
3419 2931 3588 2987 disci—

1992 3017 2097 3085 puli
2147 3018 2315 3088 magis
2363 3019 2628 3089 spirituali
2678 3019 2921 3075 doctrina
2967 3020 3300 3090 fruebantur,
3332 3039 3438 3078 non
3478 3024 3582 3079 hu-

1993 3126 2148 3166 mana
2185 3126 2338 3178 voce,
2383 3113 2682 3183 cujusmodi
2727 3113 2897 3184 prius,
2926 3114 3088 3169 verba
3142 3116 3441 3185 audientes,
3487 3119 3581 3174 sed

1992 3203 2167 3259 divina
2198 3205 2427 3276 quadam
2455 3214 2510 3260 et
2551 3206 2798 3276 spiritali,
2844 3215 2898 3262 et
2920 3223 3038 3278 quzc
3069 3219 3312 3265 naturam
3343 3222 3581 3268 nostram

1993 3295 2282 3363 superabat
2312 3311 2327 3350 :
2355 3304 2409 3351 et
2443 3297 2835 3352 concurrebant
2871 3311 3082 3366 omnes,
3123 3314 3356 3370 superne
3384 3303 3580 3372 angeli,

1993 3385 2199 3440 inferne
2235 3386 2501 3452 homines,
2550 3389 2915 3464 unusquisque
2948 3405 3010 3444 os
3037 3393 3154 3446 sine
3197 3393 3374 3464 lingua
3402 3395 3586 3452 videre

1993 3479 2289 3547 CUpientcs,
2321 3486 2376 3533 et
2400 3479 2585 3535 audire
2611 3477 2691 3535 sic
2729 3467 3056 3551 loquentem.
3086 3483 3212 3539 Erat
3235 3486 3378 3540 enim
3401 3501 3587 3543 revera

1996 3568 2311 3626 admirabile
2358 3579 2414 3627 et
2451 3581 2646 3642 praeter
2682 3573 3010 3642 opinionem,
3056 3590 3118 3631 os
3152 3577 3354 3648 absque
3401 3579 3580 3652 lingua

1992 3659 2154 3714 verba
2186 3659 2403 3728 faciens,
2435 3661 2649 3717 diabolo
2674 3662 2889 3734 quidem
2917 3678 3168 3737 magnum
3200 3668 3432 3724 dedecus
3457 3671 3587 3726 επρ-

1995 3765 2144 3816 rens,
2198 3752 2421 3824 martyri
2469 3760 2648 3808 autem
2692 3755 2959 3825 ingentem
3015 3758 3265 3828 gloriam,
3310 3760 3588 3830 discipulis

1995 3856 2127 3896 vero
2156 3841 2439 3911 plurimam
2473 3845 2893 3902 consolationem
2924 3855 2979 3901 ct
3001 3849 3268 3918 patientiae
3297 3866 3584 3922 argumen-

1996 3942 2126 3988 tum.
2163 3933 2262 3988 Hic
2301 3935 2444 3990 enim
2489 3935 2599 3990 Deo
2625 3951 2740 3992 mos
2785 3946 2867 3992 est
2905 3936 3110 4007 jamdiu
3147 3949 3202 3995 et
3242 3955 3272 3994 a
3304 3943 3584 4012 principio,

1994 4038 2344 4095 quaecumque
2386 4035 2570 4081 contra
2599 4041 2696 4082 nos
2722 4027 2965 4083 diabolus
2999 4031 3404 4100 consarcinarit,
3438 4050 3498 4088 ea
3530 4035 3585 4089 in

1993 4125 2151 4184 caput
2175 4114 2315 4171 illius
2341 4127 2698 4190 convertere,
2740 4126 2797 4172 et
2834 4119 2900 4173 ad
2927 4119 3156 4176 salutem
3193 4131 3431 4178 nostram
3463 4126 3585 4181 red-

1995 4204 2159 4275 igere.
2182 4205 2309 4260 Mihi
2334 4215 2512 4262 autem
2537 4206 2639 4262 hoc
2669 4207 2948 4264 considera
2977 4227 2990 4264 :
3017 4210 3106 4264 ille
3127 4210 3395 4268 hominem
3426 4231 3458 4271 e
3489 4232 3585 4286 pa-

1993 4295 2172 4350 radiso
2202 4296 2376 4366 ejecit,
2405 4307 2460 4351 et
2485 4297 2626 4353 Deus
2656 4298 2731 4353 illi
2759 4298 2949 4354 caelum
2997 4304 3205 4372 aperuit
3234 4322 3246 4358 :
3281 4305 3370 4360 ille
3408 4307 3582 4376 ipsum

1994 4387 2197 4458 expulit
2231 4403 2299 4443 ex
2338 4389 2564 4458 imperio
2605 4397 2842 4458 terreno,
2875 4391 3016 4448 Deus
3045 4404 3222 4450 autem
3270 4410 3492 4468 regnum
3535 4401 3585 4456 ei

1993 4481 2245 4535 caelorum
2271 4480 2438 4547 dedit,
2471 4491 2525 4537 et
2561 4483 2616 4538 in
2647 4483 2844 4540 throno
2887 4487 3037 4556 regio
3067 4496 3310 4543 naturam
3339 4501 3581 4550 nostram

1992 4573 2294 4628 collocavit.
2365 4575 2454 4630 Sic
2499 4575 2640 4630 dona
2683 4590 2898 4647 semper
2937 4577 3142 4648 majora
3181 4579 3322 4635 Deus
3365 4583 3428 4638 iis
3469 4587 3584 4651 dat,

1993 4663 2184 4734 quibus
2209 4665 2455 4722 diabolus
2481 4666 2724 4722 homines
2747 4669 2956 4738 privare
2985 4680 3229 4726 conatur.
3260 4672 3372 4728 Hoc
3399 4686 3579 4731 autem

1991 4757 2139 4824 facit,
2173 4759 2322 4813 illum
2354 4760 2568 4829 quidem
2599 4761 2885 4817 tardiorem
2925 4762 2992 4817 ad
3018 4764 3285 4835 parandas
3322 4766 3476 4822 nobis
3501 4769 3585 4822 iu-

1993 4849 2157 4903 sidias
2187 4849 2435 4913 reddens,
2491 4866 2590 4905 nos
2631 4867 2757 4906 vero
2783 4852 2984 4908 docens
3013 4856 3301 4926 numquam
3332 4858 3448 4926 ejus
3475 4874 3589 4913 ma-

1993 4939 2329 4995 chinationes
2359 4941 2618 4996 timendas
2644 4957 2801 4997 esse:
2833 4943 2975 5014 quod
3018 4945 3234 5015 quidem
3273 4946 3471 5003 factum
3499 4960 3587 5005 est

1992 5035 2152 5089 etiam
2185 5035 2236 5088 in
2285 5042 2543 5106 martyre.
2598 5035 2711 5104 Qua
2756 5036 2898 5090 enim
2936 5051 2994 5091 se
3025 5053 3148 5093 eum
3186 5053 3317 5094 voce
3344 5041 3586 5110 privatu-

1993 5141 2109 5180 rum
2140 5125 2384 5180 diabolus
2406 5128 2749 5196 existimavit,
2794 5129 2962 5182 multo
2988 5129 3244 5200 majorem
3275 5140 3331 5186 et
3360 5133 3586 5201 praecla-

1994 5221 2191 5274 riorem
2231 5219 2281 5274 ei
2314 5219 2454 5274 Deus
2482 5219 2703 5290 largitus
2739 5229 2841 5274 est.
2872 5219 2986 5274 Non
3015 5221 3159 5276 enim
3199 5230 3317 5276 erat
3343 5222 3585 5292 ejusdem

1993 5314 2276 5381 momenti,
2317 5329 2440 5370 cum
2485 5313 2663 5384 lingua
2707 5312 2895 5384 loqui,
2944 5322 3000 5369 et
3042 5315 3160 5370 sine
3215 5316 3395 5386 lingua
3425 5335 3437 5370 :
3464 5333 3586 5371 nam

1993 5404 2123 5459 illud
2147 5404 2362 5475 quidem
2387 5417 2725 5473 consequens
2761 5411 2816 5458 et
2853 5418 3140 5460 commune
3178 5406 3448 5470 omnibus,
3479 5407 3585 5462 hoc

1992 5507 2169 5553 autem
2205 5511 2366 5567 supra
2396 5505 2642 5552 naturam
2671 5504 2807 5561 erat,
2845 5506 2899 5551 et
2925 5497 3201 5567 proprium
3237 5497 3354 5568 ejus
3395 5498 3584 5554 solius.

1993 5593 2323 5663 Quamquam
2367 5590 2578 5647 etiamsi
2624 5601 2744 5662 post
2781 5589 2975 5661 lingua:
3010 5586 3364 5647 abscisioucm
3407 5603 3588 5646 mutus

1993 5691 2198 5754 martyr
2235 5682 2444 5748 fuisset,
2475 5682 2554 5738 sic
2580 5697 2794 5752 quoque
2820 5683 3095 5752 impletum
3125 5682 3193 5738 ab
3220 5698 3286 5738 eo
3310 5691 3584 5738 certamen

1993 5773 2203 5841 fuisset,
2232 5774 2390 5844 eique
2413 5785 2594 5844 parata
2628 5782 2771 5830 esset
2815 5788 3012 5829 corona
3045 5793 3060 5830 :
3090 5790 3211 5828 nam
3243 5773 3383 5844 quod
3413 5775 3585 5829 victus

1995 5875 2159 5934 esset,
2189 5865 2477 5922 maximum
2504 5874 2620 5921 crat
2658 5876 2710 5921 et
2736 5875 2980 5936 apertum
3017 5874 3406 5936 argumentum,
3439 5865 3580 5937 quod
