  <div class='ocr_page' id='page_1' title='image "/cluster/home/n/w/nwhite01/storage/ocr_20150623/50/pst.000005712496/207.png"; bbox 0 0 4224 6302; ppageno 0'>
   <div class='ocr_carea' id='block_1_1' title="bbox 773 383 868 436">
    <p class='ocr_par' dir='ltr' id='par_1_1' title="bbox 773 383 868 436">
     <span class='ocr_line' id='line_1_1' title="bbox 773 383 868 436; baseline 0 0"><span class='ocrx_word' id='word_1_1' title='bbox 773 383 868 436; x_wconf 73' lang='grc' dir='ltr'><strong>δη</strong></span> 
     </span>
    </p>
   </div>
   <div class='ocr_carea' id='block_1_2' title="bbox 773 497 2345 573">
    <p class='ocr_par' dir='ltr' id='par_1_2' title="bbox 773 497 2345 573">
     <span class='ocr_line' id='line_1_2' title="bbox 773 497 2345 573; baseline 0.003 -23"><span class='ocrx_word' id='word_1_2' title='bbox 773 497 1004 566; x_wconf 84' lang='lat' dir='ltr'><strong>lingua</strong></span> <span class='ocrx_word' id='word_1_3' title='bbox 1048 505 1394 566; x_wconf 75' lang='lat' dir='ltr'><strong>amputasset.</strong></span> <span class='ocrx_word' id='word_1_4' title='bbox 1442 499 1497 555; x_wconf 98' lang='lat' dir='ltr'><strong>Si</strong></span> <span class='ocrx_word' id='word_1_5' title='bbox 1537 500 1677 555; x_wconf 85' lang='lat' dir='ltr'><strong>enim</strong></span> <span class='ocrx_word' id='word_1_6' title='bbox 1708 500 1940 570; x_wconf 76' lang='lat' dir='ltr'><strong>linguam</strong></span> <span class='ocrx_word' id='word_1_7' title='bbox 1968 501 2212 573; x_wconf 73' lang='lat' dir='ltr'><strong>martyris</strong></span> <span class='ocrx_word' id='word_1_8' title='bbox 2238 515 2345 555; x_wconf 89' lang='lat' dir='ltr'><strong>non</strong></span> 
     </span>
    </p>
   </div>
   <div class='ocr_carea' id='block_1_3' title="bbox 780 586 2342 658">
    <p class='ocr_par' dir='ltr' id='par_1_3' title="bbox 780 586 2342 658">
     <span class='ocr_line' id='line_1_3' title="bbox 780 586 2342 658; baseline 0.005 -19"><span class='ocrx_word' id='word_1_9' title='bbox 780 586 1024 651; x_wconf 87' lang='lat' dir='ltr'><strong>timebas,</strong></span> <span class='ocrx_word' id='word_1_10' title='bbox 1057 602 1089 640; x_wconf 85' lang='grc' dir='ltr'><strong>ο</strong></span> <span class='ocrx_word' id='word_1_11' title='bbox 1114 589 1374 644; x_wconf 86' lang='lat' dir='ltr'><strong>scelerate</strong></span> <span class='ocrx_word' id='word_1_12' title='bbox 1412 599 1466 644; x_wconf 91' lang='lat' dir='ltr'><strong>et</strong></span> <span class='ocrx_word' id='word_1_13' title='bbox 1499 592 1822 657; x_wconf 85' lang='lat' dir='ltr'><strong>exsecrande</strong></span> <span class='ocrx_word' id='word_1_14' title='bbox 1849 593 2076 658; x_wconf 80' lang='lat' dir='ltr'><strong>diabole,</strong></span> <span class='ocrx_word' id='word_1_15' title='bbox 2107 607 2203 648; x_wconf 90' lang='lat' dir='ltr'><strong>cur</strong></span> <span class='ocrx_word' id='word_1_16' title='bbox 2225 607 2342 647; x_wconf 87' lang='lat' dir='ltr'><strong>eam</strong></span> 
     </span>
    </p>
   </div>
   <div class='ocr_carea' id='block_1_4' title="bbox 773 677 2337 752">
    <p class='ocr_par' dir='ltr' id='par_1_4' title="bbox 773 677 2337 752">
     <span class='ocr_line' id='line_1_4' title="bbox 773 677 2337 752; baseline 0.005 -22"><span class='ocrx_word' id='word_1_17' title='bbox 773 677 1084 732; x_wconf 80' lang='lat' dir='ltr'><strong>abscidisti?</strong></span> <span class='ocrx_word' id='word_1_18' title='bbox 1121 694 1217 734; x_wconf 90' lang='lat' dir='ltr'><strong>cur</strong></span> <span class='ocrx_word' id='word_1_19' title='bbox 1246 681 1660 736; x_wconf 88' lang='lat' dir='ltr'><strong>decertationum</strong></span> <span class='ocrx_word' id='word_1_20' title='bbox 1705 694 2073 752; x_wconf 75' lang='lat' dir='ltr'><strong>argumentum</strong></span> <span class='ocrx_word' id='word_1_21' title='bbox 2118 700 2222 739; x_wconf 91' lang='lat' dir='ltr'><strong>non</strong></span> <span class='ocrx_word' id='word_1_22' title='bbox 2251 684 2337 740; x_wconf 89' lang='lat' dir='ltr'><strong>di-</strong></span> 
     </span>
    </p>
   </div>
   <div class='ocr_carea' id='block_1_5' title="bbox 773 769 2342 842">
    <p class='ocr_par' dir='ltr' id='par_1_5' title="bbox 773 769 2342 842">
     <span class='ocr_line' id='line_1_5' title="bbox 773 769 2342 842; baseline 0.004 -20"><span class='ocrx_word' id='word_1_23' title='bbox 773 769 981 833; x_wconf 78' lang='lat' dir='ltr'><strong>misisti,</strong></span> <span class='ocrx_word' id='word_1_24' title='bbox 1017 769 1112 825; x_wconf 86' lang='lat' dir='ltr'><strong>sed</strong></span> <span class='ocrx_word' id='word_1_25' title='bbox 1138 772 1363 826; x_wconf 90' lang='lat' dir='ltr'><strong>stadium</strong></span> <span class='ocrx_word' id='word_1_26' title='bbox 1390 773 1698 830; x_wconf 80' lang='lat' dir='ltr'><strong>occlusisti?</strong></span> <span class='ocrx_word' id='word_1_27' title='bbox 1719 774 2174 842; x_wconf 84' lang='lat' dir='ltr'><strong>Quemadmodum</strong></span> <span class='ocrx_word' id='word_1_28' title='bbox 2199 776 2342 830; x_wconf 89' lang='lat' dir='ltr'><strong>enim</strong></span> 
     </span>
    </p>
   </div>
   <div class='ocr_carea' id='block_1_6' title="bbox 771 858 2345 934">
    <p class='ocr_par' dir='ltr' id='par_1_6' title="bbox 771 858 2345 934">
     <span class='ocr_line' id='line_1_6' title="bbox 771 858 2345 934; baseline 0.003 -20"><span class='ocrx_word' id='word_1_29' title='bbox 771 858 815 914; x_wconf 78' lang='lat' dir='ltr'><strong>ai</strong></span> <span class='ocrx_word' id='word_1_30' title='bbox 850 859 968 928; x_wconf 86' lang='lat' dir='ltr'><strong>quis</strong></span> <span class='ocrx_word' id='word_1_31' title='bbox 996 862 1138 914; x_wconf 87' lang='lat' dir='ltr'><strong>omni</strong></span> <span class='ocrx_word' id='word_1_32' title='bbox 1188 864 1532 917; x_wconf 71' lang='lat' dir='ltr'><strong>certaminum</strong></span> <span class='ocrx_word' id='word_1_33' title='bbox 1574 879 1772 934; x_wconf 90' lang='lat' dir='ltr'><strong>genere</strong></span> <span class='ocrx_word' id='word_1_34' title='bbox 1811 865 2123 931; x_wconf 87' lang='lat' dir='ltr'><strong>luctaturus,</strong></span> <span class='ocrx_word' id='word_1_35' title='bbox 2149 864 2345 919; x_wconf 89' lang='lat' dir='ltr'><strong>deinde</strong></span> 
     </span>
    </p>
   </div>
   <div class='ocr_carea' id='block_1_7' title="bbox 773 947 2344 1023">
    <p class='ocr_par' dir='ltr' id='par_1_7' title="bbox 773 947 2344 1023">
     <span class='ocr_line' id='line_1_7' title="bbox 773 947 2344 1023; baseline 0.006 -25"><span class='ocrx_word' id='word_1_36' title='bbox 773 947 952 1016; x_wconf 78' lang='lat' dir='ltr'><strong>plagas</strong></span> <span class='ocrx_word' id='word_1_37' title='bbox 986 951 1274 1018; x_wconf 74' lang='lat' dir='ltr'><strong>accepisset</strong></span> <span class='ocrx_word' id='word_1_38' title='bbox 1314 952 1575 1022; x_wconf 76' lang='lat' dir='ltr'><strong>ingentes,</strong></span> <span class='ocrx_word' id='word_1_39' title='bbox 1615 963 1668 1008; x_wconf 91' lang='lat' dir='ltr'><strong>et</strong></span> <span class='ocrx_word' id='word_1_40' title='bbox 1713 969 1836 1008; x_wconf 91' lang='lat' dir='ltr'><strong>cum</strong></span> <span class='ocrx_word' id='word_1_41' title='bbox 1879 954 2072 1009; x_wconf 90' lang='lat' dir='ltr'><strong>deinde</strong></span> <span class='ocrx_word' id='word_1_42' title='bbox 2115 954 2344 1023; x_wconf 82' lang='lat' dir='ltr'><strong>amplius</strong></span> 
     </span>
    </p>
   </div>
   <div class='ocr_carea' id='block_1_8' title="bbox 774 1041 2339 1115">
    <p class='ocr_par' dir='ltr' id='par_1_8' title="bbox 774 1041 2339 1115">
     <span class='ocr_line' id='line_1_8' title="bbox 774 1041 2339 1115; baseline 0.006 -25"><span class='ocrx_word' id='word_1_43' title='bbox 774 1041 1023 1096; x_wconf 74' lang='lat' dir='ltr'><strong>resistere</strong></span> <span class='ocrx_word' id='word_1_44' title='bbox 1049 1056 1153 1096; x_wconf 90' lang='lat' dir='ltr'><strong>non</strong></span> <span class='ocrx_word' id='word_1_45' title='bbox 1180 1043 1399 1110; x_wconf 82' lang='lat' dir='ltr'><strong>valeret,</strong></span> <span class='ocrx_word' id='word_1_46' title='bbox 1433 1060 1624 1099; x_wconf 87' lang='lat' dir='ltr'><strong>manus</strong></span> <span class='ocrx_word' id='word_1_47' title='bbox 1659 1046 1896 1101; x_wconf 90' lang='lat' dir='ltr'><strong>abscindi</strong></span> <span class='ocrx_word' id='word_1_48' title='bbox 1921 1047 2226 1101; x_wconf 88' lang='lat' dir='ltr'><strong>adversario</strong></span> <span class='ocrx_word' id='word_1_49' title='bbox 2251 1047 2339 1115; x_wconf 90' lang='lat' dir='ltr'><strong>ju-</strong></span> 
     </span>
    </p>
   </div>
   <div class='ocr_carea' id='block_1_9' title="bbox 771 1131 2341 1206">
    <p class='ocr_par' dir='ltr' id='par_1_9' title="bbox 771 1131 2341 1206">
     <span class='ocr_line' id='line_1_9' title="bbox 771 1131 2341 1206; baseline 0.004 -21"><span class='ocrx_word' id='word_1_50' title='bbox 771 1131 941 1199; x_wconf 77' lang='lat' dir='ltr'><strong>berct,</strong></span> <span class='ocrx_word' id='word_1_51' title='bbox 976 1149 1200 1202; x_wconf 87' lang='lat' dir='ltr'><strong>eumque</strong></span> <span class='ocrx_word' id='word_1_52' title='bbox 1238 1136 1317 1190; x_wconf 87' lang='lat' dir='ltr'><strong>sic</strong></span> <span class='ocrx_word' id='word_1_53' title='bbox 1363 1145 1682 1205; x_wconf 87' lang='lat' dir='ltr'><strong>percuteret,</strong></span> <span class='ocrx_word' id='word_1_54' title='bbox 1724 1152 1826 1191; x_wconf 91' lang='lat' dir='ltr'><strong>non</strong></span> <span class='ocrx_word' id='word_1_55' title='bbox 1853 1138 1960 1206; x_wconf 88' lang='lat' dir='ltr'><strong>jam</strong></span> <span class='ocrx_word' id='word_1_56' title='bbox 2002 1138 2102 1190; x_wconf 91' lang='lat' dir='ltr'><strong>alia</strong></span> <span class='ocrx_word' id='word_1_57' title='bbox 2151 1137 2341 1206; x_wconf 87' lang='lat' dir='ltr'><strong>proba-</strong></span> 
     </span>
    </p>
   </div>
   <div class='ocr_carea' id='block_1_10' title="bbox 772 1225 2340 1294">
    <p class='ocr_par' dir='ltr' id='par_1_10' title="bbox 772 1225 2340 1294">
     <span class='ocr_line' id='line_1_10' title="bbox 772 1225 2340 1294; baseline 0.003 -18"><span class='ocrx_word' id='word_1_58' title='bbox 772 1225 914 1279; x_wconf 93' lang='lat' dir='ltr'><strong>tione</strong></span> <span class='ocrx_word' id='word_1_59' title='bbox 952 1240 1085 1294; x_wconf 89' lang='lat' dir='ltr'><strong>opus</strong></span> <span class='ocrx_word' id='word_1_60' title='bbox 1126 1237 1266 1281; x_wconf 89' lang='lat' dir='ltr'><strong>esset</strong></span> <span class='ocrx_word' id='word_1_61' title='bbox 1304 1227 1370 1282; x_wconf 89' lang='lat' dir='ltr'><strong>ad</strong></span> <span class='ocrx_word' id='word_1_62' title='bbox 1404 1228 1788 1283; x_wconf 84' lang='lat' dir='ltr'><strong>decernendam</strong></span> <span class='ocrx_word' id='word_1_63' title='bbox 1833 1229 2104 1282; x_wconf 84' lang='lat' dir='ltr'><strong>victoriam</strong></span> <span class='ocrx_word' id='word_1_64' title='bbox 2149 1229 2218 1292; x_wconf 90' lang='lat' dir='ltr'><strong>ei,</strong></span> <span class='ocrx_word' id='word_1_65' title='bbox 2253 1227 2340 1281; x_wconf 88' lang='lat' dir='ltr'><strong>cui</strong></span> 
     </span>
    </p>
   </div>
   <div class='ocr_carea' id='block_1_11' title="bbox 769 1312 2339 1389">
    <p class='ocr_par' dir='ltr' id='par_1_11' title="bbox 769 1312 2339 1389">
     <span class='ocr_line' id='line_1_11' title="bbox 769 1312 2339 1389; baseline 0.004 -24"><span class='ocrx_word' id='word_1_66' title='bbox 769 1312 992 1369; x_wconf 77' lang='lat' dir='ltr'><strong>fuissent</strong></span> <span class='ocrx_word' id='word_1_67' title='bbox 1030 1332 1219 1371; x_wconf 89' lang='lat' dir='ltr'><strong>manus</strong></span> <span class='ocrx_word' id='word_1_68' title='bbox 1245 1318 1466 1373; x_wconf 71' lang='lat' dir='ltr'><strong>abscisae</strong></span> <span class='ocrx_word' id='word_1_69' title='bbox 1491 1337 1502 1372; x_wconf 96' lang='lat'>:</span> <span class='ocrx_word' id='word_1_70' title='bbox 1534 1319 1619 1373; x_wconf 79' lang='lat' dir='ltr'><strong>ita&#39;</strong></span> <span class='ocrx_word' id='word_1_71' title='bbox 1642 1321 1798 1373; x_wconf 89' lang='lat' dir='ltr'><strong>etiam</strong></span> <span class='ocrx_word' id='word_1_72' title='bbox 1827 1319 1877 1373; x_wconf 90' lang='lat' dir='ltr'><strong>in</strong></span> <span class='ocrx_word' id='word_1_73' title='bbox 1921 1331 2154 1389; x_wconf 89' lang='lat' dir='ltr'><strong>martyre</strong></span> <span class='ocrx_word' id='word_1_74' title='bbox 2181 1333 2339 1387; x_wconf 85' lang='lat' dir='ltr'><strong>aper-</strong></span> 
     </span>
    </p>
   </div>
   <div class='ocr_carea' id='block_1_12' title="bbox 771 1405 2340 1478">
    <p class='ocr_par' dir='ltr' id='par_1_12' title="bbox 771 1405 2340 1478">
     <span class='ocr_line' id='line_1_12' title="bbox 771 1405 2340 1478; baseline 0.003 -22"><span class='ocrx_word' id='word_1_75' title='bbox 771 1405 1039 1459; x_wconf 89' lang='lat' dir='ltr'><strong>tissimum</strong></span> <span class='ocrx_word' id='word_1_76' title='bbox 1096 1409 1331 1461; x_wconf 89' lang='lat' dir='ltr'><strong>omnium</strong></span> <span class='ocrx_word' id='word_1_77' title='bbox 1389 1421 1754 1478; x_wconf 76' lang='lat' dir='ltr'><strong>argumentum</strong></span> <span class='ocrx_word' id='word_1_78' title='bbox 1808 1410 2043 1462; x_wconf 67' lang='lat' dir='ltr'><strong>victoria:</strong></span> <span class='ocrx_word' id='word_1_79' title='bbox 2087 1409 2340 1462; x_wconf 88' lang='lat' dir='ltr'><strong>adversus</strong></span> 
     </span>
    </p>
   </div>
   <div class='ocr_carea' id='block_1_13' title="bbox 767 1495 2340 1569">
    <p class='ocr_par' dir='ltr' id='par_1_13' title="bbox 767 1495 2340 1569">
     <span class='ocr_line' id='line_1_13' title="bbox 767 1495 2340 1569; baseline 0.004 -22"><span class='ocrx_word' id='word_1_80' title='bbox 767 1495 1032 1550; x_wconf 73' lang='lat' dir='ltr'><strong>diabolum</strong></span> <span class='ocrx_word' id='word_1_81' title='bbox 1058 1498 1154 1551; x_wconf 87' lang='lat' dir='ltr'><strong>fuit</strong></span> <span class='ocrx_word' id='word_1_82' title='bbox 1178 1500 1367 1568; x_wconf 74' lang='lat' dir='ltr'><strong>lingua:</strong></span> <span class='ocrx_word' id='word_1_83' title='bbox 1391 1502 1553 1569; x_wconf 90' lang='lat' dir='ltr'><strong>ipsius</strong></span> <span class='ocrx_word' id='word_1_84' title='bbox 1575 1502 1886 1569; x_wconf 83' lang='lat' dir='ltr'><strong>amputatio.</strong></span> <span class='ocrx_word' id='word_1_85' title='bbox 1917 1501 2046 1554; x_wconf 88' lang='lat' dir='ltr'><strong>Nam</strong></span> <span class='ocrx_word' id='word_1_86' title='bbox 2066 1501 2170 1555; x_wconf 87' lang='lat' dir='ltr'><strong>etsi</strong></span> <span class='ocrx_word' id='word_1_87' title='bbox 2198 1515 2340 1553; x_wconf 60' lang='lat' dir='ltr'><strong>more</strong></span> 
     </span>
    </p>
   </div>
   <div class='ocr_carea' id='block_1_14' title="bbox 769 1586 2337 1658">
    <p class='ocr_par' dir='ltr' id='par_1_14' title="bbox 769 1586 2337 1658">
     <span class='ocr_line' id='line_1_14' title="bbox 769 1586 2337 1658; baseline 0.004 -23"><span class='ocrx_word' id='word_1_88' title='bbox 769 1586 890 1639; x_wconf 88' lang='lat' dir='ltr'><strong>talis</strong></span> <span class='ocrx_word' id='word_1_89' title='bbox 917 1598 1030 1641; x_wconf 87' lang='lat' dir='ltr'><strong>erat</strong></span> <span class='ocrx_word' id='word_1_90' title='bbox 1071 1587 1266 1656; x_wconf 90' lang='lat' dir='ltr'><strong>lingua,</strong></span> <span class='ocrx_word' id='word_1_91' title='bbox 1299 1591 1418 1658; x_wconf 86' lang='lat' dir='ltr'><strong>quia</strong></span> <span class='ocrx_word' id='word_1_92' title='bbox 1453 1601 1628 1645; x_wconf 87' lang='lat' dir='ltr'><strong>tamen</strong></span> <span class='ocrx_word' id='word_1_93' title='bbox 1670 1605 1730 1644; x_wconf 91' lang='lat' dir='ltr'><strong>ea</strong></span> <span class='ocrx_word' id='word_1_94' title='bbox 1760 1590 1976 1644; x_wconf 82' lang='lat' dir='ltr'><strong>vulnera</strong></span> <span class='ocrx_word' id='word_1_95' title='bbox 2019 1588 2337 1642; x_wconf 89' lang='lat' dir='ltr'><strong>immortalia</strong></span> 
     </span>
    </p>
   </div>
   <div class='ocr_carea' id='block_1_15' title="bbox 766 1676 2334 1748">
    <p class='ocr_par' dir='ltr' id='par_1_15' title="bbox 766 1676 2334 1748">
     <span class='ocr_line' id='line_1_15' title="bbox 766 1676 2334 1748; baseline 0.001 -20"><span class='ocrx_word' id='word_1_96' title='bbox 766 1676 979 1731; x_wconf 84' lang='lat' dir='ltr'><strong>diabolo</strong></span> <span class='ocrx_word' id='word_1_97' title='bbox 1003 1678 1212 1744; x_wconf 85' lang='lat' dir='ltr'><strong>inﬂixit,</strong></span> <span class='ocrx_word' id='word_1_98' title='bbox 1239 1690 1511 1748; x_wconf 84' lang='lat' dir='ltr'><strong>propterea</strong></span> <span class='ocrx_word' id='word_1_99' title='bbox 1538 1681 1588 1733; x_wconf 90' lang='lat' dir='ltr'><strong>in</strong></span> <span class='ocrx_word' id='word_1_100' title='bbox 1617 1681 1759 1734; x_wconf 87' lang='lat' dir='ltr'><strong>illam</strong></span> <span class='ocrx_word' id='word_1_101' title='bbox 1782 1681 1921 1733; x_wconf 87' lang='lat' dir='ltr'><strong>virus</strong></span> <span class='ocrx_word' id='word_1_102' title='bbox 1940 1696 2094 1733; x_wconf 91' lang='lat' dir='ltr'><strong>suum</strong></span> <span class='ocrx_word' id='word_1_103' title='bbox 2115 1677 2334 1742; x_wconf 85' lang='lat' dir='ltr'><strong>efﬂavit,</strong></span> 
     </span>
    </p>
   </div>
   <div class='ocr_carea' id='block_1_16' title="bbox 765 1765 2335 1839">
    <p class='ocr_par' dir='ltr' id='par_1_16' title="bbox 765 1765 2335 1839">
     <span class='ocr_line' id='line_1_16' title="bbox 765 1765 2335 1839; baseline 0.002 -21"><span class='ocrx_word' id='word_1_104' title='bbox 765 1765 863 1834; x_wconf 92' lang='lat' dir='ltr'><strong>sibi</strong></span> <span class='ocrx_word' id='word_1_105' title='bbox 890 1767 1099 1835; x_wconf 88' lang='lat' dir='ltr'><strong>quidem</strong></span> <span class='ocrx_word' id='word_1_106' title='bbox 1146 1770 1317 1836; x_wconf 91' lang='lat' dir='ltr'><strong>majus</strong></span> <span class='ocrx_word' id='word_1_107' title='bbox 1345 1771 1578 1825; x_wconf 81' lang='lat' dir='ltr'><strong>dedecus</strong></span> <span class='ocrx_word' id='word_1_108' title='bbox 1619 1771 1870 1836; x_wconf 87' lang='lat' dir='ltr'><strong>aﬂ&#39;erens,</strong></span> <span class='ocrx_word' id='word_1_109' title='bbox 1902 1770 2120 1839; x_wconf 84' lang='lat' dir='ltr'><strong>martyri</strong></span> <span class='ocrx_word' id='word_1_110' title='bbox 2156 1778 2335 1822; x_wconf 88' lang='lat' dir='ltr'><strong>autem</strong></span> 
     </span>
    </p>
   </div>
   <div class='ocr_carea' id='block_1_17' title="bbox 761 1859 2336 1928">
    <p class='ocr_par' dir='ltr' id='par_1_17' title="bbox 761 1859 2336 1928">
     <span class='ocr_line' id='line_1_17' title="bbox 761 1859 2336 1928; baseline 0.002 -18"><span class='ocrx_word' id='word_1_111' title='bbox 761 1871 1010 1911; x_wconf 86' lang='lat' dir='ltr'><strong>coronam</strong></span> <span class='ocrx_word' id='word_1_112' title='bbox 1054 1859 1466 1928; x_wconf 87' lang='lat' dir='ltr'><strong>splendidiorem</strong></span> <span class='ocrx_word' id='word_1_113' title='bbox 1507 1860 1754 1915; x_wconf 84' lang='lat' dir='ltr'><strong>reddens.</strong></span> <span class='ocrx_word' id='word_1_114' title='bbox 1793 1860 1860 1915; x_wconf 89' lang='lat' dir='ltr'><strong>Ut</strong></span> <span class='ocrx_word' id='word_1_115' title='bbox 1903 1860 2045 1914; x_wconf 89' lang='lat' dir='ltr'><strong>enim</strong></span> <span class='ocrx_word' id='word_1_116' title='bbox 2096 1859 2336 1913; x_wconf 85' lang='lat' dir='ltr'><strong>mirabile</strong></span> 
     </span>
    </p>
   </div>
   <div class='ocr_carea' id='block_1_18' title="bbox 743 1949 2334 2017">
    <p class='ocr_par' dir='ltr' id='par_1_18' title="bbox 743 1949 2334 2017">
     <span class='ocr_line' id='line_1_18' title="bbox 743 1949 2334 2017; baseline -0.001 -13"><span class='ocrx_word' id='word_1_117' title='bbox 743 1958 852 2004; x_wconf 86' lang='lat' dir='ltr'><strong>.est</strong></span> <span class='ocrx_word' id='word_1_118' title='bbox 881 1949 1145 2002; x_wconf 48' lang='lat' dir='ltr'><strong>arborem</strong></span> <span class='ocrx_word' id='word_1_119' title='bbox 1195 1951 1311 2003; x_wconf 88' lang='lat' dir='ltr'><strong>sine</strong></span> <span class='ocrx_word' id='word_1_120' title='bbox 1361 1950 1536 2003; x_wconf 91' lang='lat' dir='ltr'><strong>radice</strong></span> <span class='ocrx_word' id='word_1_121' title='bbox 1581 1951 1795 2017; x_wconf 90' lang='lat' dir='ltr'><strong>intueri,</strong></span> <span class='ocrx_word' id='word_1_122' title='bbox 1842 1965 1905 2005; x_wconf 88' lang='lat' dir='ltr'><strong>ac</strong></span> <span class='ocrx_word' id='word_1_123' title='bbox 1954 1950 2170 2004; x_wconf 91' lang='lat' dir='ltr'><strong>ﬂuvium</strong></span> <span class='ocrx_word' id='word_1_124' title='bbox 2219 1949 2334 2003; x_wconf 86' lang='lat' dir='ltr'><strong>sine</strong></span> 
     </span>
    </p>
   </div>
   <div class='ocr_carea' id='block_1_19' title="bbox 761 2040 1807 2110">
    <p class='ocr_par' dir='ltr' id='par_1_19' title="bbox 761 2040 1807 2110">
     <span class='ocr_line' id='line_1_19' title="bbox 761 2040 1807 2110; baseline -0.001 -18"><span class='ocrx_word' id='word_1_125' title='bbox 761 2040 908 2095; x_wconf 84' lang='lat' dir='ltr'><strong>fonte</strong></span> <span class='ocrx_word' id='word_1_126' title='bbox 935 2057 948 2093; x_wconf 92' lang='lat'><strong>:</strong></span> <span class='ocrx_word' id='word_1_127' title='bbox 973 2041 1049 2094; x_wconf 93' lang='lat' dir='ltr'><strong>sic</strong></span> <span class='ocrx_word' id='word_1_128' title='bbox 1071 2040 1230 2094; x_wconf 89' lang='lat' dir='ltr'><strong>etiam</strong></span> <span class='ocrx_word' id='word_1_129' title='bbox 1260 2054 1441 2094; x_wconf 86' lang='lat' dir='ltr'><strong>vocem</strong></span> <span class='ocrx_word' id='word_1_130' title='bbox 1471 2040 1586 2094; x_wconf 90' lang='lat' dir='ltr'><strong>sine</strong></span> <span class='ocrx_word' id='word_1_131' title='bbox 1613 2041 1807 2110; x_wconf 80' lang='lat' dir='ltr'><strong>lingua.</strong></span> 
     </span>
    </p>
   </div>
   <div class='ocr_carea' id='block_1_20' title="bbox 828 2131 2334 2204">
    <p class='ocr_par' dir='ltr' id='par_1_20' title="bbox 828 2131 2334 2204">
     <span class='ocr_line' id='line_1_20' title="bbox 828 2131 2334 2204; baseline -0.001 -19"><span class='ocrx_word' id='word_1_132' title='bbox 828 2134 884 2185; x_wconf 82' lang='grc'><strong>4.</strong></span> <span class='ocrx_word' id='word_1_133' title='bbox 923 2131 1109 2186; x_wconf 86' lang='lat' dir='ltr'><strong>Contra</strong></span> <span class='ocrx_word' id='word_1_134' title='bbox 1151 2149 1256 2199; x_wconf 79' lang='lat' dir='ltr'><strong>eos,</strong></span> <span class='ocrx_word' id='word_1_135' title='bbox 1289 2134 1375 2201; x_wconf 81' lang='lat' dir='ltr'><strong>qui</strong></span> <span class='ocrx_word' id='word_1_136' title='bbox 1415 2149 1682 2204; x_wconf 74' lang='lat' dir='ltr'><strong>corporum</strong></span> <span class='ocrx_word' id='word_1_137' title='bbox 1719 2132 2064 2186; x_wconf 77' lang='lat' dir='ltr'><strong>resurrectioni</strong></span> <span class='ocrx_word' id='word_1_138' title='bbox 2101 2148 2202 2184; x_wconf 79' lang='lat' dir='ltr'><strong>non</strong></span> <span class='ocrx_word' id='word_1_139' title='bbox 2226 2147 2334 2184; x_wconf 81' lang='lat' dir='ltr'><strong>ere-</strong></span> 
     </span>
    </p>
   </div>
   <div class='ocr_carea' id='block_1_21' title="bbox 758 2221 2330 2292">
    <p class='ocr_par' dir='ltr' id='par_1_21' title="bbox 758 2221 2330 2292">
     <span class='ocr_line' id='line_1_21' title="bbox 758 2221 2330 2292; baseline 0 -18"><span class='ocrx_word' id='word_1_140' title='bbox 758 2223 901 2275; x_wconf 82' lang='lat' dir='ltr'><strong>dunt.</strong></span> <span class='ocrx_word' id='word_1_141' title='bbox 924 2251 995 2260; x_wconf 98' lang='lat'><strong>—</strong></span> <span class='ocrx_word' id='word_1_142' title='bbox 1021 2221 1119 2276; x_wconf 91' lang='lat' dir='ltr'><strong>Ubi</strong></span> <span class='ocrx_word' id='word_1_143' title='bbox 1157 2237 1296 2276; x_wconf 86' lang='lat' dir='ltr'><strong>nunc</strong></span> <span class='ocrx_word' id='word_1_144' title='bbox 1325 2231 1470 2284; x_wconf 88' lang='lat' dir='ltr'><strong>sunt,</strong></span> <span class='ocrx_word' id='word_1_145' title='bbox 1497 2223 1585 2292; x_wconf 93' lang='lat' dir='ltr'><strong>qui</strong></span> <span class='ocrx_word' id='word_1_146' title='bbox 1627 2237 1909 2291; x_wconf 89' lang='lat' dir='ltr'><strong>corporum</strong></span> <span class='ocrx_word' id='word_1_147' title='bbox 1954 2221 2330 2276; x_wconf 84' lang='lat' dir='ltr'><strong>resurrectioni</strong></span> 
     </span>
    </p>
   </div>
   <div class='ocr_carea' id='block_1_22' title="bbox 759 2311 2332 2377">
    <p class='ocr_par' dir='ltr' id='par_1_22' title="bbox 759 2311 2332 2377">
     <span class='ocr_line' id='line_1_22' title="bbox 759 2311 2332 2377; baseline 0.001 -12"><span class='ocrx_word' id='word_1_148' title='bbox 759 2328 864 2366; x_wconf 92' lang='lat' dir='ltr'><strong>non</strong></span> <span class='ocrx_word' id='word_1_149' title='bbox 901 2311 1160 2365; x_wconf 87' lang='lat' dir='ltr'><strong>credunt?</strong></span> <span class='ocrx_word' id='word_1_150' title='bbox 1207 2313 1341 2366; x_wconf 87' lang='lat' dir='ltr'><strong>Ecce</strong></span> <span class='ocrx_word' id='word_1_151' title='bbox 1384 2328 1484 2367; x_wconf 85' lang='lat' dir='ltr'><strong>vox</strong></span> <span class='ocrx_word' id='word_1_152' title='bbox 1528 2321 1737 2366; x_wconf 87' lang='lat' dir='ltr'><strong>mortua</strong></span> <span class='ocrx_word' id='word_1_153' title='bbox 1778 2321 1878 2377; x_wconf 87' lang='lat' dir='ltr'><strong>est,</strong></span> <span class='ocrx_word' id='word_1_154' title='bbox 1929 2321 1981 2366; x_wconf 90' lang='lat' dir='ltr'><strong>et</strong></span> <span class='ocrx_word' id='word_1_155' title='bbox 2019 2311 2208 2365; x_wconf 80' lang='lat' dir='ltr'><strong>revixit</strong></span> <span class='ocrx_word' id='word_1_156' title='bbox 2237 2330 2250 2364; x_wconf 94' lang='lat'>:</span> <span class='ocrx_word' id='word_1_157' title='bbox 2276 2321 2332 2366; x_wconf 85' lang='lat' dir='ltr'><strong>et</strong></span> 
     </span>
    </p>
   </div>
   <div class='ocr_carea' id='block_1_23' title="bbox 759 2399 2328 2471">
    <p class='ocr_par' dir='ltr' id='par_1_23' title="bbox 759 2399 2328 2471">
     <span class='ocr_line' id='line_1_23' title="bbox 759 2399 2328 2471; baseline -0.003 -14"><span class='ocrx_word' id='word_1_158' title='bbox 759 2416 864 2457; x_wconf 86' lang='lat' dir='ltr'><strong>uno</strong></span> <span class='ocrx_word' id='word_1_159' title='bbox 911 2411 1180 2455; x_wconf 87' lang='lat' dir='ltr'><strong>momento</strong></span> <span class='ocrx_word' id='word_1_160' title='bbox 1229 2402 1479 2470; x_wconf 91' lang='lat' dir='ltr'><strong>temporis</strong></span> <span class='ocrx_word' id='word_1_161' title='bbox 1520 2410 1740 2471; x_wconf 88' lang='lat' dir='ltr'><strong>utraque</strong></span> <span class='ocrx_word' id='word_1_162' title='bbox 1784 2399 1920 2456; x_wconf 84' lang='lat' dir='ltr'><strong>facta</strong></span> <span class='ocrx_word' id='word_1_163' title='bbox 1962 2409 2103 2456; x_wconf 92' lang='lat' dir='ltr'><strong>sunt.</strong></span> <span class='ocrx_word' id='word_1_164' title='bbox 2135 2401 2328 2469; x_wconf 89' lang='lat' dir='ltr'><strong>Quam-</strong></span> 
     </span>
    </p>
   </div>
   <div class='ocr_carea' id='block_1_24' title="bbox 755 2490 2327 2561">
    <p class='ocr_par' dir='ltr' id='par_1_24' title="bbox 755 2490 2327 2561">
     <span class='ocr_line' id='line_1_24' title="bbox 755 2490 2327 2561; baseline 0 -15"><span class='ocrx_word' id='word_1_165' title='bbox 755 2505 913 2561; x_wconf 86' lang='lat' dir='ltr'><strong>quam</strong></span> <span class='ocrx_word' id='word_1_166' title='bbox 945 2490 1042 2546; x_wconf 90' lang='lat' dir='ltr'><strong>hoe</strong></span> <span class='ocrx_word' id='word_1_167' title='bbox 1071 2492 1224 2560; x_wconf 87' lang='lat' dir='ltr'><strong>longe</strong></span> <span class='ocrx_word' id='word_1_168' title='bbox 1254 2493 1423 2561; x_wconf 87' lang='lat' dir='ltr'><strong>majus</strong></span> <span class='ocrx_word' id='word_1_169' title='bbox 1461 2501 1565 2558; x_wconf 88' lang='lat' dir='ltr'><strong>est,</strong></span> <span class='ocrx_word' id='word_1_170' title='bbox 1593 2506 2062 2561; x_wconf 89' lang='lat' dir='ltr'><strong>quam-corporum</strong></span> <span class='ocrx_word' id='word_1_171' title='bbox 2088 2507 2327 2546; x_wconf 88' lang='lat' dir='ltr'><strong>resurre-</strong></span> 
     </span>
    </p>
   </div>
   <div class='ocr_carea' id='block_1_25' title="bbox 758 2578 2325 2650">
    <p class='ocr_par' dir='ltr' id='par_1_25' title="bbox 758 2578 2325 2650">
     <span class='ocr_line' id='line_1_25' title="bbox 758 2578 2325 2650; baseline 0.001 -16"><span class='ocrx_word' id='word_1_172' title='bbox 758 2581 864 2634; x_wconf 89' lang='lat' dir='ltr'><strong>ctio</strong></span> <span class='ocrx_word' id='word_1_173' title='bbox 895 2597 908 2632; x_wconf 91' lang='lat'>:</span> <span class='ocrx_word' id='word_1_174' title='bbox 937 2591 1058 2634; x_wconf 85' lang='lat' dir='ltr'><strong>nam</strong></span> <span class='ocrx_word' id='word_1_175' title='bbox 1081 2578 1186 2636; x_wconf 90' lang='lat' dir='ltr'><strong>illic</strong></span> <span class='ocrx_word' id='word_1_176' title='bbox 1207 2581 1418 2650; x_wconf 89' lang='lat' dir='ltr'><strong>quidem</strong></span> <span class='ocrx_word' id='word_1_177' title='bbox 1449 2590 1635 2635; x_wconf 88' lang='lat' dir='ltr'><strong>natura</strong></span> <span class='ocrx_word' id='word_1_178' title='bbox 1651 2590 2045 2649; x_wconf 15' lang='lat' dir='ltr'><strong>corporum‘est</strong></span> <span class='ocrx_word' id='word_1_179' title='bbox 2067 2581 2325 2650; x_wconf 86' lang='lat' dir='ltr'><strong>subjecta,</strong></span> 
     </span>
    </p>
   </div>
   <div class='ocr_carea' id='block_1_26' title="bbox 758 2671 2327 2740">
    <p class='ocr_par' dir='ltr' id='par_1_26' title="bbox 758 2671 2327 2740">
     <span class='ocr_line' id='line_1_26' title="bbox 758 2671 2327 2740; baseline 0.002 -17"><span class='ocrx_word' id='word_1_180' title='bbox 758 2672 1074 2740; x_wconf 80' lang='lat' dir='ltr'><strong>compositio</strong></span> <span class='ocrx_word' id='word_1_181' title='bbox 1098 2682 1271 2726; x_wconf 86' lang='lat' dir='ltr'><strong>autem</strong></span> <span class='ocrx_word' id='word_1_182' title='bbox 1306 2672 1477 2727; x_wconf 86' lang='lat' dir='ltr'><strong>solum</strong></span> <span class='ocrx_word' id='word_1_183' title='bbox 1503 2683 1586 2726; x_wconf 89' lang='lat' dir='ltr'><strong>est</strong></span> <span class='ocrx_word' id='word_1_184' title='bbox 1609 2671 1862 2725; x_wconf 87' lang='lat' dir='ltr'><strong>dissoluta</strong></span> <span class='ocrx_word' id='word_1_185' title='bbox 1889 2689 1900 2725; x_wconf 92' lang='lat'>:</span> <span class='ocrx_word' id='word_1_186' title='bbox 1931 2672 2016 2725; x_wconf 84' lang='lat' dir='ltr'><strong>hic</strong></span> <span class='ocrx_word' id='word_1_187' title='bbox 2056 2687 2181 2726; x_wconf 88' lang='lat' dir='ltr'><strong>vero</strong></span> <span class='ocrx_word' id='word_1_188' title='bbox 2208 2672 2327 2726; x_wconf 87' lang='lat' dir='ltr'><strong>sub-</strong></span> 
     </span>
    </p>
   </div>
   <div class='ocr_carea' id='block_1_27' title="bbox 753 2761 2324 2832">
    <p class='ocr_par' dir='ltr' id='par_1_27' title="bbox 753 2761 2324 2832">
     <span class='ocr_line' id='line_1_27' title="bbox 753 2761 2324 2832; baseline 0 -17"><span class='ocrx_word' id='word_1_189' title='bbox 753 2763 915 2815; x_wconf 91' lang='lat' dir='ltr'><strong>latum</strong></span> <span class='ocrx_word' id='word_1_190' title='bbox 947 2762 1042 2816; x_wconf 90' lang='lat' dir='ltr'><strong>fuit</strong></span> <span class='ocrx_word' id='word_1_191' title='bbox 1067 2763 1208 2818; x_wconf 88' lang='lat' dir='ltr'><strong>vocis</strong></span> <span class='ocrx_word' id='word_1_192' title='bbox 1243 2763 1412 2832; x_wconf 88' lang='lat' dir='ltr'><strong>ipsum</strong></span> <span class='ocrx_word' id='word_1_193' title='bbox 1443 2762 1838 2817; x_wconf 90' lang='lat' dir='ltr'><strong>fundamentum</strong></span> <span class='ocrx_word' id='word_1_194' title='bbox 1859 2802 1875 2828; x_wconf 91' lang='lat'><strong>,</strong></span> <span class='ocrx_word' id='word_1_195' title='bbox 1906 2761 1999 2816; x_wconf 92' lang='lat' dir='ltr'><strong>sed</strong></span> <span class='ocrx_word' id='word_1_196' title='bbox 2036 2771 2209 2816; x_wconf 87' lang='lat' dir='ltr'><strong>tamen</strong></span> <span class='ocrx_word' id='word_1_197' title='bbox 2263 2777 2324 2816; x_wconf 87' lang='lat' dir='ltr'><strong>ea</strong></span> 
     </span>
    </p>
   </div>
   <div class='ocr_carea' id='block_1_28' title="bbox 751 2846 2324 2920">
    <p class='ocr_par' dir='ltr' id='par_1_28' title="bbox 751 2846 2324 2920">
     <span class='ocr_line' id='line_1_28' title="bbox 751 2846 2324 2920; baseline -0.001 -15"><span class='ocrx_word' id='word_1_198' title='bbox 751 2852 1076 2920; x_wconf 86' lang='lat' dir='ltr'><strong>splendidior</strong></span> <span class='ocrx_word' id='word_1_199' title='bbox 1100 2867 1281 2906; x_wconf 89' lang='lat' dir='ltr'><strong>rursus</strong></span> <span class='ocrx_word' id='word_1_200' title='bbox 1314 2861 1396 2907; x_wconf 88' lang='lat' dir='ltr'><strong>est</strong></span> <span class='ocrx_word' id='word_1_201' title='bbox 1423 2851 1577 2906; x_wconf 87' lang='lat' dir='ltr'><strong>facta.</strong></span> <span class='ocrx_word' id='word_1_202' title='bbox 1606 2851 1893 2907; x_wconf 81' lang='lat' dir='ltr'><strong>Enimvero</strong></span> <span class='ocrx_word' id='word_1_203' title='bbox 1923 2846 1967 2906; x_wconf 89' lang='lat' dir='ltr'><strong>si</strong></span> <span class='ocrx_word' id='word_1_204' title='bbox 2008 2866 2038 2905; x_wconf 91' lang='lat' dir='ltr'><strong>a</strong></span> <span class='ocrx_word' id='word_1_205' title='bbox 2070 2852 2194 2906; x_wconf 84' lang='lat' dir='ltr'><strong>tibia</strong></span> <span class='ocrx_word' id='word_1_206' title='bbox 2225 2852 2324 2905; x_wconf 92' lang='lat' dir='ltr'><strong>lin-</strong></span> 
     </span>
    </p>
   </div>
   <div class='ocr_carea' id='block_1_29' title="bbox 747 2942 2318 3014">
    <p class='ocr_par' dir='ltr' id='par_1_29' title="bbox 747 2942 2318 3014">
     <span class='ocr_line' id='line_1_29' title="bbox 747 2942 2318 3014; baseline -0.002 -17"><span class='ocrx_word' id='word_1_207' title='bbox 747 2945 895 3014; x_wconf 82' lang='lat' dir='ltr'><strong>gulas</strong></span> <span class='ocrx_word' id='word_1_208' title='bbox 920 2943 1220 3008; x_wconf 86' lang='lat' dir='ltr'><strong>abstuleris,</strong></span> <span class='ocrx_word' id='word_1_209' title='bbox 1244 2943 1426 2997; x_wconf 91' lang='lat' dir='ltr'><strong>inutile</strong></span> <span class='ocrx_word' id='word_1_210' title='bbox 1449 2942 1698 3010; x_wconf 87' lang='lat' dir='ltr'><strong>deinceps</strong></span> <span class='ocrx_word' id='word_1_211' title='bbox 1716 2942 1858 3010; x_wconf 89' lang='lat' dir='ltr'><strong>jacet</strong></span> <span class='ocrx_word' id='word_1_212' title='bbox 1880 2942 2281 2996; x_wconf 88' lang='lat' dir='ltr'><strong>instrumentum</strong></span> <span class='ocrx_word' id='word_1_213' title='bbox 2304 2959 2318 3007; x_wconf 87' lang='lat'><strong>;</strong></span> 
     </span>
    </p>
   </div>
   <div class='ocr_carea' id='block_1_30' title="bbox 747 3031 2319 3102">
    <p class='ocr_par' dir='ltr' id='par_1_30' title="bbox 747 3031 2319 3102">
     <span class='ocr_line' id='line_1_30' title="bbox 747 3031 2319 3102; baseline -0.001 -15"><span class='ocrx_word' id='word_1_214' title='bbox 747 3048 930 3088; x_wconf 85' lang='lat' dir='ltr'><strong>verum</strong></span> <span class='ocrx_word' id='word_1_215' title='bbox 977 3048 1082 3086; x_wconf 90' lang='lat' dir='ltr'><strong>non</strong></span> <span class='ocrx_word' id='word_1_216' title='bbox 1117 3033 1194 3087; x_wconf 90' lang='lat' dir='ltr'><strong>sic</strong></span> <span class='ocrx_word' id='word_1_217' title='bbox 1237 3032 1360 3086; x_wconf 88' lang='lat' dir='ltr'><strong>tibia</strong></span> <span class='ocrx_word' id='word_1_218' title='bbox 1398 3031 1704 3101; x_wconf 87' lang='lat' dir='ltr'><strong>spiritualis,</strong></span> <span class='ocrx_word' id='word_1_219' title='bbox 1746 3031 1842 3086; x_wconf 88' lang='lat' dir='ltr'><strong>sed</strong></span> <span class='ocrx_word' id='word_1_220' title='bbox 1884 3032 2093 3086; x_wconf 84' lang='lat' dir='ltr'><strong>tametsi</strong></span> <span class='ocrx_word' id='word_1_221' title='bbox 2142 3032 2319 3102; x_wconf 86' lang='lat' dir='ltr'><strong>lingua</strong></span> 
     </span>
    </p>
   </div>
   <div class='ocr_carea' id='block_1_31' title="bbox 747 3123 2323 3192">
    <p class='ocr_par' dir='ltr' id='par_1_31' title="bbox 747 3123 2323 3192">
     <span class='ocr_line' id='line_1_31' title="bbox 747 3123 2323 3192; baseline 0 -14"><span class='ocrx_word' id='word_1_222' title='bbox 747 3125 971 3192; x_wconf 82' lang='lat' dir='ltr'><strong>privata,</strong></span> <span class='ocrx_word' id='word_1_223' title='bbox 1004 3139 1108 3177; x_wconf 86' lang='lat' dir='ltr'><strong>non</strong></span> <span class='ocrx_word' id='word_1_224' title='bbox 1137 3123 1309 3178; x_wconf 91' lang='lat' dir='ltr'><strong>solum</strong></span> <span class='ocrx_word' id='word_1_225' title='bbox 1339 3131 1481 3178; x_wconf 91' lang='lat' dir='ltr'><strong>muta</strong></span> <span class='ocrx_word' id='word_1_226' title='bbox 1511 3137 1618 3178; x_wconf 91' lang='lat' dir='ltr'><strong>non</strong></span> <span class='ocrx_word' id='word_1_227' title='bbox 1643 3130 1780 3190; x_wconf 88' lang='lat' dir='ltr'><strong>erat,</strong></span> <span class='ocrx_word' id='word_1_228' title='bbox 1828 3123 1922 3177; x_wconf 88' lang='lat' dir='ltr'><strong>sed</strong></span> <span class='ocrx_word' id='word_1_229' title='bbox 1947 3124 2106 3178; x_wconf 88' lang='lat' dir='ltr'><strong>etiam</strong></span> <span class='ocrx_word' id='word_1_230' title='bbox 2135 3123 2323 3178; x_wconf 88' lang='lat' dir='ltr'><strong>modu-</strong></span> 
     </span>
    </p>
   </div>
   <div class='ocr_carea' id='block_1_32' title="bbox 743 3215 2322 3285">
    <p class='ocr_par' dir='ltr' id='par_1_32' title="bbox 743 3215 2322 3285">
     <span class='ocr_line' id='line_1_32' title="bbox 743 3215 2322 3285; baseline 0.001 -17"><span class='ocrx_word' id='word_1_231' title='bbox 743 3216 905 3269; x_wconf 88' lang='lat' dir='ltr'><strong>latius</strong></span> <span class='ocrx_word' id='word_1_232' title='bbox 930 3223 984 3269; x_wconf 88' lang='lat' dir='ltr'><strong>et</strong></span> <span class='ocrx_word' id='word_1_233' title='bbox 1012 3215 1179 3284; x_wconf 89' lang='lat' dir='ltr'><strong>magis</strong></span> <span class='ocrx_word' id='word_1_234' title='bbox 1211 3215 1491 3285; x_wconf 88' lang='lat' dir='ltr'><strong>mysticum</strong></span> <span class='ocrx_word' id='word_1_235' title='bbox 1521 3229 1754 3280; x_wconf 86' lang='lat' dir='ltr'><strong>carmen,</strong></span> <span class='ocrx_word' id='word_1_236' title='bbox 1787 3223 1841 3268; x_wconf 89' lang='lat' dir='ltr'><strong>et</strong></span> <span class='ocrx_word' id='word_1_237' title='bbox 1873 3215 2061 3284; x_wconf 87' lang='lat' dir='ltr'><strong>majori</strong></span> <span class='ocrx_word' id='word_1_238' title='bbox 2080 3230 2202 3270; x_wconf 91' lang='lat' dir='ltr'><strong>cum</strong></span> <span class='ocrx_word' id='word_1_239' title='bbox 2228 3215 2322 3271; x_wconf 83' lang='lat' dir='ltr'><strong>ad-</strong></span> 
     </span>
    </p>
   </div>
   <div class='ocr_carea' id='block_1_33' title="bbox 744 3304 2319 3374">
    <p class='ocr_par' dir='ltr' id='par_1_33' title="bbox 744 3304 2319 3374">
     <span class='ocr_line' id='line_1_33' title="bbox 744 3304 2319 3374; baseline -0.001 -15"><span class='ocrx_word' id='word_1_240' title='bbox 744 3305 1026 3359; x_wconf 89' lang='lat' dir='ltr'><strong>miratione</strong></span> <span class='ocrx_word' id='word_1_241' title='bbox 1046 3304 1337 3359; x_wconf 85' lang='lat' dir='ltr'><strong>emittebat.</strong></span> <span class='ocrx_word' id='word_1_242' title='bbox 1370 3304 1573 3359; x_wconf 83' lang='lat' dir='ltr'><strong>Rursus</strong></span> <span class='ocrx_word' id='word_1_243' title='bbox 1603 3304 1762 3359; x_wconf 90' lang='lat' dir='ltr'><strong>etiam</strong></span> <span class='ocrx_word' id='word_1_244' title='bbox 1793 3306 1844 3358; x_wconf 92' lang='lat' dir='ltr'><strong>in</strong></span> <span class='ocrx_word' id='word_1_245' title='bbox 1885 3305 2089 3359; x_wconf 84' lang='lat' dir='ltr'><strong>cithara</strong></span> <span class='ocrx_word' id='word_1_246' title='bbox 2131 3305 2175 3358; x_wconf 91' lang='lat' dir='ltr'><strong>si</strong></span> <span class='ocrx_word' id='word_1_247' title='bbox 2201 3305 2319 3374; x_wconf 81' lang='lat' dir='ltr'><strong>quis</strong></span> 
     </span>
    </p>
   </div>
   <div class='ocr_carea' id='block_1_34' title="bbox 742 3394 2317 3465">
    <p class='ocr_par' dir='ltr' id='par_1_34' title="bbox 742 3394 2317 3465">
     <span class='ocr_line' id='line_1_34' title="bbox 742 3394 2317 3465; baseline 0.001 -17"><span class='ocrx_word' id='word_1_248' title='bbox 742 3396 1004 3465; x_wconf 90' lang='lat' dir='ltr'><strong>plectrum</strong></span> <span class='ocrx_word' id='word_1_249' title='bbox 1027 3395 1197 3448; x_wconf 90' lang='lat' dir='ltr'><strong>solum</strong></span> <span class='ocrx_word' id='word_1_250' title='bbox 1223 3396 1496 3463; x_wconf 89' lang='lat' dir='ltr'><strong>eripuerit,</strong></span> <span class='ocrx_word' id='word_1_251' title='bbox 1517 3395 1721 3449; x_wconf 90' lang='lat' dir='ltr'><strong>otiosus</strong></span> <span class='ocrx_word' id='word_1_252' title='bbox 1746 3394 1966 3461; x_wconf 90' lang='lat' dir='ltr'><strong>artifex,</strong></span> <span class='ocrx_word' id='word_1_253' title='bbox 1985 3410 2072 3449; x_wconf 90' lang='lat' dir='ltr'><strong>ars</strong></span> <span class='ocrx_word' id='word_1_254' title='bbox 2093 3396 2317 3461; x_wconf 67' lang='lat' dir='ltr'><strong>inutilis;</strong></span> 
     </span>
    </p>
   </div>
   <div class='ocr_carea' id='block_1_35' title="bbox 745 3483 2313 3553">
    <p class='ocr_par' dir='ltr' id='par_1_35' title="bbox 745 3483 2313 3553">
     <span class='ocr_line' id='line_1_35' title="bbox 745 3483 2313 3553; baseline 0.001 -15"><span class='ocrx_word' id='word_1_255' title='bbox 745 3492 801 3538; x_wconf 88' lang='lat' dir='ltr'><strong>et</strong></span> <span class='ocrx_word' id='word_1_256' title='bbox 823 3484 978 3538; x_wconf 92' lang='lat' dir='ltr'><strong>inane</strong></span> <span class='ocrx_word' id='word_1_257' title='bbox 1025 3483 1475 3549; x_wconf 87' lang='lat' dir='ltr'><strong>instrumentum;</strong></span> <span class='ocrx_word' id='word_1_258' title='bbox 1511 3483 1599 3537; x_wconf 89' lang='lat' dir='ltr'><strong>hic</strong></span> <span class='ocrx_word' id='word_1_259' title='bbox 1638 3491 1814 3538; x_wconf 88' lang='lat' dir='ltr'><strong>autem</strong></span> <span class='ocrx_word' id='word_1_260' title='bbox 1858 3484 1988 3537; x_wconf 85' lang='lat' dir='ltr'><strong>nihil</strong></span> <span class='ocrx_word' id='word_1_261' title='bbox 2033 3484 2313 3553; x_wconf 88' lang='lat' dir='ltr'><strong>ejusmodi,</strong></span> 
     </span>
    </p>
   </div>
   <div class='ocr_carea' id='block_1_36' title="bbox 741 3573 2315 3646">
    <p class='ocr_par' dir='ltr' id='par_1_36' title="bbox 741 3573 2315 3646">
     <span class='ocr_line' id='line_1_36' title="bbox 741 3573 2315 3646; baseline 0.003 -17"><span class='ocrx_word' id='word_1_262' title='bbox 741 3575 836 3630; x_wconf 76' lang='lat' dir='ltr'><strong>sed</strong></span> <span class='ocrx_word' id='word_1_263' title='bbox 861 3577 1182 3629; x_wconf 89' lang='lat' dir='ltr'><strong>contrarium</strong></span> <span class='ocrx_word' id='word_1_264' title='bbox 1206 3575 1443 3630; x_wconf 91' lang='lat' dir='ltr'><strong>omnino.</strong></span> <span class='ocrx_word' id='word_1_265' title='bbox 1472 3573 1545 3630; x_wconf 89' lang='lat' dir='ltr'><strong>Os</strong></span> <span class='ocrx_word' id='word_1_266' title='bbox 1574 3576 1715 3630; x_wconf 88' lang='lat' dir='ltr'><strong>enim</strong></span> <span class='ocrx_word' id='word_1_267' title='bbox 1745 3585 1860 3630; x_wconf 88' lang='lat' dir='ltr'><strong>erat</strong></span> <span class='ocrx_word' id='word_1_268' title='bbox 1885 3576 2107 3644; x_wconf 86' lang='lat' dir='ltr'><strong>cithara,</strong></span> <span class='ocrx_word' id='word_1_269' title='bbox 2140 3578 2315 3646; x_wconf 86' lang='lat' dir='ltr'><strong>lingua</strong></span> 
     </span>
    </p>
   </div>
   <div class='ocr_carea' id='block_1_37' title="bbox 740 3665 2315 3738">
    <p class='ocr_par' dir='ltr' id='par_1_37' title="bbox 740 3665 2315 3738">
     <span class='ocr_line' id='line_1_37' title="bbox 740 3665 2315 3738; baseline 0.001 -18"><span class='ocrx_word' id='word_1_270' title='bbox 740 3665 1025 3736; x_wconf 87' lang='lat' dir='ltr'><strong>plectrum,</strong></span> <span class='ocrx_word' id='word_1_271' title='bbox 1060 3665 1250 3720; x_wconf 78' lang='lat' dir='ltr'><strong>artifex</strong></span> <span class='ocrx_word' id='word_1_272' title='bbox 1271 3667 1469 3734; x_wconf 91' lang='lat' dir='ltr'><strong>anima,</strong></span> <span class='ocrx_word' id='word_1_273' title='bbox 1505 3680 1594 3720; x_wconf 87' lang='lat' dir='ltr'><strong>ars</strong></span> <span class='ocrx_word' id='word_1_274' title='bbox 1627 3682 1753 3721; x_wconf 88' lang='lat' dir='ltr'><strong>vero</strong></span> <span class='ocrx_word' id='word_1_275' title='bbox 1781 3667 2047 3722; x_wconf 84' lang='lat' dir='ltr'><strong>confessio</strong></span> <span class='ocrx_word' id='word_1_276' title='bbox 2077 3686 2088 3721; x_wconf 91' lang='lat'><strong>:</strong></span> <span class='ocrx_word' id='word_1_277' title='bbox 2113 3668 2315 3738; x_wconf 87' lang='lat' dir='ltr'><strong>plectro</strong></span> 
     </span>
    </p>
   </div>
   <div class='ocr_carea' id='block_1_38' title="bbox 742 3756 2314 3830">
    <p class='ocr_par' dir='ltr' id='par_1_38' title="bbox 742 3756 2314 3830">
     <span class='ocr_line' id='line_1_38' title="bbox 742 3756 2314 3830; baseline 0.003 -20"><span class='ocrx_word' id='word_1_278' title='bbox 742 3765 919 3811; x_wconf 88' lang='lat' dir='ltr'><strong>tamen</strong></span> <span class='ocrx_word' id='word_1_279' title='bbox 947 3757 1143 3820; x_wconf 88' lang='lat' dir='ltr'><strong>ablato,</strong></span> <span class='ocrx_word' id='word_1_280' title='bbox 1191 3756 1368 3826; x_wconf 89' lang='lat' dir='ltr'><strong>lingua</strong></span> <span class='ocrx_word' id='word_1_281' title='bbox 1413 3757 1648 3827; x_wconf 89' lang='lat' dir='ltr'><strong>inquam,</strong></span> <span class='ocrx_word' id='word_1_282' title='bbox 1695 3773 1866 3828; x_wconf 89' lang='lat' dir='ltr'><strong>neque</strong></span> <span class='ocrx_word' id='word_1_283' title='bbox 1904 3760 2114 3825; x_wconf 82' lang='lat' dir='ltr'><strong>artifex,</strong></span> <span class='ocrx_word' id='word_1_284' title='bbox 2143 3776 2314 3830; x_wconf 91' lang='lat' dir='ltr'><strong>neque</strong></span> 
     </span>
    </p>
   </div>
   <div class='ocr_carea' id='block_1_39' title="bbox 740 3845 2312 3916">
    <p class='ocr_par' dir='ltr' id='par_1_39' title="bbox 740 3845 2312 3916">
     <span class='ocr_line' id='line_1_39' title="bbox 740 3845 2312 3916; baseline 0.004 -18"><span class='ocrx_word' id='word_1_285' title='bbox 740 3859 850 3911; x_wconf 89' lang='lat' dir='ltr'><strong>ars,</strong></span> <span class='ocrx_word' id='word_1_286' title='bbox 902 3860 1072 3916; x_wconf 89' lang='lat' dir='ltr'><strong>neque</strong></span> <span class='ocrx_word' id='word_1_287' title='bbox 1114 3845 1522 3900; x_wconf 87' lang='lat' dir='ltr'><strong>instrumentum</strong></span> <span class='ocrx_word' id='word_1_288' title='bbox 1559 3847 1745 3902; x_wconf 92' lang='lat' dir='ltr'><strong>inutile</strong></span> <span class='ocrx_word' id='word_1_289' title='bbox 1773 3850 1964 3916; x_wconf 79' lang='lat' dir='ltr'><strong>evasit,</strong></span> <span class='ocrx_word' id='word_1_290' title='bbox 2001 3850 2094 3904; x_wconf 89' lang='lat' dir='ltr'><strong>sed</strong></span> <span class='ocrx_word' id='word_1_291' title='bbox 2135 3853 2312 3905; x_wconf 89' lang='lat' dir='ltr'><strong>omnia</strong></span> 
     </span>
    </p>
   </div>
   <div class='ocr_carea' id='block_1_40' title="bbox 735 3937 2314 4012">
    <p class='ocr_par' dir='ltr' id='par_1_40' title="bbox 735 3937 2314 4012">
     <span class='ocr_line' id='line_1_40' title="bbox 735 3937 2314 4012; baseline 0.005 -23"><span class='ocrx_word' id='word_1_292' title='bbox 735 3937 990 3992; x_wconf 75' lang='lat' dir='ltr'><strong>virtutem</strong></span> <span class='ocrx_word' id='word_1_293' title='bbox 1020 3951 1171 3990; x_wconf 90' lang='lat' dir='ltr'><strong>suam</strong></span> <span class='ocrx_word' id='word_1_294' title='bbox 1195 3937 1558 3992; x_wconf 89' lang='lat' dir='ltr'><strong>ostenderunt.</strong></span> <span class='ocrx_word' id='word_1_295' title='bbox 1589 3938 1720 4006; x_wconf 86' lang='lat' dir='ltr'><strong>Quis</strong></span> <span class='ocrx_word' id='word_1_296' title='bbox 1748 3939 1861 3994; x_wconf 72' lang='lat' dir='ltr'><strong>haec</strong></span> <span class='ocrx_word' id='word_1_297' title='bbox 1890 3939 2046 3995; x_wconf 88' lang='lat' dir='ltr'><strong>fecit?</strong></span> <span class='ocrx_word' id='word_1_298' title='bbox 2075 3944 2192 4012; x_wconf 89' lang='lat' dir='ltr'><strong>quis</strong></span> <span class='ocrx_word' id='word_1_299' title='bbox 2220 3945 2314 3997; x_wconf 91' lang='lat' dir='ltr'><strong>ad-</strong></span> 
     </span>
    </p>
   </div>
   <div class='ocr_carea' id='block_1_41' title="bbox 737 4024 2311 4102">
    <p class='ocr_par' dir='ltr' id='par_1_41' title="bbox 737 4024 2311 4102">
     <span class='ocr_line' id='line_1_41' title="bbox 737 4024 2311 4102; baseline 0.004 -23"><span class='ocrx_word' id='word_1_300' title='bbox 737 4024 998 4080; x_wconf 85' lang='lat' dir='ltr'><strong>mirabilia</strong></span> <span class='ocrx_word' id='word_1_301' title='bbox 1030 4025 1144 4080; x_wconf 76' lang='lat' dir='ltr'><strong>hzce</strong></span> <span class='ocrx_word' id='word_1_302' title='bbox 1167 4025 1397 4080; x_wconf 88' lang='lat' dir='ltr'><strong>ostendit</strong></span> <span class='ocrx_word' id='word_1_303' title='bbox 1421 4042 1643 4097; x_wconf 69' lang='lat' dir='ltr'><strong>qumque</strong></span> <span class='ocrx_word' id='word_1_304' title='bbox 1675 4041 1885 4082; x_wconf 85' lang='lat' dir='ltr'><strong>onmem</strong></span> <span class='ocrx_word' id='word_1_305' title='bbox 1911 4041 2163 4098; x_wconf 90' lang='lat' dir='ltr'><strong>superant</strong></span> <span class='ocrx_word' id='word_1_306' title='bbox 2191 4033 2311 4102; x_wconf 86' lang='lat' dir='ltr'><strong>epi-</strong></span> 
     </span>
    </p>
   </div>
   <div class='ocr_carea' id='block_1_42' title="bbox 739 4115 2313 4188">
    <p class='ocr_par' dir='ltr' id='par_1_42' title="bbox 739 4115 2313 4188">
     <span class='ocr_line' id='line_1_42' title="bbox 739 4115 2313 4188; baseline 0.004 -21"><span class='ocrx_word' id='word_1_307' title='bbox 739 4115 986 4169; x_wconf 81' lang='lat' dir='ltr'><strong>nionem?</strong></span> <span class='ocrx_word' id='word_1_308' title='bbox 1016 4115 1156 4170; x_wconf 89' lang='lat' dir='ltr'><strong>Deus</strong></span> <span class='ocrx_word' id='word_1_309' title='bbox 1179 4116 1267 4186; x_wconf 92' lang='lat' dir='ltr'><strong>qui</strong></span> <span class='ocrx_word' id='word_1_310' title='bbox 1295 4115 1442 4170; x_wconf 87' lang='lat' dir='ltr'><strong>solus</strong></span> <span class='ocrx_word' id='word_1_311' title='bbox 1483 4115 1745 4171; x_wconf 88' lang='lat' dir='ltr'><strong>mirabilia</strong></span> <span class='ocrx_word' id='word_1_312' title='bbox 1787 4116 1936 4184; x_wconf 89' lang='lat' dir='ltr'><strong>facit,</strong></span> <span class='ocrx_word' id='word_1_313' title='bbox 1965 4118 2033 4174; x_wconf 88' lang='lat' dir='ltr'><strong>de</strong></span> <span class='ocrx_word' id='word_1_314' title='bbox 2055 4134 2160 4188; x_wconf 89' lang='lat' dir='ltr'><strong>quo</strong></span> <span class='ocrx_word' id='word_1_315' title='bbox 2187 4120 2313 4176; x_wconf 88' lang='lat' dir='ltr'><strong>dicit</strong></span> 
     </span>
    </p>
   </div>
   <div class='ocr_carea' id='block_1_43' title="bbox 741 4203 2312 4277">
    <p class='ocr_par' dir='ltr' id='par_1_43' title="bbox 741 4203 2312 4277">
     <span class='ocr_line' id='line_1_43' title="bbox 741 4203 2312 4277; baseline 0.004 -20"><span class='ocrx_word' id='word_1_316' title='bbox 741 4205 941 4259; x_wconf 86' lang='lat' dir='ltr'><strong>David:</strong></span> <span class='ocrx_word' id='word_1_317' title='bbox 974 4204 1190 4258; x_wconf 80' lang='lat' dir='ltr'><strong>Domine</strong></span> <span class='ocrx_word' id='word_1_318' title='bbox 1204 4203 1453 4259; x_wconf 70' lang='lat' dir='ltr'><strong>Dominus</strong></span> <span class='ocrx_word' id='word_1_319' title='bbox 1492 4215 1684 4274; x_wconf 73' lang='lat' dir='ltr'><strong>noster,</strong></span> <span class='ocrx_word' id='word_1_320' title='bbox 1718 4223 1872 4277; x_wconf 82' lang='lat' dir='ltr'><strong>quant</strong></span> <span class='ocrx_word' id='word_1_321' title='bbox 1904 4208 2200 4263; x_wconf 78' lang='lat' dir='ltr'><strong>admirabile</strong></span> <span class='ocrx_word' id='word_1_322' title='bbox 2240 4220 2312 4264; x_wconf 73' lang='lat' dir='ltr'><strong>est</strong></span> 
     </span>
    </p>
   </div>
   <div class='ocr_carea' id='block_1_44' title="bbox 737 4297 2312 4367">
    <p class='ocr_par' dir='ltr' id='par_1_44' title="bbox 737 4297 2312 4367">
     <span class='ocr_line' id='line_1_44' title="bbox 737 4297 2312 4367; baseline 0.003 -16"><span class='ocrx_word' id='word_1_323' title='bbox 737 4314 916 4351; x_wconf 81' lang='lat' dir='ltr'><strong>nomen</strong></span> <span class='ocrx_word' id='word_1_324' title='bbox 946 4308 1088 4350; x_wconf 85' lang='lat' dir='ltr'><strong>tuum</strong></span> <span class='ocrx_word' id='word_1_325' title='bbox 1113 4298 1165 4350; x_wconf 83' lang='lat' dir='ltr'><strong>in</strong></span> <span class='ocrx_word' id='word_1_326' title='bbox 1188 4297 1418 4350; x_wconf 81' lang='lat' dir='ltr'><strong>uniuersa</strong></span> <span class='ocrx_word' id='word_1_327' title='bbox 1445 4298 1609 4351; x_wconf 78' lang='lat' dir='ltr'><strong>terra!</strong></span> <span class='ocrx_word' id='word_1_328' title='bbox 1635 4301 1869 4367; x_wconf 86' lang='lat' dir='ltr'><strong>quoniam</strong></span> <span class='ocrx_word' id='word_1_329' title='bbox 1889 4301 2078 4353; x_wconf 73' lang='lat' dir='ltr'><strong>elacata</strong></span> <span class='ocrx_word' id='word_1_330' title='bbox 2106 4313 2177 4355; x_wconf 73' lang='lat' dir='ltr'><strong>est</strong></span> <span class='ocrx_word' id='word_1_331' title='bbox 2204 4319 2312 4355; x_wconf 79' lang='lat' dir='ltr'><strong>ma-</strong></span> 
     </span>
    </p>
   </div>
   <div class='ocr_carea' id='block_1_45' title="bbox 737 4385 2311 4459">
    <p class='ocr_par' dir='ltr' id='par_1_45' title="bbox 737 4385 2311 4459">
     <span class='ocr_line' id='line_1_45' title="bbox 737 4385 2311 4459; baseline 0.004 -19"><span class='ocrx_word' id='word_1_332' title='bbox 737 4386 1028 4459; x_wconf 79' lang='lat' dir='ltr'><strong>gniﬁcentia</strong></span> <span class='ocrx_word' id='word_1_333' title='bbox 1053 4394 1141 4440; x_wconf 83' lang='lat' dir='ltr'><strong>tua</strong></span> <span class='ocrx_word' id='word_1_334' title='bbox 1163 4401 1316 4455; x_wconf 72' lang='lat' dir='ltr'><strong>super</strong></span> <span class='ocrx_word' id='word_1_335' title='bbox 1339 4385 1489 4441; x_wconf 66' lang='lat' dir='ltr'><strong>celos</strong></span> <span class='ocrx_word' id='word_1_336' title='bbox 1514 4401 1534 4440; x_wconf 91' lang='lat'><strong><em>:</em></strong></span> <span class='ocrx_word' id='word_1_337' title='bbox 1558 4403 1621 4442; x_wconf 66' lang='lat' dir='ltr'><strong>ea</strong></span> <span class='ocrx_word' id='word_1_338' title='bbox 1649 4405 1734 4442; x_wconf 87' lang='lat' dir='ltr'><strong>ore</strong></span> <span class='ocrx_word' id='word_1_339' title='bbox 1758 4389 2026 4458; x_wconf 76' lang='lat' dir='ltr'><strong>infantium</strong></span> <span class='ocrx_word' id='word_1_340' title='bbox 2047 4401 2094 4444; x_wconf 87' lang='lat' dir='ltr'><strong>et</strong></span> <span class='ocrx_word' id='word_1_341' title='bbox 2120 4393 2311 4445; x_wconf 82' lang='lat' dir='ltr'><strong>lacteu-</strong></span> 
     </span>
    </p>
   </div>
   <div class='ocr_carea' id='block_1_46' title="bbox 1443 379 3226 444">
    <p class='ocr_par' dir='ltr' id='par_1_46' title="bbox 1443 379 3226 444">
     <span class='ocr_line' id='line_1_46' title="bbox 1443 379 3226 444; baseline -0.001 -6"><span class='ocrx_word' id='word_1_342' title='bbox 1443 383 1497 438; x_wconf 86' lang='lat' dir='ltr'><strong>S.</strong></span> <span class='ocrx_word' id='word_1_343' title='bbox 1539 381 1812 439; x_wconf 74' lang='lat' dir='ltr'><strong>JOANNIS</strong></span> <span class='ocrx_word' id='word_1_344' title='bbox 1844 381 2309 444; x_wconf 59' lang='lat' dir='ltr'><strong>CIIRYSOSTOSII</strong></span> <span class='ocrx_word' id='word_1_345' title='bbox 2350 379 2658 438; x_wconf 77' lang='lat' dir='ltr'><strong>ARClllEP.</strong></span> <span class='ocrx_word' id='word_1_346' title='bbox 2697 380 3226 439; x_wconf 57' lang='lat' dir='ltr'><strong>CONSTANTINOP.</strong></span> 
     </span>
    </p>
   </div>
   <div class='ocr_carea' id='block_1_47' title="bbox 3927 371 4038 429">
    <p class='ocr_par' dir='ltr' id='par_1_47' title="bbox 3927 371 4038 429">
     <span class='ocr_line' id='line_1_47' title="bbox 3927 371 4038 429; baseline 0.054 -6"><span class='ocrx_word' id='word_1_347' title='bbox 3927 371 4038 429; x_wconf 67' lang='lat' dir='ltr'><strong>(il!</strong></span> 
     </span>
    </p>
   </div>
   <div class='ocr_carea' id='block_1_48' title="bbox 2451 497 4043 571">
    <p class='ocr_par' dir='ltr' id='par_1_48' title="bbox 2451 497 4043 571">
     <span class='ocr_line' id='line_1_48' title="bbox 2451 497 4043 571; baseline -0.001 -17"><span class='ocrx_word' id='word_1_348' title='bbox 2451 516 2516 555; x_wconf 90' lang='lat' dir='ltr'><strong>ex</strong></span> <span class='ocrx_word' id='word_1_349' title='bbox 2563 516 2658 556; x_wconf 88' lang='lat' dir='ltr'><strong>ore</strong></span> <span class='ocrx_word' id='word_1_350' title='bbox 2697 501 2984 571; x_wconf 89' lang='lat' dir='ltr'><strong>elinguium</strong></span> <span class='ocrx_word' id='word_1_351' title='bbox 3010 519 3023 554; x_wconf 91' lang='lat'>:</span> <span class='ocrx_word' id='word_1_352' title='bbox 3049 510 3172 555; x_wconf 90' lang='lat' dir='ltr'><strong>tunc</strong></span> <span class='ocrx_word' id='word_1_353' title='bbox 3214 507 3402 553; x_wconf 90' lang='lat' dir='ltr'><strong>natura</strong></span> <span class='ocrx_word' id='word_1_354' title='bbox 3446 497 3750 562; x_wconf 85' lang='lat' dir='ltr'><strong>immatura,</strong></span> <span class='ocrx_word' id='word_1_355' title='bbox 3787 512 3926 556; x_wconf 88' lang='lat' dir='ltr'><strong>nunc</strong></span> <span class='ocrx_word' id='word_1_356' title='bbox 3968 511 4043 553; x_wconf 75' lang='grc' dir='ltr'><strong>οι</strong></span> 
     </span>
    </p>
   </div>
   <div class='ocr_carea' id='block_1_49' title="bbox 2451 585 4038 661">
    <p class='ocr_par' dir='ltr' id='par_1_49' title="bbox 2451 585 4038 661">
     <span class='ocr_line' id='line_1_49' title="bbox 2451 585 4038 661; baseline 0.001 -18"><span class='ocrx_word' id='word_1_357' title='bbox 2451 590 2628 661; x_wconf 89' lang='lat' dir='ltr'><strong>lingua</strong></span> <span class='ocrx_word' id='word_1_358' title='bbox 2655 606 2876 645; x_wconf 88' lang='lat' dir='ltr'><strong>vacuum</strong></span> <span class='ocrx_word' id='word_1_359' title='bbox 2903 632 2914 643; x_wconf 94' lang='lat'><strong>.</strong></span> <span class='ocrx_word' id='word_1_360' title='bbox 2948 601 3072 645; x_wconf 91' lang='lat' dir='ltr'><strong>tunc</strong></span> <span class='ocrx_word' id='word_1_361' title='bbox 3099 589 3286 643; x_wconf 90' lang='lat' dir='ltr'><strong>eratin</strong></span> <span class='ocrx_word' id='word_1_362' title='bbox 3324 588 3502 657; x_wconf 88' lang='lat' dir='ltr'><strong>pueris</strong></span> <span class='ocrx_word' id='word_1_363' title='bbox 3535 588 3710 642; x_wconf 91' lang='lat' dir='ltr'><strong>mollis</strong></span> <span class='ocrx_word' id='word_1_364' title='bbox 3731 585 3896 643; x_wconf 85' lang='lat' dir='ltr'><strong>radix.</strong></span> <span class='ocrx_word' id='word_1_365' title='bbox 3936 590 4038 644; x_wconf 84' lang='lat' dir='ltr'><strong>sed</strong></span> 
     </span>
    </p>
   </div>
   <div class='ocr_carea' id='block_1_50' title="bbox 2451 672 4032 751">
    <p class='ocr_par' dir='ltr' id='par_1_50' title="bbox 2451 672 4032 751">
     <span class='ocr_line' id='line_1_50' title="bbox 2451 672 4032 751; baseline -0.005 -17"><span class='ocrx_word' id='word_1_366' title='bbox 2451 680 2654 736; x_wconf 87' lang='lat' dir='ltr'><strong>fructus</strong></span> <span class='ocrx_word' id='word_1_367' title='bbox 2697 680 2998 751; x_wconf 87' lang='lat' dir='ltr'><strong>perfectus;</strong></span> <span class='ocrx_word' id='word_1_368' title='bbox 3036 680 3123 733; x_wconf 89' lang='lat' dir='ltr'><strong>hic</strong></span> <span class='ocrx_word' id='word_1_369' title='bbox 3174 687 3351 732; x_wconf 75' lang='lat' dir='ltr'><strong>autem</strong></span> <span class='ocrx_word' id='word_1_370' title='bbox 3396 687 3451 732; x_wconf 88' lang='lat' dir='ltr'><strong>et</strong></span> <span class='ocrx_word' id='word_1_371' title='bbox 3492 679 3605 747; x_wconf 87' lang='lat' dir='ltr'><strong>ipsa</strong></span> <span class='ocrx_word' id='word_1_372' title='bbox 3651 676 3799 730; x_wconf 89' lang='lat' dir='ltr'><strong>radix</strong></span> <span class='ocrx_word' id='word_1_373' title='bbox 3850 672 4032 728; x_wconf 83' lang='lat' dir='ltr'><strong>ablata</strong></span> 
     </span>
    </p>
   </div>
   <div class='ocr_carea' id='block_1_51' title="bbox 2450 767 4036 841">
    <p class='ocr_par' dir='ltr' id='par_1_51' title="bbox 2450 767 4036 841">
     <span class='ocr_line' id='line_1_51' title="bbox 2450 767 4036 841; baseline -0.006 -15"><span class='ocrx_word' id='word_1_374' title='bbox 2450 782 2593 837; x_wconf 86' lang='lat' dir='ltr'><strong>erat,</strong></span> <span class='ocrx_word' id='word_1_375' title='bbox 2644 782 2694 827; x_wconf 91' lang='lat' dir='ltr'><strong>et</strong></span> <span class='ocrx_word' id='word_1_376' title='bbox 2747 772 2946 827; x_wconf 88' lang='lat' dir='ltr'><strong>fructus</strong></span> <span class='ocrx_word' id='word_1_377' title='bbox 2992 771 3267 841; x_wconf 85' lang='lat' dir='ltr'><strong>generatio</strong></span> <span class='ocrx_word' id='word_1_378' title='bbox 3322 785 3428 823; x_wconf 92' lang='lat' dir='ltr'><strong>non</strong></span> <span class='ocrx_word' id='word_1_379' title='bbox 3472 767 3852 838; x_wconf 87' lang='lat' dir='ltr'><strong>prohibebatur</strong></span> <span class='ocrx_word' id='word_1_380' title='bbox 3894 782 3908 817; x_wconf 92' lang='lat'><strong>:</strong></span> <span class='ocrx_word' id='word_1_381' title='bbox 3947 773 4036 818; x_wconf 88' lang='lat' dir='ltr'><strong>est</strong></span> 
     </span>
    </p>
   </div>
   <div class='ocr_carea' id='block_1_52' title="bbox 2449 854 4032 933">
    <p class='ocr_par' dir='ltr' id='par_1_52' title="bbox 2449 854 4032 933">
     <span class='ocr_line' id='line_1_52' title="bbox 2449 854 4032 933; baseline -0.009 -15"><span class='ocrx_word' id='word_1_382' title='bbox 2449 865 2591 918; x_wconf 91' lang='lat' dir='ltr'><strong>enim</strong></span> <span class='ocrx_word' id='word_1_383' title='bbox 2641 880 2744 919; x_wconf 87' lang='lat' dir='ltr'><strong>vox</strong></span> <span class='ocrx_word' id='word_1_384' title='bbox 2798 865 2991 933; x_wconf 83' lang='lat' dir='ltr'><strong>linguae</strong></span> <span class='ocrx_word' id='word_1_385' title='bbox 3032 863 3255 918; x_wconf 86' lang='lat' dir='ltr'><strong>fructus.</strong></span> <span class='ocrx_word' id='word_1_386' title='bbox 3305 861 3443 916; x_wconf 90' lang='lat' dir='ltr'><strong>Sunt</strong></span> <span class='ocrx_word' id='word_1_387' title='bbox 3488 875 3673 914; x_wconf 86' lang='lat' dir='ltr'><strong>revera</strong></span> <span class='ocrx_word' id='word_1_388' title='bbox 3729 854 4032 927; x_wconf 81' lang='lat' dir='ltr'><strong>posteriora</strong></span> 
     </span>
    </p>
   </div>
   <div class='ocr_carea' id='block_1_53' title="bbox 2449 939 4031 1024">
    <p class='ocr_par' dir='ltr' id='par_1_53' title="bbox 2449 939 4031 1024">
     <span class='ocr_line' id='line_1_53' title="bbox 2449 939 4031 1024; baseline -0.011 -15"><span class='ocrx_word' id='word_1_389' title='bbox 2449 954 2713 1024; x_wconf 88' lang='lat' dir='ltr'><strong>prioribus</strong></span> <span class='ocrx_word' id='word_1_390' title='bbox 2742 955 3084 1009; x_wconf 87' lang='lat' dir='ltr'><strong>mirabiliora.</strong></span> <span class='ocrx_word' id='word_1_391' title='bbox 3126 953 3359 1016; x_wconf 87' lang='lat' dir='ltr'><strong>Etenim,</strong></span> <span class='ocrx_word' id='word_1_392' title='bbox 3389 965 3455 1004; x_wconf 91' lang='lat' dir='ltr'><strong>ne</strong></span> <span class='ocrx_word' id='word_1_393' title='bbox 3493 948 3576 1003; x_wconf 90' lang='lat' dir='ltr'><strong>bis</strong></span> <span class='ocrx_word' id='word_1_394' title='bbox 3615 947 3772 1001; x_wconf 84' lang='lat' dir='ltr'><strong>fidem</strong></span> <span class='ocrx_word' id='word_1_395' title='bbox 3801 959 3908 997; x_wconf 90' lang='lat' dir='ltr'><strong>nou</strong></span> <span class='ocrx_word' id='word_1_396' title='bbox 3937 939 4031 993; x_wconf 84' lang='lat' dir='ltr'><strong>ad-</strong></span> 
     </span>
    </p>
   </div>
   <div class='ocr_carea' id='block_1_54' title="bbox 2451 1035 4030 1114">
    <p class='ocr_par' dir='ltr' id='par_1_54' title="bbox 2451 1035 4030 1114">
     <span class='ocr_line' id='line_1_54' title="bbox 2451 1035 4030 1114; baseline -0.009 -16"><span class='ocrx_word' id='word_1_397' title='bbox 2451 1045 2696 1110; x_wconf 83' lang='lat' dir='ltr'><strong>hibeatis,</strong></span> <span class='ocrx_word' id='word_1_398' title='bbox 2728 1045 2812 1099; x_wconf 86' lang='lat' dir='ltr'><strong>illa</strong></span> <span class='ocrx_word' id='word_1_399' title='bbox 2843 1054 3123 1114; x_wconf 87' lang='lat' dir='ltr'><strong>propterea</strong></span> <span class='ocrx_word' id='word_1_400' title='bbox 3162 1048 3569 1113; x_wconf 66' lang='lat' dir='ltr'><strong>praecesserunt,</strong></span> <span class='ocrx_word' id='word_1_401' title='bbox 3611 1048 3667 1093; x_wconf 90' lang='lat' dir='ltr'><strong>ut</strong></span> <span class='ocrx_word' id='word_1_402' title='bbox 3704 1037 3757 1090; x_wconf 91' lang='lat' dir='ltr'><strong>in</strong></span> <span class='ocrx_word' id='word_1_403' title='bbox 3787 1035 3872 1088; x_wconf 89' lang='lat' dir='ltr'><strong>his</strong></span> <span class='ocrx_word' id='word_1_404' title='bbox 3919 1045 4030 1086; x_wconf 85' lang='lat' dir='ltr'><strong>non</strong></span> 
     </span>
    </p>
   </div>
   <div class='ocr_carea' id='block_1_55' title="bbox 2447 1132 4028 1201">
    <p class='ocr_par' dir='ltr' id='par_1_55' title="bbox 2447 1132 4028 1201">
     <span class='ocr_line' id='line_1_55' title="bbox 2447 1132 4028 1201; baseline -0.009 -11"><span class='ocrx_word' id='word_1_405' title='bbox 2447 1137 2843 1201; x_wconf 90' lang='lat' dir='ltr'><strong>conturbemur,</strong></span> <span class='ocrx_word' id='word_1_406' title='bbox 2886 1152 3006 1190; x_wconf 90' lang='lat' dir='ltr'><strong>cum</strong></span> <span class='ocrx_word' id='word_1_407' title='bbox 3051 1137 3107 1190; x_wconf 81' lang='lat' dir='ltr'><strong>in</strong></span> <span class='ocrx_word' id='word_1_408' title='bbox 3151 1136 3255 1190; x_wconf 75' lang='lat' dir='ltr'><strong>iiiis</strong></span> <span class='ocrx_word' id='word_1_409' title='bbox 3297 1132 3455 1188; x_wconf 90' lang='lat' dir='ltr'><strong>fuerit</strong></span> <span class='ocrx_word' id='word_1_410' title='bbox 3487 1132 3694 1185; x_wconf 91' lang='lat' dir='ltr'><strong>animus</strong></span> <span class='ocrx_word' id='word_1_411' title='bbox 3732 1135 3980 1180; x_wconf 87' lang='lat' dir='ltr'><strong>assuetus</strong></span> <span class='ocrx_word' id='word_1_412' title='bbox 4007 1138 4028 1175; x_wconf 68' lang='grc' dir='ltr'><em>ε</em></span> 
     </span>
    </p>
   </div>
   <div class='ocr_carea' id='block_1_56' title="bbox 2447 1223 4030 1293">
    <p class='ocr_par' dir='ltr' id='par_1_56' title="bbox 2447 1223 4030 1293">
     <span class='ocr_line' id='line_1_56' title="bbox 2447 1223 4030 1293; baseline -0.008 -15"><span class='ocrx_word' id='word_1_413' title='bbox 2447 1225 2566 1281; x_wconf 91' lang='lat' dir='ltr'><strong>ideo</strong></span> <span class='ocrx_word' id='word_1_414' title='bbox 2610 1227 2723 1280; x_wconf 63' lang='lat' dir='ltr'><strong>haec</strong></span> <span class='ocrx_word' id='word_1_415' title='bbox 2751 1235 3068 1290; x_wconf 85' lang='lat' dir='ltr'><strong>evenerunt,</strong></span> <span class='ocrx_word' id='word_1_416' title='bbox 3103 1236 3162 1280; x_wconf 92' lang='lat' dir='ltr'><strong>ut</strong></span> <span class='ocrx_word' id='word_1_417' title='bbox 3211 1226 3301 1279; x_wconf 88' lang='lat' dir='ltr'><strong>illa</strong></span> <span class='ocrx_word' id='word_1_418' title='bbox 3327 1238 3445 1293; x_wconf 76' lang='lat' dir='ltr'><strong>quae</strong></span> <span class='ocrx_word' id='word_1_419' title='bbox 3484 1223 3651 1275; x_wconf 84' lang='lat' dir='ltr'><strong>latent</strong></span> <span class='ocrx_word' id='word_1_420' title='bbox 3691 1229 3745 1273; x_wconf 90' lang='lat' dir='ltr'><strong>et</strong></span> <span class='ocrx_word' id='word_1_421' title='bbox 3780 1228 3906 1271; x_wconf 90' lang='lat' dir='ltr'><strong>sunt</strong></span> <span class='ocrx_word' id='word_1_422' title='bbox 3938 1229 4030 1267; x_wconf 81' lang='lat' dir='ltr'><strong>ve-</strong></span> 
     </span>
    </p>
   </div>
   <div class='ocr_carea' id='block_1_57' title="bbox 2439 1307 4028 1384">
    <p class='ocr_par' dir='ltr' id='par_1_57' title="bbox 2439 1307 4028 1384">
     <span class='ocr_line' id='line_1_57' title="bbox 2439 1307 4028 1384; baseline -0.006 -16"><span class='ocrx_word' id='word_1_423' title='bbox 2439 1307 2579 1381; x_wconf 81' lang='lat' dir='ltr'><strong>tera,</strong></span> <span class='ocrx_word' id='word_1_424' title='bbox 2611 1333 2674 1370; x_wconf 86' lang='lat' dir='ltr'><strong>ex</strong></span> <span class='ocrx_word' id='word_1_425' title='bbox 2717 1315 3010 1371; x_wconf 87' lang='lat' dir='ltr'><strong>manifestis</strong></span> <span class='ocrx_word' id='word_1_426' title='bbox 3048 1328 3102 1370; x_wconf 89' lang='lat' dir='ltr'><strong>et</strong></span> <span class='ocrx_word' id='word_1_427' title='bbox 3129 1317 3194 1370; x_wconf 92' lang='lat' dir='ltr'><strong>iis</strong></span> <span class='ocrx_word' id='word_1_428' title='bbox 3227 1331 3346 1384; x_wconf 80' lang='lat' dir='ltr'><strong>qua:</strong></span> <span class='ocrx_word' id='word_1_429' title='bbox 3375 1320 3501 1367; x_wconf 91' lang='lat' dir='ltr'><strong>sunt</strong></span> <span class='ocrx_word' id='word_1_430' title='bbox 3532 1326 3721 1366; x_wconf 88' lang='lat' dir='ltr'><strong>recens</strong></span> <span class='ocrx_word' id='word_1_431' title='bbox 3747 1309 3878 1362; x_wconf 84' lang='lat' dir='ltr'><strong>facta</strong></span> <span class='ocrx_word' id='word_1_432' title='bbox 3908 1321 4028 1360; x_wconf 83' lang='lat' dir='ltr'><strong>cre—</strong></span> 
     </span>
    </p>
   </div>
   <div class='ocr_carea' id='block_1_58' title="bbox 2444 1399 4022 1476">
    <p class='ocr_par' dir='ltr' id='par_1_58' title="bbox 2444 1399 4022 1476">
     <span class='ocr_line' id='line_1_58' title="bbox 2444 1399 4022 1476; baseline -0.004 -18"><span class='ocrx_word' id='word_1_433' title='bbox 2444 1405 2656 1459; x_wconf 86' lang='lat' dir='ltr'><strong>dantur.</strong></span> <span class='ocrx_word' id='word_1_434' title='bbox 2692 1407 2781 1461; x_wconf 86' lang='lat' dir='ltr'><strong>Sic</strong></span> <span class='ocrx_word' id='word_1_435' title='bbox 2812 1406 3097 1476; x_wconf 86' lang='lat' dir='ltr'><strong>aliquando</strong></span> <span class='ocrx_word' id='word_1_436' title='bbox 3123 1407 3352 1459; x_wconf 79' lang='lat' dir='ltr'><strong>Aaronis</strong></span> <span class='ocrx_word' id='word_1_437' title='bbox 3394 1419 3605 1474; x_wconf 84' lang='lat' dir='ltr'><strong>quoque</strong></span> <span class='ocrx_word' id='word_1_438' title='bbox 3645 1403 3791 1471; x_wconf 87' lang='lat' dir='ltr'><strong>virga</strong></span> <span class='ocrx_word' id='word_1_439' title='bbox 3821 1399 4022 1463; x_wconf 89' lang='lat' dir='ltr'><strong>ﬂoruit,</strong></span> 
     </span>
    </p>
   </div>
   <div class='ocr_carea' id='block_1_59' title="bbox 2443 1486 4024 1566">
    <p class='ocr_par' dir='ltr' id='par_1_59' title="bbox 2443 1486 4024 1566">
     <span class='ocr_line' id='line_1_59' title="bbox 2443 1486 4024 1566; baseline -0.004 -17"><span class='ocrx_word' id='word_1_440' title='bbox 2443 1497 2580 1550; x_wconf 85' lang='lat' dir='ltr'><strong>sicut</strong></span> <span class='ocrx_word' id='word_1_441' title='bbox 2619 1512 2759 1551; x_wconf 90' lang='lat' dir='ltr'><strong>nunc</strong></span> <span class='ocrx_word' id='word_1_442' title='bbox 2801 1512 2860 1551; x_wconf 92' lang='lat' dir='ltr'><strong>os</strong></span> <span class='ocrx_word' id='word_1_443' title='bbox 2891 1497 3142 1566; x_wconf 84' lang='lat' dir='ltr'><strong>martyris</strong></span> <span class='ocrx_word' id='word_1_444' title='bbox 3191 1495 3526 1565; x_wconf 82' lang='lat' dir='ltr'><strong>germinavit.</strong></span> <span class='ocrx_word' id='word_1_445' title='bbox 3567 1492 3672 1547; x_wconf 90' lang='lat' dir='ltr'><strong>Sed</strong></span> <span class='ocrx_word' id='word_1_446' title='bbox 3699 1504 3930 1561; x_wconf 86' lang='lat' dir='ltr'><strong>quanam</strong></span> <span class='ocrx_word' id='word_1_447' title='bbox 3957 1486 4024 1542; x_wconf 86' lang='lat' dir='ltr'><strong>de</strong></span> 
     </span>
    </p>
   </div>
   <div class='ocr_carea' id='block_1_60' title="bbox 2443 1579 4024 1658">
    <p class='ocr_par' dir='ltr' id='par_1_60' title="bbox 2443 1579 4024 1658">
     <span class='ocr_line' id='line_1_60' title="bbox 2443 1579 4024 1658; baseline -0.004 -18"><span class='ocrx_word' id='word_1_448' title='bbox 2443 1603 2600 1640; x_wconf 88' lang='lat' dir='ltr'><strong>causa</strong></span> <span class='ocrx_word' id='word_1_449' title='bbox 2644 1589 2788 1658; x_wconf 88' lang='lat' dir='ltr'><strong>virga</strong></span> <span class='ocrx_word' id='word_1_450' title='bbox 2842 1597 2965 1642; x_wconf 91' lang='lat' dir='ltr'><strong>tunc</strong></span> <span class='ocrx_word' id='word_1_451' title='bbox 3017 1588 3246 1641; x_wconf 81' lang='lat' dir='ltr'><strong>Aaronis</strong></span> <span class='ocrx_word' id='word_1_452' title='bbox 3299 1585 3614 1656; x_wconf 89' lang='lat' dir='ltr'><strong>germinavit</strong></span> <span class='ocrx_word' id='word_1_453' title='bbox 3661 1581 3850 1651; x_wconf 82' lang='lat' dir='ltr'><strong>(Nam.</strong></span> <span class='ocrx_word' id='word_1_454' title='bbox 3907 1579 4024 1650; x_wconf 70' lang='lat' dir='ltr'><strong>l7)?</strong></span> 
     </span>
    </p>
   </div>
   <div class='ocr_carea' id='block_1_61' title="bbox 2443 1669 4023 1742">
    <p class='ocr_par' dir='ltr' id='par_1_61' title="bbox 2443 1669 4023 1742">
     <span class='ocr_line' id='line_1_61' title="bbox 2443 1669 4023 1742; baseline -0.004 -14"><span class='ocrx_word' id='word_1_455' title='bbox 2443 1676 2703 1742; x_wconf 84' lang='lat' dir='ltr'><strong>Quoniam</strong></span> <span class='ocrx_word' id='word_1_456' title='bbox 2734 1677 2986 1731; x_wconf 88' lang='lat' dir='ltr'><strong>sacerdos</strong></span> <span class='ocrx_word' id='word_1_457' title='bbox 3028 1676 3366 1731; x_wconf 85' lang='lat' dir='ltr'><strong>contumeliis</strong></span> <span class='ocrx_word' id='word_1_458' title='bbox 3393 1673 3742 1728; x_wconf 85' lang='lat' dir='ltr'><strong>afficiebatur.</strong></span> <span class='ocrx_word' id='word_1_459' title='bbox 3779 1669 4023 1737; x_wconf 83' lang='lat' dir='ltr'><strong>Quanam</strong></span> 
     </span>
    </p>
   </div>
   <div class='ocr_carea' id='block_1_62' title="bbox 2439 1759 4024 1835">
    <p class='ocr_par' dir='ltr' id='par_1_62' title="bbox 2439 1759 4024 1835">
     <span class='ocr_line' id='line_1_62' title="bbox 2439 1759 4024 1835; baseline -0.004 -15"><span class='ocrx_word' id='word_1_460' title='bbox 2439 1777 2614 1821; x_wconf 91' lang='lat' dir='ltr'><strong>autem</strong></span> <span class='ocrx_word' id='word_1_461' title='bbox 2640 1769 2706 1822; x_wconf 90' lang='lat' dir='ltr'><strong>de</strong></span> <span class='ocrx_word' id='word_1_462' title='bbox 2750 1783 2907 1823; x_wconf 89' lang='lat' dir='ltr'><strong>causa</strong></span> <span class='ocrx_word' id='word_1_463' title='bbox 2937 1782 3079 1822; x_wconf 90' lang='lat' dir='ltr'><strong>nunc</strong></span> <span class='ocrx_word' id='word_1_464' title='bbox 3116 1781 3179 1820; x_wconf 90' lang='lat' dir='ltr'><strong>os</strong></span> <span class='ocrx_word' id='word_1_465' title='bbox 3208 1766 3454 1835; x_wconf 82' lang='lat' dir='ltr'><strong>martyris</strong></span> <span class='ocrx_word' id='word_1_466' title='bbox 3493 1761 3846 1833; x_wconf 77' lang='lat' dir='ltr'><strong>germinavit?</strong></span> <span class='ocrx_word' id='word_1_467' title='bbox 3878 1759 4024 1826; x_wconf 84' lang='lat' dir='ltr'><strong>Quo-</strong></span> 
     </span>
    </p>
   </div>
   <div class='ocr_carea' id='block_1_63' title="bbox 2441 1853 4016 1927">
    <p class='ocr_par' dir='ltr' id='par_1_63' title="bbox 2441 1853 4016 1927">
     <span class='ocr_line' id='line_1_63' title="bbox 2441 1853 4016 1927; baseline -0.007 -16"><span class='ocrx_word' id='word_1_468' title='bbox 2441 1859 2580 1911; x_wconf 90' lang='lat' dir='ltr'><strong>niam</strong></span> <span class='ocrx_word' id='word_1_469' title='bbox 2621 1858 2948 1927; x_wconf 82' lang='lat' dir='ltr'><strong>blaspheotia</strong></span> <span class='ocrx_word' id='word_1_470' title='bbox 2989 1865 3042 1912; x_wconf 86' lang='lat' dir='ltr'><strong>et</strong></span> <span class='ocrx_word' id='word_1_471' title='bbox 3069 1857 3367 1911; x_wconf 89' lang='lat' dir='ltr'><strong>maledictis</strong></span> <span class='ocrx_word' id='word_1_472' title='bbox 3391 1853 3759 1909; x_wconf 85' lang='lat' dir='ltr'><strong>incessebatur</strong></span> <span class='ocrx_word' id='word_1_473' title='bbox 3786 1862 4016 1918; x_wconf 83' lang='lat' dir='ltr'><strong>magnus</strong></span> 
     </span>
    </p>
   </div>
   <div class='ocr_carea' id='block_1_64' title="bbox 2440 1936 4017 2014">
    <p class='ocr_par' dir='ltr' id='par_1_64' title="bbox 2440 1936 4017 2014">
     <span class='ocr_line' id='line_1_64' title="bbox 2440 1936 4017 2014; baseline -0.008 -13"><span class='ocrx_word' id='word_1_474' title='bbox 2440 1947 2679 2002; x_wconf 84' lang='lat' dir='ltr'><strong>Pontifex</strong></span> <span class='ocrx_word' id='word_1_475' title='bbox 2697 1947 2850 2002; x_wconf 86' lang='lat' dir='ltr'><strong>Jesus</strong></span> <span class='ocrx_word' id='word_1_476' title='bbox 2867 1947 3132 2002; x_wconf 81' lang='lat' dir='ltr'><strong>Christus.</strong></span> <span class='ocrx_word' id='word_1_477' title='bbox 3162 1945 3295 2000; x_wconf 78' lang='lat' dir='ltr'><strong>Vide</strong></span> <span class='ocrx_word' id='word_1_478' title='bbox 3317 1959 3442 2014; x_wconf 85' lang='lat' dir='ltr'><strong>ergo</strong></span> <span class='ocrx_word' id='word_1_479' title='bbox 3462 1952 3656 2014; x_wconf 83' lang='lat' dir='ltr'><strong>quanta</strong></span> <span class='ocrx_word' id='word_1_480' title='bbox 3678 1941 3747 1996; x_wconf 90' lang='lat' dir='ltr'><strong>sit</strong></span> <span class='ocrx_word' id='word_1_481' title='bbox 3774 1936 4017 1992; x_wconf 87' lang='lat' dir='ltr'><strong>miraculi</strong></span> 
     </span>
    </p>
   </div>
   <div class='ocr_carea' id='block_1_65' title="bbox 2437 2029 4022 2107">
    <p class='ocr_par' dir='ltr' id='par_1_65' title="bbox 2437 2029 4022 2107">
     <span class='ocr_line' id='line_1_65' title="bbox 2437 2029 4022 2107; baseline -0.008 -16"><span class='ocrx_word' id='word_1_482' title='bbox 2437 2038 2681 2107; x_wconf 86' lang='lat' dir='ltr'><strong>cognatio</strong></span> <span class='ocrx_word' id='word_1_483' title='bbox 2723 2045 2778 2091; x_wconf 91' lang='lat' dir='ltr'><strong>et</strong></span> <span class='ocrx_word' id='word_1_484' title='bbox 2815 2037 3148 2092; x_wconf 90' lang='lat' dir='ltr'><strong>excellentia.</strong></span> <span class='ocrx_word' id='word_1_485' title='bbox 3191 2034 3645 2103; x_wconf 87' lang='lat' dir='ltr'><strong>Quemadmodum</strong></span> <span class='ocrx_word' id='word_1_486' title='bbox 3689 2030 3833 2086; x_wconf 85' lang='lat' dir='ltr'><strong>enim</strong></span> <span class='ocrx_word' id='word_1_487' title='bbox 3871 2029 4022 2096; x_wconf 89' lang='lat' dir='ltr'><strong>virga</strong></span> 
     </span>
    </p>
   </div>
   <div class='ocr_carea' id='block_1_66' title="bbox 2437 2121 4017 2192">
    <p class='ocr_par' dir='ltr' id='par_1_66' title="bbox 2437 2121 4017 2192">
     <span class='ocr_line' id='line_1_66' title="bbox 2437 2121 4017 2192; baseline -0.008 -9"><span class='ocrx_word' id='word_1_488' title='bbox 2437 2130 2527 2183; x_wconf 84' lang='lat' dir='ltr'><strong>illa</strong></span> <span class='ocrx_word' id='word_1_489' title='bbox 2558 2144 2662 2183; x_wconf 92' lang='lat' dir='ltr'><strong>non</strong></span> <span class='ocrx_word' id='word_1_490' title='bbox 2689 2129 2832 2181; x_wconf 88' lang='lat' dir='ltr'><strong>unita</strong></span> <span class='ocrx_word' id='word_1_491' title='bbox 2871 2128 3056 2192; x_wconf 89' lang='lat' dir='ltr'><strong>radici,</strong></span> <span class='ocrx_word' id='word_1_492' title='bbox 3085 2142 3184 2181; x_wconf 89' lang='lat' dir='ltr'><strong>nec</strong></span> <span class='ocrx_word' id='word_1_493' title='bbox 3215 2143 3278 2181; x_wconf 86' lang='lat' dir='ltr'><strong>ex</strong></span> <span class='ocrx_word' id='word_1_494' title='bbox 3311 2135 3449 2179; x_wconf 81' lang='lat' dir='ltr'><strong>terra</strong></span> <span class='ocrx_word' id='word_1_495' title='bbox 3472 2123 3687 2178; x_wconf 87' lang='lat' dir='ltr'><strong>trahens</strong></span> <span class='ocrx_word' id='word_1_496' title='bbox 3711 2121 4017 2180; x_wconf 84' lang='lat' dir='ltr'><strong>humorem,</strong></span> 
     </span>
    </p>
   </div>
   <div class='ocr_carea' id='block_1_67' title="bbox 2436 2207 4019 2289">
    <p class='ocr_par' dir='ltr' id='par_1_67' title="bbox 2436 2207 4019 2289">
     <span class='ocr_line' id='line_1_67' title="bbox 2436 2207 4019 2289; baseline -0.008 -15"><span class='ocrx_word' id='word_1_497' title='bbox 2436 2221 2528 2275; x_wconf 85' lang='lat' dir='ltr'><strong>scd</strong></span> <span class='ocrx_word' id='word_1_498' title='bbox 2577 2222 2716 2274; x_wconf 91' lang='lat' dir='ltr'><strong>illius</strong></span> <span class='ocrx_word' id='word_1_499' title='bbox 2765 2235 2925 2274; x_wconf 83' lang='lat' dir='ltr'><strong>suc-co</strong></span> <span class='ocrx_word' id='word_1_500' title='bbox 2977 2217 3465 2289; x_wconf 86' lang='lat' dir='ltr'><strong>penitus,privata,</strong></span> <span class='ocrx_word' id='word_1_501' title='bbox 3507 2229 3570 2269; x_wconf 91' lang='lat' dir='ltr'><strong>ac</strong></span> <span class='ocrx_word' id='word_1_502' title='bbox 3615 2212 3821 2286; x_wconf 84' lang='lat' dir='ltr'><strong>perdita</strong></span> <span class='ocrx_word' id='word_1_503' title='bbox 3866 2207 4019 2263; x_wconf 75' lang='lat' dir='ltr'><strong>vitali</strong></span> 
     </span>
    </p>
   </div>
   <div class='ocr_carea' id='block_1_68' title="bbox 2436 2300 4017 2380">
    <p class='ocr_par' dir='ltr' id='par_1_68' title="bbox 2436 2300 4017 2380">
     <span class='ocr_line' id='line_1_68' title="bbox 2436 2300 4017 2380; baseline -0.008 -15"><span class='ocrx_word' id='word_1_504' title='bbox 2436 2312 2795 2380; x_wconf 85' lang='lat' dir='ltr'><strong>frugit&#39;eraque</strong></span> <span class='ocrx_word' id='word_1_505' title='bbox 2837 2312 3052 2377; x_wconf 85' lang='lat' dir='ltr'><strong>virtute,</strong></span> <span class='ocrx_word' id='word_1_506' title='bbox 3100 2317 3317 2379; x_wconf 74' lang='lat' dir='ltr'><strong>repente</strong></span> <span class='ocrx_word' id='word_1_507' title='bbox 3362 2307 3594 2361; x_wconf 87' lang='lat' dir='ltr'><strong>fructum</strong></span> <span class='ocrx_word' id='word_1_508' title='bbox 3637 2301 3911 2357; x_wconf 86' lang='lat' dir='ltr'><strong>ostendit:</strong></span> <span class='ocrx_word' id='word_1_509' title='bbox 3943 2300 4017 2353; x_wconf 73' lang='lat' dir='ltr'><strong>ita</strong></span> 
     </span>
    </p>
   </div>
   <div class='ocr_carea' id='block_1_69' title="bbox 2434 2389 4015 2472">
    <p class='ocr_par' dir='ltr' id='par_1_69' title="bbox 2434 2389 4015 2472">
     <span class='ocr_line' id='line_1_69' title="bbox 2434 2389 4015 2472; baseline -0.009 -16"><span class='ocrx_word' id='word_1_510' title='bbox 2434 2403 2682 2456; x_wconf 89' lang='lat' dir='ltr'><strong>nimirum</strong></span> <span class='ocrx_word' id='word_1_511' title='bbox 2715 2402 2800 2456; x_wconf 88' lang='lat' dir='ltr'><strong>hic</strong></span> <span class='ocrx_word' id='word_1_512' title='bbox 2817 2416 3030 2472; x_wconf 88' lang='lat' dir='ltr'><strong>quoque</strong></span> <span class='ocrx_word' id='word_1_513' title='bbox 3059 2415 3165 2454; x_wconf 84' lang='lat' dir='ltr'><strong>vox</strong></span> <span class='ocrx_word' id='word_1_514' title='bbox 3194 2399 3374 2453; x_wconf 78' lang='lat' dir='ltr'><strong>radice</strong></span> <span class='ocrx_word' id='word_1_515' title='bbox 3399 2398 3602 2466; x_wconf 87' lang='lat' dir='ltr'><strong>privata</strong></span> <span class='ocrx_word' id='word_1_516' title='bbox 3631 2402 3686 2448; x_wconf 90' lang='lat' dir='ltr'><strong>et</strong></span> <span class='ocrx_word' id='word_1_517' title='bbox 3711 2393 3820 2446; x_wconf 88' lang='lat' dir='ltr'><strong>vim</strong></span> <span class='ocrx_word' id='word_1_518' title='bbox 3844 2405 3912 2444; x_wconf 84' lang='lat' dir='ltr'><strong>ex</strong></span> <span class='ocrx_word' id='word_1_519' title='bbox 3935 2389 4015 2442; x_wconf 81' lang='lat' dir='ltr'><strong>iu-</strong></span> 
     </span>
    </p>
   </div>
   <div class='ocr_carea' id='block_1_70' title="bbox 2431 2487 4016 2557">
    <p class='ocr_par' dir='ltr' id='par_1_70' title="bbox 2431 2487 4016 2557">
     <span class='ocr_line' id='line_1_70' title="bbox 2431 2487 4016 2557; baseline -0.009 -8"><span class='ocrx_word' id='word_1_520' title='bbox 2431 2504 2726 2550; x_wconf 87' lang='lat' dir='ltr'><strong>strumento</strong></span> <span class='ocrx_word' id='word_1_521' title='bbox 2747 2510 2852 2547; x_wconf 89' lang='lat' dir='ltr'><strong>non</strong></span> <span class='ocrx_word' id='word_1_522' title='bbox 2892 2493 3114 2557; x_wconf 84' lang='lat' dir='ltr'><strong>habens,</strong></span> <span class='ocrx_word' id='word_1_523' title='bbox 3147 2493 3201 2548; x_wconf 90' lang='lat' dir='ltr'><strong>in</strong></span> <span class='ocrx_word' id='word_1_524' title='bbox 3223 2493 3365 2545; x_wconf 84' lang='lat' dir='ltr'><strong>sicco</strong></span> <span class='ocrx_word' id='word_1_525' title='bbox 3388 2497 3441 2543; x_wconf 90' lang='lat' dir='ltr'><strong>et</strong></span> <span class='ocrx_word' id='word_1_526' title='bbox 3468 2487 3635 2542; x_wconf 92' lang='lat' dir='ltr'><strong>sterili</strong></span> <span class='ocrx_word' id='word_1_527' title='bbox 3666 2499 3760 2540; x_wconf 88' lang='lat' dir='ltr'><strong>ore</strong></span> <span class='ocrx_word' id='word_1_528' title='bbox 3790 2489 4016 2552; x_wconf 70' lang='lat' dir='ltr'><strong>repente</strong></span> 
     </span>
    </p>
   </div>
   <div class='ocr_carea' id='block_1_71' title="bbox 2430 2575 4015 2654">
    <p class='ocr_par' dir='ltr' id='par_1_71' title="bbox 2430 2575 4015 2654">
     <span class='ocr_line' id='line_1_71' title="bbox 2430 2575 4015 2654; baseline -0.009 -13"><span class='ocrx_word' id='word_1_529' title='bbox 2430 2587 2766 2654; x_wconf 86' lang='lat' dir='ltr'><strong>germinavit.</strong></span> <span class='ocrx_word' id='word_1_530' title='bbox 2811 2585 2872 2638; x_wconf 93' lang='lat' dir='ltr'><strong>ln</strong></span> <span class='ocrx_word' id='word_1_531' title='bbox 2920 2585 3020 2638; x_wconf 90' lang='lat' dir='ltr'><strong>hoc</strong></span> <span class='ocrx_word' id='word_1_532' title='bbox 3059 2583 3272 2652; x_wconf 81' lang='lat' dir='ltr'><strong>quidem</strong></span> <span class='ocrx_word' id='word_1_533' title='bbox 3302 2579 3569 2650; x_wconf 86' lang='lat' dir='ltr'><strong>cognatio,</strong></span> <span class='ocrx_word' id='word_1_534' title='bbox 3603 2578 3655 2630; x_wconf 91' lang='lat' dir='ltr'><strong>in</strong></span> <span class='ocrx_word' id='word_1_535' title='bbox 3684 2575 3788 2629; x_wconf 85' lang='lat' dir='ltr'><strong>alio</strong></span> <span class='ocrx_word' id='word_1_536' title='bbox 3830 2581 4015 2626; x_wconf 79' lang='lat' dir='ltr'><strong>autem</strong></span> 
     </span>
    </p>
   </div>
   <div class='ocr_carea' id='block_1_72' title="bbox 2432 2662 4014 2740">
    <p class='ocr_par' dir='ltr' id='par_1_72' title="bbox 2432 2662 4014 2740">
     <span class='ocr_line' id='line_1_72' title="bbox 2432 2662 4014 2740; baseline -0.01 -10"><span class='ocrx_word' id='word_1_537' title='bbox 2432 2686 2515 2731; x_wconf 92' lang='lat' dir='ltr'><strong>est</strong></span> <span class='ocrx_word' id='word_1_538' title='bbox 2541 2676 2856 2729; x_wconf 84' lang='lat' dir='ltr'><strong>excellentia</strong></span> <span class='ocrx_word' id='word_1_539' title='bbox 2887 2692 2899 2726; x_wconf 90' lang='lat'><strong>:</strong></span> <span class='ocrx_word' id='word_1_540' title='bbox 2929 2674 3068 2727; x_wconf 77' lang='lat' dir='ltr'><strong>inter</strong></span> <span class='ocrx_word' id='word_1_541' title='bbox 3099 2681 3381 2740; x_wconf 86' lang='lat' dir='ltr'><strong>utrumque</strong></span> <span class='ocrx_word' id='word_1_542' title='bbox 3408 2670 3548 2724; x_wconf 90' lang='lat' dir='ltr'><strong>enim</strong></span> <span class='ocrx_word' id='word_1_543' title='bbox 3596 2667 3823 2720; x_wconf 83' lang='lat' dir='ltr'><strong>fructum</strong></span> <span class='ocrx_word' id='word_1_544' title='bbox 3871 2662 4014 2716; x_wconf 88' lang='lat' dir='ltr'><strong>mul-</strong></span> 
     </span>
    </p>
   </div>
   <div class='ocr_carea' id='block_1_73' title="bbox 2431 2754 4014 2833">
    <p class='ocr_par' dir='ltr' id='par_1_73' title="bbox 2431 2754 4014 2833">
     <span class='ocr_line' id='line_1_73' title="bbox 2431 2754 4014 2833; baseline -0.009 -13"><span class='ocrx_word' id='word_1_545' title='bbox 2431 2777 2538 2820; x_wconf 92' lang='lat' dir='ltr'><strong>tum</strong></span> <span class='ocrx_word' id='word_1_546' title='bbox 2570 2768 2807 2819; x_wconf 89' lang='lat' dir='ltr'><strong>interest.</strong></span> <span class='ocrx_word' id='word_1_547' title='bbox 2837 2765 2967 2818; x_wconf 86' lang='lat' dir='ltr'><strong>Nam</strong></span> <span class='ocrx_word' id='word_1_548' title='bbox 3014 2764 3107 2818; x_wconf 90' lang='lat' dir='ltr'><strong>ille</strong></span> <span class='ocrx_word' id='word_1_549' title='bbox 3139 2763 3354 2833; x_wconf 89' lang='lat' dir='ltr'><strong>quidem</strong></span> <span class='ocrx_word' id='word_1_550' title='bbox 3388 2759 3599 2815; x_wconf 76' lang='lat' dir='ltr'><strong>sensilis</strong></span> <span class='ocrx_word' id='word_1_551' title='bbox 3628 2765 3759 2819; x_wconf 83' lang='lat' dir='ltr'><strong>erat,</strong></span> <span class='ocrx_word' id='word_1_552' title='bbox 3805 2754 3888 2808; x_wconf 92' lang='lat' dir='ltr'><strong>hic</strong></span> <span class='ocrx_word' id='word_1_553' title='bbox 3917 2767 4014 2806; x_wconf 86' lang='lat' dir='ltr'><strong>au-</strong></span> 
     </span>
    </p>
   </div>
   <div class='ocr_carea' id='block_1_74' title="bbox 2431 2846 4012 2941">
    <p class='ocr_par' dir='ltr' id='par_1_74' title="bbox 2431 2846 4012 2941">
     <span class='ocr_line' id='line_1_74' title="bbox 2431 2846 4012 2941; baseline -0.01 -29"><span class='ocrx_word' id='word_1_554' title='bbox 2431 2867 2536 2913; x_wconf 89' lang='lat' dir='ltr'><strong>tem</strong></span> <span class='ocrx_word' id='word_1_555' title='bbox 2565 2857 2876 2941; x_wconf 73' lang='lat' dir='ltr'><strong>spiritualis,</strong></span> <span class='ocrx_word' id='word_1_556' title='bbox 2907 2865 2960 2909; x_wconf 89' lang='lat' dir='ltr'><strong>et</strong></span> <span class='ocrx_word' id='word_1_557' title='bbox 2988 2856 3132 2925; x_wconf 89' lang='lat' dir='ltr'><strong>ipsos</strong></span> <span class='ocrx_word' id='word_1_558' title='bbox 3168 2854 3328 2909; x_wconf 66' lang='lat' dir='ltr'><strong>caelos</strong></span> <span class='ocrx_word' id='word_1_559' title='bbox 3374 2850 3622 2920; x_wconf 88' lang='lat' dir='ltr'><strong>aperiens</strong></span> <span class='ocrx_word' id='word_1_560' title='bbox 3647 2849 3717 2913; x_wconf 92' lang='lat' dir='ltr'><strong>ei,</strong></span> <span class='ocrx_word' id='word_1_561' title='bbox 3748 2846 3835 2916; x_wconf 91' lang='lat' dir='ltr'><strong>qui</strong></span> <span class='ocrx_word' id='word_1_562' title='bbox 3883 2854 4012 2898; x_wconf 88' lang='lat' dir='ltr'><strong>tunc</strong></span> 
     </span>
    </p>
   </div>
   <div class='ocr_carea' id='block_1_75' title="bbox 2426 2934 4001 3006">
    <p class='ocr_par' dir='ltr' id='par_1_75' title="bbox 2426 2934 4001 3006">
     <span class='ocr_line' id='line_1_75' title="bbox 2426 2934 4001 3006; baseline -0.01 -6"><span class='ocrx_word' id='word_1_563' title='bbox 2426 2960 2544 3001; x_wconf 86' lang='lat' dir='ltr'><strong>eam</strong></span> <span class='ocrx_word' id='word_1_564' title='bbox 2575 2934 2760 2999; x_wconf 76' lang='lat' dir='ltr'><strong>vocem</strong></span> <span class='ocrx_word' id='word_1_565' title='bbox 2801 2945 3060 2999; x_wconf 87' lang='lat' dir='ltr'><strong>ediderat.</strong></span> <span class='ocrx_word' id='word_1_566' title='bbox 3095 2944 3198 2998; x_wconf 80' lang='lat' dir='ltr'><strong>Pro</strong></span> <span class='ocrx_word' id='word_1_567' title='bbox 3237 2942 3321 2996; x_wconf 91' lang='lat' dir='ltr'><strong>his</strong></span> <span class='ocrx_word' id='word_1_568' title='bbox 3358 2939 3606 2994; x_wconf 90' lang='lat' dir='ltr'><strong>omnibus</strong></span> <span class='ocrx_word' id='word_1_569' title='bbox 3636 2934 3855 3006; x_wconf 84' lang='lat' dir='ltr'><strong>martyri</strong></span> <span class='ocrx_word' id='word_1_570' title='bbox 3880 2948 4001 3004; x_wconf 43' lang='lat' dir='ltr'><strong>grav</strong></span> 
     </span>
    </p>
   </div>
   <div class='ocr_carea' id='block_1_76' title="bbox 2426 3024 4004 3106">
    <p class='ocr_par' dir='ltr' id='par_1_76' title="bbox 2426 3024 4004 3106">
     <span class='ocr_line' id='line_1_76' title="bbox 2426 3024 4004 3106; baseline -0.01 -14"><span class='ocrx_word' id='word_1_571' title='bbox 2426 3036 2678 3102; x_wconf 87' lang='lat' dir='ltr'><strong>tulemur,</strong></span> <span class='ocrx_word' id='word_1_572' title='bbox 2712 3037 2876 3090; x_wconf 89' lang='lat' dir='ltr'><strong>Deum</strong></span> <span class='ocrx_word' id='word_1_573' title='bbox 2903 3035 3278 3106; x_wconf 88' lang='lat' dir='ltr'><strong>gloriﬂcemus,</strong></span> <span class='ocrx_word' id='word_1_574' title='bbox 3315 3031 3404 3102; x_wconf 86' lang='lat' dir='ltr'><strong>qui</strong></span> <span class='ocrx_word' id='word_1_575' title='bbox 3435 3029 3550 3085; x_wconf 69' lang='lat' dir='ltr'><strong>hazc</strong></span> <span class='ocrx_word' id='word_1_576' title='bbox 3575 3028 3702 3083; x_wconf 87' lang='lat' dir='ltr'><strong>facit</strong></span> <span class='ocrx_word' id='word_1_577' title='bbox 3729 3024 4004 3089; x_wconf 79' lang='lat' dir='ltr'><strong>miracula,</strong></span> 
     </span>
    </p>
   </div>
   <div class='ocr_carea' id='block_1_77' title="bbox 2426 3119 4010 3196">
    <p class='ocr_par' dir='ltr' id='par_1_77' title="bbox 2426 3119 4010 3196">
     <span class='ocr_line' id='line_1_77' title="bbox 2426 3119 4010 3196; baseline -0.008 -13"><span class='ocrx_word' id='word_1_578' title='bbox 2426 3129 2697 3184; x_wconf 88' lang='lat' dir='ltr'><strong>imitemur</strong></span> <span class='ocrx_word' id='word_1_579' title='bbox 2735 3128 2980 3182; x_wconf 88' lang='lat' dir='ltr'><strong>conservi</strong></span> <span class='ocrx_word' id='word_1_580' title='bbox 3028 3128 3355 3196; x_wconf 84' lang='lat' dir='ltr'><strong>patientiam,</strong></span> <span class='ocrx_word' id='word_1_581' title='bbox 3398 3124 3596 3193; x_wconf 85' lang='lat' dir='ltr'><strong>gratias</strong></span> <span class='ocrx_word' id='word_1_582' title='bbox 3638 3133 3854 3190; x_wconf 81' lang='lat' dir='ltr'><strong>agamus</strong></span> <span class='ocrx_word' id='word_1_583' title='bbox 3900 3119 4010 3171; x_wconf 80' lang='lat' dir='ltr'><strong>Do-</strong></span> 
     </span>
    </p>
   </div>
   <div class='ocr_carea' id='block_1_78' title="bbox 2426 3209 4007 3289">
    <p class='ocr_par' dir='ltr' id='par_1_78' title="bbox 2426 3209 4007 3289">
     <span class='ocr_line' id='line_1_78' title="bbox 2426 3209 4007 3289; baseline -0.007 -15"><span class='ocrx_word' id='word_1_584' title='bbox 2426 3219 2572 3274; x_wconf 89' lang='lat' dir='ltr'><strong>mino</strong></span> <span class='ocrx_word' id='word_1_585' title='bbox 2608 3234 2704 3286; x_wconf 79' lang='lat' dir='ltr'><strong>pro</strong></span> <span class='ocrx_word' id='word_1_586' title='bbox 2728 3221 2894 3289; x_wconf 90' lang='lat' dir='ltr'><strong>gratia</strong></span> <span class='ocrx_word' id='word_1_587' title='bbox 2925 3237 2936 3271; x_wconf 92' lang='lat'>:</span> <span class='ocrx_word' id='word_1_588' title='bbox 2965 3233 3031 3272; x_wconf 91' lang='lat' dir='ltr'><strong>ex</strong></span> <span class='ocrx_word' id='word_1_589' title='bbox 3063 3218 3126 3272; x_wconf 92' lang='lat' dir='ltr'><strong>iis</strong></span> <span class='ocrx_word' id='word_1_590' title='bbox 3157 3231 3274 3286; x_wconf 72' lang='lat' dir='ltr'><strong>qua:</strong></span> <span class='ocrx_word' id='word_1_591' title='bbox 3292 3215 3440 3270; x_wconf 89' lang='lat' dir='ltr'><strong>dicta</strong></span> <span class='ocrx_word' id='word_1_592' title='bbox 3483 3222 3627 3279; x_wconf 89' lang='lat' dir='ltr'><strong>sunt,</strong></span> <span class='ocrx_word' id='word_1_593' title='bbox 3655 3209 4007 3266; x_wconf 76' lang='lat' dir='ltr'><strong>sufficientem</strong></span> 
     </span>
    </p>
   </div>
   <div class='ocr_carea' id='block_1_79' title="bbox 2424 3302 4000 3373">
    <p class='ocr_par' dir='ltr' id='par_1_79' title="bbox 2424 3302 4000 3373">
     <span class='ocr_line' id='line_1_79' title="bbox 2424 3302 4000 3373; baseline -0.006 -8"><span class='ocrx_word' id='word_1_594' title='bbox 2424 3311 2478 3365; x_wconf 90' lang='lat' dir='ltr'><strong>in</strong></span> <span class='ocrx_word' id='word_1_595' title='bbox 2519 3311 2896 3365; x_wconf 85' lang='lat' dir='ltr'><strong>tentationibus</strong></span> <span class='ocrx_word' id='word_1_596' title='bbox 2939 3308 3358 3364; x_wconf 87' lang='lat' dir='ltr'><strong>consolationem</strong></span> <span class='ocrx_word' id='word_1_597' title='bbox 3399 3305 3743 3373; x_wconf 87' lang='lat' dir='ltr'><strong>accipiamus,</strong></span> <span class='ocrx_word' id='word_1_598' title='bbox 3788 3309 3841 3357; x_wconf 89' lang='lat' dir='ltr'><strong>et</strong></span> <span class='ocrx_word' id='word_1_599' title='bbox 3886 3302 4000 3366; x_wconf 83' lang='lat' dir='ltr'><strong>Dei,</strong></span> 
     </span>
    </p>
   </div>
   <div class='ocr_carea' id='block_1_80' title="bbox 2421 3395 4003 3472">
    <p class='ocr_par' dir='ltr' id='par_1_80' title="bbox 2421 3395 4003 3472">
     <span class='ocr_line' id='line_1_80' title="bbox 2421 3395 4003 3472; baseline -0.008 -15"><span class='ocrx_word' id='word_1_600' title='bbox 2421 3404 2510 3472; x_wconf 92' lang='lat' dir='ltr'><strong>qui</strong></span> <span class='ocrx_word' id='word_1_601' title='bbox 2538 3418 2636 3457; x_wconf 90' lang='lat' dir='ltr'><strong>nos</strong></span> <span class='ocrx_word' id='word_1_602' title='bbox 2661 3401 2804 3470; x_wconf 83' lang='lat' dir='ltr'><strong>fecit,</strong></span> <span class='ocrx_word' id='word_1_603' title='bbox 2835 3402 3125 3471; x_wconf 87' lang='lat' dir='ltr'><strong>potentiam</strong></span> <span class='ocrx_word' id='word_1_604' title='bbox 3146 3408 3200 3454; x_wconf 90' lang='lat' dir='ltr'><strong>et</strong></span> <span class='ocrx_word' id='word_1_605' title='bbox 3224 3413 3405 3464; x_wconf 87' lang='lat' dir='ltr'><strong>curam</strong></span> <span class='ocrx_word' id='word_1_606' title='bbox 3433 3395 3757 3465; x_wconf 86' lang='lat' dir='ltr'><strong>admirantes</strong></span> <span class='ocrx_word' id='word_1_607' title='bbox 3783 3407 3845 3446; x_wconf 87' lang='lat' dir='ltr'><strong>ac</strong></span> <span class='ocrx_word' id='word_1_608' title='bbox 3871 3407 4003 3462; x_wconf 84' lang='lat' dir='ltr'><strong>pro—</strong></span> 
     </span>
    </p>
   </div>
   <div class='ocr_carea' id='block_1_81' title="bbox 2420 3484 4007 3561">
    <p class='ocr_par' dir='ltr' id='par_1_81' title="bbox 2420 3484 4007 3561">
     <span class='ocr_line' id='line_1_81' title="bbox 2420 3484 4007 3561; baseline -0.007 -15"><span class='ocrx_word' id='word_1_609' title='bbox 2420 3493 2731 3558; x_wconf 86' lang='lat' dir='ltr'><strong>videntiam,</strong></span> <span class='ocrx_word' id='word_1_610' title='bbox 2775 3493 2954 3547; x_wconf 88' lang='lat' dir='ltr'><strong>omnia</strong></span> <span class='ocrx_word' id='word_1_611' title='bbox 2980 3505 3100 3561; x_wconf 75' lang='lat' dir='ltr'><strong>qua:</strong></span> <span class='ocrx_word' id='word_1_612' title='bbox 3145 3505 3210 3544; x_wconf 88' lang='lat' dir='ltr'><strong>ex</strong></span> <span class='ocrx_word' id='word_1_613' title='bbox 3244 3488 3398 3542; x_wconf 90' lang='lat' dir='ltr'><strong>nobis</strong></span> <span class='ocrx_word' id='word_1_614' title='bbox 3440 3494 3566 3541; x_wconf 90' lang='lat' dir='ltr'><strong>sunt</strong></span> <span class='ocrx_word' id='word_1_615' title='bbox 3604 3484 3906 3550; x_wconf 81' lang='lat' dir='ltr'><strong>aﬂ&#39;eramus,</strong></span> <span class='ocrx_word' id='word_1_616' title='bbox 3945 3491 4007 3537; x_wconf 73' lang='lat' dir='ltr'><strong>et</strong></span> 
     </span>
    </p>
   </div>
   <div class='ocr_carea' id='block_1_82' title="bbox 2419 3572 4004 3655">
    <p class='ocr_par' dir='ltr' id='par_1_82' title="bbox 2419 3572 4004 3655">
     <span class='ocr_line' id='line_1_82' title="bbox 2419 3572 4004 3655; baseline -0.008 -16"><span class='ocrx_word' id='word_1_617' title='bbox 2419 3599 2537 3655; x_wconf 78' lang='lat' dir='ltr'><strong>qua:</strong></span> <span class='ocrx_word' id='word_1_618' title='bbox 2563 3599 2629 3639; x_wconf 87' lang='lat' dir='ltr'><strong>ex</strong></span> <span class='ocrx_word' id='word_1_619' title='bbox 2670 3597 2736 3637; x_wconf 92' lang='lat' dir='ltr'><strong>eo</strong></span> <span class='ocrx_word' id='word_1_620' title='bbox 2780 3591 2924 3649; x_wconf 88' lang='lat' dir='ltr'><strong>sunt,</strong></span> <span class='ocrx_word' id='word_1_621' title='bbox 2975 3582 3190 3636; x_wconf 88' lang='lat' dir='ltr'><strong>omnino</strong></span> <span class='ocrx_word' id='word_1_622' title='bbox 3219 3585 3632 3648; x_wconf 88' lang='lat' dir='ltr'><strong>consequentur.</strong></span> <span class='ocrx_word' id='word_1_623' title='bbox 3661 3573 3783 3629; x_wconf 90' lang='lat' dir='ltr'><strong>Sive</strong></span> <span class='ocrx_word' id='word_1_624' title='bbox 3829 3572 4004 3627; x_wconf 85' lang='lat' dir='ltr'><strong>homi-</strong></span> 
     </span>
    </p>
   </div>
   <div class='ocr_carea' id='block_1_83' title="bbox 2419 3665 4003 3740">
    <p class='ocr_par' dir='ltr' id='par_1_83' title="bbox 2419 3665 4003 3740">
     <span class='ocr_line' id='line_1_83' title="bbox 2419 3665 4003 3740; baseline -0.008 -11"><span class='ocrx_word' id='word_1_625' title='bbox 2419 3690 2535 3739; x_wconf 88' lang='lat' dir='ltr'><strong>nes,</strong></span> <span class='ocrx_word' id='word_1_626' title='bbox 2567 3675 2684 3729; x_wconf 88' lang='lat' dir='ltr'><strong>sive</strong></span> <span class='ocrx_word' id='word_1_627' title='bbox 2719 3673 3010 3738; x_wconf 77' lang='lat' dir='ltr'><strong>dacmones,</strong></span> <span class='ocrx_word' id='word_1_628' title='bbox 3040 3672 3151 3726; x_wconf 89' lang='lat' dir='ltr'><strong>sive</strong></span> <span class='ocrx_word' id='word_1_629' title='bbox 3180 3670 3295 3740; x_wconf 88' lang='lat' dir='ltr'><strong>ipse</strong></span> <span class='ocrx_word' id='word_1_630' title='bbox 3322 3668 3563 3723; x_wconf 89' lang='lat' dir='ltr'><strong>diabolus</strong></span> <span class='ocrx_word' id='word_1_631' title='bbox 3585 3665 3874 3731; x_wconf 81' lang='lat' dir='ltr'><strong>adversum</strong></span> <span class='ocrx_word' id='word_1_632' title='bbox 3902 3677 4003 3717; x_wconf 77' lang='lat' dir='ltr'><strong>nos</strong></span> 
     </span>
    </p>
   </div>
   <div class='ocr_carea' id='block_1_84' title="bbox 2417 3759 4002 3835">
    <p class='ocr_par' dir='ltr' id='par_1_84' title="bbox 2417 3759 4002 3835">
     <span class='ocr_line' id='line_1_84' title="bbox 2417 3759 4002 3835; baseline -0.009 -16"><span class='ocrx_word' id='word_1_633' title='bbox 2417 3765 2723 3835; x_wconf 87' lang='lat' dir='ltr'><strong>depugnet,</strong></span> <span class='ocrx_word' id='word_1_634' title='bbox 2763 3763 2896 3817; x_wconf 89' lang='lat' dir='ltr'><strong>nihil</strong></span> <span class='ocrx_word' id='word_1_635' title='bbox 2942 3760 3216 3832; x_wconf 84' lang='lat' dir='ltr'><strong>proficient</strong></span> <span class='ocrx_word' id='word_1_636' title='bbox 3264 3760 3339 3828; x_wconf 89' lang='lat' dir='ltr'><strong>ii,</strong></span> <span class='ocrx_word' id='word_1_637' title='bbox 3385 3759 3473 3828; x_wconf 89' lang='lat' dir='ltr'><strong>qui</strong></span> <span class='ocrx_word' id='word_1_638' title='bbox 3521 3771 3623 3810; x_wconf 89' lang='lat' dir='ltr'><strong>nos</strong></span> <span class='ocrx_word' id='word_1_639' title='bbox 3653 3759 4002 3824; x_wconf 83' lang='lat' dir='ltr'><strong>Oppugnant:</strong></span> 
     </span>
    </p>
   </div>
   <div class='ocr_carea' id='block_1_85' title="bbox 2417 3842 3997 3924">
    <p class='ocr_par' dir='ltr' id='par_1_85' title="bbox 2417 3842 3997 3924">
     <span class='ocr_line' id='line_1_85' title="bbox 2417 3842 3997 3924; baseline -0.009 -14"><span class='ocrx_word' id='word_1_640' title='bbox 2417 3855 2578 3910; x_wconf 90' lang='lat' dir='ltr'><strong>modo</strong></span> <span class='ocrx_word' id='word_1_641' title='bbox 2603 3864 2902 3924; x_wconf 89' lang='lat' dir='ltr'><strong>promptum</strong></span> <span class='ocrx_word' id='word_1_642' title='bbox 2932 3861 3169 3906; x_wconf 90' lang='lat' dir='ltr'><strong>nostrum</strong></span> <span class='ocrx_word' id='word_1_643' title='bbox 3191 3849 3353 3903; x_wconf 88' lang='lat' dir='ltr'><strong>animi</strong></span> <span class='ocrx_word' id='word_1_644' title='bbox 3376 3847 3606 3902; x_wconf 86' lang='lat' dir='ltr'><strong>studium</strong></span> <span class='ocrx_word' id='word_1_645' title='bbox 3633 3842 3997 3906; x_wconf 87' lang='lat' dir='ltr'><strong>ostendamus,</strong></span> 
     </span>
    </p>
   </div>
   <div class='ocr_carea' id='block_1_86' title="bbox 2411 3931 4001 4016">
    <p class='ocr_par' dir='ltr' id='par_1_86' title="bbox 2411 3931 4001 4016">
     <span class='ocr_line' id='line_1_86' title="bbox 2411 3931 4001 4016; baseline -0.009 -16"><span class='ocrx_word' id='word_1_646' title='bbox 2411 3955 2473 4000; x_wconf 86' lang='lat' dir='ltr'><strong>et</strong></span> <span class='ocrx_word' id='word_1_647' title='bbox 2495 3961 2614 4016; x_wconf 76' lang='lat' dir='ltr'><strong>qua:</strong></span> <span class='ocrx_word' id='word_1_648' title='bbox 2651 3959 2681 3998; x_wconf 92' lang='lat' dir='ltr'><strong>a</strong></span> <span class='ocrx_word' id='word_1_649' title='bbox 2716 3943 2871 3999; x_wconf 85' lang='lat' dir='ltr'><strong>nobis</strong></span> <span class='ocrx_word' id='word_1_650' title='bbox 2895 3943 3071 3998; x_wconf 82' lang='lat' dir='ltr'><strong>afferri</strong></span> <span class='ocrx_word' id='word_1_651' title='bbox 3101 3948 3332 4012; x_wconf 88' lang='lat' dir='ltr'><strong>oportet,</strong></span> <span class='ocrx_word' id='word_1_652' title='bbox 3372 3938 3549 3994; x_wconf 87' lang='lat' dir='ltr'><strong>omnia</strong></span> <span class='ocrx_word' id='word_1_653' title='bbox 3573 3934 3876 3990; x_wconf 76' lang='lat' dir='ltr'><strong>efferamus.</strong></span> <span class='ocrx_word' id='word_1_654' title='bbox 3907 3931 4001 3988; x_wconf 86' lang='lat' dir='ltr'><strong>Sic</strong></span> 
     </span>
    </p>
   </div>
   <div class='ocr_carea' id='block_1_87' title="bbox 2415 4023 3999 4095">
    <p class='ocr_par' dir='ltr' id='par_1_87' title="bbox 2415 4023 3999 4095">
     <span class='ocr_line' id='line_1_87' title="bbox 2415 4023 3999 4095; baseline -0.009 -2"><span class='ocrx_word' id='word_1_655' title='bbox 2415 4039 2559 4093; x_wconf 89' lang='lat' dir='ltr'><strong>enim</strong></span> <span class='ocrx_word' id='word_1_656' title='bbox 2588 4045 2642 4092; x_wconf 91' lang='lat' dir='ltr'><strong>et</strong></span> <span class='ocrx_word' id='word_1_657' title='bbox 2667 4036 2754 4091; x_wconf 89' lang='lat' dir='ltr'><strong>hic</strong></span> <span class='ocrx_word' id='word_1_658' title='bbox 2783 4036 2876 4090; x_wconf 91' lang='lat' dir='ltr'><strong>Dei</strong></span> <span class='ocrx_word' id='word_1_659' title='bbox 2908 4034 3160 4089; x_wconf 88' lang='lat' dir='ltr'><strong>auxilium</strong></span> <span class='ocrx_word' id='word_1_660' title='bbox 3197 4031 3550 4095; x_wconf 85' lang='lat' dir='ltr'><strong>attrabemus,</strong></span> <span class='ocrx_word' id='word_1_661' title='bbox 3596 4039 3652 4083; x_wconf 84' lang='lat' dir='ltr'><strong>et</strong></span> <span class='ocrx_word' id='word_1_662' title='bbox 3683 4027 3736 4081; x_wconf 83' lang='lat' dir='ltr'><strong>in</strong></span> <span class='ocrx_word' id='word_1_663' title='bbox 3777 4026 3885 4080; x_wconf 86' lang='lat' dir='ltr'><strong>vita</strong></span> <span class='ocrx_word' id='word_1_664' title='bbox 3911 4023 3999 4080; x_wconf 85' lang='lat' dir='ltr'><strong>fu-</strong></span> 
     </span>
    </p>
   </div>
   <div class='ocr_carea' id='block_1_88' title="bbox 2415 4114 3997 4195">
    <p class='ocr_par' dir='ltr' id='par_1_88' title="bbox 2415 4114 3997 4195">
     <span class='ocr_line' id='line_1_88' title="bbox 2415 4114 3997 4195; baseline -0.008 -14"><span class='ocrx_word' id='word_1_665' title='bbox 2415 4135 2532 4182; x_wconf 90' lang='lat' dir='ltr'><strong>tura</strong></span> <span class='ocrx_word' id='word_1_666' title='bbox 2562 4141 2750 4195; x_wconf 83' lang='lat' dir='ltr'><strong>magna</strong></span> <span class='ocrx_word' id='word_1_667' title='bbox 2769 4125 2941 4195; x_wconf 90' lang='lat' dir='ltr'><strong>gloria</strong></span> <span class='ocrx_word' id='word_1_668' title='bbox 2964 4133 3020 4178; x_wconf 90' lang='lat' dir='ltr'><strong>ct</strong></span> <span class='ocrx_word' id='word_1_669' title='bbox 3039 4123 3209 4178; x_wconf 87' lang='lat' dir='ltr'><strong>salute</strong></span> <span class='ocrx_word' id='word_1_670' title='bbox 3232 4120 3570 4192; x_wconf 89' lang='lat' dir='ltr'><strong>perfruemur</strong></span> <span class='ocrx_word' id='word_1_671' title='bbox 3597 4135 3610 4169; x_wconf 90' lang='lat'><strong>:</strong></span> <span class='ocrx_word' id='word_1_672' title='bbox 3639 4132 3797 4187; x_wconf 86' lang='lat' dir='ltr'><strong>quam</strong></span> <span class='ocrx_word' id='word_1_673' title='bbox 3828 4114 3997 4170; x_wconf 85' lang='lat' dir='ltr'><strong>nobis</strong></span> 
     </span>
    </p>
   </div>
   <div class='ocr_carea' id='block_1_89' title="bbox 2415 4206 3998 4288">
    <p class='ocr_par' dir='ltr' id='par_1_89' title="bbox 2415 4206 3998 4288">
     <span class='ocr_line' id='line_1_89' title="bbox 2415 4206 3998 4288; baseline -0.008 -16"><span class='ocrx_word' id='word_1_674' title='bbox 2415 4220 2661 4272; x_wconf 90' lang='lat' dir='ltr'><strong>omnibus</strong></span> <span class='ocrx_word' id='word_1_675' title='bbox 2680 4217 2932 4287; x_wconf 89' lang='lat' dir='ltr'><strong>consequi</strong></span> <span class='ocrx_word' id='word_1_676' title='bbox 2958 4214 3131 4280; x_wconf 90' lang='lat' dir='ltr'><strong>detur,</strong></span> <span class='ocrx_word' id='word_1_677' title='bbox 3160 4214 3330 4288; x_wconf 87' lang='lat' dir='ltr'><strong>gratia</strong></span> <span class='ocrx_word' id='word_1_678' title='bbox 3359 4221 3411 4266; x_wconf 90' lang='lat' dir='ltr'><strong>et</strong></span> <span class='ocrx_word' id='word_1_679' title='bbox 3439 4208 3766 4280; x_wconf 86' lang='lat' dir='ltr'><strong>benignitate</strong></span> <span class='ocrx_word' id='word_1_680' title='bbox 3786 4206 3998 4261; x_wconf 83' lang='lat' dir='ltr'><strong>Domini</strong></span> 
     </span>
    </p>
   </div>
   <div class='ocr_carea' id='block_1_90' title="bbox 2416 4297 3997 4374">
    <p class='ocr_par' dir='ltr' id='par_1_90' title="bbox 2416 4297 3997 4374">
     <span class='ocr_line' id='line_1_90' title="bbox 2416 4297 3997 4374; baseline -0.008 -11"><span class='ocrx_word' id='word_1_681' title='bbox 2416 4309 2582 4363; x_wconf 87' lang='lat' dir='ltr'><strong>nostri</strong></span> <span class='ocrx_word' id='word_1_682' title='bbox 2607 4310 2731 4363; x_wconf 82' lang='lat' dir='ltr'><strong>Jesu</strong></span> <span class='ocrx_word' id='word_1_683' title='bbox 2758 4307 2975 4373; x_wconf 88' lang='lat' dir='ltr'><strong>Christi,</strong></span> <span class='ocrx_word' id='word_1_684' title='bbox 3007 4322 3127 4361; x_wconf 90' lang='lat' dir='ltr'><strong>cum</strong></span> <span class='ocrx_word' id='word_1_685' title='bbox 3154 4319 3259 4374; x_wconf 90' lang='lat' dir='ltr'><strong>quo</strong></span> <span class='ocrx_word' id='word_1_686' title='bbox 3294 4303 3436 4357; x_wconf 82' lang='lat' dir='ltr'><strong>Patri</strong></span> <span class='ocrx_word' id='word_1_687' title='bbox 3460 4301 3620 4356; x_wconf 89' lang='lat' dir='ltr'><strong>simul</strong></span> <span class='ocrx_word' id='word_1_688' title='bbox 3647 4315 3770 4354; x_wconf 88' lang='lat' dir='ltr'><strong>cum</strong></span> <span class='ocrx_word' id='word_1_689' title='bbox 3795 4297 3997 4371; x_wconf 85' lang='lat' dir='ltr'><strong>Spiritu</strong></span> 
     </span>
    </p>
   </div>
   <div class='ocr_carea' id='block_1_91' title="bbox 2414 4391 3999 4469">
    <p class='ocr_par' dir='ltr' id='par_1_91' title="bbox 2414 4391 3999 4469">
     <span class='ocr_line' id='line_1_91' title="bbox 2414 4391 3999 4469; baseline -0.006 -15"><span class='ocrx_word' id='word_1_690' title='bbox 2414 4408 2597 4455; x_wconf 86' lang='lat' dir='ltr'><strong>sancto</strong></span> <span class='ocrx_word' id='word_1_691' title='bbox 2624 4401 2809 4469; x_wconf 89' lang='lat' dir='ltr'><strong>gloria,</strong></span> <span class='ocrx_word' id='word_1_692' title='bbox 2833 4399 3012 4456; x_wconf 81' lang='lat' dir='ltr'><strong>honor</strong></span> <span class='ocrx_word' id='word_1_693' title='bbox 3037 4406 3091 4452; x_wconf 79' lang='lat' dir='ltr'><strong>ct</strong></span> <span class='ocrx_word' id='word_1_694' title='bbox 3117 4398 3418 4467; x_wconf 77' lang='lat' dir='ltr'><strong>imperium,</strong></span> <span class='ocrx_word' id='word_1_695' title='bbox 3458 4395 3512 4450; x_wconf 88' lang='lat' dir='ltr'><strong>in</strong></span> <span class='ocrx_word' id='word_1_696' title='bbox 3541 4392 3740 4448; x_wconf 67' lang='lat' dir='ltr'><strong>smcula</strong></span> <span class='ocrx_word' id='word_1_697' title='bbox 3775 4391 3999 4446; x_wconf 69' lang='lat' dir='ltr'><strong>sacculo-</strong></span> 
     </span>
    </p>
   </div>
   <div class='ocr_carea' id='block_1_92' title="bbox 736 4475 2772 4552">
    <p class='ocr_par' dir='ltr' id='par_1_92' title="bbox 736 4475 2772 4552">
     <span class='ocr_line' id='line_1_92' title="bbox 736 4475 2772 4552; baseline 0.005 -21"><span class='ocrx_word' id='word_1_698' title='bbox 736 4480 861 4532; x_wconf 76' lang='lat' dir='ltr'><strong>titau</strong></span> <span class='ocrx_word' id='word_1_699' title='bbox 903 4477 1151 4548; x_wconf 69' lang='grc' dir='ltr'><strong>ρει-ι’εεὶεεὶ</strong></span> <span class='ocrx_word' id='word_1_700' title='bbox 1198 4477 1397 4532; x_wconf 79' lang='lat' dir='ltr'><strong>Iaudem</strong></span> <span class='ocrx_word' id='word_1_701' title='bbox 1431 4475 1602 4551; x_wconf 74' lang='grc' dir='ltr'><strong>(Ρωι.</strong></span> <span class='ocrx_word' id='word_1_702' title='bbox 1651 4478 1706 4533; x_wconf 91' lang='lat'><strong>8.</strong></span> <span class='ocrx_word' id='word_1_703' title='bbox 1756 4479 1810 4532; x_wconf 77' lang='grc'><strong>2.</strong></span> <span class='ocrx_word' id='word_1_704' title='bbox 1849 4480 1926 4551; x_wconf 81' lang='grc'><strong>5).</strong></span> <span class='ocrx_word' id='word_1_705' title='bbox 1971 4484 2144 4552; x_wconf 88' lang='lat' dir='ltr'><strong>Atque</strong></span> <span class='ocrx_word' id='word_1_706' title='bbox 2184 4493 2308 4537; x_wconf 88' lang='lat' dir='ltr'><strong>tunc</strong></span> <span class='ocrx_word' id='word_1_707' title='bbox 2405 4507 2552 4547; x_wconf 61' lang='lat' dir='ltr'><strong>rum.</strong></span> <span class='ocrx_word' id='word_1_708' title='bbox 2581 4493 2772 4546; x_wconf 81' lang='lat' dir='ltr'><strong>Amen.</strong></span> 
     </span>
    </p>
   </div>
   <div class='ocr_carea' id='block_1_93' title="bbox 732 4566 2304 4639">
    <p class='ocr_par' dir='ltr' id='par_1_93' title="bbox 732 4566 2304 4639">
     <span class='ocr_line' id='line_1_93' title="bbox 732 4566 2304 4639; baseline 0.003 -17"><span class='ocrx_word' id='word_1_709' title='bbox 732 4566 946 4638; x_wconf 81' lang='lat' dir='ltr'><strong>quidem</strong></span> <span class='ocrx_word' id='word_1_710' title='bbox 973 4581 1038 4622; x_wconf 81' lang='lat' dir='ltr'><strong>ex</strong></span> <span class='ocrx_word' id='word_1_711' title='bbox 1061 4581 1161 4622; x_wconf 87' lang='lat' dir='ltr'><strong>ore</strong></span> <span class='ocrx_word' id='word_1_712' title='bbox 1195 4566 1470 4622; x_wconf 88' lang='lat' dir='ltr'><strong>infantium</strong></span> <span class='ocrx_word' id='word_1_713' title='bbox 1509 4577 1564 4624; x_wconf 89' lang='lat' dir='ltr'><strong>et</strong></span> <span class='ocrx_word' id='word_1_714' title='bbox 1603 4569 1930 4639; x_wconf 89' lang='lat' dir='ltr'><strong>lactentium,</strong></span> <span class='ocrx_word' id='word_1_715' title='bbox 1962 4587 2102 4627; x_wconf 85' lang='lat' dir='ltr'><strong>nunc</strong></span> <span class='ocrx_word' id='word_1_716' title='bbox 2128 4583 2304 4628; x_wconf 84' lang='lat' dir='ltr'><strong>autem</strong></span> 
     </span>
    </p>
   </div>
   <div class='ocr_carea' id='block_1_94' title="bbox 1086 4775 3632 4891">
    <p class='ocr_par' dir='ltr' id='par_1_94' title="bbox 1086 4775 3632 4891">
     <span class='ocr_line' id='line_1_94' title="bbox 1086 4775 3632 4891; baseline 0.002 -12"><span class='ocrx_word' id='word_1_717' title='bbox 1086 4775 1297 4879; x_wconf 85' lang='lat' dir='ltr'><strong>DE</strong></span> <span class='ocrx_word' id='word_1_718' title='bbox 1377 4778 2012 4886; x_wconf 71' lang='lat' dir='ltr'><strong>SANCTO</strong></span> <span class='ocrx_word' id='word_1_719' title='bbox 2071 4782 2414 4888; x_wconf 65' lang='lat' dir='ltr'><strong>MAR</strong></span> <span class='ocrx_word' id='word_1_720' title='bbox 2440 4786 2542 4887; x_wconf 92' lang='grc' dir='ltr'><em>Τ</em></span> <span class='ocrx_word' id='word_1_721' title='bbox 2556 4781 2857 4888; x_wconf 76' lang='grc' dir='ltr'><strong>ΥΒΕ</strong></span> <span class='ocrx_word' id='word_1_722' title='bbox 2931 4778 3632 4891; x_wconf 72' lang='lat' dir='ltr'><strong>ROMANO.</strong></span> 
     </span>
    </p>
   </div>
   <div class='ocr_carea' id='block_1_95' title="bbox 2192 4986 2592 5022">
    <p class='ocr_par' dir='ltr' id='par_1_95' title="bbox 2192 4986 2592 5022">
     <span class='ocr_line' id='line_1_95' title="bbox 2192 4986 2592 5022; baseline 0.01 -12"><span class='ocrx_word' id='word_1_723' title='bbox 2192 4986 2592 5022; x_wconf 62' lang='lat' dir='ltr'><strong>W—</strong></span> 
     </span>
    </p>
   </div>
   <div class='ocr_carea' id='block_1_96' title="bbox 1319 5103 1707 5171">
    <p class='ocr_par' dir='ltr' id='par_1_96' title="bbox 1319 5103 1707 5171">
     <span class='ocr_line' id='line_1_96' title="bbox 1319 5103 1707 5171; baseline 0 -15"><span class='ocrx_word' id='word_1_724' title='bbox 1319 5117 1510 5157; x_wconf 78' lang='lat' dir='ltr'><strong>oumo</strong></span> <span class='ocrx_word' id='word_1_725' title='bbox 1549 5117 1582 5158; x_wconf 79' lang='lat' dir='ltr'><strong>tt</strong></span> <span class='ocrx_word' id='word_1_726' title='bbox 1611 5103 1707 5171; x_wconf 78' lang='grc' dir='ltr'><strong>(α).</strong></span> 
     </span>
    </p>
   </div>
   <div class='ocr_carea' id='block_1_97' title="bbox 799 5189 2298 5263">
    <p class='ocr_par' dir='ltr' id='par_1_97' title="bbox 799 5189 2298 5263">
     <span class='ocr_line' id='line_1_97' title="bbox 799 5189 2298 5263; baseline 0.001 -16"><span class='ocrx_word' id='word_1_727' title='bbox 799 5194 854 5247; x_wconf 77' lang='grc' dir='ltr'><strong>Ι.</strong></span> <span class='ocrx_word' id='word_1_728' title='bbox 896 5189 1179 5261; x_wconf 70' lang='lat' dir='ltr'><strong>Martyrum</strong></span> <span class='ocrx_word' id='word_1_729' title='bbox 1226 5194 1709 5247; x_wconf 79' lang='lat' dir='ltr'><strong>commemorationia</strong></span> <span class='ocrx_word' id='word_1_730' title='bbox 1756 5193 1972 5248; x_wconf 76' lang='lat' dir='ltr'><strong>utilitas.</strong></span> <span class='ocrx_word' id='word_1_731' title='bbox 2017 5191 2298 5263; x_wconf 72' lang='lat' dir='ltr'><strong>Descriptio</strong></span> 
     </span>
    </p>
   </div>
   <div class='ocr_carea' id='block_1_98' title="bbox 720 5271 2300 5358">
    <p class='ocr_par' dir='ltr' id='par_1_98' title="bbox 720 5271 2300 5358">
     <span class='ocr_line' id='line_1_98' title="bbox 720 5271 2300 5358; baseline 0.006 -23"><span class='ocrx_word' id='word_1_732' title='bbox 720 5283 1118 5352; x_wconf 70' lang='lat' dir='ltr'><strong>persequutionis</strong></span> <span class='ocrx_word' id='word_1_733' title='bbox 1145 5271 1471 5340; x_wconf 71' lang='lat' dir='ltr'><strong>similitudine</strong></span> <span class='ocrx_word' id='word_1_734' title='bbox 1493 5303 1526 5339; x_wconf 93' lang='lat' dir='ltr'><strong>a</strong></span> <span class='ocrx_word' id='word_1_735' title='bbox 1547 5287 1675 5340; x_wconf 80' lang='lat' dir='ltr'><strong>mari</strong></span> <span class='ocrx_word' id='word_1_736' title='bbox 1694 5299 1913 5358; x_wconf 81' lang='lat' dir='ltr'><strong>sumpta.</strong></span> <span class='ocrx_word' id='word_1_737' title='bbox 1940 5318 2009 5328; x_wconf 91' lang='lat'>—</span> <span class='ocrx_word' id='word_1_738' title='bbox 2034 5289 2300 5344; x_wconf 66' lang='lat' dir='ltr'><strong>Palaestra:</strong></span> 
     </span>
    </p>
   </div>
   <div class='ocr_carea' id='block_1_99' title="bbox 727 5372 2300 5449">
    <p class='ocr_par' dir='ltr' id='par_1_99' title="bbox 727 5372 2300 5449">
     <span class='ocr_line' id='line_1_99' title="bbox 727 5372 2300 5449; baseline 0.008 -23"><span class='ocrx_word' id='word_1_739' title='bbox 727 5372 939 5441; x_wconf 88' lang='lat' dir='ltr'><strong>quidem</strong></span> <span class='ocrx_word' id='word_1_740' title='bbox 968 5375 1278 5442; x_wconf 91' lang='lat' dir='ltr'><strong>corporibus</strong></span> <span class='ocrx_word' id='word_1_741' title='bbox 1308 5378 1468 5432; x_wconf 89' lang='lat' dir='ltr'><strong>robur</strong></span> <span class='ocrx_word' id='word_1_742' title='bbox 1507 5393 1570 5433; x_wconf 92' lang='lat' dir='ltr'><strong>ac</strong></span> <span class='ocrx_word' id='word_1_743' title='bbox 1609 5380 1850 5449; x_wconf 89' lang='lat' dir='ltr'><strong>peritiam</strong></span> <span class='ocrx_word' id='word_1_744' title='bbox 1882 5381 2142 5436; x_wconf 80' lang='lat' dir='ltr'><strong>athletica:</strong></span> <span class='ocrx_word' id='word_1_745' title='bbox 2169 5385 2300 5438; x_wconf 74' lang='lat' dir='ltr'><strong>altis</strong></span> 
     </span>
    </p>
   </div>
   <div class='ocr_carea' id='block_1_100' title="bbox 725 5467 2299 5539">
    <p class='ocr_par' dir='ltr' id='par_1_100' title="bbox 725 5467 2299 5539">
     <span class='ocr_line' id='line_1_100' title="bbox 725 5467 2299 5539; baseline 0.008 -20"><span class='ocrx_word' id='word_1_746' title='bbox 725 5467 1021 5538; x_wconf 71' lang='lat' dir='ltr'><strong>acquirunt,</strong></span> <span class='ocrx_word' id='word_1_747' title='bbox 1061 5477 1348 5539; x_wconf 85' lang='lat' dir='ltr'><strong>martyrum</strong></span> <span class='ocrx_word' id='word_1_748' title='bbox 1378 5484 1504 5527; x_wconf 92' lang='lat' dir='ltr'><strong>vero</strong></span> <span class='ocrx_word' id='word_1_749' title='bbox 1541 5476 2071 5531; x_wconf 88' lang='lat' dir='ltr'><strong>commemorationes</strong></span> <span class='ocrx_word' id='word_1_750' title='bbox 2097 5479 2299 5532; x_wconf 88' lang='lat' dir='ltr'><strong>animas</strong></span> 
     </span>
    </p>
   </div>
   <div class='ocr_carea' id='block_1_101' title="bbox 728 5556 2296 5634">
    <p class='ocr_par' dir='ltr' id='par_1_101' title="bbox 728 5556 2296 5634">
     <span class='ocr_line' id='line_1_101' title="bbox 728 5556 2296 5634; baseline 0.01 -25"><span class='ocrx_word' id='word_1_751' title='bbox 728 5556 980 5614; x_wconf 75' lang='lat' dir='ltr'><strong>adversus</strong></span> <span class='ocrx_word' id='word_1_752' title='bbox 1009 5559 1306 5616; x_wconf 81' lang='lat' dir='ltr'><strong>daemonum</strong></span> <span class='ocrx_word' id='word_1_753' title='bbox 1343 5572 1485 5618; x_wconf 90' lang='lat' dir='ltr'><strong>artes</strong></span> <span class='ocrx_word' id='word_1_754' title='bbox 1512 5574 1738 5634; x_wconf 90' lang='lat' dir='ltr'><strong>armant,</strong></span> <span class='ocrx_word' id='word_1_755' title='bbox 1782 5575 1837 5622; x_wconf 89' lang='lat' dir='ltr'><strong>et</strong></span> <span class='ocrx_word' id='word_1_756' title='bbox 1873 5576 2054 5621; x_wconf 89' lang='lat' dir='ltr'><strong>contra</strong></span> <span class='ocrx_word' id='word_1_757' title='bbox 2085 5569 2206 5623; x_wconf 91' lang='lat' dir='ltr'><strong>illos</strong></span> <span class='ocrx_word' id='word_1_758' title='bbox 2230 5569 2296 5623; x_wconf 90' lang='lat' dir='ltr'><strong>ad</strong></span> 
     </span>
    </p>
   </div>
   <div class='ocr_carea' id='block_1_102' title="bbox 728 5648 2294 5715">
    <p class='ocr_par' dir='ltr' id='par_1_102' title="bbox 728 5648 2294 5715">
     <span class='ocr_line' id='line_1_102' title="bbox 728 5648 2294 5715; baseline 0.009 -14"><span class='ocrx_word' id='word_1_759' title='bbox 728 5648 921 5701; x_wconf 86' lang='lat' dir='ltr'><strong>lnctam</strong></span> <span class='ocrx_word' id='word_1_760' title='bbox 946 5650 1240 5705; x_wconf 74' lang='lat' dir='ltr'><strong>insumunt.</strong></span> <span class='ocrx_word' id='word_1_761' title='bbox 1273 5652 1404 5706; x_wconf 91' lang='lat' dir='ltr'><strong>Dum</strong></span> <span class='ocrx_word' id='word_1_762' title='bbox 1451 5655 1590 5708; x_wconf 91' lang='lat' dir='ltr'><strong>enim</strong></span> <span class='ocrx_word' id='word_1_763' title='bbox 1626 5657 1763 5712; x_wconf 85' lang='lat' dir='ltr'><strong>vires</strong></span> <span class='ocrx_word' id='word_1_764' title='bbox 1791 5655 2064 5713; x_wconf 81' lang='lat' dir='ltr'><strong>athleticas</strong></span> <span class='ocrx_word' id='word_1_765' title='bbox 2093 5669 2143 5713; x_wconf 89' lang='lat' dir='ltr'><strong>ct</strong></span> <span class='ocrx_word' id='word_1_766' title='bbox 2167 5675 2294 5715; x_wconf 90' lang='lat' dir='ltr'><strong>con-</strong></span> 
     </span>
    </p>
   </div>
   <div class='ocr_carea' id='block_1_103' title="bbox 791 5739 1627 5812">
    <p class='ocr_par' dir='ltr' id='par_1_103' title="bbox 791 5739 1627 5812">
     <span class='ocr_line' id='line_1_103' title="bbox 791 5739 1627 5812; baseline 0.016 -27"><span class='ocrx_word' id='word_1_767' title='bbox 791 5739 862 5802; x_wconf 64' lang='grc' dir='ltr'><strong>(ςε)</strong></span> <span class='ocrx_word' id='word_1_768' title='bbox 896 5739 1067 5790; x_wconf 68' lang='lat' dir='ltr'><strong>collata</strong></span> <span class='ocrx_word' id='word_1_769' title='bbox 1089 5756 1196 5791; x_wconf 82' lang='lat' dir='ltr'><strong>cum</strong></span> <span class='ocrx_word' id='word_1_770' title='bbox 1223 5752 1297 5794; x_wconf 62' lang='lat' dir='ltr'><strong>its.</strong></span> <span class='ocrx_word' id='word_1_771' title='bbox 1327 5748 1469 5812; x_wconf 71' lang='lat' dir='ltr'><strong>[legio</strong></span> <span class='ocrx_word' id='word_1_772' title='bbox 1488 5747 1627 5798; x_wconf 66' lang='lat' dir='ltr'><strong>254M.</strong></span> 
     </span>
    </p>
   </div>
   <div class='ocr_carea' id='block_1_104' title="bbox 2413 5103 3994 5174">
    <p class='ocr_par' dir='ltr' id='par_1_104' title="bbox 2413 5103 3994 5174">
     <span class='ocr_line' id='line_1_104' title="bbox 2413 5103 3994 5174; baseline 0.001 -19"><span class='ocrx_word' id='word_1_773' title='bbox 2413 5104 2610 5157; x_wconf 84' lang='lat' dir='ltr'><strong>titmam</strong></span> <span class='ocrx_word' id='word_1_774' title='bbox 2639 5119 2758 5157; x_wconf 91' lang='lat' dir='ltr'><strong>cum</strong></span> <span class='ocrx_word' id='word_1_775' title='bbox 2783 5104 2962 5174; x_wconf 89' lang='lat' dir='ltr'><strong>ﬂagris</strong></span> <span class='ocrx_word' id='word_1_776' title='bbox 2996 5105 3190 5157; x_wconf 88' lang='lat' dir='ltr'><strong>luctam</strong></span> <span class='ocrx_word' id='word_1_777' title='bbox 3224 5103 3430 5173; x_wconf 89' lang='lat' dir='ltr'><strong>publice</strong></span> <span class='ocrx_word' id='word_1_778' title='bbox 3457 5103 3704 5174; x_wconf 73' lang='lat' dir='ltr'><strong>produnt,</strong></span> <span class='ocrx_word' id='word_1_779' title='bbox 3740 5103 3994 5173; x_wconf 86' lang='lat' dir='ltr'><strong>pietatem</strong></span> 
     </span>
    </p>
   </div>
   <div class='ocr_carea' id='block_1_105' title="bbox 2411 5192 3992 5260">
    <p class='ocr_par' dir='ltr' id='par_1_105' title="bbox 2411 5192 3992 5260">
     <span class='ocr_line' id='line_1_105' title="bbox 2411 5192 3992 5260; baseline 0.001 -15"><span class='ocrx_word' id='word_1_780' title='bbox 2411 5195 2627 5250; x_wconf 90' lang='lat' dir='ltr'><strong>audacia</strong></span> <span class='ocrx_word' id='word_1_781' title='bbox 2671 5197 3042 5260; x_wconf 86' lang='lat' dir='ltr'><strong>corroborant,</strong></span> <span class='ocrx_word' id='word_1_782' title='bbox 3070 5202 3124 5248; x_wconf 91' lang='lat' dir='ltr'><strong>et</strong></span> <span class='ocrx_word' id='word_1_783' title='bbox 3158 5196 3210 5249; x_wconf 91' lang='lat' dir='ltr'><strong>in</strong></span> <span class='ocrx_word' id='word_1_784' title='bbox 3240 5195 3565 5249; x_wconf 87' lang='lat' dir='ltr'><strong>cruciatuum</strong></span> <span class='ocrx_word' id='word_1_785' title='bbox 3597 5192 3992 5247; x_wconf 79' lang='lat' dir='ltr'><strong>narrationibus</strong></span> 
     </span>
    </p>
   </div>
   <div class='ocr_carea' id='block_1_106' title="bbox 2411 5283 3994 5356">
    <p class='ocr_par' dir='ltr' id='par_1_106' title="bbox 2411 5283 3994 5356">
     <span class='ocr_line' id='line_1_106' title="bbox 2411 5283 3994 5356; baseline -0.001 -17"><span class='ocrx_word' id='word_1_786' title='bbox 2411 5295 2674 5355; x_wconf 87' lang='lat' dir='ltr'><strong>tamquam</strong></span> <span class='ocrx_word' id='word_1_787' title='bbox 2704 5287 2755 5340; x_wconf 91' lang='lat' dir='ltr'><strong>in</strong></span> <span class='ocrx_word' id='word_1_788' title='bbox 2784 5285 2967 5340; x_wconf 88' lang='lat' dir='ltr'><strong>stadiis</strong></span> <span class='ocrx_word' id='word_1_789' title='bbox 2991 5286 3306 5356; x_wconf 89' lang='lat' dir='ltr'><strong>quibusdam</strong></span> <span class='ocrx_word' id='word_1_790' title='bbox 3328 5295 3550 5340; x_wconf 90' lang='lat' dir='ltr'><strong>stratum</strong></span> <span class='ocrx_word' id='word_1_791' title='bbox 3579 5299 3608 5336; x_wconf 91' lang='lat' dir='ltr'><strong>a</strong></span> <span class='ocrx_word' id='word_1_792' title='bbox 3637 5283 3824 5354; x_wconf 87' lang='lat' dir='ltr'><strong>quovis</strong></span> <span class='ocrx_word' id='word_1_793' title='bbox 3851 5299 3994 5337; x_wconf 86' lang='lat' dir='ltr'><strong>mar-</strong></span> 
     </span>
    </p>
   </div>
   <div class='ocr_carea' id='block_1_107' title="bbox 2411 5377 3988 5449">
    <p class='ocr_par' dir='ltr' id='par_1_107' title="bbox 2411 5377 3988 5449">
     <span class='ocr_line' id='line_1_107' title="bbox 2411 5377 3988 5449; baseline 0.002 -21"><span class='ocrx_word' id='word_1_794' title='bbox 2411 5387 2524 5445; x_wconf 87' lang='lat' dir='ltr'><strong>tyre</strong></span> <span class='ocrx_word' id='word_1_795' title='bbox 2569 5377 2889 5431; x_wconf 88' lang='lat' dir='ltr'><strong>curriculum</strong></span> <span class='ocrx_word' id='word_1_796' title='bbox 2918 5386 3242 5448; x_wconf 87' lang='lat' dir='ltr'><strong>proponunt.</strong></span> <span class='ocrx_word' id='word_1_797' title='bbox 3275 5377 3417 5431; x_wconf 85' lang='lat' dir='ltr'><strong>Talis</strong></span> <span class='ocrx_word' id='word_1_798' title='bbox 3446 5386 3527 5431; x_wconf 88' lang='lat' dir='ltr'><strong>cst</strong></span> <span class='ocrx_word' id='word_1_799' title='bbox 3571 5378 3820 5449; x_wconf 88' lang='lat' dir='ltr'><strong>martyris</strong></span> <span class='ocrx_word' id='word_1_800' title='bbox 3849 5379 3988 5447; x_wconf 81' lang='lat' dir='ltr'><strong>ejus,</strong></span> 
     </span>
    </p>
   </div>
   <div class='ocr_carea' id='block_1_108' title="bbox 2406 5466 3989 5535">
    <p class='ocr_par' dir='ltr' id='par_1_108' title="bbox 2406 5466 3989 5535">
     <span class='ocr_line' id='line_1_108' title="bbox 2406 5466 3989 5535; baseline 0.004 -19"><span class='ocrx_word' id='word_1_801' title='bbox 2406 5466 2498 5535; x_wconf 87' lang='lat' dir='ltr'><strong>qui</strong></span> <span class='ocrx_word' id='word_1_802' title='bbox 2523 5466 2681 5521; x_wconf 90' lang='lat' dir='ltr'><strong>hodie</strong></span> <span class='ocrx_word' id='word_1_803' title='bbox 2723 5477 3006 5521; x_wconf 90' lang='lat' dir='ltr'><strong>coronatus</strong></span> <span class='ocrx_word' id='word_1_804' title='bbox 3035 5478 3138 5534; x_wconf 90' lang='lat' dir='ltr'><strong>est,</strong></span> <span class='ocrx_word' id='word_1_805' title='bbox 3170 5468 3628 5522; x_wconf 82' lang='lat' dir='ltr'><strong>commemoratio.</strong></span> <span class='ocrx_word' id='word_1_806' title='bbox 3675 5469 3805 5534; x_wconf 87' lang='lat' dir='ltr'><strong>Quis</strong></span> <span class='ocrx_word' id='word_1_807' title='bbox 3842 5471 3989 5524; x_wconf 89' lang='lat' dir='ltr'><strong>enim</strong></span> 
     </span>
    </p>
   </div>
   <div class='ocr_carea' id='block_1_109' title="bbox 2407 5557 3989 5625">
    <p class='ocr_par' dir='ltr' id='par_1_109' title="bbox 2407 5557 3989 5625">
     <span class='ocr_line' id='line_1_109' title="bbox 2407 5557 3989 5625; baseline 0.001 -15"><span class='ocrx_word' id='word_1_808' title='bbox 2407 5558 2461 5610; x_wconf 89' lang='lat' dir='ltr'><strong>in</strong></span> <span class='ocrx_word' id='word_1_809' title='bbox 2490 5558 2656 5611; x_wconf 87' lang='lat' dir='ltr'><strong>stadia</strong></span> <span class='ocrx_word' id='word_1_810' title='bbox 2699 5557 2953 5614; x_wconf 85' lang='lat' dir='ltr'><strong>adversus</strong></span> <span class='ocrx_word' id='word_1_811' title='bbox 2996 5557 3263 5612; x_wconf 89' lang='lat' dir='ltr'><strong>diabolum</strong></span> <span class='ocrx_word' id='word_1_812' title='bbox 3309 5558 3562 5613; x_wconf 87' lang='lat' dir='ltr'><strong>audacter</strong></span> <span class='ocrx_word' id='word_1_813' title='bbox 3589 5573 3695 5611; x_wconf 88' lang='lat' dir='ltr'><strong>non</strong></span> <span class='ocrx_word' id='word_1_814' title='bbox 3725 5559 3989 5625; x_wconf 83' lang='lat' dir='ltr'><strong>prosiliat.</strong></span> 
     </span>
    </p>
   </div>
   <div class='ocr_carea' id='block_1_110' title="bbox 2407 5647 3990 5722">
    <p class='ocr_par' dir='ltr' id='par_1_110' title="bbox 2407 5647 3990 5722">
     <span class='ocr_line' id='line_1_110' title="bbox 2407 5647 3990 5722; baseline -0.002 -17"><span class='ocrx_word' id='word_1_815' title='bbox 2407 5667 2526 5705; x_wconf 89' lang='lat' dir='ltr'><strong>cum</strong></span> <span class='ocrx_word' id='word_1_816' title='bbox 2557 5655 2783 5706; x_wconf 89' lang='lat' dir='ltr'><strong>animam</strong></span> <span class='ocrx_word' id='word_1_817' title='bbox 2812 5668 2959 5707; x_wconf 90' lang='lat' dir='ltr'><strong>suam</strong></span> <span class='ocrx_word' id='word_1_818' title='bbox 2987 5653 3236 5722; x_wconf 86' lang='lat' dir='ltr'><strong>martyris</strong></span> <span class='ocrx_word' id='word_1_819' title='bbox 3269 5651 3650 5706; x_wconf 88' lang='lat' dir='ltr'><strong>certaminibus</strong></span> <span class='ocrx_word' id='word_1_820' title='bbox 3675 5647 3990 5712; x_wconf 85' lang='lat' dir='ltr'><strong>instituerit,</strong></span> 
     </span>
    </p>
   </div>
   <div class='ocr_carea' id='block_1_111' title="bbox 2416 5741 3992 5817">
    <p class='ocr_par' dir='ltr' id='par_1_111' title="bbox 2416 5741 3992 5817">
     <span class='ocr_line' id='line_1_111' title="bbox 2416 5741 3992 5817; baseline 0.001 -22"><span class='ocrx_word' id='word_1_821' title='bbox 2416 5760 2569 5817; x_wconf 85' lang='lat' dir='ltr'><strong>quem</strong></span> <span class='ocrx_word' id='word_1_822' title='bbox 2599 5753 2673 5798; x_wconf 86' lang='lat' dir='ltr'><strong>tot</strong></span> <span class='ocrx_word' id='word_1_823' title='bbox 2699 5744 3052 5814; x_wconf 85' lang='lat' dir='ltr'><strong>periculorum</strong></span> <span class='ocrx_word' id='word_1_824' title='bbox 3083 5741 3362 5799; x_wconf 86' lang='lat' dir='ltr'><strong>multitudo</strong></span> <span class='ocrx_word' id='word_1_825' title='bbox 3389 5758 3492 5798; x_wconf 91' lang='lat' dir='ltr'><strong>non</strong></span> <span class='ocrx_word' id='word_1_826' title='bbox 3523 5741 3824 5796; x_wconf 75' lang='lat' dir='ltr'><strong>concussit?</strong></span> <span class='ocrx_word' id='word_1_827' title='bbox 3851 5742 3992 5800; x_wconf 68' lang='lat' dir='ltr'><strong>Tu!“</strong></span> 
     </span>
    </p>
   </div>
  </div>
