4224 6302
737 306 842 366 διδ

734 429 837 499 τῆς
866 427 1122 493 ἀσεϐείας
1144 430 1265 484 τότε
1290 434 1545 505 τυραννὶς
1576 438 1884 508 ἐνωρχεῖτο,
1917 440 2012 494 καὶ
2034 439 2311 493 θάλασσαν

734 515 802 567 ἑκ
830 510 1009 584 βυθῶν
1036 513 1288 585 ιμιμεῖτο
1304 518 1589 590 σειομένην
1607 522 1637 573 6
1665 520 1803 591 βίος,
1824 522 2021 577 καὶτοῦ
2042 522 2313 589 πελάγους

731 598 815 661 είς
844 596 942 667 τήν
974 596 1081 667 γῆν
1131 596 1190 651 αί
1226 601 1511 673 τρικυμίαι
1548 603 1909 675 μετέστησαν,
1962 606 2057 658 καὶ⁸
2083 604 2311 675 σφοδρὸν

728 681 792 733 τὸ
820 678 921 750 τῆς
951 678 1235 758 εὐσεϐείας
1274 682 1483 753 σκάφος
1507 684 1827 751 δυσσεϐείας
1844 688 2155 758 περιήντλει
2183 688 2313 741 κλυ-

726 762 937 828 δώνιον,
960 764 1020 817 έν
1048 757 1095 833 ᾧ
1116 763 1299 818 πολλοὶ
1313 765 1415 836 μὲν
1436 768 1625 838 νεκροὶ
1655 769 1932 839 πανταχοῦ
1955 768 2305 841 κυϐερνῆται,

728 845 942 902 ναυτῶν
967 846 1025 901 δέ
1058 847 1160 902 οὐκ
1186 847 1370 916 ὀλίγος
1389 849 1625 921 ἀριθμὸς
1656 852 2009 925 ὑποϐρύχιος·
2044 853 2223 908 πάντα
2249 853 2307 907 δὲ

722 927 795 1002 ἦν
822 930 1002 999 φόϐων
1029 929 1245 1002 πικρῶν
1280 933 1376 985 καὶ
1418 933 1695 1001 ναυαγίων
1726 935 2030 1005 ἀνάμεστα.
2076 936 2307 991 Ἐπνεον

725 1012 968 1083 βασιλεῖς
995 1013 1311 1082 καταιγίδος
1352 1014 1733 1086 σφοδρότερον,
1772 1018 2012 1089 φοϐεράς
2048 1018 2305 1090 τύραννοι

721 1094 1017 1167 τρικυμίας
1063 1098 1293 1168 ἐπῆγον,
1343 1098 1621 1169 ἀρχόντων
1664 1101 2056 1173 συγκεκίνηντο
2100 1101 2301 1173 θρόνοι,

718 1177 973 1232 δικασταὶ
1001 1178 1101 1249 τὴν
1133 1181 1212 1242 είς
1241 1181 1476 1250 Χριστὸν
1503 1183 1798 1255 ἐκήρυττον
1815 1187 2070 1255 ἀρνησιν,
2099 1184 2304 1254 πικρὰς

719 1260 1009 1332 νομοθέται
1026 1260 1299 1333 τιμωρίας
1318 1261 1601 1331 ἠπείλουν,
1634 1265 1773 1335 πρὸς
1793 1267 1893 1329 τάς
1909 1266 2016 1322 τῶν
2034 1267 2303 1336 δαιμόνων

716 1343 911 1415 ἀνδρες
940 1344 1131 1407 θυσίας
1186 1345 1517 1415 ἡρπάζοντο,
1556 1347 1703 1419 πρὸς,
1728 1349 1829 1419 τὴν
1866 1349 1975 1403 τῶν
2011 1348 2161 1421 [διε]
2191 1349 2301 1420 βω-

720 1426 837 1497 μῶν
858 1427 1100 1481 εῖλκοντο
1117 1426 1401 1498 βδελυρίαν
1421 1433 1697 1496 γυναῖκες·
1725 1431 1822 1483 έσύ
1832 1448 1987 1501 ροντο
2010 1432 2149 1503 πρὸς
2168 1431 2301 1487 ταύ-

713 1528 816 1584 την
841 1512 937 1565 καὶ
967 1512 1222 1584 παρθένοι
1246 1514 1344 1585 τὴν
1373 1513 1597 1578 λύσσαν,
1622 1516 1823 1583 φυγαῖς
1850 1515 2012 1586 ἱερεῖς
2041 1517 2137 1570 καὶ
2162 1532 2300 1586 σφα-

664 1606 667 1609 ·
711 1598 839 1663 ταῖς
864 1595 1229 1667 παρεδίδοντο,
1257 1597 1367 1651 τῶν
1393 1597 1554 1669 ίερῶν
1586 1597 1881 1668 ἠλαύνοντο
1903 1601 1952 1652 οί
1987 1601 2169 1653 πιστοὶ
2201 1616 2299 1652 πε-

715 1677 962 1749 ριϐόλων.
982 1678 1127 1750 Πρὸς
1158 1679 1495 1751 τηλικαύτην
1525 1681 1554 1732 6
1594 1681 1805 1751 μάρτυς
1830 1679 2158 1747 ἐξωπλίζετο
2188 1682 2297 1751 μά-

707 1778 832 1831 χην,
864 1760 959 1815 καὶ
984 1760 1259 1827 τοσούτοις
1286 1764 1386 1834 τὴν
1410 1762 1636 1834 γνώμην
1660 1761 1927 1827 κινδύνοις
1959 1762 2295 1835 ἀνθίστησιν,

707 1844 901 1914 ῶσπερ
946 1844 1069 1899 τινὰ
1106 1844 1447 1916 σκιαμαχίαν
1490 1845 1666 1913 γελῶν
1703 1845 1804 1917 τὴν
1836 1844 2297 1917 παράταξιν,·καὶ

707 1928 959 2000 καθάπερ
992 1930 1049 1982 ἐν
1087 1928 1411 1999 σκάμμασιν
1448 1929 1570 1984 ἀντὶ
1598 1930 1803 1994 κόνεως
1832 1933 1900 2001 τῇ
1932 1931 2117 1984 πίστει
2168 1931 2295 1995 τοὺς

704 2013 967 2076 δικαστάς
998 2012 1393 2079 καταπάσσων,
1412 2012 1558 2067 οῦτω
1588 2012 1688 2084 τήν
1716 2012 1814 2067 τοῦ
1842 2012 1962 2067 τότε
1985 2013 2299 2079 δικάζοντος

703 2094 1023 2167 ἀνερῥίπιζε
1062 2108 1088 2137 ι
1117 2094 1365 2167 γνώμην,
1405 2095 1605 2168 δρόμον
1652 2094 1802 2166 αὐτῷ
1845 2095 1989 2150 κατά
2026 2098 2127 2168 τῆς
2168 2097 2293 2152 Ἐκ-

704 2178 935 2250 κλησίας
991 2176 1367 2249 μελετώμενον
1420 2179 1645 2249 στήσας.
1673 2177 1767 2231 Διὸ
1801 2178 1865 2250 δή
1898 2179 2037 2249 πρὸς
2072 2178 2293 2233 κόλασιν

701 2262 868 2328 ὀξέως
896 2263 925 2315 6
948 2262 1200 2329 ,γενναῖος
1239 2260 1581 2333 ἀνήρπαστο,
1616 2259 1713 2314 καὶ
1735 2259 1928 2313 πολλαὶ
1968 2260 2069 2333 μὲν
2119 2278 2291 2333 προσ-

701 2348 901 2414 ἠγοντο
928 2343 1209 2415 τιμωριῶν
1242 2342 1530 2397 ποικιλίαι⁸
1566 2346 1596 2397 ό
1652 2342 1862 2413 μάρτυς
1893 2342 1951 2396 δὲ
1986 2342 2291 2414 προσεῴκει

702 2426 929 2498 κιθάρα,
958 2426 1040 2497 τῷ
1063 2426 1173 2480 τῶν
1204 2424 1457 2497 βασάνων
1484 2425 1744 2497 πλήκτρῳ
1780 2425 1917 2497 πρὸς
1934 2425 2169 2495 φθόγγον
2202 2443 2290 2479 κι-

699 2508 983 2580 νούμενος·
1018 2507 1427 2580 συνέτριϐον-τὸ
1458 2507 1620 2579 σῶμα
1652 2508 1679 2548 δ
1721 2507 2079 2579 περιστάντες
2112 2510 2163 2561 οί
2192 2508 2289 2580 δή-

704 2612 840 2667 μιοι,
871 2594 1002 2660 666,
1042 2587 1118 2657 ώς
1145 2592 1346 2664 χαλκός
1396 2608 1502 2655 τις,
1545 2592 1647 2661 τῆς
1696 2590 1977 2656 εὐσεϐείας
2015 2592 2076 2645 16
2130 2593 2289 2663 μέλος

701 2678 903 2750 ὑπήχει
928 2676 1280 2749 κρουόμενος·
1312 2674 1631 2747 κρεμῶντες
1652 2675 1745 2727 επὶ
1767 2673 1924 2738 ξύλου
1948 2674 2287 2742 κατέξαινον,

699 2762 730 2813 6
757 2761 816 2815 δὲ
840 2760 918 2824 ώς
942 2760 1160 2831 δένδρον
1186 2759 1333 2829 ζωῆς
1358 2757 1423 2812 16
1450 2755 1605 2821 ξύλον
1618 2754 1913 2827 ἡσπάζετω
1941 2756 2019 2820 ὡς
2047 2758 2290 2829 πλευράς

697 2842 795 2897 τοῦ
821 2842 1029 2897 δικαίου
1055 2841 1155 2905 τάς
1183 2838 1416 2913 παρειὰς
1437 2838 1853 2911 διεσπάραττον,
1886 2838 1986 2894 όδὲ
2011 2840 2087 2905 ώς
2106 2840 2289 2895 πλείο-

698 2944 768 2981 να
796 2925 1041 2997 στόματα
1057 2922 1353 2995 λαμϐάνων
1401 2922 1785 2994 έρῤητόρευεν,
1819 2922 1916 2975 καὶ
1952 2922 2125 2993 καινῷ
2156 2940 2289 2978 κατ·

698 2998 904 3082 ᾔσχυνε
933 3008 1027 3063 τὸν
1048 3007 1341 3063 ἀντίπαλον
1370 3005 1648 3078 πτώματι.

784 3093 873 3156 Ὠς
894 3090 1004 3163 γὰρ
1035 3085 1143 3145 εἶδε
1170 3090 1263 3144 τδν
1285 3089 1548 3161 δικαστήν
1577 3089 1715 3162 πρὸς
1736 3088 1836 3161 τὴν
1868 3090 1980 3146 τῶν
2012 3090 2287 3161 δαιμόνων

702 3174 939 3246 σπουδήν
962 3173 1123 3228 αὑτὸν
1143 3172 1375 3227 ὲκκαλού
1384 3188 1563 3243 μενον,
1598 3172 1740 3226 αίτεῖ
1769 3171 1967 3243 βρέφος
1994 3172 2055 3239 ὲξ
2079 3174 2286 3248 ἀγορᾶς

699 3257 958 3329 ἀχθῆναι,
984 3257 1062 3321 ώς
1093 3258 1270 3310 έκεῖνο
1296 3254 1405 3308 τῶν
1441 3253 1794 3325 ζητουμένων
1826 3256 1978 3328 παρά
1998 3253 2093 3310 τοῦ
2126 3256 2286 3309 δικα-

701 3339 829 3397 στοῦ
864 3338 1060 3412 κριτήν
1080 3337 1460 3410 ποιησόμενος·
1483 3338 1578 3391 καὶ
1600 3336 1960 3409 προσαχθέντι
1986 3337 2065 3409 τῷ
2093 3336 2283 3410 βρέφει

696 3423 796 3495 τήν
821 3423 951 3495 περὶ
1000 3421 1109 3475 τῶν
1160 3421 1535 3491 προκειμένων
1561 3420 1836 3491 προσῆγεν
1864 3420 2149 3492 ἐρώτησιν.
2178 3421 2285 3474 T6-

698 3524 845 3572 κνον,
878 3505 1032 3576 φησὶ,
1064 3503 1272 3559 δίκαιόν
1302 3505 1419 3557 ἑστι
1448 3502 1540 3556 τὸν
1562 3501 1696 3556 Θεδν
1728 3504 2124 3575 προσκυνεῖν,ή
2158 3504 2283 3568 τοὺς

698 3590 856 3654 θεοὺς
886 3590 1010 3654 τοὺς
1064 3586 1389 3659 λεγομένους
1435 3586 1539 3639 ὑπὸ
1566 3585 1806 3653 τούτωνς
1849 3587 2023 3659 Πολλὴ
2054 3588 2157 3657 τῆς
2186 3588 2283 3641 τοῦ

700 3675 980 3745 μάρτυρος
1013 3672 1255 3741 σοφίαςή
1286 3669 1591 3740 περιουσία·
1623 3668 1716 3723 τοῦ
1738 3668 1994 3724 δικαστοῦ
2025 3670 2284 3742 δικαστήν

696 3757 759 3811 16
788 3755 1000 3809 παιδίον
1026 3752 1257 3818 καθίζει·
1292 3752 1355 3806 16
1405 3752 1463 3805 δὲ
1496 3752 1637 3824 ὑπὲρ
1681 3751 2046 3824 τοῦ.Χριστοῦ
2070 3755 2284 3825 ταχέως

700 3842 1019 3910 ἀπεφήνατο
1045 3837 1247 3907 ψῆφον,
1278 3835 1366 3888 ἵνα
1401 3836 1586 3907 δειχθῇ
1610 3836 1705 3889 καὶ
1739 3835 1929 3890 παιδία
1955 3836 2282 3891 δυσσεϐούν-

698 3940 806 3975 των
852 3920 1123 3975 δικαστῶν
1154 3916 1515 3990 συνετώτερα,
1566 3918 1768 3989 μᾶλλον
1809 3917 1868 3972 δὲ
1911 3919 1997 3973 ἴνα
2028 3923 2171 3992 φανῇ
2206 3920 2280 3993 μὴ

701 4006 863 4077 μόνον
893 4004 1105 4076 μάρτυς
1156 4004 1185 4058 6
1222 4003 1452 4073 μάρτυς,
1496 4001 1633 4055 ἀλλά
1676 4002 1768 4055 καὶ
1809 4002 2102 4075 μαρτύρων
2134 4004 2280 4057 ἀλεί-

700 4104 860 4158 πτης.
893 4085 1028 4141 οὐδὲ
1050 4082 1208 4139 τοῦτο
1236 4084 1291 4137 δὲ
1314 4086 1463 4153 ὅμως
1484 4084 1585 4156 τὴν
1609 4082 1932 4156 δικαστικήν
1958 4084 2281 4139 ὑπεσκέλισε

699 4169 922 4235 λύσσαν,
974 4168 1086 4221 ἀλλ’
1117 4167 1278 4230 εὐθὺς
1304 4167 1412 4237 ζέπὶ
1441 4166 1599 4234 ξύλου
1656 4166 1797 4237 μετά
1846 4166 1943 4222 τοῦ
1989 4165 2223 4237 βρέφους
2241 4170 2283 4228 ,ό

702 4254 911 4323 μάρτυς
948 4250 1246 4325 ἡρπάζετο,
1278 4250 1372 4303 καὶ
1398 4250 1499 4321 τὴν
1534 4249 1630 4303 τοῦ
1658 4249 1815 4313 ξύλου
1838 4249 2059 4303 κόλασιν
2089 4250 2281 4321 εἱρκτὴ

698 4336 990 4408 διεδέχετο,
1027 4335 1289 4403 κάκείνην
1340 4334 1521 4404 ψῆφος
1578 4333 1829 4398 ποικίλας
1867 4336 1981 4397 τοῖς
2020 4334 2283 4406 ἀθληταῖς

698 4419 798 4483 τὰς
819 4418 1088 4493 τιμωρίας
1118 4416 1436 4492 μερίζουσα’
1456 4415 1517 4469 16
1544 4416 1641 4487 μὲν
1662 4415 1771 4488 γὰρ
1804 4415 2000 4487 βρέφος
2044 4416 2280 4489 θανάτῳ,

698 4503 789 4556 τὸν
812 4494 869 4555 δὲ
914 4502 1167 4572 μάρτυρα
1192 4502 1259 4571 τῇ
1288 4500 1384 4570 τῆς
1412 4498 1659 4569 γλώττης
1688 4500 1895 4572 ἐκτομῇ
1930 4498 2280 4555 κατεδίκασε.

698 4586 795 4649 Τίς
814 4584 1013 4655 τρόπον
1053 4582 1285 4654 κρίσεως
1310 4580 1551 4635 τοιοῦτον
1590 4582 1829 4652 ἀκήκοε;
1858 4582 2179 4653 μαστίζουσι
2204 4581 2281 4635 δι-

698 4666 899 4722 κασταὶ
932 4665 1278 4731 καταδίκους,
1328 4663 1363 4717 ἃ
1418 4663 1698 4718 συνίσασιν
1730 4664 1964 4729 ἑαυτοῖς,
1997 4664 2281 4735 ὁμολογεῖν

698 4749 1115 4819 ἀναγκάζοντες,
1148 4748 1399 4819 ἐκτέμνει
1445 4748 1504 4802 δὲ
1549 4747 1648 4818 τήν
1691 4746 1940 4816 γλῶσσαν
1967 4748 1997 4801 6
2019 4748 2119 4819 τῆς
2145 4749 2279 4804 ἀσε-

698 4836 850 4898 ϐειας
873 4834 1088 4905 κριτής,
1110 4832 1147 4887 ἃ
1178 4832 1414 4887 σύνοιδεν
1452 4830 1628 4902 ἑαυτῷ
1662 4832 1819 4902 σιγᾷν
1850 4829 2191 4902 βιαζόμενος.
2214 4831 2279 4883 ’Ὠ

694 4916 872 4971 δεινοῦ
902 4916 1255 4986 κακοτεχνίας
1289 4916 1620 4987 εὑρήματος.
1647 4913 1975 4985 Φρονοῦσαν,
2011 4914 2166 4985 φησί,
2208 4914 2278 4967 16

695 5001 789 5055 τοῦ
819 5002 865 5055 Χ
874 5000 1171 5072 ριστοῦρήν
1193 4998 1371 5071 ψυχὴν
1395 4998 1497 5052 ούκ
1527 4996 1816 5068 ὲξέστησα,
1847 4996 1950 5051 κᾶν
1973 4994 2071 5068 τήν
2091 4996 2282 5059 λαλοῦσ,

698 5102 795 5142 σαν
829 5086 972 5157 ὑπὲρ
1008 5081 1244 5156 Χριστοῦ
1298 5081 1541 5152 διακόψω
1586 5080 1851 5149 γλῶτταν.
1884 5078 2177 5149 Ἔκκοψον,
2229 5074 2274 5134 ὦ

695 5168 948 5242 τύραννε,
974 5166 1244 5239 γλῶσσαν,
1271 5166 1359 5220 ῖνα
1390 5165 1569 5239 μάθῃς
1587 5165 1687 5236 τὴν
1704 5162 1863 5233 φύσιν
1882 5162 1977 5217 καὶ
1990 5162 2273 5232 ἄγλωσσον

694 5253 835 5324 ὑπὲρ
860 5250 1095 5324 Χριστοῦ
1127 5249 1545 5321 ρητορεύουσαν·
1568 5246 1869 5318 ὲκκόλαψον
1894 5244 1990 5317 τήν
2018 5245 2273 5315 γλῶσσαν

694 5335 786 5390 τοῦ
814 5334 1099 5406 στόματος,
1124 5334 1212 5388 ῐνα
1235 5332 1412 5404 μάθῃς
1438 5330 1613 5403 ἀληθῆ
1638 5329 1729 5385 16v
1744 5329 1815 5383 16
1828 5329 2141 5401 χαρίσματα
2160 5326 2271 5382 τῶν

693 5418 951 5486 γλωσσῶν
985 5417 1371 5489 ὑποσχόμενον.
1397 5416 1471 5470 T6
1506 5415 1604 5486 μὲν
1638 5414 1747 5485 γὰρ
1769 5413 1870 5485 τῆς
1899 5412 2152 5485 γλώσσης
2178 5412 2270 5477 ἐξ·

694 5500 889 5571 έκοψεν
901 5501 1174 5573 οδργανον,
1224 5502 1254 5554 6
1289 5499 1447 5570 λόγος
1498 5497 1557 5555 δὲ
1607 5496 1833 5569 ἐξώρμα
1890 5495 2267 5569 σφοδρότερον,

754 5704 781 5731 ³
802 5700 934 5751 Idem
968 5701 1093 5751 λοι.
1120 5700 1420 5751 ἀπελάσασα.

750 5762 780 5807 ι
801 5763 953 5815 Savil.
972 5769 1026 5816 cl
1045 5757 1171 5821 Reg.
1194 5763 1251 5812 τὸ
1268 5762 1423 5825 στόμα
1469 5758 1643 5811 Morel.
1666 5758 1720 5808 16
1741 5757 1901 5819 σῶμα.

1448 318 1509 374 5.
1543 315 1832 398 JOANNIS
1864 318 2351 377 CHRYSOSTOMI
2392 320 2713 380 ARCIIIEP.
2754 308 3302 379 CONSTANTINOP.

3872 100 4137 149 “1"

3892 328 4001 382 GM

2414 440 2604 512 ῶσπερ
2634 442 2890 513 ἐμποδίου
2928 442 3075 505 τινὸς
3122 440 3540 513 ἀπηλλαγμένος
3584 445 3682 516 τῆς
3723 445 4001 516 γλώττης’

2412 530 2591 603 θέαμα
2605 532 2754 605 [619]
2783 533 2968 588 καινὸν
2993 533 3087 587 καὶ
3104 534 3428 606 παράδοξον
3449 534 3705 606 σάρκινος
3722 536 4004 607 σαρκίνοις

2411 624 2667 696 ἀσάρκως
2698 625 3087 695 φθεγγόμενος.
3121 625 3341 695 Πρέπον
3367 625 3477 695 ἀρα
3505 625 3587 696 τῷ
3634 626 3873 697 μάρτυρι
3894 626 4002 677 τοῦ

2411 716 2690 787 προφήτου
2743 716 2807 769 τὸ
2857 715 3036 787 μέλοςο
3108 714 3418 793 Ἔπλῄονθη
3457 715 3650 784 χαρᾶς
3706 715 3775 770 τὸ
3802 717 4005 784 στόμα

2408 805 2599 874 ἡμῶν,
2626 806 2725 861 καί
2747 809 2785 876 ὴ
2803 806 3058 878 γλῶσσα
3082 805 3253 876 ἡμῶν
3271 790 3712 876 ἀγαλλιάσεως
3735 806 3999 877 Δἐπλήσθη

2408 900 2468 954 16
2504 899 2678 970 στόμα
2704 901 2899 970 χαρᾶς,
2934 899 3119 955 καινὸν
3150 898 3299 969 θῦμα
3332 898 3407 970 τῷ
3428 899 3652 971 Χριστῷ
3692 900 3999 970 προσκομί-

2409 1006 2509 1044 σαν
2536 990 2634 1061 τὴν
2649 989 2920 1057 γλῶσσαν·
2950 990 3109 1060 ἔσχεν
3127 991 3160 1062 ή
3181 990 3403 1059 γλῶσσα
3420 990 3621 1062 πολλὴν
3645 990 3995 1058 ἀγαλλίασιν,

2405 1081 2712 1153 πρόδρομος
2742 1081 2954 1152 μάρτυς
2986 1078 3214 1148 ὀφθεῖσα
3256 1079 3353 1133 τοῦ
3387 1080 3689 1153 μάρτυρος.
3715 1081 3779 1133 Ὢ
3816 1080 3998 1149 γλώσ-

2405 1185 2505 1240 σης
2536 1168 2673 1239 πρὸς
2696 1170 2824 1232 τοὺς
2852 1167 2965 1221 τῶν
2988 1167 3283 1241 μαρτύρων
3306 1167 3512 1238 δήμους
3527 1169 3628 1240 τὴν
3648 1169 3831 1239 ψυχὴν
3861 1186 4021 1241 προ-.

2402 1256 2694 1329 λαϐούσης
2752 1257 2799 1311 ὣ
2859 1257 3129 1329 στόματος
3186 1257 3567 1330 κρυπτόμενον
3628 1260 3999 1329 γεννήσαντος

2405 1349 2681 1422 μάρτυρα·
2716 1350 2763 1402 ῶ
2809 1347 3064 1419 γλώσσης
3112 1349 3501 1420 θυσιαστήριον
3549 1349 3907 1421 κτησαμένης
3934 1349 3997 1402 16

2404 1440 2597 1513 στόμα·
2628 1438 2954 1511 ῶστόματος
2979 1442 3175 1511 ἱερεῖον
3204 1438 3550 1510 κτησαμένου
3589 1440 3691 1509 τὴν
3714 1438 3992 1508 γλῶσσαν·

2400 1529 2525 1584 ναὸν
2550 1529 2689 1601 ἔχων
2718 1530 3017 1601 ἐλελήθεις,
3046 1524 3092 1584 ὦ
3117 1532 3356 1598 γενναῖε,
3389 1530 3452 1583 16
3480 1530 3683 1601 στόμα,
3708 1530 3838 1583 ναὸν
3863 1532 3923 1583 έν
3951 1523 3996 1598 ᾧ

2397 1620 2498 1691 τήν
2520 1618 2674 1675 σύναι
2681 1637 2781 1692 μον
2798 1620 3051 1690 γλῶσσαν
3070 1630 3094 1660 ο
3113 1620 3415 1691 παράδοξον
3429 1620 3644 1691 ἀμνάδα
3659 1619 3992 1684 κατέθυσας.

2471 1731 2641 1802 β’.Τίς
2652 1730 2760 1802 ἀρα
2779 1748 2872 1784 σου
2886 1731 2985 1795 τάς
3000 1730 3203 1802 ἀρετάς
3213 1729 3379 1796 ἀξίως
3396 1731 3761 1804 στεφανώσειε
3777 1734 3989 1804 ρήτωρ;

2402 1822 2635 1887 Ἐλαϐες
2670 1821 2825 1894 παρά
2872 1822 2973 1893 τῆς
3014 1821 3230 1892 φύσεως
3284 1802 3560 1903 γλῶσσαν,
3601 1824 3667 1877 σὺ
3719 1802 3991 1895 δὲήαίιτήν

2398 1912 2694 1985 ἐξέθρεψας
2718 1914 2995 1984 μάρτυρα⁸
3010 1911 3202 1977 ἔλαϐες
3226 1912 3402 1984 στόμα
3425 1912 3794 1984 φυλακτήρων
3812 1911 3995 1981 γλώσ-

2398 2021 2519 2075 σης.
2557 2003 2622 2057 σὺ
2655 2002 2713 2056 δὲ
2744 2006 2812 2075 τῇ
2839 2001 3061 2074 γλώσσῃ
3099 2003 3160 2057 16
3191 2003 3366 2075 στόμα
3407 2001 3591 2073 βωμὸν
3638 2002 3990 2056 κατεσκεύα-

2398 2112 2516 2160 σας·
2548 2095 2740 2159 ἔρλαϐες
2767 2097 2848 2159 είς
2880 2096 2943 2149 16
2972 2092 3307 2163 φθέγγεσθαι
3334 2093 3635 2166 πλῆκτρον,
3671 2088 3736 2148 06
3766 2093 3826 2147 δὲ
3855 2093 3992 2149 αύτδ

2394 2186 2721 2257 τεμνόμενον
2755 2185 2994 2255 ἀσταχυν
3024 2184 3325 2249 ἀνέδειξας-
3362 2183 3555 2248 ἔλαϐες
3591 2183 3849 2252 γλῶσσαν
3890 2187 3994 2257 ῥη-

2396 2278 2580 2349 μάτων
2618 2277 2887 2341 διάκονον,
2938 2277 3003 2330 σὺ
3053 2277 3111 2331 δὲ
3156 2276 3327 2347 αὐτὴν
3368 2276 3596 2347 ἄμωμον
3642 2274 3722 2347 τῷ
3763 2276 3991 2348 Χριστῷ

2392 2368 2697 2431 κατέθυσας
2725 2367 3018 2440 πρόϐατον.
3050 2366 3171 2421 Τίνι
3198 2383 3294 2420 σου
3310 2367 3409 2439 τήν
3428 2367 3682 2434 γλῶσσαν
3693 2367 3993 2439 πρεπούσῃ

2392 2459 2739 2532 προσηγορία
2770 2460 3027 2531 τιμήσω;
3064 2459 3205 2529 ποίῳ
3248 2476 3346 2512 σου
3377 2459 3645 2530 κοσμήσω
3676 2459 3781 2529 τὴν
3803 2458 3988 2527 γλῶσ-

2394 2569 2494 2606 σαν
2537 2552 2795 2622 ὁνόματι;
2833 2552 3122 2623 Προσῆγον
3144 2550 3321 2625 ταύτῃ
3368 2550 3461 2605 16v
3510 2551 3730 2621 σίδηρον
3772 2550 3987 2622 δήμιοι,

2392 2645 2426 2715 ή
2451 2644 2509 2697 δὲ
2541 2644 2683 2698 κατὰ
2702 2644 2794 2697 τὸν
2810 2642 3095 2713 δεδεμένον
3135 2643 3325 2697 ἰσαάκ
3351 2643 3453 2697 οὐκ
3481 2644 3730 2714 ὲσκίρτα,
3752 2643 3870 2697 ἀλλ’
3907 2642 3986 2707 ὡς

2390 2730 2450 2784 ὲν
2475 2728 2644 2802 βωμῷ
2672 2730 2901 2802 κειμένη
2929 2729 3008 2801 τῷ
3054 2731 3286 2803 στόματι
3310 2730 3411 2804 τήν
3440 2730 3655 2803 πληγὴν
3684 2734 3783 2786 σὺν
3815 2731 3983 2804 ήδονῇ

2391 2820 2770 2891 προσεδέχετο,
2816 2821 3143 2876 διδάσκουσα
3184 2821 3293 2876 τῶν
3328 2820 3633 2895 ἀνθρώπων
3667 2824 3771 2887 τὰς
3800 2824 3982 2891 γλώσ-

2391 2928 2510 2978 σας,
2543 2913 2620 2975 ώς
2645 2912 2708 2966 ού
2748 2911 3082 2982 φθέγγεσθαι
3120 2912 3280 2983 μόνον
3319 2912 3407 2966 διὰ
3427 2912 3688 2986 Χριστὸν,
3715 2913 3855 2967 ἀ).λά
3892 2914 3987 2967 καὶ

2391 3004 2721 3073 σφάττεσθαι
2743 3003 2843 3057 δεῖ.
2866 3004 2980 3074 Τῆς
3000 3003 3096 3057 τοῦ
3124 3005 3466 3077 πατριάρχου
3484 3004 3677 3069 θυσίας
3699 3006 3982 3078 ῆρπασας,

2387 3097 2627 3163 γενναῖε,
2655 3094 2718 3148 16
2748 3094 3052 3166 φιλότιμον,
3090 3095 3382 3167 μονογενὲς
3412 3095 3703 3168 βλάστημα
3730 3095 3985 3169 γλώττης

2388 3188 2511 3242 ἀντὶ
2537 3187 2730 3240 τέκνου
2762 3185 3085 3258 μονογενοῦς
3115 3187 3515 3259 προσκομίσας.
3535 3188 3734 3252 Καλῶς
3762 3189 3876 3259 ἄρα
3899 3205 3985 3244 σοι

2386 3276 2647 3347 δευτέραν
2670 3278 2699 3331 6
2727 3276 2962 3347 Χριστὸς
3000 3275 3363 3346 ἀντεφύτευσε
3388 3275 3641 3346 γλῶσσαν
3665 3292 3680 3306 ο
3714 3272 3845 3349 εὗρε
3870 3261 3983 3351 γὰρ

2386 3365 2592 3435 ἀγαθόν
2636 3383 2698 3420 σε
2755 3368 2856 3436 τῆς
2909 3367 3183 3440 προτέρας
3228 3367 3508 3440 γεωργόν·
3538 3368 3718 3433 καλῶς
3752 3386 3837 3423 σοι
3884 3371 3986 3442 τὴν

2384 3460 2628 3531 ἄσαρκον
2684 3459 2978 3531 ἐχαρίσατο
3033 3459 3295 3528 γλῶσσαν
3322 3476 3337 3490 ·
3384 3459 3663 3532 ἀγγελικῷ
3709 3462 3822 3533 γὰρ
3882 3465 3987 3519 οὑκ

2384 3549 2593 3621 ἔπρεπε
2615 3551 2924 3621 φρονήματι
2952 3550 3210 3623 σάρκινος
3226 3566 3239 3580 ’
3264 3548 3448 3614 καλῶς
3469 3566 3552 3604 σοι
3572 3552 3670 3623 τήν
3686 3552 3789 3623 τῆς
3811 3552 3989 3621 γλώσ-

2386 3659 2486 3712 σης
2509 3642 2857 3714 ἀντιμισθίαν
2880 3641 3180 3696 ἀπέδωκεν.
3206 3641 3489 3713 Ἐχρησάς
3517 3659 3610 3695 σου
3631 3643 3710 3713 τῷ
3729 3645 3985 3719 Δεσπότῃ

2384 3734 2521 3807 πρὸς
2554 3734 2746 3788 θυσίαν
2775 3735 2875 3806 τὴν
2902 3734 3179 3804 γλῶσσαν,
3206 3736 3235 3787 6
3263 3734 3319 3788 δὲ
3350 3734 3489 3806 αὐτῇ
3518 3735 3655 3808 πρὸς
3685 3738 3981 3808 ῥητορείαν

2384 3826 2569 3897 φωνήν
2596 3824 2940 3879 ἀντεδάνεισε
2960 3841 2973 3855 ·
3001 3824 3097 3879 καὶ
3127 3824 3320 3895 γέγονε
3348 3826 3448 3896 τῆς
3475 3824 3729 3898 γλώσσης
3757 3831 3856 3882 καὶ
3882 3828 3981 3883 τοῦ

2384 3916 2621 3988 Χριστοῦ
2657 3916 2793 3988 πρὸς
2828 3914 3089 3987 ἀλλήλους
3122 3914 3497 3987 συνάλλαγμα,
3531 3917 3634 3989 τῆς
3665 3919 3765 3989 μὲν
3798 3920 3982 3990 γλώσ.

2386 4025 2485 4079 σης
2516 4008 2655 4080 ὑπὲρ
2683 4008 2922 4078 Χριστοῦ
2952 4009 3313 4080 τεμνομένης,
3343 4009 3436 4063 τοῦ
3466 4010 3704 4066 Χριστοῦ
3735 4013 3794 4067 δὲ
3833 4015 3978 4089 ὑπὲρ

2384 4100 2485 4171 τῆς
2513 4098 2765 4171 γλώσσης
2806 4098 3097 4163 λαλοῦντος
3109 4141 3128 4161 ,

2453 4213 2563 4269 Ποῦ
2596 4214 2691 4270 νῦν
2722 4216 2854 4285 ήμῖν
2875 4213 3233 4278 Μακεδόνιος,
3264 4214 3293 4267 6
3316 4212 3398 4283 τῷ
3423 4211 3679 4267 δεδωκότι
3714 4214 3779 4268 16
3813 4216 3979 4288 χάρι.

2385 4323 2497 4377 σμα
2528 4306 2637 4360 τῶν
2666 4306 2929 4377 γλωσσῶν
2969 4304 3316 4377 Παρακλήτῳ
3374 4306 3715 4377 μαχόμενος;
3751 4307 3877 4361 Ὀτι
3921 4309 3977 4363 δι

2382 4397 2444 4450 ού
2485 4395 2753 4468 ψεύδομαι
2796 4397 2864 4467 τῇ
2901 4393 2996 4448 τοῦ
3039 4394 3403 4466 Παρακλήτου
3455 4396 3670 4467 θεότητι
3712 4396 3812 4462 τὰς
3866 4399 3975 4454 τῶν

2384 4488 2735 4559 χαρισμάτων
2765 4485 2977 4558 δωρεὰς
3011 4486 3354 4557 περιάπτων,
3392 4486 3603 4559 μάρτυς
3634 4488 3765 4559 ήμῖν
3805 4492 3834 4542 ὀ
3870 4509 3977 4561 μα.

2384 4575 2571 4647 κάριος
2616 4575 2828 4639 Παῦλος
2855 4577 2883 4628 6
2919 4573 3016 4628 νῦν
3047 4575 3182 4646 πρὸς
3228 4575 3327 4645 τὴν
3373 4577 3645 4648 ὑμετέραν
3680 4578 3973 4651 φιληκοΐαν

2382 4665 2520 4737 βοῶν
2540 4682 2553 4695 ·
2580 4664 2787 4719 Πάντα
2815 4664 3004 4720 ταῦτα
3024 4665 3254 4735 ἐνεργεῖ
3283 4664 3354 4721 ἐν
3384 4668 3482 4720 καὶ
3523 4668 3589 4720 τὸ
3609 4669 3757 4723 αὐτύ
3785 4674 3973 4728 Πνεῦ-

2373 4775 2479 4827 μα,
2526 4757 2796 4827 διαιροῦν
2822 4756 2945 4825 ὶδιᾳ
2984 4755 3242 4822 ἑκάστῳ,
3279 4758 3474 4825 καθὼς
3499 4759 3813 4823 βούλεται.
3853 4766 3970 4818 Κα-

2376 4845 2485 4910 θὼς
2512 4846 2782 4917 βούλεται,
2806 4845 2993 4916 φησὶν,
3016 4847 3076 4899 οῦ
3104 4845 3289 4910 καθὼς
3309 4848 3694 4923 έπιτάττεται.
3715 4851 3860 4905 Ἀλλ’
3884 4855 3970 4909 ἵνα

2382 4938 2454 5009 μή
2491 4955 2641 5001 τινας
2673 4936 2811 5007 πρὸς
2837 4936 3049 5000 τούτοις
3078 4936 3359 5001 ἐπιθέντες
3391 4937 3709 5009 προσθήκας
3730 4941 3812 5011 τῷ
3835 4942 3970 5013 πλή-

2378 5029 2459 5083 θει
2509 5029 2610 5100 τήν
2646 5027 2923 5099 ὑμετέραν
2981 5026 3393 5098 καταχώσωμεν
3447 5031 3703 5101 μνήμην,
3759 5033 3968 5104 ταύτην

2374 5116 2540 5173 οὖσαν
2598 5117 2829 5191 ίσχυράν
2874 5118 2974 5189 τὴν
3025 5119 3209 5190 φωνὴν
3258 5121 3401 5190 ὑπὲρ
3449 5121 3547 5175 τοῦ
3598 5122 3965 5195 Παρακλήτου

2378 5209 2717 5281 μεμνημένοι
2754 5208 2929 5273 οὕτως
2968 5209 3219 5283 ἐντεῦθεν
3261 5210 3588 5282 ἐξέλθωμεν,
3621 5213 3835 5283 μεγάλα
3872 5212 3967 5283 μὲν

2375 5301 2491 5357 κατ’
2540 5302 2763 5357 ἐκείνων
2800 5299 3154 5377 φρονοῦντες,
3205 5304 3674 5372 συγγινώσκοντες
3721 5305 3781 5359 δὲ
3828 5304 3968 5366 τέως

2429 5698 2454 5729 ⁸
2481 5696 2655 5746 Morel.
2681 5702 2733 5746 et
2754 5697 2904 5746 Savil.
2934 5698 2983 5746 in
3006 5708 3161 5758 marg.
3185 5695 3271 5752 τήν
3291 5695 3520 5758 σύναιμον
3539 5697 3787 5758 γλῶσσαν.
3804 5697 3958 5749 Ξετίι.

2372 5757 2423 5811 in
2448 5764 2587 5811 lexlu
2609 5760 2694 5819 τήν
2726 5760 2815 5821 σὴν
2836 5760 2948 5823 ἡμῖν
2969 5757 3212 5822 γλῶσσαν.
3227 5758 3348 5820 Reg.
3372 5757 3458 5817 τὴν
3479 5757 3565 5809 σὺν
3583 5760 3699 5823 ἡμῖν
3716 5762 3955 5823 γλῶσσαν.
