4224 6302
243 363 348 424 613

243 481 382 534 enim
421 476 609 548 ingens
641 475 887 548 quaedam
917 473 1115 529 mundo
1157 472 1446 543 impietatis
1485 468 1725 548 tyrannis
1753 469 1834 523 in-

243 568 499 635 sultabat,
525 566 598 623 ab
627 567 736 622 imo
756 575 1080 622 commotum
1112 579 1260 619 mare
1287 564 1390 617 vita
1415 560 1688 618 hominum
1715 558 1837 614 imi-

245 659 478 725 tabatur,
527 657 814 713 decumani
861 657 1034 728 pelagi
1079 655 1274 710 ﬂuctus
1324 655 1375 708 in
1416 662 1616 710 terram
1655 652 1840 706 volve-

243 748 456 816 bantur,
485 747 884 820 vehemensque
929 749 1218 819 impietatis
1245 746 1474 827 procella
1515 745 1691 800 navim
1724 745 1839 815 pie~

241 841 370 894 tatis
419 839 721 896 obruebat:
752 841 902 894 multi
946 839 1163 910 quidem
1219 837 1413 909 ubique
1451 835 1841 907 gubernatores

241 931 625 997 moriebantur,
655 948 761 987 non
797 932 1023 1003 exiguus
1057 942 1236 986 autem
1265 939 1546 986 nautarum
1582 942 1839 984 numerus

240 1022 703 1094 submergebatur,
733 1026 913 1080 omnia
954 1023 1088 1078 diris
1128 1021 1424 1080 terroribus
1462 1035 1526 1076 ac
1550 1021 1840 1091 naufragiis

244 1113 634 1170 redundabant.
669 1115 840 1188 Reges
869 1115 1102 1185 procella
1130 1112 1499 1169 vehementius
1540 1110 1836 1183 spirabant,

238 1203 510 1260 terribiles
537 1204 731 1262 ﬂuctus
759 1205 1118 1261 immittebant
1141 1205 1374 1275 tyranni,
1403 1203 1686 1260 tribunalia
1721 1220 1837 1258 ma-

234 1295 557 1363 gistratuum
606 1295 1116 1360 commovebantur,
1183 1296 1381 1352 Christi
1429 1295 1837 1366 abnegatiOuem

230 1385 441 1453 judices
485 1387 932 1457 promulgubant;
975 1388 1168 1443 acerba
1208 1388 1469 1458 supplicia
1505 1387 1840 1457 legislatures

235 1476 598 1543 minabantur,
627 1477 697 1534 ad
725 1479 1028 1534 darmonum
1052 1481 1311 1535 sacrificia
1339 1480 1438 1534 viri
1469 1481 1832 1550 rapiebantur,

234 1565 302 1620 ad
326 1567 576 1623 altarium
603 1569 1058 1626 abominationem
1087 1570 1339 1626 mulieres
1362 1570 1742 1636 trahebantur;
1771 1573 1838 1626 ad

233 1656 375 1714 hanc
400 1676 613 1731 quoque
646 1662 908 1717 insaniam
938 1663 1171 1733 virgines
1210 1661 1690 1734 compellebantur,
1733 1678 1831 1718 ex-

229 1750 368 1804 siliis
405 1753 714 1809 sacerdotes
758 1769 823 1810 ac
867 1754 1102 1810 caedibus
1146 1754 1548 1821 addicebantur,
1594 1770 1626 1810 e
1670 1758 1836 1810 sacris

229 1845 403 1914 septis
427 1843 616 1902 fideles
653 1846 1024 1916 ejiciebantur.
1069 1847 1297 1903 Tantam
1328 1847 1395 1903 ad
1424 1863 1655 1918 pugnam
1690 1864 1831 1903 mar-

229 1946 318 2004 tyr
346 1938 678 2005 annabatur,
712 1939 981 2010 tantisque
1017 1938 1274 2010 periculis
1313 1940 1550 1993 animum
1595 1953 1834 2010 oppone-

231 2025 356 2093 bat;
403 2027 716 2083 conflictum
763 2029 914 2084 illum
957 2038 1230 2100 tamquam
1267 2039 1538 2085 certamen
1567 2029 1834 2100 quoddam

233 2119 526 2175 umbratile
573 2119 873 2187 deridebat,
921 2130 978 2177 et
1007 2122 1230 2191 perinde
1275 2123 1426 2193 quasi
1457 2124 1508 2176 in
1545 2133 1836 2178 scammate

229 2210 475 2278 pulveris
521 2210 640 2266 loco
674 2212 947 2282 principes
986 2211 1092 2266 ﬁde
1129 2210 1391 2274 calcaret,
1434 2212 1514 2266 sic
1560 2212 1677 2280 ejus
1719 2214 1835 2266 ani-

231 2316 401 2367 mum,
426 2303 519 2372 qui
546 2302 940 2374 tumjudieium
985 2305 1293 2370 exercebat,
1323 2304 1629 2374 exagitavit,
1672 2314 1836 2376 atque

226 2390 492 2446 adversus
519 2391 813 2448 Eeclesiam
856 2393 1220 2449 incursionem
1249 2393 1423 2449 facere
1445 2403 1724 2462 parantem
1747 2410 1838 2450 re-

233 2483 488 2540 frenavit.
515 2484 878 2552 Quamobrem
910 2484 977 2541 ad
1007 2485 1327 2556 supplicium
1357 2485 1537 2540 subito
1562 2485 1643 2539 vir
1667 2501 1834 2556 gene-

229 2588 390 2630 rosus
415 2574 672 2646 abreptus
696 2585 800 2643 est,
832 2575 1086 2646 variaque
1111 2590 1391 2646 pugnarum
1419 2591 1620 2646 genera
1647 2577 1837 2631 admo-

229 2667 535 2732 vebantur;
565 2675 770 2738 martyr
797 2676 980 2724 autem
1000 2664 1219 2722 citharae
1248 2668 1438 2723 similis
1453 2677 1588 2735 erat,
1611 2667 1738 2723 dum
1765 2669 1833 2724 ad

228 2771 423 2811 sonum
449 2755 720 2812 edendum
745 2759 1077 2814 crnciatuum
1103 2758 1308 2828 plectro
1337 2766 1645 2815 moveretur
1674 2775 1832 2814 :cor-

231 2845 363 2913 pns‘
406 2847 818 2904 circumstantes
868 2847 1150 2902 carniﬁces
1192 2847 1364 2919 plagis
1404 2848 1830 2915 contundebant,

229 2937 349 3008 ipse
374 2953 504 2993 vero
530 2946 799 3010 tamquam
841 2954 1042 2996 aereum
1074 2940 1342 3010 quoddam
1373 2950 1686 3013 tympanum
1715 2943 1834 3013 pie-

227 3029 356 3084 tatis
397 3043 621 3085 earmen
672 3031 914 3101 pulsatus
960 3031 1274 3087 suceinebat
1304 3050 1317 3086 :
1345 3032 1741 3103 suspendentes
1780 3035 1832 3088 in

230 3121 466 3191 equuleo
494 3122 820 3189 lacerabant,
854 3123 944 3178 ille
978 3138 1106 3179 vero
1132 3135 1402 3195 tamquam
1430 3125 1554 3180 vita:
1582 3125 1833 3183 arborem

229 3214 521 3284 equuleum
577 3213 980 3285 amplexabatur
1026 3234 1040 3270 :
1085 3216 1222 3272 sicut
1275 3217 1441 3273 latera
1485 3218 1616 3287 justi
1665 3234 1832 3289 genas

229 3308 583 3377 dilaniabant,
615 3308 705 3364 ille
732 3323 880 3376 vero,
902 3311 1054 3380 quasi
1073 3310 1228 3381 plura
1255 3320 1367 3366 tum
1398 3326 1492 3366 ora
1516 3313 1829 3383 recepisset,

230 3400 530 3455 orationem
581 3399 831 3468 habebat,
865 3415 1108 3472 novoque
1148 3400 1299 3472 lapsu
1329 3401 1591 3471 pudorem
1635 3402 1828 3459 adver-

229 3491 375 3547 sario
403 3491 732 3560 imponebat.

307 3579 545 3635 Mirabile
569 3596 866 3652 responsum
890 3581 1100 3652 infantis
1120 3598 1152 3634 a
1179 3581 1407 3654 Martyre
1435 3585 1835 3655 interrogati.—

229 3670 363 3726 Cum
391 3672 534 3726 enim
565 3687 624 3727 se
651 3687 680 3726 a
703 3671 882 3742 judice
905 3672 971 3726 ad
997 3672 1303 3728 daemonum
1325 3674 1528 3728 cultum
1554 3679 1831 3745 provocari

233 3763 475 3831 videret,
507 3762 763 3819 infantem
805 3778 836 3818 e
883 3763 1000 3818 loro
1028 3763 1151 3818 duci
1186 3767 1454 3835 postulat,
1488 3775 1546 3820 ut
1575 3783 1696 3822 eum
1719 3809 1732 3834 ,
1765 3769 1834 3824 de

232 3855 426 3925 quibus
453 3856 614 3910 rebus
639 3871 669 3909 a
692 3855 873 3924 judice
906 3856 1352 3927 interrogabatur,
1376 3857 1610 3928 judicem
1642 3859 1829 3928 faciat;

233 3955 287 3999 ct
310 3945 543 4000 adducto
570 3944 757 4000 infanti
788 3933 859 4001 de
897 3947 994 4009 iis,
1024 3963 1145 4018 qua:
1185 3948 1545 4017 agitabantur,
1576 3951 1832 4019 qmestio-

235 4055 358 4093 nem
391 4040 665 4109 proponit.
713 4037 850 4104 Fili,
896 4041 1101 4110 inquit,
1145 4041 1419 4109 justumne
1448 4051 1564 4109 est,
1613 4045 1834 4098 ntDens

234 4129 523 4195 adoretur;
549 4144 616 4183 an
642 4137 699 4184 ut
728 4129 786 4194 ii,
811 4130 898 4199 qui
921 4130 988 4184 ab
1017 4131 1132 4185 istis
1153 4129 1224 4185 dii
1250 4133 1622 4203 appellantur?
1647 4133 1831 4204 Magna

240 4219 396 4289 plane
425 4220 703 4289 sapientia:
729 4224 981 4292 martyris
1019 4222 1334 4277 excellentia
1356 4241 1368 4276 :
1384 4222 1580 4292 judicis
1596 4224 1832 4294 judicem

235 4310 490 4366 infantem
521 4313 799 4367 constituit
828 4330 841 4365 :
873 4322 928 4368 at
953 4313 1041 4368 ille
1070 4315 1326 4369 continuo
1351 4316 1646 4370 secundum
1673 4316 1832 4372 Chri-

234 4414 376 4459 Stum
407 4403 556 4458 litem
587 4404 754 4472 dedit,
783 4413 841 4458 ut
867 4406 1030 4476 impie
1052 4419 1110 4459 se
1132 4407 1440 4475 gerentibus
1456 4408 1725 4478 judicibus
1747 4410 1832 4465 vel

236 4495 464 4550 inlantes
494 4496 848 4565 sapientiores
875 4498 1292 4552 ostenderentur
1315 4514 1329 4564 ;
1353 4499 1461 4577 imo
1491 4515 1620 4556 vero
1646 4511 1829 4558 utnon

237 4585 396 4640 modo
424 4595 626 4657 martyr
653 4597 937 4656 appareret
961 4598 1182 4659 martyr,
1216 4588 1309 4644 sed
1340 4590 1501 4645 etiam
1534 4601 1829 4663 martyrum

235 4679 470 4743 monitor
514 4694 576 4733 ac
616 4679 891 4749 magister.
936 4678 1317 4735 Verumtamen
1359 4697 1427 4737 ne
1469 4681 1571 4737 hoc
1612 4683 1830 4752 quidem

233 4770 430 4838 judicis
475 4771 682 4826 rabiem
725 4771 1094 4837 labefactavit;
1127 4774 1220 4828 sed
1253 4774 1301 4827 in
1333 4775 1616 4843 equuleum
1648 4778 1828 4832 statim

237 4875 356 4915 cum
387 4859 592 4916 infante
617 4871 826 4932 martyr
856 4862 1237 4932 abripiebatnr,
1276 4864 1595 4934 equuleique
1633 4867 1831 4937 suppli-

236 4953 318 5007 cio
344 4967 535 5009 carcer
579 4955 937 5022 succedebat,
974 4963 1030 5010 et
1072 4956 1143 5010 illi
1191 4957 1479 5023 sententia,
1509 4975 1629 5028 quae
1656 4962 1831 5017 varias

234 5043 452 5098 athletis
479 5059 664 5112 poenas
686 5043 957 5101 dividebat
982 5064 994 5100 :
1021 5060 1142 5100 nam
1171 5045 1424 5102 infantem
1447 5049 1660 5116 quidem
1687 5067 1833 5106 mor-

237 5148 302 5196 te.
333 5144 628 5208 martyrem
659 5145 836 5191 autem
869 5137 1059 5207 lingua:
1085 5139 1354 5194 excisione
1381 5139 1675 5196 damnavit.
1701 5143 1831 5211 Quis

239 5227 393 5281 talem
422 5227 608 5298 jndicii
637 5229 850 5283 modum
879 5229 1115 5284 audivit?
1143 5246 1260 5286 reos
1283 5232 1491 5302 judices
1522 5235 1697 5304 llagris
1727 5251 1831 5290 cm-

235 5315 388 5382 dunt,
417 5327 476 5371 ut
505 5332 590 5381 ea,
620 5333 845 5388 quorum
877 5320 977 5374 sibi
1007 5331 1130 5375 sunt
1157 5324 1354 5376 conscii
1377 5363 1392 5387 ,
1424 5322 1574 5378 fateri
1600 5339 1824 5395 cogant:

235 5418 284 5458 at
313 5406 606 5477 impietatis
644 5409 810 5477 jndex
853 5411 1085 5481 linguam
1125 5401 1354 5478 excidit,
1389 5425 1444 5468 ut
1474 5431 1534 5470 ea
1556 5457 1570 5480 ,
1600 5433 1827 5486 quorum

237 5498 330 5550 sibi
363 5499 613 5553 conscius
642 5509 755 5566 est,
786 5510 964 5566 tacere
994 5504 1303 5573 compellat.
1329 5503 1374 5559 0
1403 5505 1633 5560 immane
1672 5510 1826 5563 mali-

235 5604 350 5660 gna:
377 5591 508 5645 artis
536 5592 844 5647 inventum!
881 5593 1147 5658 Animam,
1184 5595 1370 5665 inquit,
1400 5611 1460 5652 ea
1487 5614 1606 5667 quae
1626 5597 1826 5655 Christi

237 5689 358 5737 Sunt
394 5681 690 5748 sapientem
733 5683 800 5738 de
839 5693 978 5741 statu
1025 5700 1128 5740 non
1176 5685 1384 5756 dcjcci;
1425 5698 1475 5743 at
1524 5689 1824 5760 loquentem

296 5792 316 5826 ⁸
346 5791 487 5843 ut“.
517 5801 568 5844 ct
586 5801 720 5860 μύση
745 5809 813 5846 os.

1382 354 1448 414 IN
1483 353 1544 416 Β.
1589 348 1928 411 ROHANUM
1995 347 2404 407 ΜΑΙΙΊὛΡΕΗ.
2439 348 2505 406 ιι.

3455 344 3559 396 ελ

1952 466 2140 520 saltem
2163 480 2260 536 pro
2280 465 2497 522 Christo
2521 463 2754 535 linguam
2783 463 3047 520 excidam.
3073 465 3271 523 Exeide
3293 463 3548 534 linguam,

1949 569 1981 610 ο
2014 566 2243 627 tyranne
2266 596 2283 622 ,
2311 565 2369 610 ut
2395 562 2640 609 naturam
2672 555 2835 610 etiam
2881 556 3148 626 elinguem
3199 571 3295 627 pro
3337 555 3556 611 Christo

1947 646 2290 717 eloquentem
2324 662 2443 704 esse
2471 653 2766 717 cognoscas
2791 663 2805 699 :
2835 647 3015 702 evelle
3059 647 3293 718 linguam
3323 663 3388 705 ex
3420 663 3514 704 ore
3533 691 3547 710 ,

1946 746 2003 790 ut
2027 751 2150 790 eum
2173 779 2188 804 ,
2219 739 2312 808 qui
2338 738 2480 793 dona
2510 747 2811 810 linguarum
2841 746 2924 794 est
2963 738 3230 808 pollicitus
3256 780 3272 805 ,
3306 753 3552 795 veraeem

1945 838 2066 882 esse
2090 841 2404 898 cognoscas.
2431 828 2641 885 Etenim
2664 827 2859 898 lingua:
2886 828 3102 899 quidem
3135 831 3550 886 instrumentum

1948 915 2187 984 excidit,
2239 929 2295 972 at
2349 934 2530 974 sermo
2578 917 2956 976 vehementius
3007 920 3326 992 erumpebat
3378 921 3556 991 lingua

1948 1014 2218 1076 tamquam
2266 1008 2651 1079 impedimento
2703 1009 2937 1080 quodam
2986 1009 3245 1066 liberatus
3295 1030 3310 1068 :
3356 1027 3554 1066 novum

1946 1112 2076 1154 sane
2103 1101 2469 1169 spectaculum
2499 1117 2563 1158 ac
2587 1103 2932 1173 stupendum,
2962 1103 3128 1158 homo
3148 1117 3214 1157 ex
3239 1118 3402 1160 carne
3418 1119 3555 1159 eon-

1945 1200 2094 1244 stans
2122 1205 2187 1245 es
2219 1206 2383 1248 carne
2411 1197 2786 1251 constantibus
2812 1198 2930 1251 sine
2949 1211 3112 1253 carne
3133 1196 3298 1253 verba
3322 1196 3544 1255 faciens.

1943 1281 2204 1336 Convenit
2232 1282 2412 1353 itaque
2441 1287 2665 1357 martyri
2693 1287 2972 1356 propheta:
2999 1304 3241 1357 carmen,
3274 1285 3544 1360 Replctunt
3577 1341 3580 1344 .

1943 1383 2014 1427 est
2057 1375 2244 1443 gaudio
2292 1393 2350 1430 os
2393 1388 2622 1432 nostrum
2642 1419 2656 1441 ,
2699 1390 2746 1434 et
2784 1380 2962 1452 lingua
3001 1392 3177 1435 nostra
3217 1381 3554 1441 exultatione

1947 1465 2117 1536 (Psal.
2148 1467 2273 1522 125.
2302 1467 2360 1541 9.)
2391 1487 2406 1522 :
2441 1471 2706 1539 repletum
2733 1485 2814 1528 est
2839 1474 3036 1544 gaudio
3061 1488 3142 1539 os,
3168 1474 3310 1544 quod
3331 1471 3549 1532 Christo

1942 1559 2175 1630 linguam
2219 1576 2412 1616 novam
2450 1563 2724 1619 victimam
2755 1565 3056 1621 offerebat:
3088 1581 3281 1638 magna
3314 1575 3429 1624 tum
3457 1582 3550 1624 ex-

1942 1651 2232 1708 sultatione
2260 1664 2653 1725 correpta-erat
2683 1657 2884 1729 lingua,
2917 1674 3038 1729 quae
3077 1661 3271 1730 pncvia
3301 1662 3550 1735 martyris

1944 1754 2147 1816 martyr
2168 1755 2257 1801 est
2281 1747 2410 1802 visa.
2440 1747 2485 1802 Ο
2506 1749 2762 1819 linguam,
2792 1765 2912 1821 quae
2934 1750 3000 1806 ad
3030 1761 3326 1826 martyrum
3351 1762 3553 1811 turmas

1941 1836 2172 1890 animam
2220 1838 2391 1908 ipsam
2422 1842 2714 1910 praevenit!
2748 1857 2783 1897 ο
2810 1857 2893 1910 os,
2922 1843 3066 1913 quod
3095 1846 3362 1901 occultum
3409 1863 3553 1902 mar-

1943 1931 2112 1995 tyrem
2142 1928 2359 1996 genuit!
2391 1943 2426 1983 o
2449 1929 2709 2000 linguam,
2737 1932 2823 1986 cui
2852 1939 2950 2002 pr‘o
2977 1933 3133 1990 altari
3155 1950 3216 1991 os
3245 1936 3378 1992 fuit!
3410 1952 3442 1992 ο
3464 1953 3548 2005 os,

1943 2014 2029 2069 cui
2055 2031 2153 2086 pro
2174 2018 2388 2073 victima
2418 2020 2596 2091 lingua
2623 2021 2717 2077 fuit
2739 2024 2752 2077 ε
2780 2023 3167 2093 nesciebamus,
3199 2043 3232 2083 ο
3255 2043 3546 2100 generose,

1942 2109 2199 2178 templum
2223 2109 2424 2168 habere
2447 2123 2496 2168 te
2516 2129 2578 2169 os
2609 2124 2792 2182 tuum;
2822 2119 3099 2188 templum,
3120 2121 3172 2176 in
3195 2137 3302 2192 quo
3322 2138 3551 2179 consan-

1938 2199 2188 2268 guineam
2222 2202 2454 2273 linguam
2478 2205 2779 2261 mirabilem
2809 2224 3000 2279 agnam
3034 2217 3300 2268 mactasti.

2009 2289 2064 2344 ξ.
2117 2291 2250 2359 Quis
2294 2293 2459 2365 igitur
2502 2297 2729 2354 virtutes
2778 2309 2896 2355 tuas
2942 2311 3126 2358 orator
3166 2320 3262 2374 pro
3291 2305 3549 2377 dignitate

1941 2378 2186 2436 laudibus
2218 2395 2574 2455 prosequatur
2589 2388 2898 2460 l‘Linguam
2923 2394 3178 2463 accepisti
3203 2410 3234 2451 a
3260 2407 3471 2463 natura,
3494 2410 3551 2456 at

1941 2476 1996 2520 tu
2027 2483 2147 2523 eam
2173 2482 2467 2544 martyrem
2498 2475 2738 2532 educasti
2765 2496 2777 2532 :
2804 2481 3057 2550 accepisti
3097 2498 3193 2548 os,
3241 2487 3549 2544 munimen-

1941 2568 2050 2613 tum
2086 2559 2280 2632 lingna:
2299 2605 2315 2630 ,
2352 2573 2405 2620 tu
2435 2576 2614 2622 autem
2645 2583 2708 2623 os
2738 2569 2931 2640 lingua
2961 2574 3130 2630 altare
3157 2575 3379 2633 effecisti
3411 2596 3424 2633 :
3456 2594 3548 2636 ae-

1938 2654 2125 2723 cepisti
2175 2657 2440 2725 plectrum
2486 2659 2552 2714 ad
2600 2661 2962 2732 loquendum,
3014 2675 3070 2721 at
3117 2669 3362 2731 excisum
3417 2672 3562 2729 illud‘

1938 2745 2140 2815 spicam
2188 2748 2411 2805 effecisti
2446 2768 2460 2806 :
2489 2752 2723 2822 linguam
2753 2756 3038 2814 verborum
3067 2760 3437 2820 administrant
3464 2781 3552 2821 ac-

1936 2837 2161 2906 cepisti,
2207 2848 2262 2892 at
2306 2849 2362 2894 tu
2406 2841 2551 2897 illam
2581 2843 2798 2901 Christo
2840 2850 3100 2917 pecudem
3150 2853 3546 2915 immaculatam

1938 2925 2245 2982 immolasti.
2292 2929 2410 2998 Qua
2462 2933 2680 2989 tandem
2727 2936 2962 3008 linguam
3007 2951 3151 2998 tuam
3203 2949 3546 3005 convenienti

1936 3018 2296 3086 appellatione
2338 3019 2649 3078 decorabatl
2696 3041 2807 3096 quo
2852 3031 3068 3087 nomine
3115 3033 3346 3106 linguam
3398 3047 3545 3097 tuam

1937 3114 2250 3168 exornabo?
2279 3115 2656 3176 Admovebant
2692 3122 2742 3183 ei
2771 3122 2973 3181 ferrum
3003 3131 3286 3189 carniﬁces
3307 3176 3322 3200 ,
3360 3146 3416 3191 at
3458 3139 3544 3194 illa

1937 3205 2102 3279 vineti
2126 3207 2276 3264 lsaac
2304 3208 2356 3264 in
2389 3226 2595 3268 morem
2625 3228 2734 3270 non
2761 3217 3053 3286 resiliebat,
3087 3223 3180 3278 sed
3208 3227 3257 3280 in
3285 3238 3546 3299 oretam-

1938 3313 2096 3369 quam
2129 3302 2180 3354 in
2211 3301 2367 3357 altari
2409 3304 2596 3369 iacens
2631 3322 2756 3363 cum
2801 3311 3074 3382 voluptate
3115 3317 3309 3373 vulnus
3349 3336 3545 3394 exSpe-

1937 3389 2149 3459 ctabat,
2198 3409 2262 3448 ac
2314 3394 2522 3466 linguas
2561 3398 2836 3470 hominum
2884 3418 2990 3459 non
3022 3421 3118 3476 pro
3147 3409 3363 3468 Christo
3402 3389 3548 3486 loqui

1942 3489 2147 3537 tantum
2173 3497 2445 3555 oportere,
2470 3488 2565 3544 sed
2588 3492 2720 3546 caedi
2745 3495 2904 3548 etiam
2939 3497 3183 3553 docebat.
3215 3502 3544 3561 Patriarehzn

1938 3576 2183 3632 sacriﬁcii
2227 3579 2661 3652 aemulationem,
2713 3599 2747 3640 o
2788 3602 3080 3658 generose,
3123 3595 3367 3663 rapuisti,
3415 3599 3543 3656 dum

1938 3668 2271 3738 unigenitum
2311 3669 2503 3742 lingua:
2539 3688 2758 3744 germen
2789 3691 2890 3747 pro
2922 3682 3194 3751 unigenito
3225 3684 3361 3743 Filio
3376 3691 3536 3746 obtu-

1939 3755 2044 3812 listi
2075 3757 2226 3830 (Cen.
2255 3759 2383 3831 ‘22).
2411 3761 2579 3817 Recte
2608 3763 2788 3836 itaque
2819 3767 2913 3822 tibi
2945 3770 3170 3828 alteram
3201 3775 3437 3846 linguam
3464 3783 3543 3836 vi-

1938 3848 2118 3902 cissim
2159 3849 2407 3906 Christus
2439 3852 2665 3920 insevit;
2705 3856 2904 3913 bonum
2943 3863 3142 3933 quippe
3175 3875 3225 3920 te
3249 3870 3542 3939 agricolam

1939 3939 2132 4008 prioris
2161 3941 2364 3997 invenit
2389 3961 2403 3998 :
2430 3954 2579 4000 recte
2609 3945 2842 4018 linguam
2889 3966 2996 4007 non
3038 3970 3288 4014 carneam
3314 3972 3398 4018 est
3433 3964 3542 4020 lar-

1938 4032 2108 4102 gitus;
2136 4033 2434 4103 angelicum
2456 4037 2598 4092 enim
2623 4040 2788 4095 animi
2816 4041 3063 4099 affectum
3091 4062 3286 4108 carnea
3312 4070 3420 4110 non
3445 4057 3544 4115 de-

1939 4122 2093 4178 cebat
2123 4142 2137 4178 :
2171 4135 2318 4182 recte
2355 4126 2548 4198 lingua:
2597 4129 2689 4184 tibi
2736 4138 3226 4195 remunerationem
3268 4123 3536 4214 rependit.

1941 4215 2022 4270 Ad
2053 4217 2378 4273 sacriﬁcium
2416 4220 2649 4290 linguam
2685 4223 2912 4280 Domino
2947 4233 3332 4303 commodasti,
3362 4250 3419 4294 at
3454 4241 3542 4296 ille

1941 4309 2172 4364 vicissim
2197 4325 2382 4365 vocem
2404 4310 2471 4366 ad
2492 4311 2852 4383 eloquentiam
2879 4316 3162 4377 imperavit
3187 4341 3201 4377 :
3229 4325 3431 4385 factum
3459 4345 3544 4388 est

1940 4400 2206 4471 quoddam
2239 4403 2434 4472 lingua:
2460 4413 2621 4476 atque
2641 4405 2841 4464 Christi
2875 4411 3015 4467 inter
3043 4429 3104 4470 se
3130 4425 3536 4495 commercium,

1938 4493 2063 4548 dum
2106 4511 2201 4564 pro
2227 4496 2440 4552 Christo
2468 4499 2681 4568 quidem
2711 4501 2887 4572 lingua
2918 4507 3202 4580 exciditur,
3229 4528 3330 4584 pro
3358 4493 3536 4592 lingua

1941 4600 2070 4640 vero
2093 4586 2340 4642 Christus
2367 4589 2630 4659 loquitur.

2010 4677 2078 4731 In
2106 4678 2463 4734 Macedoniam
2492 4682 2760 4748 invehitur,
2784 4688 2870 4756 qui
2890 4686 3116 4757 Spiritus
3141 4694 3202 4751 S.
3225 4699 3540 4764 divinitatem

1938 4770 2170 4842 negabat.
2199 4771 2402 4842 Confert
2427 4773 2522 4826 hoc
2547 4774 2849 4830 miraculum
2876 4795 2990 4834 cum
3019 4784 3166 4844 rubo.
3192 4818 3248 4829 —
3277 4790 3374 4848 Ubi
3397 4813 3542 4856 nunc

1937 4873 2020 4919 est
2039 4863 2192 4919 nobis
2219 4863 2582 4932 Macedonius,
2615 4866 3029 4938 qui‘Paracleto,
3059 4888 3088 4928 a
3110 4892 3218 4945 quo
3239 4879 3536 4953 linguarum

1938 4957 2136 5011 donum
2167 4956 2417 5011 collatum
2440 4967 2542 5023 est,
2576 4957 2777 5013 bellum
2803 4959 3003 5018 infert?
3027 4963 3209 5037 Neque
3234 4987 3364 5030 vero
3385 4992 3536 5037 men-

1942 5051 2026 5105 tiri
2073 5065 2189 5116 me,
2218 5049 2346 5104 dum
2387 5049 2770 5106 charismatum
2800 5053 2938 5109 dona
2976 5055 3238 5118 Paracleti
3267 5066 3537 5132 divinitati

1938 5144 2192 5209 attribuo,
2227 5146 2377 5199 testis
2404 5145 2559 5199 nobis
2586 5155 2668 5200 est
2694 5146 2882 5202 beatus
2910 5149 3136 5221 Paulus,
3176 5159 3265 5227 qui
3297 5172 3532 5223 vestrum

1938 5237 2185 5291 audiendi
2233 5236 2468 5290 studium
2518 5253 2662 5290 nunc
2707 5237 2790 5298 his
2835 5241 3057 5297 vocibus
3102 5260 3329 5319 occupat
3360 5273 3374 5309 ς
3407 5256 3540 5314 um,

1938 5328 2110 5381 omnia
2136 5335 2378 5396 operatur
2402 5343 2532 5381 unus
2561 5336 2710 5398 atque
2736 5329 2871 5383 idem
2898 5331 3144 5403 Spiritus,
3177 5341 3401 5399 dividens
3427 5352 3530 5403 si".

1938 5423 2072 5491 gulis
2101 5429 2255 5490 prout
2275 5424 2380 5475 vult
2408 5421 2485 5490 (I.
2517 5421 2636 5475 Cor.
2662 5421 2749 5477 12.
2782 5424 2869 5494 Η)
2895 5442 2908 5477 :
2938 5425 3105 5481 Prout
3137 5430 3276 5498 vult,
3319 5437 3493 5510 inquit
3519 5486 3543 5509 ι

1941 5530 2069 5581 non,
2099 5514 2521 5584 Proutjubetttr.
2555 5515 2749 5570 Verum
2777 5531 2845 5572 ne
2871 5519 2916 5572 si
2948 5519 3082 5574 forte
3107 5525 3352 5590 quaadam
3378 5533 3534 5590 adds-

1941 5616 2174 5660 lamenta
2218 5605 2301 5660 his
2341 5605 2659 5674 fuerimus,
2691 5608 2851 5662 nimia
2883 5609 3034 5681 copia
3068 5621 3303 5670 vestram
3336 5636 3538 5677 memo-

1937 5699 2072 5753 riam
2116 5698 2436 5764 obruamus,
2480 5697 2639 5768 hujus
2678 5698 2812 5754 certi
2852 5697 3102 5772 llrmique
3138 5721 3235 5776 pro
3259 5707 3537 5769 Paraclcjo

1946 5791 2042 5850 luci
2071 5806 2335 5848 memores
2363 5787 2487 5847 hinc
2517 5793 2843 5848 excedamus
2863 5832 2877 5860 ,
2905 5800 2959 5849 et
2982 5808 3203 5867 magnos
3233 5801 3452 5870 spiritus
3482 5811 3534 5864 in
