4246 6320
727 344 832 402 6l5

719 476 818 517 eos
839 471 1134 524 sumentes;
1164 459 1257 514 sed
1298 459 1405 513 illis
1435 459 1734 515 errantibus
1761 457 1973 514 interim
2009 460 2293 529 ignoscen-

728 562 829 619 ια.
854 552 1114 609 Paracieti
1139 539 1478 608 divinitatem
1504 550 1810 605 adoremus.
1835 546 1911 604 Ac
1936 549 2059 604 tuba
2083 548 2295 618 quidem

726 646 1039 719 prophetica
1068 644 1232 699 totius
1260 643 1407 700 orbis
1433 644 1484 697 in
1505 641 1776 698 Christum
1800 656 2116 699 consensum
2157 656 2297 710 pra:-

717 739 969 796 ntmtians
985 736 1215 803 dicebat,
1247 737 1379 802 Quia
1402 736 1680 807 intelligent
1699 753 1798 799 me,
1818 753 1848 789 a
1862 751 2013 805 parvo
2035 750 2228 798 eorum,
2249 742 2295 787 et
2312 750 2329 773 ι

718 845 871 901 usque
897 830 966 883 ad
986 845 1220 900 magnum
1239 843 1409 883 eorum
1437 826 1572 903 (Jer.
1602 829 1691 884 5L
1714 828 1831 895 54),
1856 827 1922 887 Et
1942 826 2103 882 omnis
2124 827 2297 898 lingua

715 920 1037 990 conﬁtebitur
1061 919 1169 973 Deo
1197 936 1310 973 vero
1341 918 1513 992 (Rom.
1547 920 1633 974 Η.
1661 918 1774 988 11).
1799 917 1868 972 Et
1893 918 2150 987 propheta
2172 918 2294 987 qui-

714 1014 865 1075 dem,
912 1019 979 1066 ut
997 1010 1135 1078 dixi,
1178 1010 1409 1081 linguam
1457 1025 1668 1064 omnem
1712 1009 2031 1080 cognitionis
2072 1009 2162 1065 Dei
2194 1010 2293 1065 reti

712 1101 984 1156 concludit
1002 1143 1016 1167 ,
1044 1116 1142 1154 nos
1158 1116 1299 1182 νει-ρ
1319 1100 1575 1155 hodierno
1599 1099 1686 1155 die
1707 1100 1867 1154 etiam
1894 1098 2155 1169 elinguem
2182 1114 2294 1154 ora-

719 1196 920 1251 tionem
952 1194 1130 1263 pietati
1162 1194 1582 1263 patrocinantem
1609 1193 1886 1249 audiemus
1924 1211 1939 1249 :
1980 1194 2123 1249 velut
2151 1197 2291 1249 enim

714 1285 917 1341 cithara
948 1285 1190 1357 qumdam
1235 1284 1438 1355 plectro
1465 1285 1721 1341 destituta
1744 1287 2053 1342 Creatorem
2087 1286 2290 1342 Collau-

711 1376 823 1430 dat.
846 1375 995 1430 Dicat
1027 1376 1186 1446 igitur
1215 1384 1268 1429 et
1297 1376 1481 1430 beatus
1506 1376 1777 1431 Romanus
1802 1396 1815 1430 :
1841 1376 2042 1447 Lingua
2067 1395 2177 1432 mea
2199 1395 2289 1431 ca-

709 1465 877 1521 lamus
896 1466 1071 1521 scrist
1088 1465 1318 1521 velociter
1335 1465 1593 1520 scribentis
1617 1465 1785 1536 (Psal.
1806 1467 1894 1521 44.
1925 1465 1982 1538 1)
2005 1485 2017 1521 :
2045 1483 2286 1538 qumnam

710 1559 925 1629 lingua?
944 1557 1059 1613 Non
1102 1572 1163 1612 ea
1194 1573 1350 1627 quam
1390 1557 1589 1613 l'errum
1618 1559 1833 1629 eripuit,
1864 1559 1956 1613 scd
1984 1575 2139 1629 quam
2169 1559 2288 1629 Spi-

710 1650 845 1704 ritus
871 1632 1038 1719 g'ratia
1069 1647 1323 1702 fabricata
1350 1657 1434 1703 est
1458 1664 1473 1715 ;
1505 1649 1680 1718 lingua
1714 1650 1908 1719 quippe
1933 1651 2114 1706 avulsa
2132 1693 2145 1717 ,
2168 1652 2288 1721 Spi—

709 1744 844 1796 ritus
878 1741 1044 1811 gratia
1088 1741 1140 1795 in
1184 1741 1300 1810 ejus
1343 1740 1517 1797 locum
1547 1749 1629 1797 est
1666 1740 1902 1797 suﬂ'ccta.
1934 1744 2208 1799 llabebant
2233 1756 2287 1800 et

708 1832 922 1902 linguas
947 1833 1207 1901 apostoli,
1239 1833 1331 1887 sed
1367 1844 1421 1887 ut
1448 1833 1716 1902 operantis
1742 1834 1911 1888 virtus
1938 1834 2282 1903 indicaretur,

705 1922 871 1975 lutum
913 1921 1197 1986 etiabatnr,
1235 1932 1287 1976 et
1317 1923 1452 1992 ignis
1474 1923 1703 1978 caelestis
1742 1924 2073 1994 loquebatur.
2110 1927 2283 1984 liabe-

704 2013 788 2068 bat
821 2023 873 2069 et
902 2014 1126 2069 Mosaica
1157 2015 1425 2086 Scriptura
1451 2017 1527 2069 rei
1548 2016 1827 2085 imaginem
1850 2034 1967 2087 qua:
1988 2020 2282 2075 orationem

702 2106 911 2159 excedit
940 2122 954 2159 :
983 2106 1145 2159 rubus
1172 2107 1312 2160 enim
1355 2106 1491 2174 apud
1524 2107 1669 2161 illum
1699 2116 1753 2161 et
1781 2109 1914 2178 ignis
1949 2109 2043 2164 luit
2077 2109 2279 2183 (Exod.

702 2198 756 2252 5.
788 2198 946 2266 init.).
990 2198 1325 2265 Apostolicus
1368 2198 1501 2268 ignis
1536 2200 1926 2269 prmdicationis
1963 2206 2282 2274 evangelicae

702 2301 866 2341 voces
894 2287 943 2339 in
973 2287 1105 2340 rubo
1132 2286 1503 2358 prazﬁgurabat
1522 2331 1536 2354 ,
1570 2304 1633 2345 ac
1656 2304 1841 2345 vocem
1872 2292 1949 2346 rei
1979 2294 2281 2350 inanimatae

700 2375 958 2446 impertit,
989 2385 1049 2430 ut
1081 2377 1161 2443 ci,
1192 2392 1311 2433 cum
1347 2380 1573 2449 tetigerit
1611 2382 1841 2436 animata
1888 2384 2235 2441 instrumenta
2260 2427 2276 2454 ,

699 2468 953 2522 credatur
981 2487 993 2522 :
1026 2469 1071 2523 si
1117 2470 1259 2524 enim
1301 2486 1413 2525 rem
1457 2473 1799 2527 inanimatam
1843 2486 2118 2532 contactus
2145 2479 2278 2548 ignis

697 2560 934 2613 vocalem
962 2559 1223 2629 reddidit,
1260 2576 1434 2616 nonne
1464 2564 1666 2631 debuit,
1700 2581 1822 2620 cum
1852 2567 2055 2623 ratione
2083 2571 2279 2639 pracdi-

698 2659 778 2703 tas
806 2650 1009 2703 animas
1033 2652 1377 2720 replevisset,
1409 2668 1473 2707 ex
1504 2664 1748 2708 contactu
1794 2670 2010 2712 carmen
2057 2663 2277 2716 concin-

698 2758 828 2796 num
856 2741 1142 2797 admodum
1173 2744 1499 2813 personare?
1524 2746 1632 2801 llac
1662 2748 1819 2801 etiam
1850 2751 2015 2819 gratia
2054 2753 2277 2809 cclebris

695 2833 784 2887 hic
810 2832 1083 2889 llomanus
1108 2835 1334 2890 donatus
1361 2845 1475 2891 erat
1495 2878 1510 2904 ,
1538 2838 1627 2908 qui
1672 2849 1887 2893 exsecta
1917 2840 2095 2911 lingua
2117 2883 2129 2905 ,
2164 2845 2276 2901 ela-

693 2925 821 2980 riori
853 2941 983 2981 voce
1015 2937 1294 2998 tyrannum
1323 2929 1596 2999 arguebat.
1632 2927 1818 3001 Neque
1849 2948 1977 2988 vero
2020 2944 2277 3005 tyrannus

696 3017 803 3070 ullo
836 3024 989 3085 pacto
1018 3018 1249 3088 linguam
1280 3019 1526 3074 excidere
1560 3032 1929 3090 properasset,
1957 3025 2057 3079 nisi
2091 3042 2273 3098 repre-

694 3107 1011 3164 hensionum
1041 3109 1239 3164 ﬂuenta
1270 3111 1667 3167 reformidassct
1689 3156 1704 3180 ,
1734 3115 1836 3169 nisi
1864 3132 1985 3171 eum
2017 3120 2274 3187 praedica-

692 3202 850 3255 tionis
882 3202 1145 3271 Evangelii
1178 3212 1386 3257 torrens
1415 3206 1890 3275 perterrel'ecissct,
1918 3211 2018 3265 nisi
2046 3226 2274 3282 cvange-

689 3292 806 3347 licm
835 3292 1025 3348 ﬂuctus
1069 3294 1385 3363 eloquentia:
1435 3311 1493 3350 se
1536 3295 1827 3352 fracturum
1873 3310 2126 3369 putasset.
2169 3303 2271 3357 Sed

689 3383 828 3438 unde
858 3385 1146 3440 necessitas
1178 3392 1401 3456 tyranno
1430 3387 1586 3442 fuerit
1616 3387 1817 3444 facinus
1859 3391 1995 3446 istud
2018 3393 2273 3461 audendi,

686 3474 981 3530 videamus.

758 3566 811 3617 5.
845 3565 977 3620 Cum
1008 3565 1338 3622 dmmonibus
1368 3567 1561 3638 impius
1583 3569 1867 3637 aliquando
1894 3575 2265 3643 sacriﬁcasset,

687 3666 741 3711 et
772 3657 913 3711 fumo
940 3658 1229 3729 nidoreqne
1256 3659 1489 3730 repletus
1515 3671 1683 3728 esset,
1711 3672 1764 3717 et
1794 3664 2077 3735 impietatis
2099 3671 2264 3737 guttis

686 3750 1011 3819 inquinatus,
1042 3751 1307 3805 curriculo
1332 3752 1399 3806 ad
1429 3753 1704 3807 ecclesiam
1738 3757 2026 3825 pergebat,
2056 3773 2118 3813 ac
2147 3760 2267 3813 stil-

687 3841 882 3895 lantem
913 3842 1165 3910 sanguine
1193 3856 1303 3908 pra:
1330 3857 1388 3896 se
1413 3841 1589 3897 ferens
1625 3846 1850 3899 securim
1871 3885 1887 3910 ,
1932 3847 2265 3905 incruentum

684 3933 850 3987 altare
889 3934 954 3985 ad
1003 3933 1258 3987 nefarium
1301 3936 1615 3989 sacrilicium
1662 3937 2015 4006 perquirebat.
2049 3945 2119 3995 At
2158 3959 2263 3998 non

685 4011 836 4076 [Quit
874 4031 1158 4093 martyrem
1208 4024 1419 4093 tyranni
1465 4025 1656 4079 rabies.
1705 4024 1883 4095 Itaque
1923 4043 2041 4082 cum
2090 4032 2263 4087 subito

683 4113 933 4167 cxsiliens
960 4112 1239 4181 prodiisset
1268 4113 1320 4166 iu
1351 4114 1689 4181 vestibulum,
1711 4114 1820 4185 jam
1848 4118 2138 4174 irruentem
2168 4122 2265 4175 im-

682 4203 890 4272 pietatis
944 4203 1336 4258 inundationem
1388 4214 1601 4259 coercet
1647 4221 1661 4259 :
1715 4215 1769 4260 et
1814 4209 2260 4276 quemadmodum

682 4292 848 4345 solcrs
895 4286 1213 4361 gubernator
1252 4294 1375 4346 dum
1424 4296 1475 4347 in
1522 4309 1732 4362 proram
1779 4298 2031 4367 impetum
2062 4300 2262 4358 faciens

686 4398 829 4438 mare
857 4384 1135 4452 conspicit,
1165 4385 1315 4437 otiari
1349 4387 1546 4454 nequit,
1579 4387 1671 4441 sed
1702 4389 1876 4444 navim
1908 4399 2069 4445 totam
2098 4395 2258 4450 celeri

686 4475 817 4544 pede
846 4476 1121 4543 percurrit,
1149 4484 1199 4527 ct
1225 4476 1579 4544 gubernaculo
1605 4480 1817 4547 puppim
1840 4484 2044 4552 erigens
2069 4486 2259 4540 obver—

684 4580 796 4617 sam
829 4564 1073 4618 ﬂuctibus
1105 4567 1291 4634 navigii
1326 4567 1509 4620 faciem
1541 4571 1777 4637 opponit,
1811 4572 2004 4642 illoque
2032 4578 2171 4644 quod
2204 4579 2254 4632 in

682 4658 917 4724 periculo
948 4658 1255 4711 versabatur
1283 4658 1332 4711 in
1373 4658 1600 4713 sublime
1630 4663 1836 4717 sublato
1860 4707 1874 4731 ,
1906 4668 2135 4722 medium
2164 4671 2257 4725 dc-

680 4762 958 4801 cnmanum
1006 4748 1220 4801 ﬂuctum
1264 4748 1492 4802 dil‘ﬁudit
1512 4792 1526 4814 ,
1555 4761 1607 4803 et
1637 4762 1749 4807 arte
1778 4755 1999 4823 quadam
2031 4760 2253 4814 tumefa-

676 4848 817 4892 ctum
866 4840 1076 4907 pelagus
1122 4838 1323 4892 sulcat:
1355 4839 1456 4894 hoe
1498 4850 1551 4893 et
1588 4842 1771 4897 beatus
1801 4844 2070 4900 liomanus
2110 4851 2249 4905 fecit.

678 4930 991 4983 ltlololatrire
1021 4931 1152 4983 mari
1179 4929 1531 4999 blasphemias
1559 4934 1823 5002 mugiente
1849 4977 1861 4999 ,
1890 4946 2047 5007 atque
2067 4942 2253 4996 advcr.

675 5038 765 5075 sus
791 5021 1203 5077 ecclesiasticam
1232 5023 1405 5076 navim
1435 5022 1673 5090 furente,
1704 5043 2022 5099 spumasque
2042 5036 2253 5101 sangui-

676 5113 757 5165 nis
778 5112 827 5165 itt
847 5126 964 5165 aras
988 5121 1282 5177 eructante,
1303 5115 1447 5168 solus
1463 5114 1715 5170 adversus
1742 5120 2011 5175 insaniens
2034 5124 2249 5196 pelagus

675 5214 938 5269 armatur,
974 5204 1283 5282 penitusque
1326 5206 1560 5260 subverti
1605 5208 1846 5278 cymbam
1888 5210 2091 5281 videns,
2121 5217 2248 5271 dor-

675 5296 921 5348 micutcm
956 5295 1005 5347 in
1035 5296 1151 5348 navi
1183 5296 1462 5350 Dominum
1491 5301 1877 5369 expergefacit,
1910 5316 2097 5358 somno
2133 5307 2250 5361 lon-

674 5385 995 5452 ganimitatis
1034 5385 1260 5453 sepitum
1290 5388 1503 5447 excitat.
1528 5388 1817 5444 Contrariis
1848 5403 2121 5449 ventorum
2152 5398 2249 5449 ﬁa-

671 5476 810 5529 tibus
854 5476 1204 5546 procellisque
1252 5476 1513 5531 turbatum
1563 5494 1709 5534 mare
1755 5484 2049 5551 conspicit,
2092 5495 2145 5541 et
2192 5490 2245 5541 in

668 5566 904 5634 periculo
955 5566 1282 5619 versantium
1336 5568 1496 5621 verba
1547 5570 1920 5640 discipulorum
1981 5589 2194 5646 usurpat
2226 5620 2239 5640 .

672 5654 984 5727 Praeceptor,
1010 5659 1169 5722 salva,
1204 5659 1425 5728 perimus
1452 5660 1601 5729 (Luc.
1635 5664 1687 5717 8.
1715 5663 1807 5735 24)
1835 5683 1848 5719 :
1882 5666 2063 5734 pirata:
2090 5684 2239 5740 cym-

670 5755 787 5805 bam
817 5751 1208 5819 circumsident,
1244 5751 1350 5821 lupi
1381 5752 1516 5806 ovile
1543 5754 1969 5826 circumvallant,
2004 5760 2236 5820 latrones

1442 341 1497 395 S.
1534 339 1811 397 'JOANNIS
1847 337 2316 397 CllltYSOSTOMl
2354 340 2669 397 ARClllEP.
2713 342 3242 400 CONSTANTINOP.

3880 344 3983 398 6l6

2408 458 2694 513 thalamum
2732 470 2878 514 tuum
2925 460 3257 528 perfodiunt,
3290 459 3572 518 adulterini
3601 466 3805 521 susurri
3836 477 3980 521 tuam

2400 563 2649 620 sponsam
2680 550 3089 616 circumsonant,
3120 552 3311 606 iterum
3337 554 3566 623 paradisi
3597 557 3851 625 parietem
3875 574 3981 611 scr-

2398 657 2533 714 pens
2558 643 2819 714 eﬂ’ringit;
2867 643 3120 699 Ecclesia:
3155 644 3554 702 fundamentum
3595 658 3739 718 petra
3778 662 3975 703 concu-

2401 737 2530 789 titur
2557 751 2571 787 :
2602 750 2664 789 ac
2692 742 2744 788 tu
2771 734 2838 789 de
2865 734 2998 789 caelo
3026 735 3387 805 evangelicam
3417 738 3703 792 anchoram
3738 738 3936 808 projicc
3958 780 3973 801 ,

2397 843 2460 883 ac
2502 838 2702 898 petram
2747 828 2995 897 agitatam
3037 827 3259 883 obﬁrma
3288 846 3303 881 :
3333 827 3645 900 Ργωεεριον,
3689 832 3848 895 salva,
3890 848 3975 901 pc-

2397 920 2576 973 rimus.

2467 1012 2692 1067 Romani
2726 1013 2795 1065 ad
2839 1021 3109 1082 tyrannum
3137 1012 3320 1065 oratio.
3340 1039 3413 1051 —-
3433 1008 3728 1065 Commune
3769 1011 3975 1079 pericu-

2395 1107 2500 1160 lum
2525 1104 2774 1174 martyris
2800 1102 3285 1167 animumdiridit,
3329 1112 3382 1156 et
3419 1101 3485 1155 ad
3529 1101 3811 1161 Dominum
3852 1116 3974 1155 cum

2392 1196 2583 1252 ﬁducia
2610 1196 2771 1252 verba
2816 1195 2972 1259 facit,
3002 1203 3163 1264 atque
3197 1193 3451 1249 adversus
3482 1200 3761 1275 tyrannum
3806 1191 3974 1246 ﬂuen-

2392 1297 2497 1343 tem
2540 1289 2769 1357 linguam
2815 1284 3028 1340 emittit.
3075 1284 3245 1349 Siste,
3292 1283 3490 1353 inquit,
3531 1280 3786 1336 furiesum
3833 1280 3972 1334 hunc

2390 1394 2625 1444 cursum,
2675 1392 2709 1431 ο
2760 1384 2986 1448 tyranne
3029 1393 3044 1427 :
3091 1372 3464 1429 imbecillitatis
3513 1382 3615 1426 ture
3671 1386 3971 1426 mensuram

2387 1484 2644 1541 agnosce,
2684 1468 2920 1524 cruciﬁxi
2962 1466 3214 1522 terminos
3260 1478 3539 1531 reverere,
3590 1464 3803 1519 termini
3846 1477 3971 1517 vero

2387 1560 2648 1626 cruciﬁxi,
2674 1576 2779 1613 non
2822 1558 3061 1612 ecclesiae
3104 1556 3364 1626 parietes,
3403 1554 3498 1610 sed
3531 1554 3677 1610 orbis
3710 1564 3971 1609 terrarum

2386 1663 2511 1706 sunt
2540 1650 2672 1705 ﬁnes
2699 1668 2713 1704 :
2743 1649 2936 1703 furoris
2964 1648 3240 1717 caliginem
3277 1655 3500 1713 excute,
3533 1645 3742 1714 respice
3778 1646 3831 1699 in
3860 1656 3969 1700 ter-

2386 1758 2521 1806 ram,
2550 1750 2603 1797 et
2625 1750 2827 1795 natura:
2848 1749 2950 1793 ture
2972 1732 3386 1794 imbecillitatem
3412 1736 3694 1793 considera
3720 1754 3736 1795 :
3758 1736 3971 1806 suspice

2386 1837 2438 1889 in
2461 1835 2671 1900 carlum,
2700 1849 2763 1887 ac
2788 1832 3200 1901 magnitudinem
3228 1831 3348 1886 belli
3372 1830 3672 1900 perpende;
3700 1829 3968 1884 inﬁrmum

2385 1925 2685 1979 daemonum
2725 1924 2976 1977 auxilium
3017 1934 3339 1985 contemne;
3378 1921 3741 1975 animadverte
3767 1919 3973 1974 datmo-

2385 2033 2481 2071 ues
2510 2032 2667 2071 cruce
2693 2031 2972 2085 percussos
3004 2027 3055 2069 te
3083 2029 3299 2069 suorum
3334 2014 3580 2080 altarium
3611 2020 3969 2082 pronugnato-

2383 2124 2493 2162 rem
2535 2108 2846 2163 obtendere.
2875 2105 2983 2161 Cur
3025 2122 3086 2161 ea
3125 2122 3245 2176 quae
3276 2113 3547 2174 nequeunt
3586 2101 3969 2171 comprehendi

2384 2198 2761 2268 persequeris?
2804 2213 2899 2252 cur
2942 2198 2992 2251 in
3034 2212 3212 2251 acrem
3237 2196 3527 2266 jacularis?
3554 2209 3678 2249 num
3704 2194 3846 2249 enim
3878 2209 3970 2264 pa-

2385 2289 2605 2343 rietibus
2647 2290 2785 2344 Deus
2821 2288 3312 2343 circumscribitur?
3344 2286 3855 2353 incircumscriptum
3884 2292 3968 2338 est

2380 2395 2576 2433 numen
2610 2398 2622 2432 :
2657 2395 2783 2433 num
2814 2380 2956 2434 enim
2986 2379 3156 2434 oculis
3185 2378 3442 2433 Dominus
3481 2387 3666 2431 noster
3698 2375 3949 2445 conspici-

2382 2473 2502 2527 tur?
2534 2472 2812 2527 invisibilis
2838 2474 2979 2528 enim
3006 2481 3088 2527 est
3117 2475 3347 2527 essentia
3392 2480 3445 2527 et
3486 2469 3729 2526 infamis
3759 2487 3775 2524 :
3805 2483 3969 2540 porro

2380 2566 2673 2619 secundum
2719 2565 3102 2619 humanitatem
3134 2572 3186 2618 et
3214 2564 3462 2632 pingitur,
3493 2572 3548 2617 et
3576 2562 3801 2617 videtur.
3827 2559 3969 2615 Num

2379 2657 2519 2711 enim
2568 2657 2795 2725 lapidem
2839 2667 2893 2711 et
2936 2657 3133 2725 lignum
3178 2642 3486 2709 inhabitans’
3506 2653 3641 2709 bove
3670 2668 3731 2707 ac
3763 2652 3966 2721 pecude

2378 2747 2768 2816 providentiam
2799 2746 3015 2801 vendit?
3044 2762 3170 2799 num
3196 2746 3337 2799 enim
3376 2745 3543 2799 altare
3572 2744 3623 2799 in
3652 2744 3768 2812 ejus
3796 2741 3967 2811 pactis

2378 2840 2520 2895 velut
2564 2840 2896 2894 interventor
2924 2838 3256 2909 requiritur?
3282 2838 3355 2892 Ea
3391 2826 3602 2897 tuﬂum
3642 2846 3723 2890 est
3758 2835 3963 2889 damo-

2377 2946 2502 2985 num
2529 2930 2714 3000 gulosa
2746 2930 3071 2985 mendicatio
3095 2948 3109 2983 :
3134 2927 3393 2983 Dominus
3422 2931 3595 2992 meus,
3620 2928 3704 2983 vel
3726 2926 3961 2980 universi

2376 3024 2551 3093 poﬁus
2578 3022 2862 3086 Dominus,
2887 3021 3129 3078 Christus
3156 3020 3341 3075 incolit
3365 3019 3550 3074 caelum
3572 3061 3586 3083 ,
3615 3035 3679 3074 ac
3704 3019 3964 3073 mundum

2376 3113 2658 3183 gubernat,
2682 3123 2737 3168 et
2757 3114 3075 3169 sacriﬁcium
3102 3122 3184 3168 est
3208 3112 3283 3167 illi
3311 3112 3507 3178 anima,
3539 3127 3660 3182 qua:
3688 3110 3755 3165 ad
3786 3110 3961 3181 ipsum

2376 3205 2560 3258 oculos
2586 3219 2795 3258 sursum
2828 3203 3056 3259 reﬂectit
3084 3221 3097 3257 :
3130 3218 3269 3258 unus
3295 3203 3371 3257 illi
3396 3204 3547 3257 cibus
3570 3212 3654 3258 est
3676 3204 3822 3257 salus
3842 3218 3962 3258 cre-

2375 3293 2633 3349 dentium.
2670 3295 2862 3349 Desine
2891 3311 3037 3349 arma
3069 3294 3326 3350 adversus
3360 3294 3657 3349 Ecclesiam
3697 3309 3912 3349 movere
3941 3292 3971 3347 τί

2375 3387 2426 3439 itt
2455 3388 2609 3441 terris
2639 3396 2719 3441 est
2746 3402 2911 3457 grex,
2957 3396 3012 3441 et
3054 3395 3237 3457 pastor
3278 3386 3332 3440 in
3374 3386 3520 3440 caelis
3545 3404 3559 3440 :
3587 3386 3637 3440 in
3672 3394 3808 3441 terra
3834 3394 3961 3440 sunt

2374 3477 2640 3545 palmites,
2675 3487 2728 3531 ct
2758 3478 2878 3531 vitis
2903 3477 2954 3531 in
2981 3478 3115 3532 czelo
3144 3495 3158 3530 :
3188 3476 3237 3531 si
3261 3477 3507 3547 palmites
3535 3476 3771 3543 excidas,
3794 3477 3960 3531 vitem

2372 3568 2708 3635 multiplicas.
2749 3566 2950 3623 Cruore
2998 3583 3187 3622 manus
3236 3577 3337 3622 tum
3382 3567 3712 3635 redundant,
3750 3567 3961 3637 gladius

2373 3668 2493 3714 tuus
2524 3661 2792 3714 brutarum
2826 3661 3116 3715 hostiarum
3142 3661 3396 3730 sanguine
3425 3660 3619 3714 tinctus
3648 3670 3764 3713 est:
3796 3674 3959 3728 parce

2370 3752 2661 3821 pecudibus
2705 3753 3112 3817 innocentibus,
3149 3762 3204 3808 et
3241 3753 3291 3805 in
3320 3768 3451 3817 nos,
3484 3754 3572 3822 qui
3603 3751 3952 3821 reprehendi-

2368 3859 2487 3898 mus
2512 3885 2525 3907 ,
2570 3845 2767 3898 ferrum
2812 3854 3062 3899 converte
3091 3862 3105 3898 :
3140 3860 3296 3913 parce
3340 3844 3633 3899 tacentibus
3662 3844 3868 3909 bestiis,
3897 3852 3953 3898 ct

2368 3951 2466 3990 nos
2494 3938 2581 4005 qui
2626 3952 2970 4003 accusamus,
3019 3937 3279 3991 interﬁce.
3308 3936 3419 3991 Non
3451 3938 3592 3991 enim
3634 3935 3703 3989 ita
3750 3936 3952 3989 ferrum

2369 4027 2771 4092 homicidarum,
2801 4039 2855 4081 ut
2883 4030 3107 4082 securim
3136 4030 3513 4083 inservientem
3540 4028 3794 4083 altaribus
3822 4044 3948 4097 per-

2312 4130 2317 4137 '
2367 4119 2626 4195 timgco:
2660 4118 3040 4172 homicidarum
3075 4120 3271 4174 ferrum
3302 4136 3494 4189 corpus
3522 4120 3718 4185 laniat,
3744 4119 3949 4174 securis

2364 4209 2611 4261 altarium
2664 4208 2893 4263 animam
2937 4210 3126 4263 occidit
3160 4229 3173 4264 :
3206 4209 3590 4264 homicidarum
3640 4208 3837 4265 ferrum
3891 4210 3946 4262 id

2363 4298 2503 4367 quod
2531 4299 2859 4354 sacriﬁcatur
2887 4310 3111 4365 mactat,
3156 4310 3209 4353 at
3258 4302 3461 4355 securis
3509 4301 3750 4355 altarium
3796 4312 3849 4355 et
3891 4300 3941 4355 id

2362 4391 2499 4459 quod
2531 4392 2872 4455 sacriﬁcatur,
2900 4401 2951 4445 et
2978 4407 3099 4445 eum
3121 4392 3211 4460 qui
3242 4393 3524 4457 sacriﬁcat,
3550 4392 3704 4446 simul
3732 4393 3899 4460 perdit
3924 4408 3940 4445 :

2364 4487 2622 4539 cervicem
2652 4500 2855 4549 trunca,
2889 4502 2986 4541 nec
3015 4501 3159 4538 aram
3192 4487 3521 4540 commacula
3557 4504 3569 4540 :
3600 4486 3762 4539 habes
3787 4484 3940 4540 vieti-

2360 4592 2501 4629 mam
2530 4579 2876 4630 voluntariam
2899 4618 2911 4637 .
2944 4594 3037 4631 cur
3065 4578 3329 4644 captivum
3362 4588 3568 4631 taurum
3604 4578 3821 4646 colligas
3850 4593 3937 4632 re-

2358 4668 2679 4723 luctantem?
2697 4670 2749 4721 Si
2775 4678 3005 4722 mactare
3027 4670 3317 4731 desideras,
3345 4670 3395 4722 in
3418 4670 3659 4723 ecclesia:
3681 4670 3940 4729 vestibulo

2358 4763 2566 4816 ratione
2596 4762 2865 4829 prmditam
2900 4763 3121 4816 hostiam
3151 4771 3342 4815 macta.

2426 4851 2625 4923 Lingua
2655 4854 2900 4906 exciditur
2928 4853 3264 4906 Romano.—
3285 4853 3399 4907 Non
3444 4854 3561 4907 tulit
3601 4852 3937 4906 immodicam

2356 4943 2565 4997 dicendi
2606 4946 2899 4997 libertatem
2933 4945 3179 5014 martyris
3210 4954 3497 5014 tyrannus,
3537 4943 3629 4997 sed
3657 4958 3687 4997 e
3716 4944 3937 5013 vestigio

2353 5048 2384 5087 a
2409 5034 2583 5103 lingua
2613 5033 2927 5087 sacriﬁcium
2953 5035 3234 5087 inchoavit.
3260 5034 3513 5102 Linguam
3539 5034 3695 5101 igitur
3717 5035 3933 5100 excidit,

2354 5142 2459 5179 non
2498 5126 2637 5195 quod
2666 5142 2780 5179 eam
2811 5128 2966 5181 vellet
2992 5127 3258 5187 avulsam.
3294 5127 3384 5180 sed
3419 5136 3473 5178 ut
3501 5126 3767 5196 Evangelii
3799 5144 3936 5195 pra?-

2352 5216 2667 5271 dicationem
2696 5226 3061 5287 oppugnaret:
3094 5233 3195 5269 non
3225 5226 3331 5272 tam
3379 5218 3517 5287 quod
3549 5220 3773 5286 prrec0ni
3805 5219 3935 5272 invi-

2350 5307 2521 5373 deret,
2556 5323 2711 5377 quam
2745 5307 2882 5377 quod
2917 5308 3106 5361 invidia
3140 5308 3191 5361 in
3219 5324 3338 5361 eum
3360 5349 3372 5371 ,
3407 5309 3494 5377 qui
3526 5308 3929 5376 prmdicabatur,

2348 5396 2578 5452 arderet.
2621 5399 2723 5452 Sed
2776 5399 2872 5464 Qui
2926 5399 3301 5467 comprehendit
3348 5400 3596 5468 sapientes
3644 5401 3697 5451 in
3748 5403 3933 5454 astutia

2348 5506 2518 5542 eorum
2552 5490 2641 5559 (l.
2675 5488 2790 5543 Cor.
2823 5490 2873 5542 5.
2908 5487 3015 5559 19)
3044 5528 3057 5552 ,
3083 5490 3317 5542 excisum
3349 5489 3489 5543 vocis
3522 5488 3935 5545 instrumentum

2346 5598 2377 5637 e
2404 5582 2534 5636 creln
2565 5583 2815 5646 restituit,
2850 5581 3097 5635 invisibili
3128 5582 3509 5636 elaudicantcm
3539 5597 3728 5636 sonum
3762 5585 3939 5654 lingua

2344 5674 2593 5740 suﬂttlcit,
2620 5690 2802 5727 vocem
2824 5673 3014 5741 elingui
3034 5674 3273 5741 largitur,
3296 5684 3348 5727 et
3365 5674 3688 5728 creationem
3709 5674 3940 5729 hominis

2350 5766 2522 5834 rt-ipsa
2555 5776 2777 5834 tyranno
2807 5764 3154 5819 demonstrat.
3187 5762 3251 5817 Et
3277 5764 3724 5835 quemadmodum
3750 5774 3935 5838 putem
