4224 6302
301 326 413 385 Gl‘l

312 463 435 502 rum
464 445 704 502 fossorcs
731 443 858 500 dum
886 441 1138 500 fodiendo
1163 455 1327 498 venas
1345 438 1624 509 aperiunt,
1656 435 1914 504 efficiunt,

314 549 374 594 ut
405 540 596 596 laxiori
620 548 796 595 meatu
823 523 1064 594 ferantur
1080 553 1234 609 aqua!
1258 555 1272 593 :
1301 537 1378 592 sic
1397 544 1453 592 et
1481 545 1759 607 tyrannus,
1787 534 1916 590 dum

312 630 511 704 linguas
535 631 771 688 radicem
802 631 944 687 ferro
974 630 1241 703 perfodit,
1286 627 1782 685 vehementioribus
1827 643 1917 685 re-

314 723 735 794 prehensionum
764 724 1027 780 scatebris
1058 723 1402 780 obruebatur.
1437 721 1736 779 Voluissem
1762 724 1917 794 equi-

311 803 437 869 dem
465 815 520 869 in
548 813 711 882 hujus
749 815 1002 888 martyris
1043 823 1359 886 argumento
1396 815 1755 871 exsultantem
1790 831 1916 872 ora-

313 906 514 961 tionem
546 905 615 961 ad
644 906 803 970 finem
831 922 1001 978 usque
1021 907 1287 965 deducere
1319 927 1333 963 :
1364 918 1420 964 at
1439 908 1570 980 justi
1597 909 1752 978 spatii
1782 919 1918 967 tem-

309 1010 410 1066 pus
440 995 698 1067 advenit,
730 1006 785 1054 et
828 1008 886 1054 ut
921 998 1175 1055 sileamus
1203 1000 1452 1056 hortatur
1480 1020 1495 1055 :
1528 1018 1651 1056 nam
1682 1011 1736 1056 et
1764 1002 1918 1057 vobis

306 1087 376 1141 ad
407 1086 693 1145 utilitatem
719 1089 835 1146 haec
870 1089 1013 1147 dicta
1039 1090 1312 1148 sufﬁciunt
1334 1133 1350 1162 ,
1381 1101 1436 1149 et
1461 1095 1763 1152 necessaria
1789 1103 1918 1152 sunt

1567 318 1655 376 DE
1695 314 2126 374 MACCABEIS.
2169 313 2206 368 1.

3515 314 3620 370 om
3654 295 3659 299 ’

2023 429 2191 502 patris
2216 424 2291 498 (α)
2319 411 2669 492 documenta,
2718 436 2777 483 ut
2803 427 2942 485 dicta
2985 429 3073 485 illa
3113 430 3475 501 perficiantur.
3513 436 3623 491 Nos

2020 537 2150 577 vero
2178 531 2232 576 et
2260 535 2347 588 ea,
2376 534 2496 591 qua:
2522 519 2661 575 dicta
2714 529 2874 588 sunt,
2905 523 3180 579 memorias
3221 525 3343 581 sinu
3382 528 3614 595 complo-

2020 623 2227 669 ctamur
2249 655 2265 679 ,
2291 622 2346 668 et
2372 614 2437 669 iis
2469 629 2588 684 quae
2615 614 2840 694 dicenda
2870 625 2995 670 sunt
3031 617 3226 697 animae
3250 619 3429 673 sulcos
3453 625 3624 691 expli-

2020 720 2225 771 cemus,
2252 719 2316 759 ac
2339 720 2503 776 super
2526 707 2703 761 omnia
2729 705 3110 762 miraculorum
3141 708 3448 766 effectorem
3467 712 3625 768 Clu-io

2020 803 2166 851 stum
2195 795 2510 860 adoremus;
2543 796 2794 867 quoniam
2832 798 2936 868 ipsi
2978 798 3149 869 gloria
3192 814 3316 857 cum
3361 801 3522 858 Patre
3560 819 3627 858 ac

2021 887 2360 943 sanctissimo
2388 888 2609 958 Spiritu,
2640 903 2783 946 nunc
2803 899 2860 946 et
2887 905 3123 961 semper,
3141 893 3268 949 etin
3293 896 3490 951 saecula
3519 913 3626 954 su:-

2021 978 2288 1034 culorum.
2318 978 2512 1035 Amen.

2091 1112 2166 1175 (a)
2201 1117 2272 1163 De
2292 1110 2515 1164 Flaviano
2527 1112 2760 1179 loquitur.

727 1318 1341 1329 ——._——~————-
1347 1319 1475 1328 —-———
1483 1319 1508 1327 .-
1513 1315 1912 1330 “ﬂb—

2981 1325 3462 1336 —.———————-—
3517 1339 3607 1349 ⁵.».-

2013 1323 3607 1351 Μ

1775 1642 2157 1704 MONITUM.

327 1880 723 1952 peregrinum:
758 1881 884 1954 styli
915 1897 1088 1951 genus
1132 1881 1428 1952 strigosum
1471 1888 1575 1948 est,
1601 1879 1786 1935 omnia
1822 1893 1922 1933 ceu
1957 1878 2013 1932 in
2041 1886 2362 1933 transcursu
2402 1877 2703 1944 dicuntur;
2745 1893 2924 1949 neque
2954 1887 3137 1934 tamen
3178 1882 3295 1935 eam
3326 1880 3446 1936 loco
3484 1895 3604 1934 mo-

313 1998 550 2054 vendam
589 2010 713 2052 esse
759 1981 987 2066 putavi:
1025 1996 1163 2052 satis
1191 1994 1342 2051 enim
1379 1994 1487 2050 erit
1527 1993 1850 2064 scrupulum
1899 1991 2198 2057 indicasse,
2232 2007 2301 2047 ne
2337 1993 2460 2061 quis
2512 2008 2636 2049 eam
2687 2003 2749 2050 ut
2799 2005 3014 2049 certum
3049 1995 3109 2051 S.
3142 1996 3386 2053 doctoris
3429 1999 3597 2055 fetum

314 2117 536 2172 habeat.
584 2114 727 2170 Huic
754 2114 1080 2186 subjicimus
1122 2113 1491 2186 fragmentum
1522 2112 1803 2185 quoddam
1842 2110 1904 2168 S.
1939 2109 2170 2167 Joannis
2201 2110 2586 2183 Chrysostomi
2630 2112 2685 2167 in
2735 2111 3071 2172 Maccabeos
3098 2131 3131 2175 a
3162 2115 3373 2174 Joanne
3406 2117 3606 2174 Dama-

318 2244 485 2287 sceno
507 2228 734 2284 allatum
757 2227 854 2282 lib.
882 2243 943 2283 lll
969 2228 1039 2283 de
1066 2225 1424 2296 imaginibus,
1447 2225 1597 2298 quod
1631 2225 1688 2280 in
1710 2223 1862 2281 nulla
1897 2226 2061 2281 trium
2094 2224 2450 2280 homiliarum
2481 2228 2746 2284 occurrit.

382 2338 584 2394 Prima:
633 2339 690 2394 in
734 2336 1072 2394 Maccabaos
1113 2337 1356 2392 homilim
1402 2335 1916 2408 lnterpretationem
1970 2337 2222 2392 Latinam
2270 2337 2467 2395 incerti
2520 2340 2813 2411 cujusdam
2868 2342 3013 2410 viri,
3065 2353 3255 2415 utpote
3304 2364 3600 2421 παραφρα-

315 2449 516 2514 στικῶς
537 2449 889 2516 adornatam,
915 2448 1227 2521 rejecimus,
1247 2463 1557 2520 novamque
1589 2449 1929 2521 paravimus.
1961 2449 2229 2507 Secundae
2254 2459 2308 2507 et
2338 2450 2513 2508 tertia
2541 2453 2924 2526 lnterpretatio
2952 2465 3038 2514 est
3063 2455 3356 2515 Frontonis
3390 2458 3594 2518 Ducaei.

353 2881 1899 2908 ————a—h———_—I———-—_—————g

1907 2889 3516 2936 _______________________

1217 3011 1334 3087 IN
1383 3010 1855 3087 smc'ros
1907 3015 2618 3115 ΜΑοοΑΜεοε,

1594 3182 1679 3227 ιτ
1719 3181 1788 3227 IN
1829 3183 2109 3232 IAN.
2149 3186 2400 3240 ιοιιῠκ.

1759 3315 2187 3361 -ωοῡοοεοοο-

875 3462 1096 3503 ιιοιιιιιι
1133 3461 1149 3500 ι
1183 3443 1283 3517 (u).

377 3545 426 3599 Ι.
472 3541 763 3614 Martyrum
803 3555 921 3594 ossa
965 3538 1275 3592 (immanibus
1321 3537 1583 3592 terribilia.
1628 3566 1700 3579 —
1732 3538 1904 3606 Quam

305 3637 548 3705 speciosa
577 3632 734 3689 nobis
755 3641 810 3688 et
834 3632 954 3687 laeta
983 3631 1168 3685 civitas
1192 3630 1207 3684 !
1235 3644 1395 3700 quam
1418 3637 1533 3686 toto
1560 3645 1704 3686 anno
1728 3632 1906 3703 splen-

308 3725 483 3781 didior
519 3725 636 3779 ιιωο
671 3722 820 3779 dies!
868 3737 974 3776 non
1013 3722 1127 3775 sole
1153 3721 1172 3753 ί
1213 3718 1470 3774 clariores
1494 3761 1511 3786 ,
1555 3734 1717 3790 quam
1755 3735 1907 3776 more

307 3815 466 3870 solito
488 3856 504 3880 ,
535 3813 718 3869 radios
747 3813 800 3867 in
838 3822 1034 3866 terram
1072 3808 1382 3866 eﬂ'undente
1403 3850 1419 3876 ,
1460 3808 1558 3864 sed
1596 3818 1906 3865 sanctorum

309 3915 603 3977 martyrum
631 3904 750 3960 luce
778 3904 898 3974 plus
920 3943 937 3969 ,
969 3917 1128 3976 quam
1156 3900 1332 3971 fulgur
1349 3941 1364 3968 ,
1395 3909 1562 3956 totam
1585 3901 1742 3957 nobis
1769 3902 1906 3958 civi-

313 4008 476 4054 tatem
502 3995 790 4052 irradiante
819 4013 833 4049 :
875 3996 1144 4050 sexcentis
1175 3996 1316 4048 enim
1344 3993 1550 4050 solibus
1575 3993 1911 4064 splendidio-

307 4106 396 4148 res
420 4090 478 4145 hi
506 4097 674 4158 sunt,
713 4102 779 4143 ac
820 4085 1028 4159 magnis
1066 4085 1418 4141 luminaribus
1459 4086 1735 4142 clariores.
1770 4086 1908 4143 Pro-

311 4194 428 4255 pter
455 4183 580 4238 illos
609 4180 770 4237 hodie
794 4188 938 4236 terra
961 4179 1200 4235 ornatior
1224 4186 1309 4234 est
1331 4222 1347 4246 ,
1385 4194 1544 4248 quam
1582 4179 1758 4250 ipsum
1800 4194 1909 4236 cm-

310 4277 438 4331 lum.
473 4274 554 4330 Ne
580 4273 711 4329 mihi
738 4272 1012 4344 pulverem
1038 4271 1186 4328 dicas
1209 4313 1225 4337 ,
1254 4287 1325 4326 ne
1350 4271 1481 4326 mihi
1501 4271 1912 4343 cinerem.cogi-

314 4377 394 4422 tes
416 4407 433 4431 ,
458 4364 548 4420 vel
573 4378 696 4418 ossa
723 4372 964 4432 tempore
996 4370 1314 4432 consumpta
1357 4377 1374 4415 :
1424 4360 1520 4416 sed
1564 4359 1686 4417 fidei
1725 4361 1911 4417 oculos

315 4456 505 4527 aperi,
536 4466 592 4512 et
618 4455 740 4511 vide
781 4453 1110 4509 assidentem
1149 4453 1281 4523 ipsis
1323 4452 1421 4508 Dei
1457 4453 1709 4508 virtutem
1734 4494 1750 4519 ,
1797 4468 1912 4509 am-

314 4549 549 4606 bientem
581 4549 727 4618 ipsos
764 4544 998 4617 Spiritus
1037 4542 1265 4615 gratiam
1290 4584 1306 4610 ,
1345 4542 1724 4600 circumfusam
1751 4544 1911 4600 caele-

315 4640 413 4696 stis
440 4639 658 4695 luminis
678 4637 926 4710 gloriam.
953 4634 1070 4692 Non
1097 4634 1232 4690 tales
1260 4650 1329 4690 ex
1354 4635 1520 4691 solari
1544 4634 1674 4709 orbe
1708 4635 1762 4690 in
1801 4645 1913 4689 ter-

315 4746 429 4787 ram
458 4731 773 4786 emittuntur
808 4726 987 4793 radii,
1027 4726 1213 4797 quales
1252 4741 1321 4781 ex
1355 4726 1558 4780 sanctis
1598 4725 1914 4798 corporibus

316 4822 655 4892 prosilientes
679 4811 916 4890 fulgores
951 4816 1150 4873 diaboli
1176 4816 1362 4880 oculos
1390 4824 1682 4872 excaecant.
1709 4817 1912 4884 Quem-

315 4910 601 4969 admodum
627 4911 770 4965 enim
813 4907 1126 4980 praedonum
1159 4907 1326 4963 duces
1347 4947 1366 4974 ,
1408 4916 1502 4962 aut
1543 4910 1912 4981 sepulcrorum

315 5005 602 5060 ell'ossores
625 5041 643 5069 ,
693 5001 784 5056 ubi
837 5000 1020 5055 vident
1065 4999 1408 5069 imperatoria
1451 5014 1599 5054 arma
1639 5001 1869 5070 jacentis
1893 5041 1910 5067 ,

316 5095 536 5150 loricam
563 5134 577 5162 ,
631 5093 921 5164 clypeum,
969 5091 1173 5161 galeam
1199 5132 1214 5158 ,
1258 5105 1393 5146 auro
1449 5099 1559 5146 tota
1609 5092 1864 5163 fulgentia
1890 5133 1911 5163 ,

315 5187 494 5240 statim
521 5183 801 5249 resiliunt,
833 5196 1193 5252 magnumque
1220 5181 1556 5252 suspicantes
1583 5184 1873 5253 perieulum
1891 5225 1911 5252 ,

317 5290 490 5345 neque
517 5272 774 5330 accedere
795 5287 976 5343 neque
1006 5286 1071 5328 ea
1108 5273 1419 5343 contingere
1459 5274 1698 5328 audent:
1741 5275 1818 5330 sic
1859 5285 1915 5332 et

314 5367 589 5422 dzemones
618 5379 744 5420 vere
781 5364 1091 5435 praedonum
1125 5363 1290 5419 duces
1313 5406 1326 5427 ,
1369 5365 1690 5436 ubicumque
1730 5367 1914 5423 vident

317 5469 609 5529 martyrum
635 5470 861 5527 corpora
883 5454 1152 5525 iacentia,
1196 5455 1375 5510 statim
1418 5454 1625 5526 fugiunt
1671 5471 1734 5511 ac
1778 5459 1913 5513 resi-

381 5569 397 5600 ι
429 5561 627 5641 initium
647 5565 885 5641 sic‘ellert
904 5547 1046 5641 savii:
1071 5567 1123 5637 in
1139 5579 1315 5641 marg.)
1335 5576 1487 5641 Quam
1508 5568 1724 5641 speciosa
1746 5569 1911 5641 cheir-

317 5628 624 5742 mm
1073 5628 1174 5740 ira:
1201 5626 1380 5679 citato
1414 5626 1542 5682 amto'
1585 5631 1907 5694 splendidior.

319 5699 348 5742 δ
803 5729 817 5742 .
1054 5728 1068 5742 .
1179 5725 1191 5738 .

319 5688 1232 5819 ’Ἶῗςάὲίέίιῗῖιιιέᾜᾙῇῗίες
1251 5751 1376 5802 ests
1401 5761 1452 5804 et
1472 5754 1613 5805 2m.

2009 3450 2165 3508 liunt.
2204 3453 2326 3510 Non
2353 3457 2496 3514 enim
2539 3461 2592 3518 in
2633 3466 2914 3523 mortalem
2947 3479 3189 3528 naturam
3218 3491 3404 3533 eorum
3445 3482 3617 3552 rcsju'-

2011 3546 2203 3614 ciunt,
2249 3549 2347 3605 sed
2393 3552 2448 3607 in
2490 3567 2743 3613 arcanam
2786 3558 3022 3629 Christi,
3075 3567 3165 3636 qui
3215 3568 3301 3624 illa
3349 3546 3618 3645 gestavit,

2012 3636 2349 3708 dignitatem.
2382 3643 2510 3702 Haec
2538 3648 2739 3722 quippe
2761 3667 2910 3709 arma
2939 3671 3046 3712 non
3076 3660 3296 3730 angelus
3321 3636 3486 3730 ,τηου
3529 3636 3618 3723 ar:

2012 3728 2306 3801 changelus
2329 3775 2346 3802 ,
2393 3752 2502 3793 non
2540 3739 2644 3795 alia
2674 3745 2938 3816 qumpiam
2974 3728 3170 3807 creata
3200 3728 3369 3811 virtus
3409 3758 3580 3815 induit
3603 3803 3618 3826 ,

2015 3819 2115 3875 sed
2165 3822 2282 3893 ipse
2335 3829 2648 3898 angelorum
2705 3834 2983 3894 Dominus.
3040 3843 3118 3897 Ac
3168 3819 3619 3915 quemadmodum

2015 3912 2216 3970 Paulus
2237 3917 2506 3977 clamabat
2531 3922 2718 3981 dicens
2751 3945 2764 3982 :
2796 3929 2878 3984 An
2907 3912 3304 4004 experimentum
3342 3941 3453 4010 ejus
3478 3959 3619 4011 qua:-

2014 4006 2126 4060 ritis
2148 4047 2164 4070 ,
2193 4009 2360 4079 quiin
2389 4029 2470 4067 me
2494 4015 2750 4089 loquitur,
2782 4019 2973 4077 Christi
3003 4023 3081 4098 (ε.
3109 4025 3227 4083 Cor.
3261 4006 3502 4103 15.'5)r'
3544 4035 3621 4092 sic

2016 4105 2073 4152 et
2099 4097 2186 4153 isti
2216 4111 2441 4171 possunt
2465 4105 2703 4165 clamare
2728 4125 2793 4167 ac
2820 4097 3040 4185 dicere,
3082 4119 3165 4173 An
3195 4123 3621 4190 experimentum

2014 4190 2253 4258 quaeritis
2275 4192 2395 4263 ejus
2417 4236 2432 4262 ,
2454 4197 2545 4268 qui
2572 4198 2626 4253 in
2647 4201 2804 4258 nobis
2823 4207 3049 4263 certavit
3071 4250 3086 4274 ,
3109 4209 3307 4266 Christi
3330 4213 3354 4267 ?
3380 4213 3621 4274 Pretiosa

2017 4281 2162 4334 enim
2189 4294 2314 4339 sunt
2335 4301 2561 4358 corpora
2582 4331 2598 4358 ,
2619 4293 2740 4363 quia
2762 4295 2946 4374 plagas
2972 4314 3068 4369 pro
3096 4301 3323 4360 Domino
3347 4320 3445 4362 suo
3469 4322 3624 4366 acce-

2016 4382 2254 4443 perunt,
2284 4379 2408 4448 quia
2435 4381 2684 4452 stigmata
2716 4397 2936 4456 propter
2959 4390 3232 4450 Christum
3271 4407 3498 4467 gestant.
3546 4403 3622 4458 Ac

2018 4462 2158 4518 sicut
2181 4480 2381 4524 corona
2411 4470 2755 4542 imperatoria
2785 4481 2948 4535 variis
2974 4482 3170 4553 lapillis
3200 4489 3437 4561 undique
3462 4491 3624 4548 ἀθρο-

2018 4563 2134 4609 rata
2160 4555 2401 4629 fulgores
2425 4564 2603 4622 varios
2631 4567 2866 4638 emittit,
2897 4573 2967 4627 ita
2998 4583 3052 4629 et
3081 4555 3387 4636 sanctorum
3416 4593 3622 4658 marty-

2017 4659 2137 4698 rum
2164 4660 2392 4718 corpora
2418 4693 2435 4719 ,
2463 4655 2617 4724 quasi
2649 4657 2845 4728 lapillis
2870 4664 3120 4732 pretiosis
3142 4709 3158 4734 ,
3190 4671 3501 4727 vulneribus
3524 4655 3624 4746 pro

2017 4733 2233 4790 Christo
2268 4743 2533 4812 susceptis
2562 4744 2814 4805 distincta
2841 4791 2856 4817 ,
2885 4755 3032 4808 omni
3060 4754 3408 4827 imperatorio
3433 4733 3623 4820 diade-

2020 4834 2163 4882 mate
2207 4830 2525 4899 pretiosiora
2571 4847 2624 4893 et
2671 4843 3063 4902 venerabiliora
3111 4850 3380 4910 videntur.
3440 4855 3622 4916 Exterl

2018 4917 2234 4986 quidem
2288 4925 2628 4993 agonotheta:
2670 4934 2968 4991 certamina
3020 4947 3449 5016 constituentes,
3505 4966 3623 5008 rem

2018 5006 2308 5066 admodum
2337 5017 2684 5084 spectabilem
2715 5037 2838 5080 esse
2868 5036 3095 5098 putant,
3123 5047 3246 5088 cum
3280 5006 3507 5106 juvenes
3533 5006 3622 5099 ro;

2018 5097 2308 5172 bustosque
2346 5105 2578 5164 athletas
2611 5112 2666 5166 in
2701 5126 2993 5174 scammata
3037 5097 3094 5177 et
3129 5097 3423 5185 certamina
3468 5133 3632 5190 indu-

2018 5201 2146 5246 cunt
2173 5232 2187 5257 ,
2227 5193 2299 5248 ita
2328 5205 2386 5250 ut
2411 5198 2496 5252 vel
2525 5210 2809 5273 antequam
2837 5212 3131 5268 certamina
3169 5217 3492 5288 incipiantur
3511 5265 3525 5287 .
3556 5240 3624 5281 ex

2017 5282 2156 5338 bona
2178 5289 2543 5346 membrorum
2570 5292 2881 5355 habitudine
2903 5300 2956 5356 in
2979 5282 3388 5365 admirationem
3414 5326 3627 5383 specta-

2020 5385 2164 5433 tores
2190 5392 2478 5438 moveant:
2510 5384 2598 5442 hic
2625 5404 2754 5444 vero
2778 5407 2886 5447 non
2926 5394 2996 5449 ita
3033 5411 3092 5453 se
3124 5415 3213 5455 res
3239 5401 3437 5470 habet,
3470 5409 3563 5463 sed
3597 5432 3624 5466 ρ

2017 5471 2287 5526 contrario
2330 5475 2530 5530 omnia.
2559 5479 2799 5548 Agonem
2841 5484 2986 5540 enim
3028 5502 3338 5558 proponens
3376 5494 3623 5552 Christ”.-

2017 5574 2124 5613 non
2152 5562 2311 5616 talem
2343 5565 2556 5634 qualem
2587 5568 2701 5637 illi,
2727 5571 2822 5627 sed
2865 5572 3192 5633 horrendum
3230 5589 3286 5636 et
3328 5581 3602 5641 formidas.

2017 5651 2189 5706 dum:
2230 5656 2427 5728 quippe
2472 5671 2578 5714 non
2621 5659 2901 5720 hominum
2944 5667 3204 5726 adversus
3246 5671 3494 5733 homines
3537 5699 3626 5740 es.

2017 5747 2157 5802 lucta
2180 5785 2197 5816 ,
2220 5747 2316 5805 sed
2339 5749 2616 5810 hominum
2638 5754 2898 5816 adversus
2912 5757 3187 5822 damones
3204 5774 3478 5826 certamen
3497 5785 3583 5832 est
