4224 6302
602 343 701 397 (H9

600 456 761 509 talem
785 493 801 518 ,
831 452 1040 518 inquam
1063 487 1078 511 ,
1107 458 1332 515 agonem
1364 439 1513 519 nobis
1557 448 1857 506 proponens
1880 473 1898 498 ,
1936 446 2039 510 non
2084 426 2169 495 ju-

604 557 763 599 venes
806 529 1158 605 robustosqué
1208 534 1437 587 athletas
1488 528 1556 582 ad
1596 523 1884 581 certamina
1930 519 2171 583 induxit,

600 632 697 689 sed
722 627 1145 685 adolescentulos
1164 665 1181 690 ,
1208 638 1272 678 ac
1296 636 1416 678 cum
1461 619 1565 673 illis
1593 630 1773 673 senem
1822 614 2129 669 Eleazarum
2151 649 2168 675 ,

602 718 834 791 itemque
873 718 1147 773 mulierem
1176 712 1404 768 vetulam
1427 752 1445 777 ,
1472 705 1883 803 adolescentium
1923 710 2168 803 matrem.

599 812 736 880 Quid
768 814 866 866 hoc
895 810 1049 879 igitur
1069 807 1191 861 est?
1217 803 1527 879 inutil‘emne
1554 808 1761 855 aetatem
1789 794 1855 849 ad
1883 794 2173 849 certamina

601 913 654 956 et
682 896 1187 957 scammata-ducis?
1212 894 1331 962 quis
1365 892 1565 949 audivit
1605 901 1853 955 umquam
1890 884 2169 939 mulierem

602 994 651 1046 ln
683 999 826 1045 tanta
865 995 1134 1044 senectute
1162 980 1543 1039 concertasse?
1586 978 1751 1033 Nemo
1791 975 2035 1029 audivit:
2075 972 2171 1028 sed

592 1098 733 1153 ego,
784 1082 999 1151 inquit,
1044 1078 1189 1133 illam
1232 1091 1345 1131 rem
1396 1070 1793 1133 incredibilem,
1842 1082 2068 1130 novam,
2116 1072 2171 1118 et

597 1186 881 1240 numquam
910 1168 1135 1225 antehac
1150 1166 1405 1231 auditam,
1448 1162 1575 1231 ipsis
1595 1160 1844 1229 operibus
1864 1157 2169 1212 credibilem

597 1260 806 1316 faciam.
834 1257 949 1314 Non
980 1257 1125 1313 enim
1151 1258 1195 1311 is
1213 1253 1526 1326 agonotheta
1551 1266 1665 1306 sum
1695 1265 1792 1320 ego
1814 1291 1832 1317 ,
1853 1249 1942 1321 qui
1963 1258 2172 1303 certan-

594 1350 726 1406 tium
767 1348 945 1404 virtuti
981 1346 1158 1402 omnia
1199 1344 1521 1400 committam
1549 1356 1564 1407 ;
1589 1340 1702 1395 ised
1739 1338 1928 1393 adsum
1954 1379 1971 1405 ,
2011 1351 2167 1407 opem

596 1442 708 1495 fero
735 1453 1055 1508 manumque
1081 1437 1291 1491 athletis
1317 1435 1450 1489 meis
1480 1433 1691 1502 porrigo
1713 1473 1728 1497 ,
1760 1441 1813 1485 et
1847 1430 1926 1484 rei
1957 1429 2026 1482 ab
2066 1428 2169 1483 illis

594 1531 803 1586 fortiter
826 1538 990 1600 gesta:
1006 1541 1137 1597 pars
1162 1525 1388 1580 maxima
1427 1538 1495 1577 ex
1534 1521 1825 1592 patrocinio
1860 1534 1981 1575 meo
2010 1519 2170 1588 proﬁ-

593 1621 827 1677 ciscitur.

665 1712 842 1767 Gratia
873 1710 1127 1782 Martyres
1152 1708 1305 1779 forte:
1334 1704 1741 1777 efﬁcit.—Cnm
1772 1703 1949 1771 itaque
1972 1699 2170 1755 videris

593 1803 868 1863 mulierem
901 1809 1216 1855 trementem
1242 1839 1258 1864 ,
1290 1796 1542 1857 vetulam,
1568 1794 2044 1862 baculo‘egentem
2072 1833 2085 1854 ,
2116 1792 2166 1844 in

589 1903 860 1949 certamen
908 1892 1199 1961 ingressam
1224 1931 1239 1955 ,
1274 1880 1485 1959 tyranni
1526 1885 1758 1939 furorem
1792 1894 2132 1954 prosternere
2152 1925 2166 1949 ,

591 1987 931 2053 incorporeas
960 1983 1187 2036 virtutes
1214 1994 1471 2050 superare
1494 2020 1510 2044 ,
1552 1977 1818 2031 diabolum
1864 1976 2016 2031 facile
2050 1976 2169 2030 vin-

589 2090 754 2138 cere,
802 2074 1023 2144 ejusque
1072 2072 1234 2126 robur
1283 2078 1498 2125 strenue
1550 2067 1834 2122 admodum
1886 2066 2167 2138 frangere,

590 2165 924 2237 agonotheta:
974 2164 1196 2233 gratiam
1259 2160 1565 2227 admirare,
1629 2158 1821 2214 Christi
1882 2169 2166 2227 conspecta

592 2258 788 2325 virtute
829 2256 1160 2324 nbstupesce.
1226 2252 1341 2306 Non
1385 2252 1674 2305 secundum
1712 2265 1924 2304 carnem
1966 2250 2168 2304 robusti
2211 2280 2215 2283 ν

593 2356 715 2402 sunt
739 2344 953 2401 athleta:
976 2386 991 2412 ,
1018 2343 1112 2399 sed
1138 2342 1427 2397 secundum
1458 2342 1613 2396 ﬁdem
1644 2359 1657 2394 :
1692 2340 1896 2395 inﬁrma
1922 2351 1997 2396 est
2028 2342 2169 2410 ipso~

590 2453 709 2492 rum
738 2446 923 2491 natura
946 2476 962 2501 ,
991 2435 1085 2491 sed
1115 2443 1301 2502 potens
1325 2443 1408 2488 est
1428 2474 1442 2498 ,
1472 2448 1591 2503 quae
1616 2433 1761 2502 ungit
1790 2447 1883 2487 eos
1908 2475 1923 2498 ,
1951 2432 2115 2502 gratia
2150 2450 2163 2487 :

590 2528 763 2581 soluta
793 2534 915 2580 sunt
939 2534 1213 2579 senectute
1235 2536 1456 2592 corpora
1479 2563 1495 2589 ,
1522 2522 1613 2577 sed
1638 2523 1868 2578 roborati
1896 2531 2020 2577 sunt
2048 2522 2166 2577 ani-

592 2616 664 2669 mi
687 2616 894 2684 pietatis
914 2629 1117 2669 amore.
1146 2612 1259 2668 Non
1286 2623 1369 2669 est
1388 2614 1653 2668 sensibilis
1676 2629 1845 2683 pugna
1875 2631 1887 2667 :
1922 2630 1989 2669 ne
2012 2613 2169 2683 igitur

591 2704 819 2760 athletas
843 2704 1171 2759 extrinsecus
1195 2704 1501 2759 consideres
1523 2745 1538 2769 ,
1561 2704 1655 2759 sed
1683 2705 1959 2759 ratiocinio
1980 2721 2165 2759 eorum

592 2796 756 2849 animi
782 2794 945 2849 robur
969 2794 1109 2850 intus
1137 2796 1403 2865 perpende
1428 2812 1442 2861 ;
1473 2796 1750 2850 considera
1784 2796 2017 2864 ipsorum
2046 2798 2166 2851 ﬁdei

590 2884 950 2939 fortitudinem
975 2926 989 2950 ,
1021 2895 1077 2939 ut
1105 2885 1309 2940 ediscas
1353 2900 1471 2940 cum
1497 2927 1512 2950 ,
1551 2887 1640 2956 qui
1681 2901 1801 2940 cum
1839 2887 2166 2941 dtemonibus

588 2984 785 3045 pugnet
806 3016 821 3043 ,
851 2990 955 3029 non
976 2976 1192 3031 robusto
1212 2977 1450 3045 corporis
1468 2976 1650 3031 habitu
1670 2986 1725 3032 et
1743 2978 1884 3033 mole
1904 2978 2163 3049 indigere,

590 3060 952 3136 nequemtate
974 3065 1201 3131 ﬂorida;
1230 3066 1322 3121 sed
1351 3067 1448 3120 etsi
1489 3067 1770 3121 admodum
1807 3068 2016 3138 juvenis
2057 3070 2164 3137 sit,

587 3156 684 3209 etsi
707 3157 925 3210 decursa
945 3156 1052 3225 jam
1076 3164 1229 3211 :ctate
1252 3198 1267 3221 ,
1294 3158 1339 3211 si
1362 3158 1540 3212 animo
1560 3174 1820 3227 generoso
1837 3161 2164 3232 robusteque

589 3244 840 3313 praeditus
895 3246 1001 3312 sit,
1052 3246 1180 3300 nihil
1234 3246 1410 3301 damni
1458 3248 1526 3303 ab
1569 3258 1723 3305 aetate
1772 3253 1824 3306 in
1873 3254 2165 3310 certamine

587 3338 849 3406 accipere.

655 3429 710 3484 2.
751 3430 951 3499 Ecquid
992 3431 1111 3486 dico
1153 3445 1331 3488 senem
1373 3440 1431 3487 et
1465 3433 1715 3503 juvenem
1742 3476 1759 3501 ,
1801 3436 2014 3505 quando
2042 3454 2162 3493 mu-

585 3520 747 3576 lieres
799 3519 927 3591 ipsa:
972 3523 1087 3577 haec
1124 3527 1412 3578 certamina
1458 3526 1723 3592 inierunt,
1766 3528 2161 3601 splendidisque

584 3609 795 3664 coronis
824 3610 1080 3664 redimitae
1108 3612 1272 3665 sunt?
1313 3613 1446 3667 Nam
1492 3625 1706 3670 externa
1746 3618 1961 3688 quidem
1993 3630 2163 3675 certa-

584 3700 723 3754 mina
777 3708 985 3754 :ctatem
1012 3740 1025 3763 ,
1068 3711 1306 3757 naturam
1350 3714 1401 3759 et
1430 3704 1738 3775 dignitatem
1786 3711 2117 3779 exquirentia
2144 3754 2160 3778 ,

580 3791 752 3845 servis
778 3833 794 3857 ,
826 3790 1132 3846 mulieribus
1156 3834 1170 3856 ,
1211 3793 1427 3849 senibus
1448 3835 1464 3862 ,
1511 3795 1922 3853 adolescentulis
1959 3800 2158 3854 aditum

587 3883 943 3937 intercludunt
966 3900 978 3947 ;
1012 3883 1098 3938 hic
1122 3900 1251 3939 vero
1277 3886 1490 3941 cuilibet
1517 3889 1805 3945 conditioni
1830 3933 1845 3955 ,
1872 3894 2012 3946 aetati
2042 3895 2157 3948 cui-

584 3971 745 4034 libet,
777 3973 984 4041 utrique
1020 3973 1169 4027 sexui
1210 3974 1469 4030 theatrum
1517 3993 1707 4048 magna
1749 3980 1869 4034 data
1914 3983 2159 4039 libertate

584 4062 816 4129 aperitur
838 4101 852 4125 ,
885 4071 941 4115 ut
968 4070 1022 4116 et
1051 4061 1419 4131 liberalitatem
1446 4075 1514 4120 et
1550 4067 1955 4125 incnarrabilem
1989 4075 2158 4127 virtu-

584 4159 687 4203 tem
719 4149 834 4217 ejus
857 4192 871 4213 ,
904 4154 991 4220 qui
1019 4164 1289 4224 certamen
1320 4154 1578 4220 instituit,
1599 4159 1804 4215 ediscas
1823 4202 1837 4224 ,
1862 4171 1915 4217 et
1941 4174 2157 4233 aposto-

588 4240 744 4294 licum
791 4240 917 4295 illud
969 4242 1165 4298 dictum
1220 4246 1467 4312 operibus
1514 4248 1883 4306 conﬁrmatum
1930 4255 2153 4311 videas:

587 4331 718 4397 Quia
738 4333 889 4385 virtus
911 4335 1019 4401 ejus
1040 4336 1089 4387 in
1110 4334 1403 4403 inﬁrmitate
1430 4338 1686 4418 perﬁcitur
1709 4341 1784 4413 (2.
1807 4342 1923 4397 Cor.
1951 4344 2036 4398 12.
2058 4346 2152 4418 9).

581 4422 799 4487 Quando
837 4423 977 4480 enim
1012 4425 1156 4493 pueri
1184 4433 1237 4480 et
1273 4414 1444 4481 senes.
1468 4442 1625 4498 supra
1662 4441 1903 4495 naturam
1950 4414 2155 4492 fortiter

579 4521 741 4583 agunt
766 4554 779 4577 ,
813 4514 903 4568 Dei
936 4514 985 4567 in
1015 4514 1141 4583 ipsis
1167 4517 1437 4585 operantis
1456 4520 1623 4588 gratia
1645 4523 1916 4591 splendide
1938 4540 2155 4595 prorsus

580 4602 992 4658 demonstratur.
1222 4662 1223 4665 η

648 4692 833 4746 Matris
881 4693 1283 4751 Maccabwarum
1324 4700 1500 4754 virtus.
1530 4731 1600 4741 —
1624 4702 1695 4759 Ut
1736 4714 1909 4761 autem
1948 4710 2155 4767 ediscas

580 4782 721 4837 illam
753 4789 1071 4841 exteriorem
1101 4788 1420 4845 athletarum
1444 4792 1806 4851 inﬁrmitatem
1835 4799 1976 4868 ipsos
2000 4816 2156 4857 coro-

579 4890 700 4929 nam
739 4887 1066 4946 reportantes
1100 4880 1485 4949 splendidiores
1534 4887 1797 4956 reddere,
1850 4906 1946 4961 age
1970 4934 1985 4961 ,
2025 4909 2154 4952 sene

576 4968 858 5037 pueriSque
884 4968 1117 5025 dimissis
1141 5013 1156 5038 ,
1191 4972 1533 5031 inﬁrmiorem
1564 4977 1669 5035 illis
1697 4982 1971 5037 mulierem
2000 4994 2153 5041 vetu-

576 5058 682 5111 lam
709 5098 725 5123 ,
754 5066 955 5127 septem
987 5060 1213 5130 ﬁliorum
1242 5073 1466 5121 matrem
1496 5109 1511 5133 ,
1555 5070 1606 5124 in
1643 5074 1877 5128 medium
1918 5076 2153 5135 adduca-

577 5160 693 5199 mus
720 5164 735 5201 :
764 5163 884 5201 nam
920 5161 1100 5218 partus
1128 5154 1339 5211 labores
1365 5174 1468 5212 non
1496 5160 1611 5217 leve
1636 5162 2068 5233 impedimentum
2099 5174 2152 5229 in

574 5237 657 5289 his
681 5240 1057 5297 certaminibus
1083 5244 1327 5301 afferunt.
1372 5248 1507 5315 Quid
1540 5267 1666 5323 ergo
1703 5258 1849 5325 prius
1882 5261 1933 5315 in
1963 5276 2025 5316 ea
2054 5264 2153 5319 ad-

574 5328 871 5385 miremur?
893 5332 1321 5394 inﬁrmitatemne
1342 5352 1543 5399 natura:
1570 5386 1585 5411 ,
1608 5363 1673 5401 an
1698 5362 1999 5419 provectam
2025 5368 2152 5412 tnta-

572 5428 677 5473 tem
704 5461 723 5485 ,
749 5436 814 5475 an
842 5435 1094 5481 materna:
1118 5431 1600 5491 commiserationis
1623 5452 1838 5497 sensum
1870 5444 2152 5516 fragilem?

572 5509 591 5583 [
620 5512 786 5568 Mater
823 5518 966 5571 enim
994 5531 1109 5575 erat
1136 5539 1149 5576 :
1181 5523 1323 5581 unde
1351 5524 1503 5583 facile
1528 5545 1645 5585 eam
1677 5537 1932 5602 potuisset
1953 5509 2009 5593 in
2038 5551 2149 5597 tor-

571 5607 761 5660 mentis
806 5607 1071 5665 viscerum
1123 5628 1340 5671 suorum
1385 5619 1596 5677 vincere
1651 5636 1889 5683 materna
1941 5633 2147 5702 pietas,

570 5694 671 5751 nisi
699 5695 890 5754 divina:
912 5701 1301 5771 pietatis—altior
1320 5709 1484 5767 virtus
1504 5713 1637 5770 virili
1667 5714 1769 5773 ﬁde
1798 5694 2147 5793 anile-pectus.

1337 330 1393 386 S.
1432 324 1708 384 JOANNIS
1743 312 2211 378 CllllYSOSTOIﬂ
2248 313 2565 370 ARCIIIEP.
2607 312 3137 372 CONSTANTINOP.

3762 310 3875 363 6‘20i

2282 435 2515 481 armaret
2539 430 2613 499 (η)
2636 424 2677 499 ].
2710 426 2892 496 Magna
2918 425 3175 496 siquidem
3202 425 3316 480 haec
3344 433 3467 477 sunt
3488 423 3865 493 impedimenta

2280 517 2347 571 ad
2382 526 2540 573 tantae
2571 516 2836 589 patientia:
2862 531 3097 572 cursum.
3123 515 3240 587 Ego
3268 528 3401 571 vero
3419 513 3562 569 aliud
3593 514 3869 583 proferen-

2279 607 2405 662 dum
2434 608 2604 664 habeo
2631 606 2713 663 his
2734 608 2904 677 majus
2928 648 2942 671 ,
2982 622 3097 678 quo
3127 615 3182 662 et
3223 606 3462 662 mulieris
3501 605 3862 661 fortitudinem

2278 708 2332 752 et
2355 698 2551 753 diaboli
2579 698 2839 752 vafritiem
2875 705 3038 751 totam
3068 697 3361 752 videamus.
3387 697 3664 763 Quodnam
3695 697 3822 751 illud
3842 696 3878 750 τ

2277 788 2658 843 Animadverte
2684 788 2907 858 improbi
2936 788 3192 842 dtemonis
3220 789 3509 857 nequitiam
3541 806 3556 842 :
3587 803 3693 843 non
3722 789 3873 857 prio-

2277 895 2390 933 rem
2422 880 2564 934 illam
2593 882 2751 934 traxit
2780 881 2831 934 in
2862 889 3148 935 scammata
3173 921 3190 947 ,
3217 880 3315 935 sed
3346 890 3469 950 post
3495 881 3631 936 ﬁlios
3656 881 3721 936 ad
3750 897 3877 936 cer-

2280 970 2476 1023 tamina
2505 968 2674 1023 duxit.
2708 968 2924 1036 Quare?
2963 969 3032 1024 Ut
3071 978 3352 1039 postquam
3390 979 3594 1039 septem
3634 970 3871 1025 ﬁliorum

2277 1058 2597 1114 cruciatibus
2642 1060 2757 1130 ejus
2802 1061 3036 1115 animum
3089 1060 3239 1131 prius
3280 1060 3601 1131 dejecisset,
3643 1064 3870 1133 ejusque

2278 1151 2473 1206 mentis
2500 1142 2803 1208 ﬁrmitatem
2833 1153 3181 1209 emollivisset
3205 1196 3221 1220 ,
3265 1170 3456 1210 rerum
3485 1154 3699 1209 illarum
3741 1170 3870 1224 spe-

2274 1243 2482 1297 ctaculo
2513 1244 2660 1312 prius
2686 1243 2967 1314 absumpta
2997 1244 3310 1302 fortitudine
3337 1246 3391 1300 in
3422 1246 3699 1315 suppliciis
3725 1246 3870 1301 ﬁlio-

2274 1348 2392 1387 rum
2415 1375 2429 1397 ,
2455 1333 2712 1388 infirmior
2730 1336 2943 1389 demum
2966 1334 3100 1389 facta
3120 1334 3327 1390 facilius
3347 1336 3638 1406 expugnari
3664 1346 3871 1407 posset.

2272 1424 2352 1479 Ne
2388 1425 2696 1481 consideres
2739 1426 2858 1481 illos
2903 1427 3181 1496 excepisse
3228 1437 3495 1482 tormenta
3519 1428 3659 1494 ,sed
3689 1438 3879 1484 tecum:

2274 1523 2460 1584 reputa
2493 1515 2637 1575 illam
2663 1516 2727 1570 ad
2756 1516 2994 1587 singulos
3022 1517 3297 1588 graviores
3324 1519 3508 1574 tulisse
3534 1519 3753 1575 dolores
3775 1560 3793 1586 ,
3817 1529 3883 1575 ett

2274 1605 2326 1659 in
2358 1608 2579 1675 singulis
2608 1623 2792 1662 eorttm
2822 1608 3124 1663 confessam
3150 1624 3291 1664 esse.
3336 1610 3597 1679 Quodque
3638 1611 3885 1666 dicimus»

2275 1696 2443 1763 probe
2489 1705 2685 1750 norunt
2723 1708 2981 1767 quotquot
3020 1700 3279 1755 mulieres
3302 1709 3484 1769 partus
3522 1701 3738 1756 dolores
3776 1716 3887 1757 ex-

2275 1794 2439 1853 pertae.
2464 1796 2588 1840 sunt
2613 1828 2629 1851 ,
2659 1797 2713 1839 et
2738 1796 2937 1843 matres
2967 1799 3273 1845 evaserunt.
3316 1792 3469 1861 Saepe
3495 1808 3728 1864 namque
3754 1809 3871 1848 ma-

2276 1887 2359 1931 ter
2383 1876 2515 1931 febri
2546 1889 2863 1934 aestuantem
2895 1881 3063 1935 tilium
3091 1882 3277 1939 videns
3301 1925 3317 1949 ,
3345 1884 3477 1943 nihil
3521 1900 3627 1944 non
3667 1886 3889 1943 doloris

2274 1972 2624 2039 amplectatur
2646 2013 2662 2037 ,
2695 1982 2751 2026 ut
2778 1988 2845 2028 ex
2870 1974 2962 2028 illo
2986 1990 3215 2046 corpore
3243 1978 3572 2048 aegritudinis
3605 1980 3781 2050 ignem
3813 1980 3881 2034 in»

2274 2076 2333 2116 se
2360 2062 2646 2118 transferat
2689 2082 2702 2119 :
2744 2065 2811 2118 ita
2862 2082 3054 2135 nempe
3087 2078 3287 2122 matres
3331 2069 3561 2124 ﬁliorum
3606 2086 3886 2126 aerumnas

2277 2155 2507 2223 propriis
2530 2156 2682 2210 malis
2706 2157 3152 2213 intolerabiliores
3170 2162 3496 2216 existimant.
3521 2162 3674 2230 Quod
3698 2167 3744 2219 si
3772 2165 3877 2221 hoc

2275 2260 2456 2300 verum
2483 2256 2566 2301 est
2589 2289 2604 2313 ,
2652 2258 2708 2302 ut
2735 2258 2819 2303 est
2844 2249 3081 2320 profecto
3104 2267 3286 2306 verum
3312 2296 3327 2318 ,
3359 2254 3410 2308 in
3437 2256 3712 2325 suppliciis
3740 2257 3877 2313 ﬁlio-

2273 2352 2392 2391 rum
2424 2339 2640 2407 gravius
2666 2356 2825 2409 quam
2871 2342 2969 2410 ipsi
3014 2343 3105 2397 filii
3145 2345 3481 2401 cruciabatur
3522 2357 3733 2415 mater,
3764 2366 3877 2403 nza-

2266 2430 2460 2507 jusque
2490 2430 2542 2485 in
2572 2442 2743 2486 matre
2768 2435 3083 2505 martyrium
3108 2446 3223 2489 erat
3246 2478 3260 2501 ,
3292 2453 3451 2507 quam
3480 2438 3532 2493 in
3562 2438 3708 2493 ﬁliis.
3738 2439 3873 2496 Nam

2272 2506 2435 2575 sivel
2475 2520 2631 2576 unius
2668 2520 2757 2577 filii
2807 2525 3026 2578 morbus
3068 2522 3345 2581 nuntiatus
3381 2541 3620 2584 materna
3666 2531 3883 2587 viscera

2273 2613 2448 2667 turbat
2473 2656 2486 2676 ,
2515 2631 2619 2668 non
2645 2630 2749 2669 uno
2776 2616 2947 2670 solum
2974 2617 3082 2671 ﬁlio
3106 2658 3122 2682 ,
3152 2618 3244 2673 sed
3274 2628 3421 2674 tanto
3446 2620 3678 2675 ﬁliorum
3707 2623 3881 2678 inter-

2272 2700 2412 2758 fecto
2437 2704 2604 2759 choro
2630 2747 2645 2772 ,
2670 2720 2790 2761 cum
2818 2722 2923 2760 non
2945 2708 3131 2762 auditu
3159 2710 3275 2763 solo
3300 2752 3315 2777 ,
3344 2711 3436 2765 sed
3462 2713 3576 2766 visu
3602 2715 3875 2770 cruciatus

2274 2796 2575 2863 perciperet
2603 2837 2618 2862 ,
2648 2796 2775 2866 quid
2806 2812 2910 2851 non
2948 2804 3104 2868 passa
3147 2799 3349 2855 fuerit?
3379 2802 3648 2871 quomodo
3679 2805 3877 2862 mentis

2271 2898 2492 2948 compos
2516 2900 2634 2940 esse
2662 2888 2931 2954 potuerit,
2973 2903 3094 2943 cum
3132 2890 3369 2960 singulos
3408 2892 3613 2949 videret
3647 2896 3874 2953 diversis

2270 2982 2325 3026 et
2366 2973 2651 3031 horrendis
2693 2979 2967 3049 suppliciis
3014 2984 3266 3052 paulatim
3312 2986 3565 3039 occisos?
3603 2988 3874 3056 quomodo

2265 3082 2378 3121 non
2407 3070 2581 3137 erupit
2609 3085 2640 3123 c
2664 3085 2889 3140 corpore
2912 3075 3088 3128 anima
3109 3074 3425 3145 ?quomodo
3457 3092 3561 3131 non
3593 3094 3665 3134 ex
3697 3082 3881 3149 primo-

2271 3171 2486 3229 aspectu
2515 3162 2565 3215 in
2595 3178 2781 3233 rogum
2814 3166 3000 3238 insiliit
3023 3207 3038 3231 ,
3071 3177 3129 3221 ut
3167 3183 3227 3222 se
3271 3183 3300 3221 a
3331 3169 3538 3241 reliquo
3566 3174 3881 3240 spectaculo.

2271 3251 2565 3307 liberaret?
2595 3252 2708 3307 Etsi
2729 3254 2870 3308 enim
2902 3256 3377 3327 philosophabatur
3401 3303 3416 3325 ,
3444 3270 3501 3315 at
3526 3273 3699 3319 mater
3718 3252 3879 3331 erat}

2269 3344 2368 3398 etsi
2400 3344 2645 3415 religiosa
2680 3354 2796 3398 erat
2819 3386 2835 3411 ,
2864 3356 2918 3400 at
2940 3363 3100 3403 carne
3127 3350 3489 3415 induebatur;
3530 3355 3634 3409 etsi
3679 3356 3873 3411 alacris

2268 3442 2401 3499 erat,
2463 3444 2517 3488 at
2559 3436 2838 3490 muliebris
2887 3448 3006 3493 erat
3049 3444 3385 3507 sexus;etsi
3433 3444 3613 3500 studio
3659 3448 3871 3517 pietatis

2275 3524 2549 3589 fervebat,
2598 3526 2692 3580 sed
2734 3538 2980 3597 partuum
3013 3531 3225 3587 vinculo
3261 3532 3621 3592 detinebatur.
3650 3536 3789 3594 Nam
3819 3542 3867 3596 si

2269 3629 2365 3668 nos
2389 3656 2403 3681 ,
2435 3615 2532 3669 viri
2562 3630 2682 3671 cum
2709 3618 2878 3672 simus
2903 3659 2921 3685 ,
2948 3636 3099 3675 reum
3129 3622 3371 3678 videntes
3396 3641 3493 3695 per
3530 3626 3705 3683 forum
3735 3631 3823 3700 agi
3849 3671 3866 3696 ,

2267 3705 2443 3762 funem
2490 3708 2543 3762 in
2588 3724 2683 3764 ore
2733 3710 3021 3767 habentem
3049 3754 3063 3777 ,
3116 3712 3168 3766 in
3218 3714 3639 3789 barathrumque
3687 3720 3866 3788 trahi,

2265 3797 2474 3852 etiamsi
2514 3800 2657 3854 nulla
2692 3816 2812 3856 eum
2841 3818 2906 3857 eo
2930 3804 3163 3859 amicitia
3187 3804 3358 3875 juncti
3384 3849 3399 3871 ,
3431 3808 3532 3863 hoc
3555 3816 3865 3880 spectaculo

2265 3890 2556 3960 frangimur
2578 3932 2594 3957 ,
2624 3894 2728 3949 etsi
2756 3895 3005 3951 idoneum
3032 3897 3098 3951 ad
3131 3897 3433 3955 leniendam
3461 3903 3862 3962 miserationem

2264 3982 2511 4037 solatium
2581 3985 2909 4055 habeamus,
2974 3979 3211 4044 damnati
3271 4007 3465 4064 nempe
3520 3999 3859 4068 nequitiam:

2263 4084 2519 4142 quantum
2564 4076 2651 4130 illa
2681 4093 2834 4147 passa
2864 4080 3025 4135 fuerit
3050 4124 3065 4149 ,
3099 4098 3219 4151 qua:
3246 4098 3353 4139 non
3389 4101 3537 4141 reum
3568 4104 3732 4143 unum
3762 4091 3862 4147 ab-

2266 4162 2385 4217 duci
2417 4164 2661 4232 videret,
2712 4169 2805 4223 sed
2846 4171 3005 4225 simul
3041 4188 3254 4243 unaque
3292 4173 3380 4229 die
3426 4186 3631 4248 septem
3674 4180 3816 4236 ﬁlios
3845 4223 3859 4246 ,

2264 4270 2371 4309 non
2405 4258 2569 4312 celeri
2602 4270 2774 4316 morte
2798 4296 2818 4326 φ
2854 4262 2948 4317 sed
2979 4265 3138 4319 variis
3178 4267 3452 4336 suppliciis
3490 4272 3703 4325 ausos?
3747 4272 3869 4329 Etsi

2262 4347 2404 4400 enim
2433 4347 2641 4417 lapidea
2672 4350 2857 4407 fuisset
2883 4394 2902 4419 ,
2928 4355 3030 4409 etsi
3061 4356 3265 4413 viscera
3296 4356 3573 4415 habuisset
3601 4362 3861 4419 adaman-

2264 4437 2373 4492 tina
2398 4478 2413 4505 ,
2446 4453 2623 4494 annon
2653 4442 2859 4496 turbata
2907 4442 3143 4515 fuisset,
3163 4463 3344 4504 annon
3371 4452 3642 4522 quidpiam
3669 4470 3868 4511 eorum

2264 4546 2420 4601 passa
2449 4543 2592 4588 esset
2619 4576 2635 4598 ,
2665 4536 2842 4605 qualia
2870 4547 2923 4593 et
2949 4541 3227 4596 mulierem
3258 4552 3315 4599 et
3353 4554 3579 4601 matrem
3610 4549 3723 4615 pati
3768 4564 3867 4619 par

2260 4622 2418 4675 erat?
2447 4622 2630 4691 Cogita
2667 4625 2796 4679 mihi
2842 4636 3097 4697 quantum
3135 4631 3464 4689 admiremur
3500 4638 3862 4708 patriarcham

2261 4713 2533 4768 Abraham
2563 4755 2579 4781 ,
2610 4718 2701 4787 qui
2738 4718 2901 4773 ﬁlium
2952 4736 3107 4776 suum
3136 4764 3151 4789 ,
3198 4734 3257 4779 ut
3297 4726 3551 4794 offerret,
3591 4730 3767 4787 vinxit
3806 4745 3863 4789 et

2261 4803 2417 4859 altari
2466 4806 2719 4877 imposuit
2764 4827 2777 4863 :
2826 4821 2882 4865 et
2926 4820 3052 4867 tunc
3101 4815 3267 4883 probe
3312 4821 3611 4889 comperies
3657 4834 3865 4892 quanta

2262 4895 2422 4953 fuerit
2458 4901 2697 4956 mulieris
2730 4902 3007 4959 fortitudo.
3050 4906 3097 4961 Ο
3132 4908 3537 4967 acerbissimum
3564 4954 3581 4981 ,
3609 4915 3864 4988 idemque

2260 4994 2637 5049 suavissimum
2667 5002 3072 5068 spectaculum!
3101 5006 3504 5063 acerbissimum
3532 5011 3751 5080 quidem
3795 4996 3864 5069 ob

2259 5098 2481 5155 rerum,
2535 5104 2655 5158 qua:
2718 5095 3042 5163 agebantur,
3116 5108 3406 5168 naturam;
3476 5104 3861 5163 suavissimum

2258 5194 2387 5235 vero
2425 5181 2494 5236 ob
2527 5183 2774 5240 affectum
2817 5188 3066 5245 videntis.
3114 5190 3232 5247 Non
3276 5194 3421 5249 enim
3464 5196 3550 5251 illa
3600 5196 3857 5257 ﬂuentem

2258 5278 2570 5346 sanguinem
2601 5281 2921 5349 respiciebat
2944 5324 2965 5351 ,
2991 5284 3085 5340 sed
3118 5300 3348 5343 coronas
3384 5289 3605 5358 justitiae
3629 5304 3856 5349 contex-

2259 5369 2379 5429 tas;
2409 5379 2515 5419 non
2543 5366 2849 5423 intuebatur
2876 5370 3123 5426 confossa
3151 5372 3318 5429 latera
3341 5413 3359 5440 ,
3405 5376 3499 5431 sed
3542 5386 3741 5432 aeterna
3775 5389 3853 5433 ta-

2259 5452 2544 5511 bernacula
2594 5468 2937 5527 constructa;
3000 5477 3108 5518 non
3169 5464 3387 5521 videbat
3445 5467 3856 5524 circumstantes

2322 5615 2395 5689 (ᾳ)
2427 5624 2540 5675 Quae
2556 5619 2744 5689 uncinis
2764 5620 3069 5689 clauduntur.
3091 5623 3141 5689 iu
3165 5623 3301 5674 nullo
3322 5631 3506 5689 Graeco,
3530 5624 3662 5689 quod
3685 5626 3848 5677 videre

2257 5673 2409 5790 Licuit,
2438 5673 2706 5793 eaempllari
2731 5683 2991 5745 habentur,
3016 5673 3107 5735 sed
3151 5699 3215 5737 cx
3251 5673 3417 5739 veteri
3439 5673 3848 5752 ‘iﬁtéitiéu‘éééé

2293 5751 2319 5786 ρ
2352 5754 2461 5793 umt:
2538 5757 2628 5793 sun
2654 5777 2669 5793 .

2306 5751 2515 5803 :suxnpta
2538 5751 2669 5793 sunt.
