4224 6302
344 391 449 452 619

345 508 559 577 γῶντας
583 504 722 578 πρὸς
752 504 821 559 τὰ
842 505 1201 576 παλαίσματα
1227 505 1456 576 ἤγαγεν,
1494 503 1629 558 ἀλλά
1664 505 1930 575 μειράκια

345 586 568 657 κομιδῇ,
588 589 686 641 καὶ
710 589 829 658 μετ’
848 585 1071 639 ἐκείνων
1087 585 1340 657 γέροντα,
1360 584 1453 636 τὸν
1476 583 1821 655 Ἐλεάζαρον,
1834 585 1930 638 καὶ

347 665 479 737 πρὸς
503 663 717 727 τούτοις
752 665 983 731 γυναῖκα
1024 665 1421 733 γεγηρακυῖαν,
1454 662 1555 731 τὴν
1584 662 1794 732 μητέρα
1820 660 1929 714 τῶν

346 743 671 815 μειρακίων.
705 742 770 794 Τί
803 759 933 795 ποτε
983 740 1147 801 τοῦτο
1182 741 1291 809 ἀρα
1338 739 1473 803 ἐστὶ,
1508 739 1792 806 Δέσποτα;
1830 738 1929 809 τὴν

342 822 615 891 ἄχρηστον
640 819 855 891 ἡλικίαν
886 820 1021 889 πρὸς
1043 818 1112 871 τά
1156 818 1515 887 ἀγωνίσματα
1544 821 1624 882 είς
1644 818 1713 871 τὰ
1748 818 1930 887 σκάμ-

348 915 496 967 ματα
521 898 704 966 ἄγειςς
733 897 815 961 τίς
851 898 1050 969 ήκουσε
1080 899 1315 965 γυναῖκα
1363 896 1772 967 ἀγωνιζομένην
1798 895 1929 948 ποτὲ

344 977 403 1026 ὲν
424 977 572 1046 γήρᾳ.
592 974 868 1045 τοσούτῳ;
894 973 1081 1036 Οὐδεὶς
1107 973 1360 1044 ἤκουσεν·
1394 972 1509 1025 ἀλλ’
1528 971 1639 1041 ἐγὼ
1661 974 1722 1026 τὸ
1749 972 1929 1043 παρά-

342 1053 497 1119 δοξον
527 1053 707 1117 τοῦτο,
764 1054 920 1123 φησὶ,
958 1053 1052 1103 καὶ
1086 1051 1271 1105 καινὸν
1311 1053 1407 1104 καὶ
1457 1050 1580 1104 οὗτε
1626 1054 1765 1122 ἀκοῇ
1800 1068 1930 1104 ποτε

341 1133 687 1203 παραδεχθὲν
720 1132 809 1186 διὰ
839 1131 948 1184 τῶν
996 1132 1175 1203 ἔργων
1224 1130 1405 1183 αὐτῶν
1452 1132 1821 1201 πιστώσομαι.
1854 1131 1927 1183 Ού

342 1210 456 1281 γὰρ
476 1210 717 1273 τοιοῦτος
747 1209 1092 1279 ἀγωνοθέτης
1119 1208 1249 1277 ἐγὼ,
1269 1210 1344 1272 ὡς
1364 1211 1429 1279 τῇ
1460 1210 1570 1261 τῶν
1598 1208 1930 1278 ἀγωνιζομέ-

343 1304 452 1340 νων
483 1288 713 1357 δυνάμει
740 1287 802 1339 τὸ
832 1289 943 1340 πᾶν
988 1289 1327 1358 ἐπιτρέπειν·
1372 1287 1510 1354 ἀλλά
1561 1288 1942 1357 παρίσταμαι,

343 1365 442 1418 καὶ
468 1365 669 1436 βοηθῶ,
699 1367 793 1420 καὶ
831 1368 990 1437 χεῖρα
1016 1367 1195 1437 ὀρέγω
1218 1369 1331 1430 τοῖς
1357 1368 1509 1436 ἐμοῖς
1541 1365 1821 1435 ἀθληταῖς,
1838 1367 1933 1418 καὶ

338 1444 455 1498 τῶν
482 1446 932 1515 κατορθουμένων
957 1445 1019 1498 τδ
1050 1445 1212 1500 πλέον
1241 1445 1424 1508 αὐτοῖς
1455 1447 1520 1497 ὲκ
1545 1445 1645 1515 τῆς
1677 1444 1816 1514 ἐμῆς
1843 1443 1932 1511 γί-

342 1538 494 1575 νεται
521 1523 882 1593 προστασίας.

396 1625 586 1680 ’Ὅταν
614 1622 708 1678 οὖν
733 1624 849 1696 ἴδῃς
880 1624 1117 1691 γυναῖκα
1150 1623 1477 1694 ὑπότρομον,
1521 1625 1932 1693 γεγηρακυῖαν,

342 1702 652 1774 βακτηρίας
671 1702 954 1773 δεομένην,
983 1704 1063 1764 εἰς
1089 1700 1277 1769 ἀγῶνα
1308 1700 1606 1766 εἰσιοῦσαν,
1647 1703 1742 1755 καὶ
1764 1719 1935 1756 κατα-

342 1781 578 1836 λύουσαν
598 1780 864 1852 τυράννου
900 1780 1121 1849 μανίαν,
1165 1781 1595 1850 περιγινομένην
1623 1782 1934 1851 ἀσωμάτων

336 1858 499 1933 {624]
542 1859 826 1930 δυνάμεων
847 1898 862 1921 ,
914 1855 1221 1933 κρατοῦσαν
1268 1857 1363 1910 τοῦ
1412 1857 1658 1910 διαϐόλου
1703 1858 1931 1929 ῥαδίως,

345 1931 760 2003 συγκόπτουσαν
799 1933 965 1988 αὑτοῦ
997 1932 1098 2003 τὴν
1130 1931 1245 1996 ἕξιν
1286 1945 1313 1973 α
1371 1936 1487 2003 μετ’
1520 1933 1772 1998 ἐξουσίας
1805 1936 1933 1989 πολ-

342 2013 468 2082 λῆς,
500 2012 785 2083 θαύμασον
813 2012 906 2066 τοῦ
935 2011 1275 2079 ἀγωνοθέτου
1295 2010 1399 2082 τὴν
1421 2011 1602 2082 χάριν,
1627 2012 1935 2083 ὲκπλάγηθι

340 2090 440 2145 τοῦ
468 2089 708 2163 Χριστοῦ
761 2092 860 2161 τὴν
908 2089 1158 2160 δύναμιν.
1208 2089 1284 2143 Οὐ
1335 2090 1610 2161 σφριγῶσι
1663 2092 1804 2146 κατά
1837 2091 1935 2163 τὴν

338 2170 530 2241 ισάρκα
561 2171 611 2222 οί
645 2169 897 2239 ἀθληταὶ,
945 2168 1083 2222 ἀλλά
1130 2168 1403 2239 σφριγῶσι
1437 2168 1579 2223 κατά
1608 2170 1708 2239 τὴν
1729 2170 1931 2223 πίστιν·

338 2246 582 2318 ἀσθενὴς
626 2247 808 2301 αὐτῶν
850 2248 883 2317 ή
927 2246 1119 2315 φύσις,
1149 2246 1284 2300 ἀλλά
1339 2247 1539 2318 δυνατὴ
1577 2247 1612 2317 ή
1669 2247 1937 2318 ἀλείψασα

338 2325 547 2389 αὐτοὺς
566 2324 749 2396 χάρις·
771 2324 1141 2395 παρᾳλέλυται
1170 2325 1238 2378 τὰ
1264 2324 1493 2395 σώματα
1516 2324 1595 2396 τῷ
1615 2327 1781 2398 γήρᾳ,
1800 2327 1937 2380 ἀλλά

347 2402 787 2473 συγκεκρότηται
811 2401 880 2455 τὰ
896 2404 1223 2473 φρονήματα
1241 2401 1320 2472 τῷ
1339 2402 1489 2473 πόθῳ
1510 2404 1608 2472 τῆς
1628 2402 1933 2467 εὐσεϐείας.

338 2484 465 2538 οὐκ
498 2483 647 2543 ἐστιν
683 2474 943 2555 αίσθητδς
974 2486 1003 2537 ὁ
1033 2483 1202 2551 ἀγών·
1244 2484 1319 2555 μὴ
1343 2485 1521 2537 τοίνυν
1543 2483 1741 2550 ἔξωθεν
1762 2504 1937 2540 κατα-

348 2560 533 2633 μάθῃς
553 2561 683 2625 τοὺς
714 2561 974 2632 ἀθλητάς,
1005 2561 1121 2615 ἀλλ’
1165 2560 1374 2614 εἴσελθε
1412 2561 1489 2633 τῷ
1520 2562 1768 2634 λογισμῷ
1802 2565 1940 2635 πρὸς

342 2643 448 2712 τὴν
474 2642 577 2713 τῆς
604 2642 782 2714 ψυχῆς
806 2642 986 2697 αὐτῶν
1006 2643 1241 2709 εὐεξίαν·
1274 2643 1563 2714 κατάμαθε
1582 2645 1681 2714 τῆς
1701 2646 1940 2709 πίστεως

341 2724 530 2777 αὐτῶν
561 2723 661 2795 τὴν
689 2726 866 2795 ίσχὺν,
885 2724 974 2778 ἵνα
1003 2723 1183 2796 μάθῃς
1203 2725 1286 2778 ὅτι
1306 2728 1334 2778 ὁ
1359 2725 1579 2797 δαίμοσι⁵
1601 2726 1888 2781 πυκτεύων
1910 2729 1939 2768 ιι

343 2805 411 2859 οὐ
452 2805 706 2876 σώματος
740 2807 971 2876 ἰσχυρᾶς
1000 2807 1172 2860 δεῖται
1221 2807 1537 2878 περιϐολῆς,
1563 2808 1687 2861 οὐδὲ
1722 2810 1941 2880 ἡλικίας

346 2886 731 2959 ἀκμαζούσης,
758 2882 898 2943 ἀλλά
936 2889 1041 2943 κάν
1069 2889 1268 2961 κομιδῇ
1299 2893 1419 2954 νέος
1447 2886 1504 2963 ᾖ,
1541 2891 1645 2945 κᾶν
1677 2895 1757 2957 είς
1781 2892 1943 2962 ἔσχα-

347 2984 445 3022 τον
488 2969 671 3040 γῆρας
722 2968 1041 3041 ἐληλακὼς,
1076 2971 1256 3043 ψυχὴν
1307 2971 1365 3024 δὲ
1412 2972 1514 3043 ἔχῃ
1547 2974 1800 3040 γενναίαν
1848 2976 1942 3027 καὶ

346 3053 694 3123 ιρῤωμένην,
725 3053 877 3107 οὐδὲν
897 3054 1007 3108 ἀπὸ
1029 3054 1133 3125 τῆς
1160 3055 1376 3126 ήλικίας
1398 3057 1479 3119 είς
1498 3056 1567 3109 τά
1584 3057 1944 3128 ἀγωνίσματα

348 3134 825 3207 παραϐλάπτεται.

424 3236 492 3308 ﬂ.
511 3237 626 3292 Καὶ
662 3237 717 3291 τί
752 3237 897 3306 λέγω
922 3238 1154 3309 γέροντα
1179 3238 1275 3292 καὶ
1299 3238 1439 3304 νέον,
1460 3241 1596 3293 ὅπου
1630 3256 1695 3310 γε
1722 3242 1815 3295 καὶ
1843 3257 1912 3310 γυ
1928 3270 1945 3281 ·

349 3323 541 3385 ναῖκες
572 3321 711 3391 πρὸς
733 3320 910 3375 ταῦτα
938 3321 1279 3376 ἀπεδύσαντο
1318 3322 1390 3376 τὰ
1433 3323 1815 3391 παλαίσματα,
1849 3326 1945 3377 καὶ

351 3405 643 3477 λαμπροὺς
687 3404 1020 3475 ἀνεδήσαντο
1067 3405 1196 3468 τοὺς
1241 3405 1570 3475 στεφάνους;
1606 3408 1670 3460 οι
1703 3406 1803 3478 μὲν
1837 3408 1946 3478 γάρ

351 3486 557 3558 ἔξωθεν
605 3486 824 3555 ἀγῶνες
868 3488 965 3540 καλ⁸
1012 3486 1251 3558 ήλικίαν,
1288 3489 1385 3541 καὶ
1421 3488 1605 3558 φύσιν,
1641 3489 1736 3542 καὶ
1788 3486 1947 3552 ἀξίαν

354 3557 727 3636 εξετάζοντες,
768 3569 867 3629 καὶ
908 3557 1138 3635 δούλοις,
1184 3571 1281 3625 καὶ
1308 3570 1545 3640 γυναιξὶ,
1580 3573 1675 3626 καὶ
1707 3573 1948 3643 πρεσϐυ·

352 3650 558 3721 τέροις,
591 3649 688 3702 καὶ
710 3649 1021 3719 μειρακίοις
1051 3649 1162 3721 Δθινι
1195 3649 1334 3722 πρὸς
1359 3650 1557 3715 αὐτοὺς
1580 3650 1787 3704 είσοδον
1814 3652 1949 3705 ἀπο-

355 3726 651 3789 κλείουσιν,
676 3724 911 3780 ινταῦθα
937 3726 994 3781 δὲ
1037 3728 1190 3802 πάσῃ
1237 3729 1335 3799 μὲν
1373 3727 1532 3800 ἀξίᾳ,
1561 3730 1716 3803 πάσῃ
1747 3730 1805 3783 δὲ
1833 3728 1950 3801 ήλι-

356 3810 474 3882 κία,
505 3809 745 3881 ἑκατέρα
793 3808 853 3862 δὲ
895 3810 963 3879 τῇ
1002 3807 1164 3879 φύσει
1205 3810 1268 3863 τὸ
1309 3809 1540 3881 θέατρον
1589 3813 1729 3882 μετά
1766 3813 1949 3884 πάσης

358 3891 548 3954 ἀδείας
601 3890 877 3961 ήνέῳκται
896 3930 913 3956 ,
964 3890 1055 3947 ινα
1097 3893 1194 3945 καὶ
1233 3890 1333 3963 τὴν
1390 3892 1657 3961 ἀφθονίαν
1705 3894 1800 3946 καὶ
1851 3894 1951 3965 τὴν

358 3972 568 4043 ἀφατον
596 3971 829 4044 δύναμιν
850 3971 948 4027 τοῦ
979 3972 1071 4029 τὸν
1117 3972 1308 4041 ἀγῶνα
1331 3974 1577 4038 τιθέντος
1596 3973 1949 4049 καταμάθῃς,

360 4056 455 4129 καὶ
482 4055 545 4109 τὸ
564 4054 926 4111 ἀποστολικδν
958 4056 1139 4111 έκεῖνο
1160 4055 1250 4110 διά
1276 4056 1388 4111 τῶν
1420 4057 1600 4129 ἔργων
1625 4057 1953 4131 βεϐαιούμε-

362 4155 451 4194 νον
472 4136 614 4211 ῐδῃς,
640 4138 775 4193 Ὀτι
828 4140 871 4208 ἡ
902 4138 1158 4209 δύναμις
1197 4139 1388 4195 αὐτοῦ
1539 4141 1829 4209 ἀσθενείᾳ
1856 4160 1953 4197 τε-

360 4221 651 4278 λειοῦται.
685 4222 858 4278 ὀταν
897 4222 1007 4294 γὰρ
1045 4222 1239 4277 παιδία
1282 4224 1378 4277 καὶ
1408 4222 1665 4295 γέροντες
1709 4226 1778 4279 τά
1810 4227 1953 4300 ὑπὲρ

360 4306 462 4378 τήν
498 4305 663 4375 φύσιν
693 4306 951 4377 ίσχύωσι,
992 4306 1085 4360 διὰ
1113 4306 1333 4360 πάντων
1376 4306 1648 4379 λαμπρῶς
1690 4309 1726 4379 ή
1757 4308 1850 4363 τοῦ
1884 4310 1953 4365 δι’

364 4385 547 4442 αὐτῶν
571 4386 925 4459 ὶνεργοῦντος
949 4386 1086 4441 Θεοῦ
1118 4386 1461 4457 διαφαίνεται
1486 4391 1668 4461 χάρις.

434 4490 549 4543 Καὶ
576 4488 666 4543 ἵνα
707 4488 887 4563 μάθῃς
912 4490 997 4545 ὅτι
1030 4492 1064 4562 ή
1087 4490 1349 4546 ἀσθένεια
1370 4492 1482 4545 τῶν
1517 4491 1790 4564 ἀθλητῶν,
1812 4490 1954 4565 αῦτη

360 4572 399 4641 ἡ
420 4571 644 4640 Ιξωθιν,
696 4571 1116 4644 λαμπροτέρους
1149 4576 1294 4627 ποιεῖ
1319 4573 1577 4643 γενέσθαι
1604 4575 1734 4637 τοὺς
1756 4592 1956 4643 στεφα-

366 4657 542 4719 νίτας,
555 4654 689 4727 φέρε
713 4653 904 4726 δή,τὺν
925 4655 1158 4726 γέροντα
1181 4656 1366 4710 καὶτὰ
1389 4657 1579 4712 παιδία
1599 4658 1831 4727 ἀφέντες
1853 4658 1955 4729 τὴν

364 4735 764 4810 ἀσθενεστέραν
792 4735 974 4792 αὐτῶν
1030 4738 1446 4810 παραγάγωμεν
1500 4740 1582 4805 είς
1633 4740 1820 4812 μέσον,
1856 4740 1955 4812 τὴν

367 4821 625 4889 γυναῖκα,
649 4820 750 4890 τὴν
771 4821 1169 4891 γεγηρακυῖαν,
1186 4821 1287 4887 τὴν
1310 4821 1453 4876 ὲπτά
1479 4822 1687 4875 παίδων
1719 4823 1952 4895 μητέρα·

369 4902 467 4957 καὶ
493 4900 602 4973 γὰρ
633 4904 691 4956 αί
718 4902 909 4967 ὠδῖνες
944 4903 1006 4956 οὐ
1035 4902 1232 4974 μικρὸν
1255 4902 1487 4975 κώλυμα
1515 4904 1624 4958 τῶν
1645 4904 1958 4975 παλαισμά-

370 5001 481 5039 των
511 4985 721 5039 τούτων
747 4986 875 5041 είσί.
924 4985 991 5040 Τί
1017 4982 1113 5042 οῦν
1151 4986 1325 5058 αὐτῆς
1360 4987 1630 5058 πρότερον
1674 4987 1957 5059 θαυμάσαι

371 5066 557 5135 ἀξιονς
601 5068 667 5123 τὸ
715 5068 817 5140 τῆς
866 5069 1087 5138 φύσεως
1131 5070 1390 5135 ἀσθενὲς.
1436 5070 1470 5142 ἢ
1505 5072 1566 5125 τὸ
1604 5070 1707 5142 τῆς
1740 5072 1958 5144 ήλικίας

374 5149 603 5222 ῶριμον,
642 5148 678 5221 ἢ
706 5160 731 5189 ο
762 5150 824 5205 τὸ
862 5151 963 5222 τῆς
999 5152 1344 5224 συμπαθείας
1370 5152 1809 5225 εὐεπηρέαστον;
1840 5158 1959 5210 Με-

375 5232 516 5301 γάλα
548 5232 648 5303 μὲν
664 5231 776 5305 γὰρ
801 5232 1084 5289 καὶταῦτα
1102 5234 1404 5306 κωλύματα
1422 5236 1558 5307 πρὸς
1580 5236 1671 5289 τὸν
1690 5238 1959 5310 τοσαύτης

381 5315 675 5389 καρτερίας
704 5315 961 5388 δεόμενον
984 5317 1203 5390 δρόμον.
1242 5317 1390 5388 Ἐγὼ
1417 5320 1475 5374 δὲ
1512 5320 1606 5373 καὶ
1641 5321 1828 5391 ἕτερον
1853 5322 1961 5392 ἔχω

377 5398 583 5453 τούτων
621 5398 806 5469 μεῖζον
837 5400 1046 5467 εἰπεῖν,
1095 5400 1163 5453 δι’
1204 5394 1267 5457 οῦ
1305 5401 1398 5456 καὶ
1429 5400 1530 5472 τὴν
1579 5402 1825 5474 ἀνδρείαν
1858 5405 1960 5476 τῆς

447 5670 474 5733 _'
504 5670 593 5733 ,εἰς
617 5683 743 5733 unus
764 5670 950 5731 [Regius
974 5675 1137 5731 recte;
1160 5673 1243 5721 alii
1268 5674 1353 5728 τὴν
1375 5671 1498 5733 ὄψιν.

446 5729 477 5795 ξ
502 5732 637 5795 unus
658 5732 785 5795 ﬂeg.
811 5735 838 5780 ὁ
855 5729 1069 5795 δαίμωσι
1091 5729 1323 5791 παλαίων,

451 5794 475 5822 ⁸
503 5793 635 5843 Idem
653 5793 763 5852 Rei
802 5799 885 5853 τῆς
902 5794 1088 5851 ἡλικίας
1113 5796 1288 5856 ἄωρον,
1316 5795 1378 5853 ᾗ,

1653 391 1741 444 DE
1776 390 2224 449 MACCABAEIS.
2264 392 2304 448 1.

3520 393 3627 451 (3Ξο

2038 507 2302 574 γυναικὸς
2328 507 2422 560 καὶ
2454 505 2551 577 τὴν
2595 504 2689 559 τοῦ
2738 505 2987 559 διαϐόλου
3019 503 3354 576 κακουργίαν
3406 506 3631 563 ἃπασαν

2040 596 2411 667 κατοψόμεθα.
2445 597 2510 648 Τί
2544 596 2601 650 δὲ
2624 595 2961 662 τοῦτό.ὲστι;
2986 595 3186 648 Σκόπει
3211 595 3411 666 μιαροῦ
3436 596 3631 669 δαίμο-

2040 702 2129 748 νος
2153 685 2437 756 πονηρίαν·
2458 687 2519 755 ού
2547 686 2771 757 πρώτην
2800 684 2969 755 αὐτὴν
2995 684 3247 738 εἵλκυσεν
3263 686 3340 748 είς
3364 684 3430 738 τά
3450 687 3631 758 σκάμ-

2044 788 2213 839 ματα,
2251 772 2387 843 ἀλλὰ
2424 772 2561 842 μετὰ
2610 773 2737 835 τοὺς
2772 771 2968 834 παῖδας
3016 772 3191 840 ήγαγε
3225 771 3363 843 πρὸς
3400 773 3469 825 τά
3518 789 3628 826 πα-

2040 858 2335 929 λαίσματα.
2391 859 2457 911 Τί
2504 858 2741 929 δήποτες
2780 859 2897 912 Ἵνα
2943 854 3063 920 ταῖς
3092 858 3200 912 τῶν
3247 858 3387 911 ἑπτά
3419 859 3629 915 παίδων

2044 944 2298 1015 βασάνοις
2331 944 2767 1016 προκαταϐαλὼν
2812 945 2984 1013 αὐτῆς
3030 945 3091 997 τὸ
3125 944 3403 1017 φρόνημα,
3444 945 3541 999 καὶ
3564 946 3631 1000 τὸ

2044 1033 2272 1104 στερρὸν
2305 1034 2405 1103 τῆς
2434 1032 2672 1095 διανοίας
2716 1031 2981 1101 μαλάξας,
3013 1032 3103 1084 διὰ
3132 1031 3232 1099 τῆς
3264 1029 3374 1084 τῶν
3402 1031 3630 1101 γινομέ-

2041 1138 2148 1173 νων
2182 1119 2310 1183 θέας
2334 1119 2847 1191 προδαπανηθείσης
2876 1118 3012 1187 αὐτῇ
3047 1118 3146 1189 τῆς
3186 1117 3369 1186 ἰσχύος
3416 1120 3475 1170 ἐν
3508 1120 3632 1180 ταῖς

2040 1208 2150 1259 τῶν
2173 1206 2411 1275 ἐγγόνων
2434 1206 2741 1267 κολάσεσιν,
2761 1204 3125 1275 ἀσθενεστέρα
3154 1203 3339 1256 λοιπὸν
3361 1199 3633 1275 γενομένῃ

2042 1294 2243 1365 ῥᾳδίως
2277 1293 2553 1361 ἐπιθῆται.
2587 1292 2681 1362 Μὴ
2714 1292 2823 1361 γὰρ
2852 1291 2916 1362 δὴ
2944 1291 3103 1343 τοῦτο
3136 1290 3273 1362 ἴδῃς,
3316 1291 3398 1343 ὅτι
3432 1293 3631 1343 ἐκεῖνοι

2041 1382 2142 1443 τὰς
2164 1382 2429 1450 βασάνους
2456 1381 2718 1449 ἐδέχοντο,
2756 1379 2871 1432 ἀλλ’
2905 1381 3083 1449 έκεῖνο
3115 1378 3329 1440 σκόπει,
3362 1380 3443 1431 ὅτι
3489 1378 3631 1449 αὑτὴ

2043 1470 2164 1523 καθ’
2182 1470 2408 1523 ἕκαστον
2432 1469 2611 1523 αὐτῶν
2626 1468 3016 1539 χαλεπωτέρας
3040 1468 3279 1537 ὑπέμενε
3295 1467 3395 1529 τὰς
3415 1466 3630 1531 ὀδύνας,

2043 1556 2139 1610 καὶ
2174 1557 2297 1611 καθ’
2322 1558 2552 1609 ἕκαστον
2585 1554 2766 1607 αὐτῶν
2808 1554 3207 1623 ἀπεσφάττετο.
3245 1551 3399 1624 [625]
3436 1553 3548 1605 Καὶ
3571 1553 3635 1606 τὸ

2042 1643 2334 1715 λεγόμενον
2371 1642 2533 1696 τοῦτο
2589 1643 2735 1696 ῐσασι
2776 1642 2978 1705 καλῶς,
3020 1641 3143 1694 ὅσαι
3188 1642 3386 1711 πεῖραν
3426 1639 3635 1692 ὠδίνων

2040 1722 2235 1785 ἔλαϐον
2275 1734 2557 1799 γυναῖκες,
2611 1730 2706 1784 καλ⁸
2752 1730 2989 1801 μητέρες
3041 1729 3313 1797 ἐγένοντο.
3361 1726 3634 1789 Πολλάκις

2042 1817 2174 1886 γοῦν
2190 1818 2374 1887 δρῶσα
2396 1818 2580 1888 μήτηρ
2597 1816 2811 1870 παιδίον
2833 1813 3055 1887 πυρετῷ
3073 1814 3434 1883 φλεγόμενον,
3454 1812 3637 1865 πάντα

2045 1904 2113 1959 ἂν
2154 1904 2331 1957 ἱλοιτο
2373 1904 2600 1961 παθεῖν.
2647 1890 2789 1955 ὥστε
2828 1901 2937 1955 ἀπὸ
2982 1900 3077 1953 τοῦ
3129 1898 3383 1970 σώματος
3423 1897 3633 1951 ἐκείνου

2045 1992 2182 2064 πρὸς
2201 1991 2399 2061 ἑαυτὴν
2424 1992 2756 2061 μεταγαγεῖν
2782 1988 2843 2041 τὸ
2872 1986 2984 2059 πῦρ
3019 1986 3114 2039 τοῦ
3146 1986 3472 2057 νοσήματος·
3490 1982 3638 2037 οὓτω

2043 2080 2153 2133 τῶν
2174 2080 2390 2133 οἰκείων
2413 2076 2599 2131 κακῶν
2622 2077 2722 2150 τὰς
2750 2075 2858 2129 τῶν
2888 2075 3094 2128 παίδων
3111 2072 3408 2145 ’συμφοράς
3430 2072 3638 2143 ἀφορηο

2044 2167 2269 2237 τοτέρας
2319 2166 2377 2218 αί
2414 2163 2646 2235 μητέρες
2690 2157 2827 2219 εἶναι
2891 2161 3221 2233 νομίζουσιν.
3268 2159 3331 2211 Et
3384 2159 3442 2212 δὲ
3480 2157 3640 2211 τοῦτο

2044 2254 2266 2326 ἀληθὲς,
2289 2252 2477 2323 ὥσπερ
2501 2248 2594 2304 οὖν
2616 2249 2834 2321 ἀληθὲς,
2854 2248 3235 2320 χαλεπώτερον
3272 2245 3382 2299 τῶν
3405 2244 3637 2298 παιδίων

2046 2341 2106 2393 ὲν
2147 2342 2266 2403 ταῖς
2303 2338 2412 2392 τῶν
2445 2337 2674 2391 παιδίων
2724 2336 2981 2408 βασάνοις
3022 2334 3314 2399 ἐκολάζετο
3354 2333 3389 2403 ή
3430 2332 3637 2402 μήτηρ,

2047 2428 2143 2482 καὶ
2162 2427 2345 2499 μεῖζον
2366 2428 2426 2480 τὸ
2446 2426 2747 2498 μαρτύριον
2772 2429 2830 2478 ἐν
2850 2427 2919 2495 τῇ
2947 2421 3167 2494 μητρὶῆ
3190 2423 3249 2474 ὲν
3265 2421 3380 2484 τοῖς
3403 2418 3639 2481 παιδίοις

2048 2517 2279 2585 ἐγίνετο.
2311 2516 2374 2568 El
2406 2515 2515 2588 γὰρ
2548 2516 2666 2576 ἑνὸς
2702 2512 2917 2567 παιδίου
2944 2512 3099 2573 νόσος
3131 2508 3443 2580 ἀκουομένη
3476 2507 3640 2578 μόνον

2047 2603 2394 2675 διαταράττει
2441 2604 2512 2655 τὰ
2556 2601 2841 2671 σπλάγχνα
2889 2600 2989 2669 τῆς
3034 2597 3335 2668 τεκούσης,
3374 2595 3475 2665 οὐχ
3519 2592 3640 2657 ἐνὸς

2051 2691 2283 2755 παιδίου,
2317 2688 2453 2743 ἀλλὰ
2484 2688 2738 2741 τοσούτου
2778 2687 2943 2759 χοροῦ
2980 2686 3187 2741 παίδων
3216 2682 3638 2754 ἀναιρουμένου,

2049 2779 2150 2831 οὐκ
2178 2781 2313 2847 ἀκοῇ
2338 2775 2605 2846 δεχομένη
2653 2775 2722 2828 τὰ
2752 2772 3092 2845 παθήματα,
3134 2769 3249 2824 ἀλλ’
3293 2770 3416 2841 ὄψει
3456 2786 3640 2839 παρα-

2046 2866 2399 2936 λαμϐάνουσα
2426 2866 2495 2918 τά
2524 2862 2805 2933 γινόμενα,
2837 2862 2891 2914 τί
2920 2861 3022 2915 οὐκ
3057 2860 3123 2915 ἂν
3161 2857 3368 2922 ἔπαθες
3398 2855 3518 2918 πῶς
3539 2856 3641 2909 οὐκ

2053 2956 2243 3023 ἐξέστη
2274 2957 2340 3025 τῇ
2372 2953 2583 3025 διανοίᾳ
2609 2952 2637 2991 ἀ
2672 2952 2905 3006 ἕκαστον
2934 2948 3115 3003 αὐτῶν
3139 2947 3327 3021 ὁρῶσα
3358 2943 3641 3015 διαφόροις

2051 3045 2165 3095 τισὶ
2188 3041 2281 3095 καὶ
2313 3041 2569 3110 φρικταῖς
2596 3038 2888 3108 τιμωρίαις
2908 3034 3052 3089 κατὰ
3084 3034 3279 3106 μικρὸν
3307 3029 3642 3102 ἀναιρούμε-

2052 3148 2179 3195 νον;
2214 3129 2331 3201 πῶς
2353 3130 2454 3182 οὐκ
2476 3127 2769 3198 ἀπερῤάγη
2813 3123 2907 3178 τοῦ
2946 3123 3198 3195 σώματος
3239 3122 3275 3193 ή
3308 3121 3492 3193 ψυχή;
3523 3118 3643 3181 πῶς

2052 3219 2154 3272 οὐκ
2173 3218 2283 3271 ἀπὸ
2306 3218 2404 3286 τῆς
2438 3213 2660 3287 πρώτης
2683 3213 2859 3282 ὂψεως
2884 3210 2977 3263 ἐπὶ
3009 3210 3112 3280 τὴν
3144 3209 3326 3281 πυράν
3364 3206 3644 3277 ἐπεπήδη-

2055 3321 2149 3359 σεν
2169 3302 2588 3360 ἀπαλλάττουσα
2616 3299 2815 3370 ἑαυτὴν
2832 3297 2932 3367 τῆς
2945 3296 3141 3368 λοιπῆς
3160 3294 3394 3366 θεωρίας
3414 3311 3429 3362 ;
3452 3294 3517 3347 El
3532 3292 3644 3362 γάρ

2055 3396 2149 3447 καὶ
2182 3391 2471 3462 φιλόσοφος
2491 3385 2582 3460 ἦν,
2600 3388 2740 3443 ἀλλὰ
2777 3387 2977 3459 μήτηρ·
3011 3386 3059 3438 εί
3088 3381 3184 3438 καὶ
3212 3380 3644 3453 θεοφιλὴς,ἀλλά

2055 3482 2151 3534 καὶ
2193 3480 2377 3550 σάρκα
2416 3477 2757 3550 περιέκειτο·
2806 3475 2857 3527 εί
2903 3473 2997 3527 καὶ
3039 3471 3324 3544 πρόθυμος
3353 3465 3456 3541 ἦν,
3506 3468 3645 3523 ἀλλά

2056 3568 2152 3621 καὶ
2188 3564 2510 3637 γυναικείας
2541 3564 2758 3635 μετεῖχε
2790 3560 3027 3639 φύσεως·
3059 3560 3111 3612 εί
3136 3559 3230 3613 καὶ
3254 3555 3336 3628 τῷ
3368 3555 3517 3628 ζήλῳ
3542 3555 3644 3627 τῆς

2058 3654 2339 3728 εὐσεϐείας
2387 3650 2574 3716 έζεεν,
2618 3649 2758 3703 ἀλλά
2800 3646 2896 3702 καὶ
2942 3645 3022 3717 τῷ
3067 3645 3252 3717 δεσμῷ
3283 3644 3393 3699 τῶν
3438 3643 3645 3697 ὠδίνων

2058 3744 2360 3813 κατείχετο.
2384 3739 2447 3794 El
2471 3738 2581 3811 γὰρ
2618 3740 2778 3810 ἡμεῖς
2805 3734 2998 3806 ἄνδρες
3022 3736 3175 3797 ὄντες
3195 3732 3487 3787 κατάδικον
3516 3731 3647 3785 πολ-

2057 3830 2216 3893 λάκις
2245 3828 2480 3900 ὁρῶντες
2505 3826 2594 3880 διὰ
2619 3825 2721 3894 τῆς
2756 3824 2964 3893 ἀγορᾶς
2994 3820 3265 3891 ἀγόμενον
3286 3819 3350 3873 τὸ
3380 3818 3647 3892 σπαρτίον

2059 3917 2154 3971 ἐπὶ
2171 3916 2267 3970 τοῦ
2295 3916 2562 3985 στόματος
2595 3912 2809 3983 ἔχοντα,
2827 3910 2922 3963 ἐπὶ
2947 3909 3008 3963 τὸ
3030 3906 3305 3980 βάραθρον
3328 3906 3644 3978 ἑλκόμενον,

2059 4005 2212 4058 οὐδὲν
2243 4003 2522 4073 δικαίωμα
2550 4000 2735 4070 φιλίας
2764 3998 2903 4069 πρὸς
2941 3998 3103 4050 αὐτὸν
3140 3996 3379 4066 ἔχοντες,
3405 3994 3516 4048 ἀπὸ
3546 3994 3646 4064 τῆς

2060 4090 2188 4153 θέας
2213 4090 2379 4161 μόνης
2392 4084 2812 4156 κατακλώμεθα,
2829 4084 3006 4138 καίτοι
3025 4082 3213 4163 ἱκανὴν
3232 4082 3448 4154 ἔχοντες
3464 4097 3649 4152 παρα-

2065 4178 2264 4249 μυθίαν
2293 4176 2430 4248 πρὸς
2452 4174 2514 4228 τὸ
2553 4173 2722 4245 μηδὲν
2750 4172 2991 4226 τοιοῦτον
3028 4170 3246 4235 παθεῖν,
3287 4169 3385 4223 τοῦ
3418 4168 3649 4223 καταδε-
3742 4178 3747 4182 ‘

2060 4265 2388 4335 δικασμένου
2413 4262 2512 4333 τὴν
2535 4259 2820 4332 πονηρίαν·
2838 4259 2891 4314 τί
2913 4259 3107 4314 παθεῖν
3128 4258 3337 4329 ταύτην
3358 4256 3504 4320 εἰκὸς
3523 4255 3648 4327 οὐχὶ

2062 4352 2355 4406 κατάδικον
2384 4350 2481 4402 ἕνα
2503 4348 2718 4421 ὁρῶσαν
2744 4348 3116 4418 ἀπαγόμενον,
3143 4346 3257 4400 ἀλλ’
3290 4346 3431 4399 ἑπτά
3458 4344 3648 4397 παιδία

2062 4440 2259 4512 ἀθρόον
2295 4441 2357 4494 ἐν
2407 4438 2596 4509 ἡμέρᾳ
2620 4437 2723 4507 μιᾷ
2762 4436 2885 4507 οὐχὶ
2913 4435 3165 4506 συντόμῳ
3205 4432 3465 4504 τελευτῇ,
3509 4432 3649 4486 ἀλλά

2063 4528 2337 4592 ποικίλαις
2355 4523 2810 4593 κατακοπτόμενα
2841 4524 3074 4592 σφαγαῖς
3097 4538 3113 4588 ;
3139 4523 3202 4575 El
3229 4521 3340 4593 γὰρ
3358 4520 3534 4594 λιθίνη
3562 4537 3648 4584 τις

2062 4612 2153 4689 ἢν,
2194 4617 2244 4669 εί
2272 4612 2383 4686 γὰρ
2405 4613 2464 4678 ἐξ
2501 4612 2809 4682 ἀδάμαντος
2843 4611 2983 4681 αὐτῇ
3010 4609 3080 4663 τά
3112 4609 3405 4680 σπλάγχνα
3436 4611 3647 4681 ἐπεπή-

2063 4722 2172 4775 γει.
2191 4703 2292 4756 οὐκ
2311 4701 2378 4755 ἂν
2401 4697 2751 4769 διεταράχθη,
2768 4698 2869 4752 οὐκ
2889 4697 2956 4752 ἂν
2978 4696 3147 4751 ἔπαθέ
3175 4714 3228 4751 τι
3249 4692 3515 4761 τοιοῦτον,
3535 4692 3651 4751 οἷον

2065 4793 2161 4845 καὶ
2191 4792 2427 4859 γυναῖκα
2454 4788 2549 4841 καὶ
2577 4786 2792 4857 μητέρα
2819 4784 3013 4839 παθεῖν
3038 4784 3186 4849 είκδς
3216 4780 3323 4857 ἧνς
3364 4784 3648 4855 Ἐννόησον

2068 4879 2185 4943 πῶς
2213 4875 2568 4949 θαυμάζομεν
2596 4875 2687 4929 τὸν
2734 4873 3086 4946 πατριάρχην
3126 4872 3405 4946 Ἀϐραὰμ,
3445 4874 3528 4927 ὅτι
3557 4874 3650 4927 τὸν

2066 4967 2182 5021 υἱὸν
2202 4964 2368 5019 αὑτοῦ
2392 4961 2701 5033 ἀνενεγκὼν
2724 4961 3035 5016 συνεπόδισε
3057 4963 3153 5015 καὶ
3175 4962 3272 5014 ἐπὶ
3286 4962 3345 5016 τὺ
3361 4960 3641 5033 θυσιαστή·

2069 5072 2186 5127 ριον
2207 5052 2519 5116 ἀνεϐίϐασε,
2539 5053 2635 5105 καὶ
2657 5049 2780 5103 τότε
2801 5049 2922 5118 Nam
2939 5047 3121 5113 καλῶς
3149 5048 3250 5121 δση
3270 5050 3371 5120 τῆς
3392 5049 3648 5120 γυναικὸς

2067 5146 2101 5215 ἡ
2132 5141 2372 5214 ἀνδρεία,
2407 5139 2473 5191 νο
2502 5137 2839 5209 πικροτάτης
2867 5136 2993 5200 θέας
3022 5136 3117 5190 καὶ
3145 5136 3368 5207 ἡδίστης
3407 5137 3647 5206 ἐκείνης.

2069 5229 2405 5302 πικροτάτης
2434 5227 2531 5297 μὲν
2546 5226 2633 5278 διὰ
2652 5225 2751 5296 τὴν
2778 5223 2940 5292 φύσιν
2957 5224 3064 5279 τῶν
3084 5225 3410 5296 γινομένων,
3424 5225 3647 5295 ἡδίστης

2067 5317 2125 5371 δὲ
2164 5314 2254 5369 διὰ
2302 5314 2402 5384 τὴν
2430 5310 2670 5365 διάθεσιν
2716 5310 2818 5380 τῆς
2866 5311 3103 5383 δρώσης.
3140 5312 3215 5365 Οὐ
3259 5314 3379 5383 γὰρ·
3413 5312 3562 5384 ἑώρα
3588 5313 3648 5366 τδ

2070 5404 2375 5476 καταρρέον
2416 5396 2556 5472 αίμα
2577 5439 2593 5465 ,
2631 5399 2931 5471 ἀλλ”έώρα
2958 5401 3082 5463 τοὺς
3123 5401 3423 5470 στεφάνους
3446 5403 3541 5473 τῆς
3571 5402 3638 5455 διο

2071 5492 2364 5564 καιοσύνης
2397 5488 2793 5560 πλεκομένους·
2843 5487 2945 5541 οὐκ
2988 5486 3185 5541 έϐλεπε
3227 5487 3646 5558 διορυττομένας

2078 5579 2311 5652 πλευρὰς
2330 5617 2345 5643 ,
2383 5577 2498 5633 ἀλλ’
2531 5576 2754 5631 ἔϐλεπεν
2792 5574 3249 5647 οίκοδομουμένας
3280 5576 3484 5646 σκηνὰς
3514 5578 3644 5629 aim-

2141 5797 2171 5838 ἀ
2191 5797 2328 5847 Idem
2354 5796 2474 5859 Reg.
2501 5801 2585 5855 τῆς
2606 5797 2828 5851 διανοίας.
