4246 6320
338 388 437 445 Gil

335 497 625 555 carniﬁces
646 539 663 568 ,
691 495 789 555 sed
812 496 1224 571 circumpositas
1243 495 1464 569 angelos
1491 514 1507 553 :
1533 495 1697 552 oblita
1722 507 1805 553 est
1832 498 1943 555 do—-‘

337 591 485 646 tores
531 599 759 661 partus,
798 590 1121 660 contempsit
1164 597 1411 645 naturam
1438 590 1481 656 ',
1529 588 1775 659 despexit
1810 600 1941 645 aita-

338 686 449 733 tem
479 694 495 733 :
523 678 768 751 despexit
795 720 809 743 .
832 678 1049 750 inquam
1074 721 1090 747 ,
1120 685 1365 735 naturam
1390 720 1407 747 ,
1435 692 1553 735 rem
1575 679 1934 751 tyrannicam;

336 778 622 835 naturam,
651 785 773 840 qua
800 771 888 825 vel
923 770 1062 825 feras
1108 770 1253 840 ipsas
1291 770 1507 825 vincere
1551 770 1710 825 solet.
1761 770 1938 827 Multa

338 862 758 931 namque’captu
785 860 1114 916 difﬁciliores
1142 859 1270 916 ferae
1303 860 1383 917 sic
1418 874 1605 918 amore
1628 869 1685 917 et
1710 861 1939 917 commi-

337 951 613 1005 seratione
640 967 768 1023 erga
795 953 999 1023 prolem
1026 954 1314 1023 capiuntur
1332 996 1349 1021 ,
1376 969 1527 1011 suam
1556 971 1665 1010 non
1688 968 1938 1016 curantes

338 1040 570 1096 salutem
597 1082 613 1107 ,
646 1043 741 1098 sed
782 1044 995 1100 incaute
1033 1045 1084 1099 in
1120 1053 1431 1101 venatorum
1470 1061 1662 1103 manus
1699 1047 1940 1111 inciden—
1975 1099 1979 1102 .

339 1145 425 1189 tes
458 1151 472 1187 ε
505 1136 817 1207 nullumque
844 1144 928 1192 est
950 1137 1148 1193 animal
1190 1138 1265 1193 ita
1303 1137 1575 1195 inﬁrmum
1598 1179 1617 1206 ,
1646 1148 1704 1195 ut
1729 1141 1937 1211 prolem

339 1240 448 1281 non
476 1227 763 1291 defendat;
814 1228 1020 1284 nullum
1063 1230 1138 1283 ita
1184 1238 1520 1285 mansuetum
1546 1272 1560 1297 ,
1588 1220 1647 1285 ut
1685 1232 1793 1287 fetu
1840 1248 1939 1289 suo

339 1316 590 1374 orbatum
636 1334 743 1372 non
792 1320 1050 1374 irritetur.
1079 1320 1277 1376 Verum
1324 1321 1412 1376 illa
1446 1322 1780 1394 tyrannidem
1824 1332 1937 1381 tum

336 1425 440 1479 per
480 1410 826 1467 rationabiles
874 1411 1121 1469 homines
1144 1453 1160 1480 ,
1201 1420 1315 1468 tum
1359 1428 1456 1485 per
1494 1414 1648 1471 bruta
1685 1416 1938 1474 animalia

338 1502 605 1557 intonsam
632 1502 877 1558 dissolvit
924 1520 938 1554 :
968 1520 1144 1575 neque
1171 1504 1347 1562 solum
1376 1522 1484 1561 non
1513 1507 1735 1565 insilivit
1760 1510 1816 1565 in
1844 1526 1937 1566 ca-

340 1606 437 1661 put
464 1597 709 1668 tyranni,
754 1611 931 1667 neque
957 1598 1117 1655 modo
1144 1598 1334 1654 faciem
1363 1600 1482 1671 ejus
1511 1616 1618 1656 non
1645 1601 1897 1659 laceravit
1918 1646 1934 1670 ,

337 1686 641 1758 discerptcs:
686 1689 874 1746 videns
920 1693 1165 1759 catulos,
1202 1692 1301 1749 sed
1339 1702 1537 1749 tantam
1584 1696 1937 1767 philosophite

338 1780 759 1849 magnitudinem
789 1780 1069 1845 exhibuit,
1100 1791 1159 1837 ut
1188 1782 1451 1839 immanes
1480 1783 1580 1854 ipsi
1605 1785 1773 1857 dapes
1800 1801 1939 1857 prae-

338 1880 555 1941 pararet
578 1887 679 1926 :‘ac
698 1871 825 1927 dum
843 1873 1054 1943 priores
1070 1872 1246 1929 adhuc
1266 1876 1636 1932 cruciarentur
1656 1918 1673 1943 ,
1704 1877 1940 1950 reliquos

338 1962 407 2017 ad
434 1962 822 2033 suppliciorum
847 1965 1277 2035 experimentum
1303 1968 1612 2038 inungeret.

411 2055 465 2104 ές.
498 2053 727 2109 Audiant
745 2062 966 2121 matres,
990 2056 1233 2111 mulieris
1252 2057 1528 2114 imitentur
1546 2058 1934 2131 fortitudinem,

336 2144 613 2215 prolisque
633 2160 913 2201 amorem:
941 2147 1019 2203 sic
1048 2146 1190 2204 ﬁlios
1214 2149 1473 2205 nutriant.
1502 2149 1619 2207 Non
1645 2154 1789 2207 enim
1814 2169 1937 2208 mn-

337 2234 491 2291 lieris
519 2246 601 2289 est
629 2251 849 2307 parere,
882 2236 935 2292 id
978 2252 1173 2309 nempe
1196 2247 1280 2294 est
1317 2249 1553 2306 naturae;
1582 2242 1677 2297 sed
1704 2242 1938 2300 educare

338 2327 529 2383 matris
555 2338 660 2395 est,
702 2327 756 2383 id
787 2344 1017 2400 namque
1045 2340 1129 2385 est
1159 2330 1467 2386 voluntatis.
1500 2330 1567 2387 Ut
1592 2348 1726 2389 vero
1763 2334 1939 2391 discas

336 2435 450 2475 non
473 2435 537 2475 es
568 2428 723 2491 partu
754 2432 979 2477 matrem
1016 2423 1155 2488 ﬁeri,
1198 2423 1296 2480 sed
1322 2440 1391 2479 ex
1428 2424 1747 2484 educatione
1774 2427 1935 2497 bona,

336 2514 465 2569 audi
490 2513 735 2584 Paulum,
764 2514 976 2570 viduam
1023 2528 1371 2573 coronantem
1393 2559 1410 2585 ,
1443 2534 1549 2575 non
1593 2519 1664 2576 ob
1690 2531 1898 2591 partum
1919 2565 1935 2590 ,

337 2604 438 2661 sed
466 2605 537 2660 ob
582 2604 956 2662 educationem
993 2608 1285 2664 liberorum
1317 2624 1332 2660 :
1359 2623 1481 2665 cum
1507 2610 1653 2666 enim
1677 2612 1933 2679 dixisset,

347 2694 519 2750 Vidua
546 2697 766 2767 eligatur
813 2715 914 2752 non
961 2699 1130 2754 mina
1171 2715 1423 2754 annorum
1461 2704 1749 2773 sexaginta,
1794 2709 1936 2761 testi-

342 2788 575 2841 monium
602 2786 790 2843 habent
819 2789 872 2842 in
908 2788 1143 2859 operibus
1175 2789 1320 2845 bonis
1349 2791 1426 2864 (l.
1466 2791 1598 2847 Tim.
1631 2794 1687 2849 5.
1717 2785 1771 2850 9.
1806 2796 1933 2867 i0),

338 2879 605 2934 bonorum
635 2879 873 2935 omnium
904 2889 1063 2950 caput
1089 2880 1295 2936 addidit
1325 2898 1341 2936 :
1366 2881 1637 2952 quodnam
1671 2884 1845 2941 illud?
1875 2886 1939 2943 Si

336 2968 478 3038 ﬁlios
501 2971 749 3039 educavit,
772 2968 976 3041 inquit;
1005 2985 1111 3026 non
1138 2970 1293 3037 dixit,
1316 2970 1372 3027 Si
1394 2971 1536 3027 ﬁlios
1554 2975 1795 3044 peperit;
1817 2976 1933 3043 sed,

290 3094 315 3127 κη
337 3058 403 3112 Si
428 3058 565 3129 filios
587 3061 839 3115 educavit.
868 3060 1177 3132 Cogitemus
1209 3077 1354 3132 ergo,
1384 3061 1513 3133 quid
1548 3062 1836 3121 verisimile
1861 3068 1933 3123 sit

335 3166 551 3222 passam
570 3151 733 3208 fuisse
748 3154 1047 3220 mulierem,
1065 3154 1110 3209 si
1132 3162 1309 3209 tamen
1323 3154 1601 3211 mulierem
1620 3155 1744 3212 licet
1757 3159 1937 3230 appel-

335 3243 480 3309 lare,
536 3259 658 3300 cum
703 3244 908 3301 videret
949 3245 1145 3316 digitos
1204 3261 1367 3315 super
1420 3248 1604 3317 prunis
1660 3251 1929 3321 palpitan-

338 3345 445 3401 tes,
476 3347 637 3408 caput
662 3338 939 3402 exsiliens,
969 3338 1199 3393 ferream
1228 3354 1445 3395 manum
1474 3340 1745 3409 injectam,
1773 3343 1933 3412 capiti

335 3428 560 3485 alterius
587 3445 617 3485 e
659 3430 784 3485 ﬁliis
813 3430 1010 3501 pellem
1041 3429 1355 3496 detractam,
1394 3441 1452 3487 et
1491 3446 1611 3487 eum
1634 3473 1649 3499 ,
1679 3434 1770 3503 qui
1808 3434 1933 3490 talia

335 3534 532 3591 passus
553 3531 732 3589 esset,
762 3521 935 3578 adhuc
964 3532 1193 3578 stantem
1215 3532 1269 3577 et
1294 3523 1623 3593 loquentem.
1653 3525 1934 3593 Quomodo

335 3627 402 3667 os
423 3614 667 3683 aperuit?
694 3614 965 3684 quomodo
1002 3615 1237 3685 linguam
1277 3616 1485 3670 movit?
1517 3617 1785 3688 quomodo
1823 3633 1933 3675 non

335 3704 517 3759 anima
552 3721 834 3777 ecorpore
862 3706 1131 3762 evolavit?
1174 3705 1229 3761 ltl
1275 3708 1547 3778 quomodo
1594 3707 1791 3764 factum
1839 3712 1930 3775 sit,

334 3788 439 3865 ego
468 3796 662 3852 dicam.
694 3798 809 3852 Non
836 3798 1157 3868 respiciebat
1186 3802 1239 3853 lu
1269 3809 1465 3855 terram
1486 3842 1501 3866 ,
1531 3799 1626 3856 sed
1657 3800 1726 3856 ad
1756 3801 1929 3857 futura

333 3888 515 3942 omnia
540 3889 940 3958 pracparabatur
969 3908 982 3943 :
1015 3905 1180 3944 unum
1222 3890 1595 3946 tantummodo
1623 3895 1929 3961 metuebat,

334 3994 406 4036 ne
438 3991 682 4051 parceret
723 3980 953 4052 etprius
999 3997 1225 4053 agonem
1266 3982 1501 4039 solveret
1540 3993 1830 4056 tyrannus,
1863 4003 1931 4043 ne

333 4070 564 4126 chorum
609 4072 838 4127 ﬁliorum
882 4072 1244 4144 disjungeret,
1293 4091 1397 4130 neu
1433 4075 1648 4145 quidam
1678 4077 1798 4134 sine
1834 4093 1933 4133 eo-

334 4163 488 4218 ronis
526 4172 826 4219 manerent.
867 4164 1128 4235 Quodque
1170 4165 1298 4221 illud
1331 4167 1546 4222 timeret
1582 4167 1709 4222 hinc
1757 4170 1931 4238 palam

334 4262 443 4317 est,
474 4253 631 4321 quod
660 4262 990 4323 postremum
1020 4255 1174 4325 quasi
1226 4256 1472 4311 manibus
1508 4267 1816 4329 correptum
1849 4261 1931 4315 in-

328 4340 524 4409 jeeerit
565 4343 618 4397 in
653 4344 905 4411 lebetem,
947 4360 1045 4415 pro
1089 4345 1337 4401 manibus
1368 4347 1656 4402 verborum
1697 4364 1793 4404 usa
1830 4349 1929 4405 ad-

256 4420 260 4425 ’
335 4434 643 4491 hortatione
669 4443 829 4505 atque
855 4437 1102 4491 consilio.
1144 4435 1255 4492 Nos
1282 4437 1459 4493 aliena
1493 4437 1634 4493 mala
1676 4452 1784 4493 non
1813 4439 1931 4496 sine

332 4526 523 4583 dolore
557 4528 845 4585 audimus:
877 4529 971 4585 illa
998 4545 1126 4584 vero
1166 4530 1381 4600 propria
1422 4531 1561 4585 mala
1590 4530 1709 4586 sine
1742 4530 1931 4587 dolore

334 4620 571 4676 videbat.
602 4621 727 4676 litee
756 4637 826 4677 ne
852 4623 1046 4677 frustra
1086 4610 1398 4689 audiamus,
1428 4622 1523 4678 sed
1565 4623 1758 4694 singuli
1777 4624 1928 4678 audi-

332 4721 511 4769 torum
539 4721 706 4768 totam
735 4712 877 4769 hanc
905 4713 1219 4785 tragmdiam
1248 4713 1317 4769 de
1342 4714 1467 4769 ﬁliis
1492 4715 1603 4769 suis
1630 4716 1927 4784 accipiant;

331 4809 622 4865 amabilem
666 4809 770 4865 sibi
813 4809 1020 4865 vultum
1064 4808 1353 4882 efﬁngant,
1398 4817 1454 4865 et
1495 4808 1595 4864 sibi
1636 4810 1928 4865 liberorum

332 4900 647 4957 carissimos
695 4908 1178 4971 repraesentantes,
1235 4901 1287 4955 in
1338 4899 1446 4955 illis
1507 4898 1609 4954 hos
1663 4900 1930 4967 cruciatus

334 4994 517 5048 inesse
550 4992 650 5048 sibi
686 4993 975 5065 depingunt
997 5036 1011 5060 ,
1044 5004 1101 5049 et
1125 5002 1252 5049 tunc
1279 4992 1502 5065 pulchre
1527 4992 1792 5048 dictorum
1821 4995 1929 5051 vim

336 5084 620 5153 noverint;
650 5085 757 5140 imo
782 5101 912 5141 vero
941 5101 1009 5142 ne
1042 5086 1117 5141 ita
1141 5085 1356 5157 quidem
1388 5084 1655 5150 noverint,
1685 5086 1806 5155 quia
1836 5103 1931 5141 na-

335 5176 537 5231 turales
560 5191 827 5231 aerumnas
856 5177 1033 5232 nullus
1057 5191 1236 5232 sermo
1261 5177 1537 5232 declarare
1569 5178 1764 5246 poterit
1791 5195 1803 5231 :
1836 5194 1930 5234 ex-

334 5268 593 5338 perientia
614 5268 725 5323 sola
760 5268 938 5325 docet.
961 5269 1271 5340 Opportune
1295 5269 1370 5323 illi
1393 5269 1621 5335 dicatur,
1648 5278 1927 5339 postquam

332 5364 543 5427 septem
570 5358 688 5427 ejus
717 5358 811 5413 ﬁlii
850 5373 1106 5414 coronam
1148 5358 1328 5429 adepti
1365 5370 1510 5425 sunt,
1562 5359 1927 5429 propheticum

340 5446 515 5503 illud:
558 5444 641 5502 Tu
684 5458 851 5503 autem
893 5449 1023 5504 sicut
1060 5448 1195 5504 alica
1237 5448 1502 5522 fructifera
1544 5450 1599 5503 in
1642 5449 1793 5503 domo
1832 5448 1929 5505 Dei

332 5538 511 5611 ‘Psal.
540 5538 633 5596 δι.
657 5540 771 5612 10).
798 5540 928 5597 Nam
960 5542 1015 5597 in
1039 5540 1332 5614 Olympicis
1371 5543 1587 5614 quidem
1622 5544 1931 5599 certamini-

334 5632 460 5697 bus,
491 5642 771 5705 postquam
814 5634 960 5690 mille
987 5635 1215 5706 ingressi
1260 5644 1385 5691 sunt
1426 5636 1665 5703 athletae,
1700 5636 1789 5690 nni
1815 5645 1929 5690 tan-

332 5733 450 5781 tum
478 5741 675 5780 corona
723 5727 1015 5784 tribuitur:
1065 5729 1154 5785 hic
1196 5743 1326 5787 vero
1363 5745 1430 5786 ex
1466 5740 1674 5805 septem
1712 5728 1928 5785 athletis

401 5840 421 5872 ⁸
456 5839 588 5891 Idem
609 5847 747 5903 περ..
770 5842 1158 5906 prquam.

1660 385 1749 441 ns
1787 354 2218 443 ntemnas.
2259 382 2299 441 t.

3539 378 3648 435 ωε

2045 506 2252 569 septem
2273 496 2516 552 coronati
2539 492 2874 566 prodierunt.
2900 493 3073 565 Quem
3099 493 3231 550 mihi
3252 507 3439 564 agrum
3459 501 3645 549 osten-

2042 588 2141 645 das
2168 589 2242 644 ita
2283 587 2556 644 feracem?
2584 603 2743 659 quem
2784 596 2995 643 uterum
3042 585 3113 641 ita
3160 584 3480 641 fecundum?
3504 598 3637 655 quos

2042 689 2231 751 partus
2255 680 2501 736 similes?
2526 680 2696 736 Mater
2726 680 2956 735 ﬁliorum
2996 675 3244 734 Zebedtei
3274 676 3642 746 apostolorum

2041 780 2214 828 mater
2239 770 2359 837 fuit,
2391 770 2487 827 sed
2513 772 2740 827 duorum
2772 780 2978 825 tantum
3004 786 3021 824 :
3051 776 3257 840 septem
3286 774 3644 822 autemmar-

2042 870 2190 934 tyres
2233 871 2446 919 uterum
2494 878 2658 918 unum
2708 862 2893 918 tulisse
2920 876 3027 917 non
3070 860 3228 927 novi,
3259 874 3487 931 quorum
3518 858 3635 929 ipsa

2042 963 2217 1011 mater
2245 955 2313 1011 iis
2339 955 2579 1028 martyrii
2625 955 2770 1015 socia
2800 954 2983 1019 fuerit,
3029 968 3204 1022 neque
3254 961 3507 1022 tanquam
3534 965 3640 1006 una

2042 1044 2219 1101 solum
2247 1056 2454 1118 martyr
2478 1045 2661 1102 addita
2696 1046 2872 1111 fuerit,
2906 1045 3003 1101 sed
3029 1044 3148 1100 vice
3172 1043 3487 1099 multorum.
3516 1040 3638 1096 Filii

2043 1152 2275 1208 namque
2300 1146 2505 1208 septem
2538 1146 2746 1192 tantum
2786 1145 3053 1208 martyres
3084 1142 3259 1199 erant,
3290 1146 3486 1203 corpus
3508 1146 3640 1186 vero

2042 1228 2232 1282 matris
2255 1227 2387 1298 ipsis
2413 1227 2687 1297 adjectum
2718 1242 2882 1282 unum
2911 1234 3116 1281 tantum
3143 1238 3343 1294 corpus
3370 1228 3509 1288 erat,
3541 1220 3636 1275 sed

2042 1317 2127 1374 his
2152 1327 2360 1389 septem
2405 1329 2702 1390 martyrum
2754 1319 2931 1374 locum
2977 1316 3256 1388 implebat,
3280 1313 3496 1386 quiain
3524 1312 3639 1366 sin—

2042 1411 2181 1481 gulis
2206 1425 2394 1465 eorum
2422 1412 2739 1483 martyrium
2767 1411 2951 1475 subiit,
2980 1418 3035 1466 et
3054 1410 3179 1481 quia
3203 1408 3327 1464 illos
3350 1407 3484 1463 tales
3512 1405 3637 1461 red-

2042 1501 2198 1557 didit.
2230 1501 2529 1559 Ecclesiam
2577 1502 2732 1558 nobis
2767 1511 3061 1575 martyrum
3107 1501 3367 1571 integram
3402 1498 3628 1568 peperit.

2041 1594 2257 1665 Septem
2280 1596 2488 1667 peperit
2516 1596 2689 1664 ﬁlios,
2721 1596 2819 1652 sed
2850 1596 3052 1652 nullum
3080 1606 3254 1663 terrae,
3286 1608 3477 1650 omnes
3497 1592 3635 1648 caelo

2041 1690 2272 1758 peperit,
2305 1690 2413 1743 imo
2438 1684 2619 1759 potius
2644 1691 2757 1759 regi
2784 1688 3040 1745 calorum
3058 1732 3073 1757 ,
3104 1690 3224 1744 illos
3252 1701 3446 1743 omnes
3470 1686 3522 1741 in
3549 1684 3633 1741 fuo

2044 1788 2219 1834 turam
2259 1781 2416 1835 enixa
2448 1782 2633 1838 vitam.
2668 1781 2921 1837 Diabolus
2948 1796 3079 1851 ergo
3112 1781 3262 1835 illam
3306 1788 3633 1848 postremam

2042 1869 2096 1925 in
2125 1871 2422 1927 certamina
2448 1858 2601 1927 duxit
2635 1872 2705 1927 ob
2728 1886 2944 1927 causam
2974 1886 3131 1943 supra
3159 1880 3511 1926 memoratam
3532 1910 3549 1932 ,
3577 1876 3639 1923 ut

2042 1959 2237 2015 virtute
2262 1962 2378 2031 ejus
2408 1963 2462 2017 in
2484 1963 2815 2017 eruciatuum
2845 1962 3153 2033 spectaculo
3177 1970 3516 2031 consumpta,
3540 1976 3638 2015 es-

2042 2060 2276 2121 pugnatu
2303 2049 2477 2108 facilis
2516 2059 2664 2107 esset
2691 2067 2813 2108 cum
2854 2052 3038 2107 ultima
3079 2052 3445 2107 adversarium
3487 2050 3637 2106 exci-

2043 2152 2215 2211 peret.
2260 2141 2395 2197 Nam
2432 2143 2477 2197 si
2507 2143 2823 2214 plerumque
2866 2144 3113 2200 homines
3153 2144 3466 2214 sanguinem
3506 2158 3635 2213 pro-

2044 2230 2300 2289 ﬂuentem
2324 2234 2569 2294 videntes
2606 2235 2774 2291 anitni
2802 2235 3095 2307 deliquium
3125 2237 3268 2306 passi
3294 2244 3451 2302 sunt,
3495 2235 3639 2289 mul—

2044 2333 2203 2396 taque
2227 2328 2505 2384 curatione
2530 2343 2667 2398 opus
2687 2328 3007 2395 habuerunt,
3031 2339 3090 2385 ut
3108 2329 3214 2384 vita
3239 2329 3353 2401 jam
3381 2328 3640 2385 deﬁciens

2043 2425 2100 2473 et
2122 2420 2301 2475 anima
2333 2436 2456 2476 mox
2495 2422 2772 2477 avolatura
2812 2432 3158 2479 revocaretur
3188 2440 3202 2477 :
3235 2431 3313 2493 tot
3342 2423 3427 2478 illa
3450 2423 3639 2477 videns

2043 2510 2317 2581 sanguinis
2346 2513 2514 2580 rivos,
2541 2530 2647 2570 non
2675 2530 2739 2570 ex
2771 2515 2965 2578 aliena,
2998 2514 3093 2571 sed
3118 2530 3191 2571 ex
3221 2515 3449 2571 ﬁliorum
3476 2530 3642 2569 carne

2043 2611 2324 2658 manantes
2344 2645 2357 2667 ,
2389 2604 2516 2675 quid
2544 2620 2649 2661 non
2679 2605 2969 2661 sustinuit?
2992 2621 3151 2677 quam
3181 2606 3638 2677 perturbationem

2044 2708 2151 2747 non
2178 2695 2359 2750 animo
2393 2697 2666 2766 suscepit?
2713 2697 2966 2753 Diabolus
3012 2698 3211 2768 itaque,
3256 2708 3313 2753 ut
3354 2698 3487 2763 dixi,
3518 2699 3640 2754 ideo

2043 2782 2188 2838 illam
2218 2793 2340 2855 post
2374 2785 2510 2843 ﬁlios
2535 2787 2587 2841 in
2627 2788 2921 2845 certamina
2969 2789 3163 2857 traxit,
3193 2799 3252 2845 ut
3288 2789 3637 2845 inﬁrmiorem

2044 2875 2327 2944 redderet;
2361 2878 2459 2933 sed
2502 2890 2689 2935 contra
2731 2880 2926 2936 accidit
2958 2898 2970 2935 :
3003 2880 3191 2950 majori
3232 2882 3376 2937 enim
3419 2896 3540 2936 cum
3570 2880 3638 2935 ﬁ-

2040 2966 2197 3023 ducia
2223 2971 2517 3025 certamina
2537 2971 2689 3026 adiit.
2716 2970 2823 3027 Cur
2849 2980 2904 3027 et
2921 2987 3025 3042 qua
3058 2972 3125 3027 de
3149 2974 3350 3027 causa?
3373 2972 3507 3041 Quia
3528 2988 3635 3029 non

2042 3057 2266 3115 timebat
2292 3059 2449 3123 ultra,
2478 3077 2580 3116 nec
2606 3061 2833 3117 sollicita
2856 3070 2976 3119 erat
2993 3062 3060 3118 de
3088 3063 3213 3117 ﬁliis
3237 3063 3552 3134 quibusdam
3580 3065 3634 3119 in

2041 3148 2145 3205 hac
2174 3150 2280 3206 vita
2301 3151 2521 3217 relictis,
2549 3169 2617 3209 ne
2637 3154 2862 3210 emolliti
2887 3154 3105 3211 coronis
3140 3156 3509 3226 privarentur;
3538 3157 3636 3213 sed

2041 3241 2165 3298 illos
2208 3258 2417 3311 omnes,
2448 3260 2546 3301 ceu
2586 3246 2640 3301 in
2674 3255 2846 3302 tutum
2892 3246 3160 3318 quoddam
3200 3249 3595 3319 receptaculum
3618 3290 3635 3313 ,

2041 3331 2095 3387 in
2127 3334 2317 3389 cretum
2356 3334 2667 3405 deportatos
2707 3336 2911 3393 habens
2932 3378 2951 3405 ,
2978 3347 3032 3393 et
3060 3338 3127 3392 ad
3154 3352 3416 3409 supernas
3438 3340 3636 3395 missos

2040 3439 2272 3481 coronas
2296 3426 2542 3498 bonaque
2583 3427 2965 3495 immutabilis,
2997 3428 3165 3485 multa
3201 3444 3325 3484 cum
3364 3429 3555 3484 ﬁducia
3579 3438 3637 3484 et

2037 3519 2312 3590 voluptate
2338 3529 2613 3576 certamen
2640 3520 2791 3587 adiit,
2819 3530 2876 3576 et
2911 3535 3011 3575 ceu
3050 3521 3280 3590 lapidem
3308 3520 3635 3591 pretiosissi-

2040 3628 2187 3667 mum
2212 3627 2429 3669 corona:
2456 3612 2689 3684 cuipiam
2710 3655 2725 3677 ,
2753 3628 2971 3669 carnem
2988 3612 3158 3669 ‘suam
3195 3611 3364 3669 choro
3402 3612 3633 3668 ﬁliorum

2038 3704 2326 3777 adaptans,
2358 3705 2426 3758 ad
2451 3697 2816 3760 desideratum
2861 3702 3045 3759 Jesum
3086 3702 3324 3774 profecta
3365 3710 3471 3769 est,
3516 3719 3632 3756 ma-

2038 3815 2200 3871 gnum
2229 3799 2385 3853 nobis
2407 3797 2715 3869 relinquens
2740 3796 2989 3852 solatium
3017 3804 3072 3851 et
3096 3795 3375 3852 consilium
3396 3836 3411 3862 ,
3436 3806 3633 3866 nempe

2036 3892 2466 3949 adhortationem
2512 3891 2765 3963 operibus
2804 3889 3033 3955 factam,
3079 3898 3138 3944 ut
3186 3888 3310 3943 forti
3352 3889 3532 3943 animo
3577 3896 3634 3943 et

2038 3983 2255 4041 sublimi
2303 3998 2465 4040 sensu
2519 3996 2788 4039 aerumnas
2840 3996 3029 4037 omnes
3078 3980 3310 4036 ﬁdenter
3354 3980 3628 4036 adeamus.

2036 4076 2169 4144 Quis
2193 4077 2336 4132 enim
2360 4076 2443 4131 vir
2461 4116 2477 4142 ,
2505 4091 2626 4146 qua:
2652 4074 2864 4138 mulier,
2895 4073 3016 4144 quis
3051 4087 3246 4138 senex,
3273 4072 3392 4141 quis
3414 4071 3631 4141 juvenis

2036 4169 2248 4222 veniam
2286 4176 2680 4237 consequetur,
2708 4174 2803 4219 aut
2824 4162 3071 4220 excusari
3114 4162 3341 4233 poterit,
3368 4163 3414 4217 si
3450 4162 3630 4217 oblata

2037 4260 2139 4316 sibi
2166 4275 2263 4330 pro
2285 4258 2503 4314 Christo
2544 4258 2778 4329 pericula
2816 4256 3168 4322 reformidet,
3198 4254 3411 4325 quando
3436 4255 3630 4309 mulier

2036 4356 2235 4420 vetula,
2261 4362 2317 4409 et
2340 4364 2419 4408 tot
2444 4353 2673 4407 ﬁliorum
2698 4361 2892 4418 mater,
2924 4359 3049 4405 ante
3075 4349 3299 4419 gratiam
3322 4348 3626 4413 decertans,

2036 4447 2232 4503 clausis
2255 4446 2433 4501 adhuc
2471 4444 2660 4500 mortis
2692 4443 2902 4513 januis,
2932 4442 3172 4497 nondum
3205 4441 3469 4496 exstincto
3496 4453 3627 4510 pec-

2035 4548 2189 4605 cato,
2220 4552 2393 4609 neque
2416 4536 2682 4592 debellata
2711 4542 2904 4601 morte,
2934 4548 3054 4588 cum
3088 4541 3230 4587 tanta
3268 4530 3543 4586 alacritate
3574 4541 3629 4587 et

2037 4630 2347 4686 fortitudine
2388 4638 2467 4684 tot
2511 4639 2730 4699 propter
2774 4627 2944 4681 Deum
2998 4623 3256 4694 supplicia
3311 4623 3630 4678 sustinuisse

2035 4724 2311 4781 cernitur?
2344 4723 2470 4778 Herc
2509 4737 2673 4793 porro
2711 4719 2890 4775 omnia
2917 4719 3213 4790 cogitantes
3235 4758 3252 4785 ,
3283 4725 3337 4773 et
3374 4716 3631 4772 mulieres

2036 4827 2090 4873 et
2114 4817 2234 4885 viri,
2265 4826 2319 4872 et
2353 4816 2580 4886 juvenes
2608 4821 2664 4869 et
2704 4826 2894 4877 senes,
2922 4825 3122 4881 agones
3164 4818 3218 4865 et
3258 4810 3549 4865 certamina
3576 4809 3628 4864 in

2034 4911 2198 4967 corde
2242 4916 2446 4975 nostro,
2476 4922 2576 4963 ceu
2615 4905 2667 4959 in
2704 4903 2881 4959 tabula
2922 4902 3175 4974 quadam,
3224 4902 3626 4969 describentes,

2038 5018 2277 5073 perenne
2302 5001 2587 5057 consilium
2614 4999 2680 5052 ad
2694 4998 2969 5053 malorum
2996 5004 3361 5065 contemptum
3388 4993 3506 5063 ejus
3533 5009 3631 5063 pa-

2037 5094 2280 5149 tientiam
2320 5094 2372 5147 in
2419 5093 2599 5147 anima
2640 5100 2823 5144 nostra
2858 5088 3151 5158 repositam
3201 5086 3531 5141 habeamus:
3574 5096 3632 5139 ut

2038 5186 2126 5241 hic
2149 5194 2454 5239 sanctorum
2499 5183 2690 5237 hortim
2720 5181 2969 5235 virtutem
3010 5179 3223 5242 imitati,
3270 5177 3378 5233 illic
3404 5192 3630 5233 corona-

2037 5295 2156 5334 rum
2191 5288 2471 5334 consortes
2501 5277 2631 5346 ipsis
2658 5290 2779 5330 esse
2803 5272 3108 5337 valeamus;
3138 5282 3390 5341 quantam
3427 5271 3499 5325 illi
3531 5286 3631 5341 pe-

2037 5371 2221 5427 riculis
2262 5366 2653 5439 philosOphiam
2685 5366 3074 5428 exhibuerunt,
3100 5372 3297 5418 tantam
3338 5372 3393 5418 et
3436 5377 3536 5417 nos
3575 5364 3629 5417 in

2035 5463 2285 5519 absurdis
2325 5462 2606 5517 aﬁectibus
2651 5459 2959 5530 patientiam
2999 5456 3490 5526 continentiamque
3528 5455 3628 5509 de-

2037 5564 2422 5622 monstrantes,
2453 5556 2505 5610 in
2555 5554 2655 5617 ira,
2684 5552 2737 5605 in
2769 5548 3202 5620 concupiscentia
3240 5548 3587 5617 pecuniarum
3608 5586 3626 5612 ,

2036 5662 2357 5718 corporum,
2385 5660 2537 5700 vana:
2575 5644 2793 5715 gloriae,
2837 5642 3171 5710 aliorumque
3199 5638 3435 5693 omnium
3481 5637 3629 5689 sitni-

2036 5740 2187 5796 lium.
2230 5738 2362 5793 Nam
2406 5738 2451 5792 si
2498 5736 2689 5791 horum
2717 5726 3500 5802 ﬁatnniam,quemadmodum
3552 5726 3623 5780 illi

2040 5835 2252 5906 ignem,
2298 5844 2647 5903 superemus,
2702 5841 2869 5901 prope
2916 5827 3063 5899 ipsos
3109 5834 3253 5880 stare
3297 5823 3622 5895 poterimus,
