4224 6302
637 339 744 393 6ὶῦ

628 473 925 529 eorumque
969 457 1175 515 ﬁducia:
1227 459 1514 531 participes
1569 475 1735 515 esse:
1787 477 1943 531 quam
2000 463 2214 532 assequi

632 553 787 608 nobis
832 551 1082 607 omnibus
1108 553 1414 622 contingat,
1454 553 1623 621 gratia
1654 562 1710 615 et
1744 553 2066 623 benignitate
2110 555 2217 609 Do-

637 641 763 697 mini
792 643 959 696 nostri
985 643 1109 696 Jesu
1137 641 1361 705 Christi,
1399 655 1492 711 per
1522 659 1679 712 quem
1701 653 1897 697 etcum
1928 658 2035 712 quo
2070 643 2213 696 Patri

1374 345 1431 401 S.
1472 346 1748 403 JOANNIS
1787 348 2254 405 CllliYSOSTOMl
2294 352 2616 411 ARClllEP.
2656 352 3190 411 CONSTANTIXOP.

3804 359 3912 413 69.4

2319 465 2486 536 gloria
2516 463 2626 521 una
2647 482 2768 522 cum
2796 477 2983 522 sancto
3007 467 3227 536 Spiritu,
3262 482 3403 523 nunc
3427 475 3480 523 ct
3508 478 3744 538 semper,
3771 476 3828 524 et
3857 469 3914 524 in

2324 559 2518 613 saecula
2539 559 2878 616 saeculorum.
2905 561 3096 614 Amen.

1603 864 1717 936 IN
1763 863 2222 937 SANCTOS
2263 864 2944 940 MACCABJEOS.

1931 1018 2622 1060 —--000-————

1300 1155 1519 1197 IOﬂlLlA
1558 1155 1612 1193 If.

721 1318 771 1374 Ι.
801 1317 990 1373 Gratus
1020 1325 1093 1372 est
1125 1316 1436 1388 Μανίῳ-ἔδαε
1477 1325 1684 1370 conatus
1725 1326 1910 1370 nosfcr.
1939 1346 2010 1357 —
2033 1316 2230 1372 Omnes

648 1409 863 1479 quidem
899 1417 960 1463 ut
985 1418 1197 1463 sanctos
1241 1417 1503 1479 martyres
1546 1423 1648 1461 una
1700 1407 1875 1477 lingua
1921 1409 2227 1473 laudemus,

655 1502 766 1556 iicri
806 1501 1025 1569 nequit;
1057 1500 1152 1554 sed
1202 1500 1361 1553 etiam
1406 1499 1449 1552 si
1479 1510 1730 1554 sexcenta
1771 1501 1925 1553 nobis
1966 1516 2059 1554 ora
2109 1501 2232 1554 toti-

650 1595 880 1664 demque
909 1594 1104 1663 linguae
1139 1601 1517 1663 suppeterent,
1547 1610 1728 1662 parem
1773 1605 1948 1649 tamen
1993 1593 2234 1649 laudibus

649 1685 950 1741 orationem
997 1701 1102 1739 non
1145 1685 1501 1741 aﬁ‘erremhs:
1549 1687 1795 1755 idemque
1837 1687 1964 1740 mihi
2008 1687 2230 1751 accidit,

649 1789 771 1830 cum
801 1785 1007 1844 septem
1031 1785 1324 1846 martyrum
1347 1777 1600 1844 praeclara
1629 1776 1763 1830 facta
1786 1787 2063 1843 contueor,
2094 1779 2234 1846 quod

651 1880 816 1919 avaro
840 1865 1070 1934 cuipiam
1111 1865 1350 1931 homini,
1376 1867 1468 1935 qui
1507 1866 1641 1920 fonti
1679 1867 1911 1922 assideat
1947 1882 2078 1920 auro
2118 1882 2234 1920 ma-

652 1956 822 2021 nanti,
850 1956 902 2009 in
929 1972 1034 2025 quo
1073 1966 1277 2026 septem
1324 1957 1432 2011 sint
1459 1957 1602 2025 tubi,
1639 1974 1702 2012 ac
1743 1967 1912 2013 totum
1954 1959 2237 2014 exhaurire

651 2057 908 2114 conetur,
965 2047 1060 2102 sed
1114 2048 1285 2102 multo
1342 2049 1705 2120 immensoque
1761 2051 1940 2106 labore
1995 2053 2238 2120 impenso

655 2139 842 2207 majori
889 2149 1037 2208 parte
1062 2139 1315 2194 derelicta
1359 2141 1594 2194 recedat.
1625 2139 1848 2196 Fontem
1887 2141 2028 2194 enim
2065 2156 2236 2210 quan-

656 2230 849 2282 tumvis
895 2230 1239 2296 cxhauscris,
1291 2245 1413 2300 pars
1469 2231 1638 2299 major
1678 2240 1853 2285 tamen
1898 2233 2235 2301 relinquitur.

656 2318 792 2384 Quid
822 2319 1020 2388 igitur?
1045 2335 1112 2373 an
1140 2321 1261 2389 quia
1294 2337 1388 2390 pro
1415 2322 1670 2392 dignitate
1698 2321 1876 2392 largiri
1909 2339 2014 2376 non
2044 2338 2237 2393 possu-

659 2426 797 2477 mus,
841 2412 1301 2466 contieescemus?
1343 2413 1557 2467 Minime
1597 2429 1764 2469 vero:
1793 2424 2057 2483 martyres
2095 2415 2238 2468 enim

655 2511 813 2569 sunt,
840 2506 930 2574 qui
955 2505 1091 2559 dona
1119 2505 1449 2576 suscipiunt,
1479 2516 1532 2561 et
1554 2507 1604 2560 in
1641 2507 1842 2576 judicio
1878 2507 1946 2562 de
1976 2508 2237 2577 ejusmodi

660 2594 940 2665 largitione
990 2596 1210 2652 ferendo
1254 2613 1408 2653 suum
1451 2599 1731 2653 Dominum
1773 2599 2068 2654 imitantur.
2103 2601 2240 2668 Quid

658 2685 818 2754 igitur
860 2687 950 2741 ille
1005 2687 1167 2743 facit?
1213 2689 1346 2744 Cum
1394 2690 1534 2745 dona
1579 2690 1841 2761 quispiam
1897 2691 2087 2758 oﬁ'ert,
2134 2708 2239 2746 non

642 2775 852 2841 oblatae
879 2777 958 2832 rei
989 2779 1430 2848 magnitudinem,
1459 2779 1553 2836 sed
1578 2782 1906 2837 alacritatem
1936 2784 2099 2838 animi
2126 2783 2240 2853 ejus

659 2866 746 2932 qui
776 2867 1030 2922 obtulerit
1050 2870 1328 2924 attendens
1361 2872 1635 2941 praemium
1662 2872 1968 2928 admetitur.
1998 2874 2086 2928 Sic
2115 2889 2240 2943 erga

660 2955 870 3010 viduam
901 2958 1042 3011 illam
1072 2973 1130 3014 se
1154 2961 1320 3029 gessit
1354 2979 1368 3015 :
1397 2962 1532 3016 duos
1559 2962 1748 3017 obolos
1795 2963 2010 3018 demisit
2051 2965 2242 3020 mulier

661 3046 808 3118 (Luc.
836 3047 927 3103 2f.
957 3050 1144 3120 2-4),
1175 3061 1227 3106 et
1267 3052 1398 3120 illis,
1439 3055 1526 3124 qui
1572 3055 1736 3109 multa
1761 3054 2107 3122 demiserant,
2148 3071 2245 3110 an-

661 3140 818 3194 telata
844 3150 965 3196 est:
997 3157 1101 3197 non
1131 3145 1272 3198 enim
1301 3146 1538 3213 pecunia:
1564 3147 1902 3216 paucitatem,
1945 3147 2038 3202 sed
2079 3148 2244 3200 animi

665 3232 1115 3300 magniﬁcentiam
1175 3237 1409 3305 respexit
1456 3236 1638 3292 Deus:
1683 3238 1823 3292 oboli
1863 3238 1969 3294 duo
2023 3239 2244 3308 pecunia

665 3317 877 3399 (ΗΜ),
906 3324 998 3378 sed
1027 3326 1238 3380 talentis
1263 3326 1380 3380 auri
1417 3328 1688 3382 sexcentis
1728 3330 2012 3398 pretiosior
2035 3329 2244 3384 animus

662 3429 796 3474 erat.
826 3417 1090 3472 Audacter
1127 3418 1287 3488 igitur
1313 3419 1380 3473 ad
1408 3418 1726 3474 laudandum
1755 3419 2159 3490 aggrediamur,
2191 3430 2246 3476 et

669 3511 810 3580 quod
841 3509 954 3564 heri
982 3511 1208 3580 egimus,
1238 3510 1290 3564 id
1335 3525 1475 3565 nunc
1500 3511 1680 3576 etiam,
1709 3513 1753 3566 si
1783 3513 1973 3582 placet,
2004 3526 2242 3583 agamus.

666 3602 789 3657 lleri
816 3600 1082 3671 siquidem
1114 3602 1165 3656 in
1193 3600 1363 3656 solius
1391 3602 1572 3657 matris
1604 3602 1789 3658 laudes
1824 3618 2129 3660 sermonem
2161 3614 2243 3659 to-

665 3702 776 3746 tum
803 3693 1179 3761 impendimus,
1204 3691 1344 3761 quod
1372 3707 1400 3745 a
1434 3692 1590 3747 nobis
1616 3691 1811 3748 factum
1837 3704 1937 3758 est,
1969 3708 2071 3749 non
2103 3695 2246 3764 quod

666 3797 782 3836 cam
812 3798 844 3837 a
891 3782 1117 3836 filiorum
1164 3785 1329 3838 choro
1373 3785 1604 3840 avellere
1643 3783 1997 3851 studeremus,
2045 3787 2142 3842 sed
2190 3796 2248 3841 ut

667 3875 886 3930 tutiores
911 3875 1065 3930 nobis
1088 3876 1299 3930 divitias
1322 3876 1668 3932 redderemus
1693 3895 1705 3931 :
1731 3877 1874 3948 quod
1899 3879 2080 3949 utique
2106 3893 2249 3934 nunc

666 3981 878 4037 quoque
919 3979 1272 4035 praestemus:
1329 3983 1437 4024 uno
1479 3969 1708 4023 ﬁliorum
1755 3969 2021 4037 abducto,
2068 3969 2136 4025 de
2181 3985 2248 4026 eo

669 4071 832 4125 pauca
861 4055 1101 4111 dicamus
1129 4074 1144 4111 :
1175 4058 1464 4112 verendum
1492 4067 1574 4112 est
1603 4060 1747 4114 enim
1780 4074 1846 4114 ne
1873 4069 2078 4130 septem
2103 4075 2247 4114 mar-

667 4151 841 4220 tyrum
856 4149 1036 4204 laudes
1055 4164 1152 4205 ceu
1170 4159 1373 4218 septem
1397 4149 1609 4205 ﬁumina
1626 4150 1907 4207 confertim
1928 4151 2249 4208 confluentis

668 4258 975 4298 sermonem
1017 4244 1171 4298 nobis
1210 4245 1467 4299 inundent
1490 4252 1546 4300 et
1573 4245 1822 4301 obruant.
1871 4244 2048 4302 Unum
2091 4245 2251 4315 igitur

669 4351 734 4389 ex
758 4335 1047 4405 juvenibus
1074 4351 1406 4392 assumamus
1425 4379 1439 4404 ,
1471 4353 1574 4392 non
1604 4347 1779 4394 tamen
1808 4347 1866 4393 ut
1903 4340 2044 4394 hunc
2075 4339 2249 4409 ipsum

671 4443 700 4480 a
728 4429 895 4482 choro
937 4430 1156 4482 fratrum
1190 4429 1593 4495 abstrahamus,
1622 4430 1717 4484 sed
1756 4439 1817 4484 ut
1854 4430 2106 4486 leviorem
2138 4445 2253 4484 sar-

671 4519 846 4574 cinam
883 4528 1119 4574 nostram
1167 4520 1454 4574 reddamus
1501 4539 1514 4573 :
1563 4521 1825 4591 siquidem
1881 4537 1988 4576 uno
2036 4520 2252 4575 laudato

671 4611 971 4665 communis
996 4619 1050 4665 et
1075 4610 1194 4664 aliis
1218 4611 1323 4665 erit
1347 4625 1564 4676 corona,
1588 4613 2013 4682 quandoquidem
2039 4628 2255 4668 eorum-

671 4700 794 4756 dein
839 4710 1116 4756 consortes
1152 4703 1502 4757 certaminum
1549 4703 1761 4758 fuerunt
1786 4719 1990 4760 omnes.
2038 4704 2142 4760 Sed
2176 4705 2254 4759 in-

674 4801 823 4862 gcrct
847 4806 905 4846 se
932 4791 1084 4848 nobis
1120 4793 1277 4863 plane
1307 4794 1466 4850 hodie
1498 4809 1709 4865 quoque
1736 4804 1925 4862 mater,
1954 4795 2080 4850 licet
2108 4797 2253 4850 illam

676 4898 781 4938 non
812 4883 1134 4953 attingamus
1159 4900 1172 4936 :
1202 4884 1421 4940 omnino
1456 4885 1598 4940 enim
1627 4887 1767 4940 illam
1796 4888 1963 4942 series
1990 4889 2255 4942 sermonis

674 4974 926 5040 attrahet,
956 4988 1056 5029 nec
1098 4975 1346 5032 deserere
1385 4992 1578 5046 pueros
1622 4978 1816 5043 poterit
1843 4995 1856 5030 :
1886 4993 2008 5032 nam
2055 4994 2174 5048 qua:
2202 4978 2255 5033 in

675 5069 1059 5124 certaminibus
1085 5084 1114 5122 a
1145 5068 1328 5124 liberis
1354 5071 1465 5125 suis
1498 5085 1603 5125 non
1626 5069 1902 5137 discessit,
1929 5086 2030 5126 nec
2058 5072 2110 5126 in
2142 5072 2258 5126 lau-

677 5161 830 5216 dibus
852 5177 911 5216 se
931 5162 1000 5216 ab
1028 5162 1107 5218 eis
1132 5161 1390 5232 sejunget.

749 5253 999 5308 Postremi
1038 5271 1102 5308 ea:
1150 5255 1386 5322 fratribus
1411 5254 1657 5308 laudatio.
1687 5283 1761 5295 —
1786 5253 2081 5320 Quemnam
2130 5269 2258 5325 ergo

677 5362 739 5400 ex
770 5355 972 5417 septem
1009 5348 1225 5402 athletis
1254 5348 1412 5401 vultis
1433 5347 1810 5403 assumamus?
1837 5364 1960 5402 num
1992 5349 2253 5417 primum,

677 5439 758 5492 vel
789 5438 1103 5504 secundum,
1131 5439 1214 5493 vel
1237 5441 1469 5505 tertium,
1497 5439 1579 5494 vel
1603 5439 1968 5509 postremum?
1993 5438 2102 5495 lmo
2133 5455 2258 5496 vero

683 5529 860 5584 nullus
896 5531 1036 5585 inter
1074 5545 1168 5585 eos
1195 5539 1279 5585 est
1326 5539 1627 5600 postremus
1660 5548 1674 5584 :
1720 5531 1917 5586 chorus
1960 5533 2100 5586 enim
2153 5542 2256 5596 est,

679 5621 832 5677 chori
855 5639 980 5678 vero
1006 5640 1174 5694 neque
1205 5625 1521 5695 principium
1547 5639 1720 5695 neque
1747 5625 1865 5678 finis
1889 5635 2140 5694 apparet;
2167 5625 2260 5679 sed

681 5728 736 5773 ut
756 5718 945 5774 melius
967 5719 1328 5789 desiguemns,
1355 5734 1510 5787 quem
1531 5718 1832 5786 laudamus,
1858 5717 2083 5771 dicimus
2104 5726 2259 5770 zelatc

2339 1152 2708 1212 postremum:
2757 1154 2883 1197 sunt
2927 1142 3068 1197 enim
3113 1157 3362 1211 germana
3409 1141 3707 1210 similiaque
3745 1153 3890 1195 certa

2335 1237 2504 1302 mina,
2532 1245 2586 1287 et
2613 1245 2841 1302 cognata
2873 1237 3011 1288 inter
3048 1248 3107 1287 se
3149 1244 3292 1288 recte
3324 1233 3457 1287 facta
3485 1251 3498 1284 :
3529 1233 3615 1286 ubi
3655 1248 3784 1286 vero
3826 1249 3920 1287 co-

2334 1328 2515 1393 gnatio
2541 1336 2686 1378 recte
2713 1323 2973 1378 factorum
3010 1333 3091 1377 est
3112 1365 3125 1386 ,
3160 1339 3264 1378 non
3294 1325 3362 1377 ibi
3391 1325 3592 1392 primus
3621 1333 3701 1377 est
3719 1333 3810 1377 aut
3836 1339 3922 1377 se-

2335 1416 2564 1470 cundus.
2628 1419 2976 1470 Assumamus
3037 1417 3195 1485 igitur
3255 1427 3414 1470 aetate
3483 1427 3812 1485 postremum
3870 1428 3925 1472 et

2339 1507 2705 1577 magnitudine
2753 1507 2917 1559 animi
2964 1522 3224 1572 eoa-vum,
3273 1522 3372 1563 nec
3419 1507 3674 1562 fratribus
3723 1517 3925 1562 tantum

2339 1609 2610 1664 coacvum,
2643 1600 2736 1654 sed
2768 1600 2865 1667 ipsi
2897 1600 3057 1653 etiam
3089 1600 3223 1652 seni.
3258 1600 3417 1654 Solus
3444 1615 3511 1654 ex
3540 1600 3798 1654 fratribus
3842 1601 3927 1654 hic

2339 1691 2546 1746 solutus
2566 1691 2632 1744 ad
2666 1700 2930 1744 tormenta
2953 1690 3246 1745 ducebatur
3271 1707 3284 1744 :
3313 1707 3418 1744 non
3440 1693 3583 1746 enim
3613 1692 3928 1746 carnificum

2340 1798 2530 1837 manus
2579 1783 2942 1851 exspectavit,
2988 1781 3080 1836 sed
3128 1782 3338 1835 illorum
3394 1782 3765 1836 crudelitatem
3811 1781 3928 1836 ala-

2339 1875 2530 1940 critate
2576 1875 2741 1928 animi
2788 1874 3077 1943 praevenit,
3128 1883 3183 1927 et
3230 1874 3436 1928 solutus
3487 1873 3799 1928 ducebatur.
3853 1874 3932 1926 Ac

2341 1967 2564 2020 fratrum
2597 1966 2813 2035 quidem
2843 1966 3045 2020 nullum
3095 1965 3279 2020 habuit
3315 1975 3667 2035 spectatorem
3700 1981 3716 2019 :
3743 1979 3931 2019 omnes

2342 2057 2485 2112 enim
2505 2057 2715 2111 fuerant
2739 2057 2849 2127 jam
2875 2065 3048 2112 morte
3067 2057 3296 2122 sublati;
3323 2057 3418 2111 sed
3447 2056 3932 2127 przeclarius-thea-

2343 2156 2505 2214 trum,
2558 2163 2716 2218 quam
2760 2149 2978 2213 fratres,
3027 2147 3213 2202 habuit
3256 2148 3444 2202 oculos
3491 2148 3694 2201 matris.
3743 2146 3934 2201 Nonne

2343 2240 2585 2294 dicebam
2615 2239 2787 2306 vobis,
2822 2239 2962 2308 quod
2994 2240 3115 2293 licet
3136 2254 3240 2292 non
3271 2239 3610 2293 studentibus
3628 2237 3784 2291 nobis
3809 2253 3932 2291 om-

2343 2333 2473 2385 nino
2519 2345 2641 2386 sese
2682 2332 2841 2385 etiam
2889 2340 3063 2386 mater
3101 2331 3344 2401 ingeret?
3390 2329 3532 2383 Ecce
3578 2329 3722 2382 illaut
3767 2329 3934 2382 series

2343 2425 2610 2477 sermonis
2656 2423 2967 2477 introduxit.
3015 2422 3125 2476 lloc
3168 2438 3294 2478 vero
3325 2421 3589 2476 theatrum
3619 2419 3754 2475 adeo
3796 2435 3935 2489 pra:-

2342 2515 2546 2569 clarum
2575 2523 2692 2570 erat
2714 2526 2764 2570 et
2789 2530 3061 2584 magnum,
3095 2523 3152 2567 ut
3180 2514 3353 2583 ipsum
3373 2513 3684 2581 angelorum
3707 2520 3933 2577 coetum,

2347 2609 2456 2661 imo
2502 2624 2629 2661 vero
2685 2606 2874 2660 fratres
2920 2615 3251 2673 spectatores
3299 2605 3552 2668 haberet,
3601 2618 3708 2657 non
3747 2602 3856 2670 jam
3905 2616 3938 2656 e

2347 2709 2509 2764 terra,
2534 2698 2626 2752 scd
2649 2715 2678 2752 e
2694 2698 2858 2752 czelis.
2879 2696 3132 2752 Coronati
3149 2697 3313 2763 enim,
3338 2707 3394 2750 ut
3417 2696 3469 2750 in
3503 2695 3796 2767 Olympieis
3819 2709 3939 2748 cer-

2346 2788 2634 2842 taminibus
2671 2787 2902 2857 judices,
2931 2787 3314 2850 considebant,
3345 2800 3450 2840 non
3479 2796 3537 2841 ut
3577 2785 3938 2839 certaminum

2340 2881 2543 2952 judicio
2571 2888 2883 2950 prmessent,
2906 2895 3093 2933 verum
3116 2887 3173 2932 ut
3197 2879 3452 2933 victorem
3481 2876 3546 2930 ad
3572 2874 3939 2943 accipiendam

2346 2989 2614 3049 coronam_
2646 2973 2954 3026 incitarent.
2986 2968 3172 3025 Stabat
3213 2970 3372 3040 igitur
3410 2969 3646 3032 solutus,
3679 2979 3732 3020 et
3761 2966 3939 3035 philo-

2349 3066 2552 3134 sopltizc
2580 3064 2737 3133 plena
2782 3063 3058 3131 proferens
3101 3062 3263 3115 verba
3291 3076 3306 3119 ;
3339 3059 3601 3128 siquidem
3653 3067 3940 3127 tyrannum

2348 3158 2594 3213 studebat
2623 3157 2691 3211 ad
2731 3157 2984 3225 pietatem
3022 3169 3172 3208 suam
3215 3151 3527 3216 traducere;
3555 3166 3678 3205 cum
3720 3163 3845 3204 vero
3886 3148 3940 3203 id

2349 3251 2568 3306 minime
2585 3249 2862 3319 potuisset,
2892 3246 3032 3317 quod
3054 3260 3270 3300 suarum
3292 3245 3518 3313 partium
3547 3251 3666 3298 erat
3684 3242 3942 3311 deinceps

2350 3342 2617 3413 przcstitit,
2647 3340 2907 3410 supplicio
2934 3339 3167 3408 seipsum
3197 3336 3463 3405 exposuit.
3494 3336 3666 3403 Atque
3705 3333 3798 3386 ille
3824 3333 3944 3399 qui-

2349 3435 2472 3490 dem
2494 3450 2614 3488 cum
2637 3434 2809 3488 aetatis
2829 3433 2996 3501 gratia
3022 3429 3400 3491 miserabatur,
3424 3425 3508 3480 hic
3522 3441 3649 3480 vero
3669 3425 3817 3478 illum
3838 3424 3941 3476 im-

2350 3527 2564 3598 pietatis
2589 3540 2750 3581 causa
2777 3523 3047 3585 deflebat;
3078 3538 3186 3576 non
3218 3519 3360 3575 enim
3389 3518 3573 3573 eadem
3605 3517 3822 3586 respicit
3857 3527 3943 3588 ty-

2351 3635 2551 3674 rannus
2600 3625 2657 3672 et
2693 3625 2937 3686 martyr:
2982 3629 3102 3668 nam
3149 3613 3364 3681 utrique
3401 3620 3525 3664 sunt
3559 3608 3720 3662 iidem
3767 3607 3938 3673 oculi,

2353 3726 2538 3766 verum
2578 3709 2788 3775 carnis,
2818 3707 2940 3762 ﬁdei
2979 3721 3108 3762 vero
3156 3704 3299 3758 oculi
3340 3719 3445 3757 non
3491 3701 3683 3766 iidem;
3713 3700 3811 3753 sed
3853 3699 3945 3753 ille

2351 3802 2570 3872 quidem
2611 3809 2932 3870 praesentem
2981 3799 3144 3852 vitam
3187 3794 3537 3865 respiciebat,
3569 3793 3655 3847 hic
3684 3807 3812 3847 vero
3856 3807 3942 3846 re-

2352 3892 2612 3962 spiciebat
2640 3890 2896 3955 futuram,
2930 3890 2998 3944 ad
3023 3904 3183 3960 quam
3219 3896 3336 3942 erat
3373 3887 3721 3941 evolaturus:
3752 3893 3939 3955 tyran-

2355 3999 2455 4038 nus
2486 3983 2702 4053 quidem
2729 3983 3029 4050 sartagines
3056 3979 3292 4043 videbat,
3323 3987 3380 4032 at
3405 3977 3707 4048 gehennam
3738 3984 3943 4047 martyr

2356 4075 2594 4140 videbat,
2629 4074 2680 4127 in
2711 4088 2869 4141 quam
2901 4087 2958 4124 se
2985 4071 3278 4138 injecturus
3304 4078 3421 4123 erat
3447 4077 3725 4139 tyrannus.

2425 4167 2632 4238 Confert
2661 4165 3060 4219 Maccabaeorum
3100 4180 3255 4217 unum
3280 4179 3395 4216 cum
3423 4160 3594 4214 Isaac.
3622 4158 3864 4227 —Quod
3898 4158 3942 4213 si

2357 4260 2501 4316 Isaac
2527 4258 2819 4320 laudamus,
2851 4254 2990 4325 quod
3034 4269 3064 4306 a
3103 4263 3252 4324 patre
3293 4253 3501 4305 vinctus
3529 4259 3585 4305 et
3612 4248 3944 4318 compeditos

2357 4353 2422 4406 ab
2447 4351 2597 4404 altari
2645 4350 2748 4402 non
2788 4345 3070 4401 recesserit
3119 4343 3321 4416 (Gener.
3367 4339 3480 4414 22),
3526 4356 3624 4395 nec
3669 4340 3944 4393 admotum

2358 4458 2579 4498 cernens
2597 4441 2826 4510 gladium
2851 4437 3115 4502 resilicrit,
3135 4436 3301 4489 multo
3318 4434 3402 4488 hic
3422 4432 3625 4502 aequius
3652 4431 3946 4484 laudandus

2358 4545 2459 4598 est,
2489 4550 2592 4604 quo
2622 4536 2830 4588 vinctus
2858 4548 2960 4584 non
2991 4531 3078 4593 sit,
3118 4543 3292 4597 neque
3331 4525 3663 4580 vinculorum
3709 4524 3943 4578 necessi-

2361 4637 2465 4681 tate
2491 4626 2791 4695 indiguerit,
2835 4637 3005 4691 neque
3033 4621 3340 4675 carnificum
3373 4631 3562 4670 manus
3602 4613 3944 4683 exspectaril,

2361 4717 2453 4772 sed
2490 4717 2600 4784 ipse
2626 4716 2724 4770 sibi
2749 4726 2804 4770 ct
2831 4714 3077 4774 victimae,
3110 4719 3165 4764 et
3189 4708 3498 4772 sacerdotis,
3539 4715 3594 4761 et
3620 4706 3807 4759 altaris
3833 4705 3949 4759 loco

2362 4809 2539 4863 fuerit.
2567 4807 2696 4862 Cum
2746 4807 2886 4861 cnint
2931 4804 3283 4872 undequaque
3325 4797 3810 4867 circumspexisset,
3854 4809 3948 4849 nec

2362 4902 2525 4956 ullum
2554 4915 2620 4955 ex
2652 4898 2902 4953 fratribus
2944 4895 3133 4949 adesse
3174 4892 3413 4956 vidisset,
3445 4889 3792 4945 conturbatus
3819 4898 3902 4942 est
3933 4903 3945 4937 :

2365 5006 2421 5052 ut
2449 5003 2754 5066 properaret
2775 4994 3020 5048 incitatus
3046 4997 3146 5054 est,
3177 4997 3638 5056 etasscqucretur,
3673 4999 3737 5037 nc
3758 4997 3786 5034 a
3820 4997 3950 5050 pra:-

2365 5093 2507 5145 claro
2535 5089 2624 5142 illo
2656 5087 2821 5141 choro
2861 5089 3218 5152 separarctur.
3260 5078 3383 5133 ldeo
3422 5074 3729 5131 carnificum
3765 5088 3953 5127 manus

2366 5200 2470 5239 non
2492 5178 2815 5250 exspectavit
2845 5195 2857 5229 :
2888 5175 3143 5245 siquidem
3174 5171 3382 5243 tyranni
3409 5166 3746 5224 clementiam
3780 5163 3950 5219 refor-

2368 5276 2619 5340 midahat,
2675 5289 2741 5327 ne
2790 5271 2924 5324 forte
2966 5268 3128 5338 ipsius
3174 5265 3422 5320 misertus
3475 5275 3598 5331 cum
3640 5273 3670 5312 a
3700 5257 3955 5311 societate

2366 5369 2585 5422 fratrum
2636 5365 2890 5419 avclleret
2945 5378 2959 5413 :
3010 5366 3289 5428 propterea
3344 5351 3671 5424 prmvcniens
3718 5349 3953 5416 seipsum

2368 5459 2587 5516 immani
2634 5457 2772 5511 illius
2824 5450 3137 5507 humanitati
3183 5445 3473 5518 prteripuit.
3535 5441 3742 5496 Etenim
3789 5437 3950 5491 multa

2368 5561 2551 5612 erant,
2593 5565 2713 5618 qum
2769 5559 3050 5618 tyrannum
3096 5553 3313 5609 possent
3365 5535 3678 5590 inflectere:
3707 5529 3952 5600 juvenilis

2369 5655 2518 5707 retas,
2554 5653 2630 5695 tot
2658 5641 2876 5694 fratrum
2910 5635 3251 5705 supplicium.
3278 5629 3419 5703 quod
3447 5626 3532 5682 vel
3575 5624 3641 5679 ad
3672 5624 3832 5678 feram
3863 5635 3951 5674 cx-

2374 5735 2666 5789 satiandum
2703 5740 2880 5802 posset
2908 5727 3172 5793 suffit-ere,
3199 5722 3407 5777 tametsi
3449 5719 3538 5774 ille
3568 5725 3943 5772 Ealura'tltSIlOJ
