  <div class='ocr_page' id='page_1' title='image "/cluster/home/n/w/nwhite01/storage/ocr_20150623/50/pst.000005712496/220.png"; bbox 0 0 4246 6320; ppageno 0'>
   <div class='ocr_carea' id='block_1_1' title="bbox 272 398 383 452">
    <p class='ocr_par' dir='ltr' id='par_1_1' title="bbox 272 398 383 452">
     <span class='ocr_line' id='line_1_1' title="bbox 272 398 383 452; baseline 0.018 -2"><span class='ocrx_word' id='word_1_1' title='bbox 272 398 383 452; x_wconf 69' lang='grc' dir='ltr'><strong>ωδ</strong></span> 
     </span>
    </p>
   </div>
   <div class='ocr_carea' id='block_1_2' title="bbox 269 508 1858 584">
    <p class='ocr_par' dir='ltr' id='par_1_2' title="bbox 269 508 1858 584">
     <span class='ocr_line' id='line_1_2' title="bbox 269 508 1858 584; baseline 0.001 -22"><span class='ocrx_word' id='word_1_2' title='bbox 269 508 500 581; x_wconf 77' lang='grc' dir='ltr'><strong>πλησίον</strong></span> <span class='ocrx_word' id='word_1_3' title='bbox 527 508 732 584; x_wconf 72' lang='grc' dir='ltr'><strong>αῦτῶν,</strong></span> <span class='ocrx_word' id='word_1_4' title='bbox 761 512 854 563; x_wconf 73' lang='grc' dir='ltr'><strong>καὶ</strong></span> <span class='ocrx_word' id='word_1_5' title='bbox 884 510 984 581; x_wconf 78' lang='grc' dir='ltr'><strong>τῆς</strong></span> <span class='ocrx_word' id='word_1_6' title='bbox 1009 510 1179 582; x_wconf 73' lang='grc' dir='ltr'><strong>αὐτῆς</strong></span> <span class='ocrx_word' id='word_1_7' title='bbox 1212 512 1507 581; x_wconf 73' lang='grc' dir='ltr'><strong>μετασχεῖν</strong></span> <span class='ocrx_word' id='word_1_8' title='bbox 1535 510 1689 584; x_wconf 71' lang='lat'><strong>[69.8]</strong></span> <span class='ocrx_word' id='word_1_9' title='bbox 1717 512 1858 581; x_wconf 76' lang='grc' dir='ltr'><strong>παῤ-</strong></span> 
     </span>
    </p>
   </div>
   <div class='ocr_carea' id='block_1_3' title="bbox 272 581 1858 661">
    <p class='ocr_par' dir='ltr' id='par_1_3' title="bbox 272 581 1858 661">
     <span class='ocr_line' id='line_1_3' title="bbox 272 581 1858 661; baseline -0.001 -20"><span class='ocrx_word' id='word_1_10' title='bbox 272 588 502 661; x_wconf 78' lang='grc' dir='ltr'><strong>ρησίας·</strong></span> <span class='ocrx_word' id='word_1_11' title='bbox 549 581 617 660; x_wconf 78' lang='grc' dir='ltr'><strong>ἧς</strong></span> <span class='ocrx_word' id='word_1_12' title='bbox 662 588 875 656; x_wconf 83' lang='grc' dir='ltr'><strong>γένοιτο</strong></span> <span class='ocrx_word' id='word_1_13' title='bbox 913 581 1302 660; x_wconf 72' lang='grc' dir='ltr'><strong>πάνσαςήμᾶς</strong></span> <span class='ocrx_word' id='word_1_14' title='bbox 1340 581 1643 658; x_wconf 77' lang='grc' dir='ltr'><strong>ἐπιτυχεῖν,</strong></span> <span class='ocrx_word' id='word_1_15' title='bbox 1673 590 1858 660; x_wconf 85' lang='grc' dir='ltr'><strong>χάριτι</strong></span> 
     </span>
    </p>
   </div>
   <div class='ocr_carea' id='block_1_4' title="bbox 274 664 1856 741">
    <p class='ocr_par' dir='ltr' id='par_1_4' title="bbox 274 664 1856 741">
     <span class='ocr_line' id='line_1_4' title="bbox 274 664 1856 741; baseline -0.001 -20"><span class='ocrx_word' id='word_1_16' title='bbox 274 668 372 721; x_wconf 80' lang='grc' dir='ltr'><strong>καὶ</strong></span> <span class='ocrx_word' id='word_1_17' title='bbox 404 666 785 741; x_wconf 75' lang='grc' dir='ltr'><strong>φιλανθρωπίᾳ</strong></span> <span class='ocrx_word' id='word_1_18' title='bbox 814 664 908 718; x_wconf 88' lang='grc' dir='ltr'><strong>τοῦ</strong></span> <span class='ocrx_word' id='word_1_19' title='bbox 937 666 1141 739; x_wconf 85' lang='grc' dir='ltr'><strong>Κυρίου</strong></span> <span class='ocrx_word' id='word_1_20' title='bbox 1172 670 1203 738; x_wconf 80' lang='grc' dir='ltr'><strong>ή</strong></span> <span class='ocrx_word' id='word_1_21' title='bbox 1214 667 1330 738; x_wconf 88' lang='grc' dir='ltr'><strong>μῶν</strong></span> <span class='ocrx_word' id='word_1_22' title='bbox 1364 666 1539 736; x_wconf 83' lang='grc' dir='ltr'><strong>Ἰησοῦ</strong></span> <span class='ocrx_word' id='word_1_23' title='bbox 1580 666 1817 738; x_wconf 80' lang='grc' dir='ltr'>Χριστοῦ</span> <span class='ocrx_word' id='word_1_24' title='bbox 1841 706 1856 730; x_wconf 92' lang='grc'><strong>,</strong></span> 
     </span>
    </p>
   </div>
   <div class='ocr_carea' id='block_1_5' title="bbox 1564 387 2242 447">
    <p class='ocr_par' dir='ltr' id='par_1_5' title="bbox 1564 387 2242 447">
     <span class='ocr_line' id='line_1_5' title="bbox 1564 387 2242 447; baseline -0.007 0"><span class='ocrx_word' id='word_1_25' title='bbox 1564 392 1655 447; x_wconf 79' lang='lat' dir='ltr'><strong>DE</strong></span> <span class='ocrx_word' id='word_1_26' title='bbox 1694 388 2137 447; x_wconf 65' lang='lat' dir='ltr'><strong>MACCABA‘ZIS.</strong></span> <span class='ocrx_word' id='word_1_27' title='bbox 2179 387 2242 443; x_wconf 89' lang='lat' dir='ltr'><strong>Il.</strong></span> 
     </span>
    </p>
   </div>
   <div class='ocr_carea' id='block_1_6' title="bbox 3442 380 3549 438">
    <p class='ocr_par' dir='ltr' id='par_1_6' title="bbox 3442 380 3549 438">
     <span class='ocr_line' id='line_1_6' title="bbox 3442 380 3549 438; baseline 0.037 -4"><span class='ocrx_word' id='word_1_28' title='bbox 3442 380 3549 438; x_wconf 57' lang='lat'><strong>6‘23</strong></span> 
     </span>
    </p>
   </div>
   <div class='ocr_carea' id='block_1_7' title="bbox 1966 496 3553 579">
    <p class='ocr_par' dir='ltr' id='par_1_7' title="bbox 1966 496 3553 579">
     <span class='ocr_line' id='line_1_7' title="bbox 1966 496 3553 579; baseline -0.004 -18"><span class='ocrx_word' id='word_1_29' title='bbox 1966 508 2033 561; x_wconf 77' lang='grc' dir='ltr'><strong>δι’</strong></span> <span class='ocrx_word' id='word_1_30' title='bbox 2081 501 2143 563; x_wconf 76' lang='grc' dir='ltr'><strong>οῦ</strong></span> <span class='ocrx_word' id='word_1_31' title='bbox 2189 508 2285 562; x_wconf 70' lang='grc' dir='ltr'><strong>καὶ</strong></span> <span class='ocrx_word' id='word_1_32' title='bbox 2336 506 2452 579; x_wconf 80' lang='grc' dir='ltr'><strong>μεθ’</strong></span> <span class='ocrx_word' id='word_1_33' title='bbox 2488 496 2548 560; x_wconf 75' lang='grc' dir='ltr'><strong>οὗ</strong></span> <span class='ocrx_word' id='word_1_34' title='bbox 2597 503 2675 575; x_wconf 77' lang='grc' dir='ltr'><strong>τῷ</strong></span> <span class='ocrx_word' id='word_1_35' title='bbox 2722 505 2898 574; x_wconf 64' lang='grc' dir='ltr'><strong>Ποιτρλ⁸</strong></span> <span class='ocrx_word' id='word_1_36' title='bbox 2936 500 3094 568; x_wconf 81' lang='grc' dir='ltr'><strong>δόξα,</strong></span> <span class='ocrx_word' id='word_1_37' title='bbox 3140 502 3256 574; x_wconf 73' lang='grc' dir='ltr'><strong>ἅμα</strong></span> <span class='ocrx_word' id='word_1_38' title='bbox 3295 499 3372 573; x_wconf 80' lang='grc' dir='ltr'><strong>τῷ</strong></span> <span class='ocrx_word' id='word_1_39' title='bbox 3414 501 3553 571; x_wconf 76' lang='grc' dir='ltr'><strong>ἁγίῳ</strong></span> 
     </span>
    </p>
   </div>
   <div class='ocr_carea' id='block_1_8' title="bbox 1966 580 3552 659">
    <p class='ocr_par' dir='ltr' id='par_1_8' title="bbox 1966 580 3552 659">
     <span class='ocr_line' id='line_1_8' title="bbox 1966 580 3552 659; baseline -0.004 -18"><span class='ocrx_word' id='word_1_40' title='bbox 1966 587 2268 659; x_wconf 81' lang='grc' dir='ltr'><strong>Πνεύματι,</strong></span> <span class='ocrx_word' id='word_1_41' title='bbox 2316 585 2410 639; x_wconf 87' lang='grc' dir='ltr'><strong>νῦν</strong></span> <span class='ocrx_word' id='word_1_42' title='bbox 2454 584 2555 638; x_wconf 73' lang='grc' dir='ltr'><strong>καὶ</strong></span> <span class='ocrx_word' id='word_1_43' title='bbox 2597 586 2721 647; x_wconf 81' lang='grc' dir='ltr'><strong>ἀεὶ,</strong></span> <span class='ocrx_word' id='word_1_44' title='bbox 2768 584 2863 637; x_wconf 79' lang='grc' dir='ltr'><strong>καὶ</strong></span> <span class='ocrx_word' id='word_1_45' title='bbox 2910 584 2991 647; x_wconf 88' lang='grc' dir='ltr'><strong>είς</strong></span> <span class='ocrx_word' id='word_1_46' title='bbox 3032 582 3158 645; x_wconf 75' lang='grc' dir='ltr'><strong>τοὺς</strong></span> <span class='ocrx_word' id='word_1_47' title='bbox 3196 580 3398 646; x_wconf 76' lang='grc' dir='ltr'><strong>αἰῶνας</strong></span> <span class='ocrx_word' id='word_1_48' title='bbox 3443 580 3552 634; x_wconf 84' lang='grc' dir='ltr'><strong>τῶν</strong></span> 
     </span>
    </p>
   </div>
   <div class='ocr_carea' id='block_1_9' title="bbox 1967 667 2433 735">
    <p class='ocr_par' dir='ltr' id='par_1_9' title="bbox 1967 667 2433 735">
     <span class='ocr_line' id='line_1_9' title="bbox 1967 667 2433 735; baseline 0 -16"><span class='ocrx_word' id='word_1_49' title='bbox 1967 667 2201 719; x_wconf 77' lang='grc' dir='ltr'><strong>αἰώνων.</strong></span> <span class='ocrx_word' id='word_1_50' title='bbox 2238 667 2294 718; x_wconf 75' lang='grc' dir='ltr'><strong>Ἀ</strong></span> <span class='ocrx_word' id='word_1_51' title='bbox 2303 667 2433 735; x_wconf 74' lang='grc' dir='ltr'><strong>μήν.</strong></span> 
     </span>
    </p>
   </div>
   <div class='ocr_carea' id='block_1_10' title="bbox 2505 910 2855 921">
    <p class='ocr_par' dir='ltr' id='par_1_10' title="bbox 2505 910 2855 921">
     <span class='ocr_line' id='line_1_10' title="bbox 2505 910 2855 921; baseline 0.003 -1"><span class='ocrx_word' id='word_1_52' title='bbox 2505 910 2855 921; x_wconf 43' lang='grc' dir='ltr'><strong>-ά-οςυ-</strong></span> 
     </span>
    </p>
   </div>
   <div class='ocr_carea' id='block_1_11' title="bbox 1004 1144 2835 1235">
    <p class='ocr_par' dir='ltr' id='par_1_11' title="bbox 1004 1144 2835 1235">
     <span class='ocr_line' id='line_1_11' title="bbox 1004 1144 2835 1235; baseline -0.001 -5"><span class='ocrx_word' id='word_1_53' title='bbox 1004 1146 1177 1231; x_wconf 90' lang='grc' dir='ltr'><strong>ΕΙΣ</strong></span> <span class='ocrx_word' id='word_1_54' title='bbox 1212 1144 1505 1231; x_wconf 89' lang='grc' dir='ltr'><strong>ΤΟΥΣ</strong></span> <span class='ocrx_word' id='word_1_55' title='bbox 1547 1144 1956 1232; x_wconf 85' lang='grc' dir='ltr'><strong>ΑΓΙΟΥΣ</strong></span> <span class='ocrx_word' id='word_1_56' title='bbox 1997 1146 2835 1235; x_wconf 84' lang='grc' dir='ltr'><strong>ΜΑΚΚΑΒΛῙΟΥΣ.</strong></span> 
     </span>
    </p>
   </div>
   <div class='ocr_carea' id='block_1_12' title="bbox 516 1466 561 1489">
    <p class='ocr_par' dir='ltr' id='par_1_12' title="bbox 516 1466 561 1489">
     <span class='ocr_line' id='line_1_12' title="bbox 516 1466 561 1489; baseline 0 0"><span class='ocrx_word' id='word_1_57' title='bbox 516 1466 561 1489; x_wconf 65' lang='grc' dir='ltr'><em>Ι</em></span> 
     </span>
    </p>
   </div>
   <div class='ocr_carea' id='block_1_13' title="bbox 889 1623 1241 1693">
    <p class='ocr_par' dir='ltr' id='par_1_13' title="bbox 889 1623 1241 1693">
     <span class='ocr_line' id='line_1_13' title="bbox 889 1623 1241 1693; baseline 0.006 -17"><span class='ocrx_word' id='word_1_58' title='bbox 889 1624 1127 1693; x_wconf 72' lang='grc' dir='ltr'><strong>Ὀμιλία</strong></span> <span class='ocrx_word' id='word_1_59' title='bbox 1158 1623 1241 1688; x_wconf 77' lang='grc' dir='ltr'><strong>β’.</strong></span> 
     </span>
    </p>
   </div>
   <div class='ocr_carea' id='block_1_14' title="bbox 350 1703 1863 1779">
    <p class='ocr_par' dir='ltr' id='par_1_14' title="bbox 350 1703 1863 1779">
     <span class='ocr_line' id='line_1_14' title="bbox 350 1703 1863 1779; baseline -0.005 -12"><span class='ocrx_word' id='word_1_60' title='bbox 350 1720 422 1767; x_wconf 83' lang='grc' dir='ltr'><strong>α’.</strong></span> <span class='ocrx_word' id='word_1_61' title='bbox 446 1713 724 1773; x_wconf 79' lang='grc' dir='ltr'><strong>Ἀπαντας</strong></span> <span class='ocrx_word' id='word_1_62' title='bbox 756 1707 856 1779; x_wconf 78' lang='grc' dir='ltr'><strong>μὲν</strong></span> <span class='ocrx_word' id='word_1_63' title='bbox 880 1703 973 1761; x_wconf 74' lang='grc' dir='ltr'><strong>οὖν</strong></span> <span class='ocrx_word' id='word_1_64' title='bbox 996 1708 1339 1779; x_wconf 72' lang='grc' dir='ltr'><strong>ἐγκωμιάσαι</strong></span> <span class='ocrx_word' id='word_1_65' title='bbox 1363 1706 1488 1770; x_wconf 77' lang='grc' dir='ltr'><strong>τοὺς</strong></span> <span class='ocrx_word' id='word_1_66' title='bbox 1510 1707 1698 1774; x_wconf 81' lang='grc' dir='ltr'><strong>ἀγῖους</strong></span> <span class='ocrx_word' id='word_1_67' title='bbox 1728 1707 1863 1779; x_wconf 82' lang='grc' dir='ltr'><strong>μάρ-</strong></span> 
     </span>
    </p>
   </div>
   <div class='ocr_carea' id='block_1_15' title="bbox 276 1789 1863 1870">
    <p class='ocr_par' dir='ltr' id='par_1_15' title="bbox 276 1789 1863 1870">
     <span class='ocr_line' id='line_1_15' title="bbox 276 1789 1863 1870; baseline -0.003 -21"><span class='ocrx_word' id='word_1_68' title='bbox 276 1814 454 1870; x_wconf 83' lang='grc' dir='ltr'><strong>τυρας</strong></span> <span class='ocrx_word' id='word_1_69' title='bbox 493 1796 553 1848; x_wconf 85' lang='grc' dir='ltr'><strong>οὐ</strong></span> <span class='ocrx_word' id='word_1_70' title='bbox 581 1792 804 1847; x_wconf 85' lang='grc' dir='ltr'><strong>δυνατὸν</strong></span> <span class='ocrx_word' id='word_1_71' title='bbox 836 1792 935 1863; x_wconf 78' lang='grc' dir='ltr'><strong>μιᾷ</strong></span> <span class='ocrx_word' id='word_1_72' title='bbox 958 1789 1194 1863; x_wconf 77' lang='grc' dir='ltr'><strong>γλώττῃ,</strong></span> <span class='ocrx_word' id='word_1_73' title='bbox 1228 1791 1362 1843; x_wconf 89' lang='grc' dir='ltr'><strong>ἀλλά</strong></span> <span class='ocrx_word' id='word_1_74' title='bbox 1392 1792 1496 1844; x_wconf 72' lang='grc' dir='ltr'><strong>κᾶν</strong></span> <span class='ocrx_word' id='word_1_75' title='bbox 1537 1791 1706 1863; x_wconf 84' lang='grc' dir='ltr'><strong>μυρία</strong></span> <span class='ocrx_word' id='word_1_76' title='bbox 1740 1792 1863 1845; x_wconf 83' lang='grc' dir='ltr'><strong>στό-</strong></span> 
     </span>
    </p>
   </div>
   <div class='ocr_carea' id='block_1_16' title="bbox 282 1873 1871 1950">
    <p class='ocr_par' dir='ltr' id='par_1_16' title="bbox 282 1873 1871 1950">
     <span class='ocr_line' id='line_1_16' title="bbox 282 1873 1871 1950; baseline -0.004 -17"><span class='ocrx_word' id='word_1_77' title='bbox 282 1898 433 1950; x_wconf 81' lang='grc' dir='ltr'><strong>ματα</strong></span> <span class='ocrx_word' id='word_1_78' title='bbox 465 1880 676 1949; x_wconf 75' lang='grc' dir='ltr'><strong>ἔχωμεν</strong></span> <span class='ocrx_word' id='word_1_79' title='bbox 699 1877 793 1930; x_wconf 77' lang='grc' dir='ltr'><strong>καὶ</strong></span> <span class='ocrx_word' id='word_1_80' title='bbox 822 1875 1070 1944; x_wconf 80' lang='grc' dir='ltr'><strong>γλώττας</strong></span> <span class='ocrx_word' id='word_1_81' title='bbox 1108 1875 1397 1938; x_wconf 77' lang='grc' dir='ltr'><strong>τοσαύτας,</strong></span> <span class='ocrx_word' id='word_1_82' title='bbox 1426 1873 1730 1944; x_wconf 82' lang='grc' dir='ltr'>λειπόμεθα</span> <span class='ocrx_word' id='word_1_83' title='bbox 1762 1875 1871 1927; x_wconf 85' lang='grc' dir='ltr'><strong>τῶν</strong></span> 
     </span>
    </p>
   </div>
   <div class='ocr_carea' id='block_1_17' title="bbox 280 1956 1872 2031">
    <p class='ocr_par' dir='ltr' id='par_1_17' title="bbox 280 1956 1872 2031">
     <span class='ocr_line' id='line_1_17' title="bbox 280 1956 1872 2031; baseline -0.003 -16"><span class='ocrx_word' id='word_1_84' title='bbox 280 1963 576 2031; x_wconf 76' lang='grc' dir='ltr'><strong>ἐγκωμίων</strong></span> <span class='ocrx_word' id='word_1_85' title='bbox 597 1977 611 1992; x_wconf 74' lang='grc' dir='ltr'><strong>ο</strong></span> <span class='ocrx_word' id='word_1_86' title='bbox 636 1957 958 2030; x_wconf 15' lang='grc' dir='ltr'><strong>καὶγταύτδν</strong></span> <span class='ocrx_word' id='word_1_87' title='bbox 986 1958 1183 2028; x_wconf 84' lang='grc' dir='ltr'><strong>πάσχω</strong></span> <span class='ocrx_word' id='word_1_88' title='bbox 1207 1959 1341 2029; x_wconf 70' lang='grc' dir='ltr'><strong>πρὸς</strong></span> <span class='ocrx_word' id='word_1_89' title='bbox 1374 1957 1444 2010; x_wconf 91' lang='grc' dir='ltr'><strong>τά</strong></span> <span class='ocrx_word' id='word_1_90' title='bbox 1468 1956 1872 2030; x_wconf 77' lang='grc' dir='ltr'><strong>κατορθώματα</strong></span> 
     </span>
    </p>
   </div>
   <div class='ocr_carea' id='block_1_18' title="bbox 282 2034 1874 2113">
    <p class='ocr_par' dir='ltr' id='par_1_18' title="bbox 282 2034 1874 2113">
     <span class='ocr_line' id='line_1_18' title="bbox 282 2034 1874 2113; baseline -0.003 -16"><span class='ocrx_word' id='word_1_91' title='bbox 282 2046 397 2097; x_wconf 88' lang='grc' dir='ltr'><strong>τῶν</strong></span> <span class='ocrx_word' id='word_1_92' title='bbox 432 2044 571 2097; x_wconf 81' lang='grc' dir='ltr'><strong>ἐτττά</strong></span> <span class='ocrx_word' id='word_1_93' title='bbox 611 2042 905 2113; x_wconf 68' lang='grc' dir='ltr'><strong>μαρτύρων</strong></span> <span class='ocrx_word' id='word_1_94' title='bbox 934 2041 1105 2113; x_wconf 75' lang='grc' dir='ltr'><strong>ὀρῶν,</strong></span> <span class='ocrx_word' id='word_1_95' title='bbox 1132 2034 1245 2093; x_wconf 75' lang='grc' dir='ltr'><strong>οἷον</strong></span> <span class='ocrx_word' id='word_1_96' title='bbox 1279 2042 1346 2095; x_wconf 87' lang='grc' dir='ltr'><strong>ἀν</strong></span> <span class='ocrx_word' id='word_1_97' title='bbox 1374 2043 1422 2092; x_wconf 89' lang='grc' dir='ltr'><strong>εί</strong></span> <span class='ocrx_word' id='word_1_98' title='bbox 1465 2040 1874 2112; x_wconf 72' lang='grc' dir='ltr'><strong>φιλοχρήματος</strong></span> 
     </span>
    </p>
   </div>
   <div class='ocr_carea' id='block_1_19' title="bbox 283 2124 1874 2196">
    <p class='ocr_par' dir='ltr' id='par_1_19' title="bbox 283 2124 1874 2196">
     <span class='ocr_line' id='line_1_19' title="bbox 283 2124 1874 2196; baseline -0.002 -15"><span class='ocrx_word' id='word_1_99' title='bbox 283 2127 604 2196; x_wconf 77' lang='grc' dir='ltr'><strong>ἄνθρωπος,</strong></span> <span class='ocrx_word' id='word_1_100' title='bbox 642 2124 872 2189; x_wconf 88' lang='grc' dir='ltr'><strong>ἐπιστάς</strong></span> <span class='ocrx_word' id='word_1_101' title='bbox 907 2127 1056 2195; x_wconf 83' lang='grc' dir='ltr'><strong>πηγῇ</strong></span> <span class='ocrx_word' id='word_1_102' title='bbox 1096 2125 1295 2194; x_wconf 79' lang='grc' dir='ltr'><strong>ῥεούσῃ</strong></span> <span class='ocrx_word' id='word_1_103' title='bbox 1331 2124 1532 2195; x_wconf 76' lang='grc' dir='ltr'><strong>χρυσον</strong></span> <span class='ocrx_word' id='word_1_104' title='bbox 1576 2125 1715 2177; x_wconf 80' lang='grc' dir='ltr'><strong>ἐτιτά</strong></span> <span class='ocrx_word' id='word_1_105' title='bbox 1753 2126 1874 2178; x_wconf 85' lang='grc' dir='ltr'><strong>στό-</strong></span> 
     </span>
    </p>
   </div>
   <div class='ocr_carea' id='block_1_20' title="bbox 288 2206 1876 2283">
    <p class='ocr_par' dir='ltr' id='par_1_20' title="bbox 288 2206 1876 2283">
     <span class='ocr_line' id='line_1_20' title="bbox 288 2206 1876 2283; baseline -0.003 -18"><span class='ocrx_word' id='word_1_106' title='bbox 288 2228 441 2283; x_wconf 84' lang='grc' dir='ltr'><strong>ματα</strong></span> <span class='ocrx_word' id='word_1_107' title='bbox 469 2209 701 2282; x_wconf 83' lang='grc' dir='ltr'><strong>ἐχούσῃ,</strong></span> <span class='ocrx_word' id='word_1_108' title='bbox 739 2208 922 2261; x_wconf 81' lang='grc' dir='ltr'><strong>πᾶσαν</strong></span> <span class='ocrx_word' id='word_1_109' title='bbox 967 2208 1068 2277; x_wconf 78' lang='grc' dir='ltr'><strong>μὲν</strong></span> <span class='ocrx_word' id='word_1_110' title='bbox 1109 2206 1281 2277; x_wconf 75' lang='grc' dir='ltr'><strong>αὐτὴν</strong></span> <span class='ocrx_word' id='word_1_111' title='bbox 1306 2206 1633 2278; x_wconf 80' lang='grc' dir='ltr'><strong>ἐξαντλῆσαι</strong></span> <span class='ocrx_word' id='word_1_112' title='bbox 1666 2210 1876 2278; x_wconf 88' lang='grc' dir='ltr'><strong>ἐπιχει-</strong></span> 
     </span>
    </p>
   </div>
   <div class='ocr_carea' id='block_1_21' title="bbox 287 2290 1878 2364">
    <p class='ocr_par' dir='ltr' id='par_1_21' title="bbox 287 2290 1878 2364">
     <span class='ocr_line' id='line_1_21' title="bbox 287 2290 1878 2364; baseline -0.001 -19"><span class='ocrx_word' id='word_1_113' title='bbox 287 2296 412 2364; x_wconf 84' lang='grc' dir='ltr'><strong>ροίη</strong></span> <span class='ocrx_word' id='word_1_114' title='bbox 433 2335 449 2361; x_wconf 87' lang='grc'><strong>,</strong></span> <span class='ocrx_word' id='word_1_115' title='bbox 487 2293 626 2364; x_wconf 87' lang='grc' dir='ltr'><strong>μετά</strong></span> <span class='ocrx_word' id='word_1_116' title='bbox 659 2291 717 2345; x_wconf 72' lang='grc' dir='ltr'><strong>δὲ</strong></span> <span class='ocrx_word' id='word_1_117' title='bbox 745 2290 838 2345; x_wconf 80' lang='grc' dir='ltr'><strong>τὸν</strong></span> <span class='ocrx_word' id='word_1_118' title='bbox 856 2290 1032 2343; x_wconf 80' lang='grc' dir='ltr'><strong>,πολὺν</strong></span> <span class='ocrx_word' id='word_1_119' title='bbox 1064 2292 1158 2344; x_wconf 81' lang='grc' dir='ltr'><strong>καὶ</strong></span> <span class='ocrx_word' id='word_1_120' title='bbox 1187 2290 1392 2359; x_wconf 75' lang='grc' dir='ltr'><strong>ἄφατον</strong></span> <span class='ocrx_word' id='word_1_121' title='bbox 1422 2290 1585 2345; x_wconf 82' lang='grc' dir='ltr'><strong>πόνον</strong></span> <span class='ocrx_word' id='word_1_122' title='bbox 1625 2291 1687 2343; x_wconf 81' lang='grc' dir='ltr'><strong>τὸ</strong></span> <span class='ocrx_word' id='word_1_123' title='bbox 1715 2290 1878 2344; x_wconf 84' lang='grc' dir='ltr'><strong>πλέον</strong></span> 
     </span>
    </p>
   </div>
   <div class='ocr_carea' id='block_1_22' title="bbox 286 2372 1880 2448">
    <p class='ocr_par' dir='ltr' id='par_1_22' title="bbox 286 2372 1880 2448">
     <span class='ocr_line' id='line_1_22' title="bbox 286 2372 1880 2448; baseline -0.002 -18"><span class='ocrx_word' id='word_1_124' title='bbox 286 2380 451 2445; x_wconf 79' lang='grc' dir='ltr'><strong>ἀφεὶς</strong></span> <span class='ocrx_word' id='word_1_125' title='bbox 493 2374 740 2447; x_wconf 62' lang='grc' dir='ltr'><strong>ἀπέλθοι,</strong></span> <span class='ocrx_word' id='word_1_126' title='bbox 774 2373 969 2444; x_wconf 82' lang='grc' dir='ltr'><strong>Πηγῆς</strong></span> <span class='ocrx_word' id='word_1_127' title='bbox 996 2373 1106 2444; x_wconf 87' lang='grc' dir='ltr'><strong>γὰρ</strong></span> <span class='ocrx_word' id='word_1_128' title='bbox 1143 2374 1268 2427; x_wconf 81' lang='grc' dir='ltr'><strong>ὅσον</strong></span> <span class='ocrx_word' id='word_1_129' title='bbox 1313 2372 1379 2428; x_wconf 82' lang='grc' dir='ltr'><strong>ἀν</strong></span> <span class='ocrx_word' id='word_1_130' title='bbox 1414 2373 1751 2448; x_wconf 67' lang='grc' dir='ltr'><strong>ἐξαντλήσῃς</strong></span> <span class='ocrx_word' id='word_1_131' title='bbox 1775 2419 1789 2441; x_wconf 91' lang='grc'><strong>,</strong></span> <span class='ocrx_word' id='word_1_132' title='bbox 1817 2374 1880 2427; x_wconf 80' lang='grc' dir='ltr'><strong>τὸ</strong></span> 
     </span>
    </p>
   </div>
   <div class='ocr_carea' id='block_1_23' title="bbox 286 2454 1880 2530">
    <p class='ocr_par' dir='ltr' id='par_1_23' title="bbox 286 2454 1880 2530">
     <span class='ocr_line' id='line_1_23' title="bbox 286 2454 1880 2530; baseline -0.001 -16"><span class='ocrx_word' id='word_1_133' title='bbox 286 2459 457 2513; x_wconf 84' lang='grc' dir='ltr'><strong>πλέον</strong></span> <span class='ocrx_word' id='word_1_134' title='bbox 498 2458 875 2514; x_wconf 86' lang='grc' dir='ltr'><strong>ἀπολείπεται.</strong></span> <span class='ocrx_word' id='word_1_135' title='bbox 931 2457 994 2510; x_wconf 87' lang='grc' dir='ltr'><strong>Τί</strong></span> <span class='ocrx_word' id='word_1_136' title='bbox 1034 2454 1160 2525; x_wconf 82' lang='grc' dir='ltr'><strong>οῦν;</strong></span> <span class='ocrx_word' id='word_1_137' title='bbox 1202 2458 1391 2530; x_wconf 79' lang='grc' dir='ltr'><strong>ἐπειδὴ</strong></span> <span class='ocrx_word' id='word_1_138' title='bbox 1432 2459 1503 2511; x_wconf 85' lang='grc' dir='ltr'><strong>τὰ</strong></span> <span class='ocrx_word' id='word_1_139' title='bbox 1533 2460 1671 2512; x_wconf 75' lang='grc' dir='ltr'><strong>’κατ’</strong></span> <span class='ocrx_word' id='word_1_140' title='bbox 1722 2458 1880 2523; x_wconf 86' lang='grc' dir='ltr'><strong>ἀξίαν</strong></span> 
     </span>
    </p>
   </div>
   <div class='ocr_carea' id='block_1_24' title="bbox 286 2540 1876 2614">
    <p class='ocr_par' dir='ltr' id='par_1_24' title="bbox 286 2540 1876 2614">
     <span class='ocr_line' id='line_1_24' title="bbox 286 2540 1876 2614; baseline -0.001 -18"><span class='ocrx_word' id='word_1_141' title='bbox 286 2544 623 2611; x_wconf 66' lang='grc' dir='ltr'><strong>εἰσενεγκεῖν</strong></span> <span class='ocrx_word' id='word_1_142' title='bbox 682 2543 745 2596; x_wconf 79' lang='grc' dir='ltr'><strong>οὐ</strong></span> <span class='ocrx_word' id='word_1_143' title='bbox 806 2540 1084 2612; x_wconf 82' lang='grc' dir='ltr'><strong>δυνάμεθα</strong></span> <span class='ocrx_word' id='word_1_144' title='bbox 1110 2582 1125 2606; x_wconf 92' lang='grc'><strong>,</strong></span> <span class='ocrx_word' id='word_1_145' title='bbox 1196 2544 1530 2613; x_wconf 87' lang='grc' dir='ltr'><strong>σιγήσομεν;</strong></span> <span class='ocrx_word' id='word_1_146' title='bbox 1586 2542 1876 2614; x_wconf 76' lang='grc' dir='ltr'><strong>Οὐδαμῶς.</strong></span> 
     </span>
    </p>
   </div>
   <div class='ocr_carea' id='block_1_25' title="bbox 290 2625 1881 2698">
    <p class='ocr_par' dir='ltr' id='par_1_25' title="bbox 290 2625 1881 2698">
     <span class='ocr_line' id='line_1_25' title="bbox 290 2625 1881 2698; baseline 0.001 -19"><span class='ocrx_word' id='word_1_147' title='bbox 290 2625 589 2698; x_wconf 77' lang='grc' dir='ltr'><strong>Μάρτυρες</strong></span> <span class='ocrx_word' id='word_1_148' title='bbox 618 2626 729 2695; x_wconf 84' lang='grc' dir='ltr'><strong>γάρ</strong></span> <span class='ocrx_word' id='word_1_149' title='bbox 758 2627 896 2678; x_wconf 74' lang='grc' dir='ltr'><strong>εἰσιν</strong></span> <span class='ocrx_word' id='word_1_150' title='bbox 924 2627 973 2678; x_wconf 74' lang='lat' dir='ltr'><strong>oi</strong></span> <span class='ocrx_word' id='word_1_151' title='bbox 1006 2627 1073 2677; x_wconf 76' lang='grc' dir='ltr'><strong>τὰ</strong></span> <span class='ocrx_word' id='word_1_152' title='bbox 1128 2625 1277 2698; x_wconf 87' lang='grc' dir='ltr'><strong>δῶρα</strong></span> <span class='ocrx_word' id='word_1_153' title='bbox 1313 2626 1618 2696; x_wconf 82' lang='grc' dir='ltr'><strong>δεχόμενοι,</strong></span> <span class='ocrx_word' id='word_1_154' title='bbox 1655 2628 1751 2681; x_wconf 75' lang='grc' dir='ltr'><strong>καὶ</strong></span> <span class='ocrx_word' id='word_1_155' title='bbox 1787 2628 1881 2681; x_wconf 83' lang='grc' dir='ltr'><strong>τὸν</strong></span> 
     </span>
    </p>
   </div>
   <div class='ocr_carea' id='block_1_26' title="bbox 289 2707 1881 2780">
    <p class='ocr_par' dir='ltr' id='par_1_26' title="bbox 289 2707 1881 2780">
     <span class='ocr_line' id='line_1_26' title="bbox 289 2707 1881 2780; baseline 0.001 -17"><span class='ocrx_word' id='word_1_156' title='bbox 289 2710 504 2763; x_wconf 71' lang='grc' dir='ltr'><strong>ἑαυτῶν</strong></span> <span class='ocrx_word' id='word_1_157' title='bbox 530 2709 810 2780; x_wconf 80' lang='grc' dir='ltr'><strong>Δεσπότην</strong></span> <span class='ocrx_word' id='word_1_158' title='bbox 839 2707 1134 2779; x_wconf 78' lang='grc' dir='ltr'><strong>μιμοῦνται</strong></span> <span class='ocrx_word' id='word_1_159' title='bbox 1161 2710 1217 2761; x_wconf 93' lang='grc' dir='ltr'><strong>ἐν</strong></span> <span class='ocrx_word' id='word_1_160' title='bbox 1242 2712 1309 2779; x_wconf 77' lang='grc' dir='ltr'><strong>τῇ</strong></span> <span class='ocrx_word' id='word_1_161' title='bbox 1341 2709 1522 2780; x_wconf 89' lang='grc' dir='ltr'><strong>κρίσει</strong></span> <span class='ocrx_word' id='word_1_162' title='bbox 1568 2711 1670 2780; x_wconf 82' lang='grc' dir='ltr'><strong>τῆς</strong></span> <span class='ocrx_word' id='word_1_163' title='bbox 1696 2709 1881 2764; x_wconf 85' lang='grc' dir='ltr'><strong>τοιαύ-</strong></span> 
     </span>
    </p>
   </div>
   <div class='ocr_carea' id='block_1_27' title="bbox 290 2791 1884 2863">
    <p class='ocr_par' dir='ltr' id='par_1_27' title="bbox 290 2791 1884 2863">
     <span class='ocr_line' id='line_1_27' title="bbox 290 2791 1884 2863; baseline -0.002 -15"><span class='ocrx_word' id='word_1_164' title='bbox 290 2811 394 2863; x_wconf 77' lang='grc' dir='ltr'><strong>της</strong></span> <span class='ocrx_word' id='word_1_165' title='bbox 438 2792 775 2863; x_wconf 82' lang='grc' dir='ltr'><strong>φιλοτιμίας.</strong></span> <span class='ocrx_word' id='word_1_166' title='bbox 826 2791 951 2854; x_wconf 85' lang='grc' dir='ltr'><strong>Πῶς</strong></span> <span class='ocrx_word' id='word_1_167' title='bbox 994 2792 1051 2844; x_wconf 85' lang='grc' dir='ltr'><strong>δὲ</strong></span> <span class='ocrx_word' id='word_1_168' title='bbox 1094 2793 1304 2855; x_wconf 83' lang='grc' dir='ltr'><strong>ἐκεῖνος</strong></span> <span class='ocrx_word' id='word_1_169' title='bbox 1350 2795 1522 2853; x_wconf 74' lang='grc' dir='ltr'><strong>ποιεῖς</strong></span> <span class='ocrx_word' id='word_1_170' title='bbox 1571 2793 1741 2847; x_wconf 82' lang='grc' dir='ltr'><strong>Ὅταν</strong></span> <span class='ocrx_word' id='word_1_171' title='bbox 1797 2809 1884 2856; x_wconf 90' lang='grc' dir='ltr'><strong>τις</strong></span> 
     </span>
    </p>
   </div>
   <div class='ocr_carea' id='block_1_28' title="bbox 296 2873 1885 2948">
    <p class='ocr_par' dir='ltr' id='par_1_28' title="bbox 296 2873 1885 2948">
     <span class='ocr_line' id='line_1_28' title="bbox 296 2873 1885 2948; baseline 0.001 -19"><span class='ocrx_word' id='word_1_172' title='bbox 296 2875 643 2948; x_wconf 69' lang='grc' dir='ltr'><strong>προσενέγκῃ</strong></span> <span class='ocrx_word' id='word_1_173' title='bbox 677 2875 859 2947; x_wconf 87' lang='grc' dir='ltr'><strong>δῶρα,</strong></span> <span class='ocrx_word' id='word_1_174' title='bbox 894 2875 956 2927; x_wconf 79' lang='grc' dir='ltr'><strong>οὐ</strong></span> <span class='ocrx_word' id='word_1_175' title='bbox 981 2873 1060 2946; x_wconf 79' lang='grc' dir='ltr'><strong>τῷ</strong></span> <span class='ocrx_word' id='word_1_176' title='bbox 1091 2875 1313 2946; x_wconf 80' lang='grc' dir='ltr'><strong>μεγέθει</strong></span> <span class='ocrx_word' id='word_1_177' title='bbox 1356 2875 1451 2929; x_wconf 89' lang='grc' dir='ltr'><strong>τοῦ</strong></span> <span class='ocrx_word' id='word_1_178' title='bbox 1490 2877 1885 2948; x_wconf 68' lang='grc' dir='ltr'><strong>προσενεχθέν-</strong></span> 
     </span>
    </p>
   </div>
   <div class='ocr_carea' id='block_1_29' title="bbox 292 2957 1883 3031">
    <p class='ocr_par' dir='ltr' id='par_1_29' title="bbox 292 2957 1883 3031">
     <span class='ocr_line' id='line_1_29' title="bbox 292 2957 1883 3031; baseline 0.001 -19"><span class='ocrx_word' id='word_1_179' title='bbox 292 2975 422 3025; x_wconf 86' lang='grc' dir='ltr'><strong>τος,</strong></span> <span class='ocrx_word' id='word_1_180' title='bbox 456 2958 592 3012; x_wconf 86' lang='grc' dir='ltr'><strong>ἀλλά</strong></span> <span class='ocrx_word' id='word_1_181' title='bbox 636 2960 703 3029; x_wconf 78' lang='grc' dir='ltr'><strong>τῇ</strong></span> <span class='ocrx_word' id='word_1_182' title='bbox 745 2957 1025 3030; x_wconf 79' lang='grc' dir='ltr'><strong>προθυμίᾳ</strong></span> <span class='ocrx_word' id='word_1_183' title='bbox 1062 2957 1155 3011; x_wconf 90' lang='grc' dir='ltr'><strong>τοῦ</strong></span> <span class='ocrx_word' id='word_1_184' title='bbox 1193 2960 1662 3029; x_wconf 52' lang='grc' dir='ltr'><strong>προσενὴκαντος</strong></span> <span class='ocrx_word' id='word_1_185' title='bbox 1710 2978 1883 3031; x_wconf 79' lang='grc' dir='ltr'><strong>προσ-</strong></span> 
     </span>
    </p>
   </div>
   <div class='ocr_carea' id='block_1_30' title="bbox 294 3040 1884 3115">
    <p class='ocr_par' dir='ltr' id='par_1_30' title="bbox 294 3040 1884 3115">
     <span class='ocr_line' id='line_1_30' title="bbox 294 3040 1884 3115; baseline 0.004 -24"><span class='ocrx_word' id='word_1_186' title='bbox 294 3042 439 3111; x_wconf 77' lang='grc' dir='ltr'><strong>έχων</strong></span> <span class='ocrx_word' id='word_1_187' title='bbox 486 3043 683 3111; x_wconf 83' lang='grc' dir='ltr'><strong>μετρεί</strong></span> <span class='ocrx_word' id='word_1_188' title='bbox 708 3040 808 3111; x_wconf 78' lang='grc' dir='ltr'><strong>τήν</strong></span> <span class='ocrx_word' id='word_1_189' title='bbox 835 3040 1127 3096; x_wconf 83' lang='grc' dir='ltr'><strong>ἀντίδοσιν.</strong></span> <span class='ocrx_word' id='word_1_190' title='bbox 1159 3041 1347 3106; x_wconf 75' lang='grc' dir='ltr'><strong>Οὕτως</strong></span> <span class='ocrx_word' id='word_1_191' title='bbox 1381 3043 1637 3114; x_wconf 86' lang='grc' dir='ltr'><strong>ἐποίησεν</strong></span> <span class='ocrx_word' id='word_1_192' title='bbox 1667 3045 1761 3097; x_wconf 77' lang='grc' dir='ltr'><strong>ἐπὶ</strong></span> <span class='ocrx_word' id='word_1_193' title='bbox 1785 3046 1884 3115; x_wconf 82' lang='grc' dir='ltr'><strong>τῆς</strong></span> 
     </span>
    </p>
   </div>
   <div class='ocr_carea' id='block_1_31' title="bbox 295 3123 1887 3198">
    <p class='ocr_par' dir='ltr' id='par_1_31' title="bbox 295 3123 1887 3198">
     <span class='ocr_line' id='line_1_31' title="bbox 295 3123 1887 3198; baseline 0.003 -21"><span class='ocrx_word' id='word_1_194' title='bbox 295 3126 474 3196; x_wconf 82' lang='grc' dir='ltr'><strong>χήρας</strong></span> <span class='ocrx_word' id='word_1_195' title='bbox 500 3125 719 3196; x_wconf 88' lang='grc' dir='ltr'><strong>ἐκείνης</strong></span> <span class='ocrx_word' id='word_1_196' title='bbox 740 3142 753 3156; x_wconf 78' lang='grc' dir='ltr'><strong>ο</strong></span> <span class='ocrx_word' id='word_1_197' title='bbox 798 3123 890 3177; x_wconf 83' lang='grc' dir='ltr'><strong>δύο</strong></span> <span class='ocrx_word' id='word_1_198' title='bbox 919 3123 1219 3180; x_wconf 86' lang='grc' dir='ltr'><strong>κατέϐαλεν</strong></span> <span class='ocrx_word' id='word_1_199' title='bbox 1255 3124 1479 3190; x_wconf 78' lang='grc' dir='ltr'><strong>ὀϐολοὺς</strong></span> <span class='ocrx_word' id='word_1_200' title='bbox 1511 3130 1543 3198; x_wconf 87' lang='grc' dir='ltr'><strong>ή</strong></span> <span class='ocrx_word' id='word_1_201' title='bbox 1590 3127 1724 3197; x_wconf 80' lang='grc' dir='ltr'><strong>γυνὴ</strong></span> <span class='ocrx_word' id='word_1_202' title='bbox 1746 3168 1759 3189; x_wconf 81' lang='grc'><strong>,</strong></span> <span class='ocrx_word' id='word_1_203' title='bbox 1792 3129 1887 3182; x_wconf 79' lang='grc' dir='ltr'><strong>καὶ</strong></span> 
     </span>
    </p>
   </div>
   <div class='ocr_carea' id='block_1_32' title="bbox 295 3206 1887 3282">
    <p class='ocr_par' dir='ltr' id='par_1_32' title="bbox 295 3206 1887 3282">
     <span class='ocr_line' id='line_1_32' title="bbox 295 3206 1887 3282; baseline -0.001 -20"><span class='ocrx_word' id='word_1_204' title='bbox 295 3207 641 3280; x_wconf 85' lang='grc' dir='ltr'><strong>προετιμήθη</strong></span> <span class='ocrx_word' id='word_1_205' title='bbox 673 3207 782 3261; x_wconf 88' lang='grc' dir='ltr'><strong>τῶν</strong></span> <span class='ocrx_word' id='word_1_206' title='bbox 806 3207 975 3262; x_wconf 81' lang='grc' dir='ltr'><strong>πολλά</strong></span> <span class='ocrx_word' id='word_1_207' title='bbox 1008 3206 1498 3279; x_wconf 86' lang='grc' dir='ltr'><strong>καταϐεϐληκότων</strong></span> <span class='ocrx_word' id='word_1_208' title='bbox 1520 3225 1533 3236; x_wconf 84' lang='grc'><strong>·</strong></span> <span class='ocrx_word' id='word_1_209' title='bbox 1562 3211 1624 3263; x_wconf 82' lang='grc' dir='ltr'><strong>οὐ</strong></span> <span class='ocrx_word' id='word_1_210' title='bbox 1649 3215 1758 3282; x_wconf 74' lang='grc' dir='ltr'><strong>γὰρ</strong></span> <span class='ocrx_word' id='word_1_211' title='bbox 1788 3211 1887 3280; x_wconf 77' lang='grc' dir='ltr'><strong>τὴν</strong></span> 
     </span>
    </p>
   </div>
   <div class='ocr_carea' id='block_1_33' title="bbox 295 3291 1887 3366">
    <p class='ocr_par' dir='ltr' id='par_1_33' title="bbox 295 3291 1887 3366">
     <span class='ocr_line' id='line_1_33' title="bbox 295 3291 1887 3366; baseline -0.001 -17"><span class='ocrx_word' id='word_1_212' title='bbox 295 3293 595 3365; x_wconf 65' lang='grc' dir='ltr'><strong>ῶιγότητα</strong></span> <span class='ocrx_word' id='word_1_213' title='bbox 625 3291 733 3345; x_wconf 90' lang='grc' dir='ltr'><strong>τῶν</strong></span> <span class='ocrx_word' id='word_1_214' title='bbox 766 3292 1090 3364; x_wconf 83' lang='grc' dir='ltr'><strong>χρημάτων,</strong></span> <span class='ocrx_word' id='word_1_215' title='bbox 1121 3292 1259 3346; x_wconf 85' lang='grc' dir='ltr'><strong>ἀλλὰ</strong></span> <span class='ocrx_word' id='word_1_216' title='bbox 1283 3292 1383 3364; x_wconf 77' lang='grc' dir='ltr'><strong>τήν</strong></span> <span class='ocrx_word' id='word_1_217' title='bbox 1412 3293 1761 3348; x_wconf 79' lang='grc' dir='ltr'><strong>πολυτέλειαν</strong></span> <span class='ocrx_word' id='word_1_218' title='bbox 1790 3297 1887 3366; x_wconf 80' lang='grc' dir='ltr'><strong>τῆς</strong></span> 
     </span>
    </p>
   </div>
   <div class='ocr_carea' id='block_1_34' title="bbox 299 3372 1890 3449">
    <p class='ocr_par' dir='ltr' id='par_1_34' title="bbox 299 3372 1890 3449">
     <span class='ocr_line' id='line_1_34' title="bbox 299 3372 1890 3449; baseline 0.003 -21"><span class='ocrx_word' id='word_1_219' title='bbox 299 3374 529 3449; x_wconf 73' lang='grc' dir='ltr'><strong>γνώμης</strong></span> <span class='ocrx_word' id='word_1_220' title='bbox 557 3372 697 3429; x_wconf 82' lang='grc' dir='ltr'><strong>εἶδεν</strong></span> <span class='ocrx_word' id='word_1_221' title='bbox 733 3376 761 3428; x_wconf 98' lang='lat'><strong>6</strong></span> <span class='ocrx_word' id='word_1_222' title='bbox 800 3376 931 3440; x_wconf 86' lang='grc' dir='ltr'><strong>Θεός</strong></span> <span class='ocrx_word' id='word_1_223' title='bbox 954 3394 965 3406; x_wconf 89' lang='grc'><strong>·</strong></span> <span class='ocrx_word' id='word_1_224' title='bbox 998 3376 1092 3429; x_wconf 77' lang='grc' dir='ltr'><strong>δύο</strong></span> <span class='ocrx_word' id='word_1_225' title='bbox 1121 3376 1300 3430; x_wconf 72' lang='grc' dir='ltr'><strong>ὀϐολοὶ</strong></span> <span class='ocrx_word' id='word_1_226' title='bbox 1328 3377 1396 3429; x_wconf 82' lang='grc' dir='ltr'><strong>τά</strong></span> <span class='ocrx_word' id='word_1_227' title='bbox 1424 3378 1530 3449; x_wconf 82' lang='grc' dir='ltr'><strong>χρή</strong></span> <span class='ocrx_word' id='word_1_228' title='bbox 1542 3377 1708 3447; x_wconf 77' lang='grc' dir='ltr'><strong>ματα,</strong></span> <span class='ocrx_word' id='word_1_229' title='bbox 1748 3380 1890 3433; x_wconf 82' lang='grc' dir='ltr'><strong>άλλά</strong></span> 
     </span>
    </p>
   </div>
   <div class='ocr_carea' id='block_1_35' title="bbox 305 3460 1889 3535">
    <p class='ocr_par' dir='ltr' id='par_1_35' title="bbox 305 3460 1889 3535">
     <span class='ocr_line' id='line_1_35' title="bbox 305 3460 1889 3535; baseline 0.003 -23"><span class='ocrx_word' id='word_1_230' title='bbox 305 3460 517 3531; x_wconf 81' lang='grc' dir='ltr'><strong>μυρίων</strong></span> <span class='ocrx_word' id='word_1_231' title='bbox 543 3461 748 3531; x_wconf 79' lang='grc' dir='ltr'><strong>χρυσοῦ</strong></span> <span class='ocrx_word' id='word_1_232' title='bbox 777 3460 1056 3515; x_wconf 80' lang='grc' dir='ltr'><strong>ταλάντων</strong></span> <span class='ocrx_word' id='word_1_233' title='bbox 1084 3460 1388 3533; x_wconf 89' lang='grc' dir='ltr'><strong>τιμιωτέρα</strong></span> <span class='ocrx_word' id='word_1_234' title='bbox 1417 3464 1449 3532; x_wconf 88' lang='grc' dir='ltr'><strong>ή</strong></span> <span class='ocrx_word' id='word_1_235' title='bbox 1475 3462 1692 3535; x_wconf 84' lang='grc' dir='ltr'><strong>γνώμη.</strong></span> <span class='ocrx_word' id='word_1_236' title='bbox 1712 3463 1889 3532; x_wconf 59' lang='grc' dir='ltr'><strong>’Λψώ-</strong></span> 
     </span>
    </p>
   </div>
   <div class='ocr_carea' id='block_1_36' title="bbox 304 3541 1891 3619">
    <p class='ocr_par' dir='ltr' id='par_1_36' title="bbox 304 3541 1891 3619">
     <span class='ocr_line' id='line_1_36' title="bbox 304 3541 1891 3619; baseline 0.003 -22"><span class='ocrx_word' id='word_1_237' title='bbox 304 3542 449 3610; x_wconf 87' lang='grc' dir='ltr'><strong>μεθα</strong></span> <span class='ocrx_word' id='word_1_238' title='bbox 476 3542 540 3613; x_wconf 84' lang='grc' dir='ltr'><strong>δὴ</strong></span> <span class='ocrx_word' id='word_1_239' title='bbox 570 3541 681 3595; x_wconf 87' lang='grc' dir='ltr'><strong>τῶν</strong></span> <span class='ocrx_word' id='word_1_240' title='bbox 720 3542 1013 3614; x_wconf 90' lang='grc' dir='ltr'><strong>ἐγκωμίων</strong></span> <span class='ocrx_word' id='word_1_241' title='bbox 1056 3542 1416 3616; x_wconf 70' lang='grc' dir='ltr'><strong>θαρροῦντες,</strong></span> <span class='ocrx_word' id='word_1_242' title='bbox 1465 3547 1560 3600; x_wconf 75' lang='grc' dir='ltr'><strong>καὶ</strong></span> <span class='ocrx_word' id='word_1_243' title='bbox 1594 3549 1732 3619; x_wconf 77' lang='grc' dir='ltr'><strong>ὅπερ</strong></span> <span class='ocrx_word' id='word_1_244' title='bbox 1766 3548 1891 3618; x_wconf 77' lang='grc' dir='ltr'><strong>χθὲς</strong></span> 
     </span>
    </p>
   </div>
   <div class='ocr_carea' id='block_1_37' title="bbox 303 3625 1891 3702">
    <p class='ocr_par' dir='ltr' id='par_1_37' title="bbox 303 3625 1891 3702">
     <span class='ocr_line' id='line_1_37' title="bbox 303 3625 1891 3702; baseline 0.004 -24"><span class='ocrx_word' id='word_1_245' title='bbox 303 3626 667 3695; x_wconf 88' lang='grc' dir='ltr'><strong>ἐποιήσαμεν,</strong></span> <span class='ocrx_word' id='word_1_246' title='bbox 684 3625 845 3679; x_wconf 90' lang='grc' dir='ltr'><strong>τοῦτο</strong></span> <span class='ocrx_word' id='word_1_247' title='bbox 867 3628 916 3679; x_wconf 86' lang='grc' dir='ltr'><strong>εί</strong></span> <span class='ocrx_word' id='word_1_248' title='bbox 937 3626 1087 3679; x_wconf 87' lang='grc' dir='ltr'><strong>δοκεῖ</strong></span> <span class='ocrx_word' id='word_1_249' title='bbox 1116 3627 1358 3696; x_wconf 78' lang='grc' dir='ltr'><strong>γενέσθω</strong></span> <span class='ocrx_word' id='word_1_250' title='bbox 1380 3630 1475 3682; x_wconf 81' lang='grc' dir='ltr'><strong>καὶ</strong></span> <span class='ocrx_word' id='word_1_251' title='bbox 1498 3627 1598 3683; x_wconf 92' lang='grc' dir='ltr'><strong>νῦν</strong></span> <span class='ocrx_word' id='word_1_252' title='bbox 1616 3646 1629 3661; x_wconf 75' lang='grc' dir='ltr'><strong>ο</strong></span> <span class='ocrx_word' id='word_1_253' title='bbox 1661 3631 1754 3683; x_wconf 75' lang='grc' dir='ltr'><strong>καὶ</strong></span> <span class='ocrx_word' id='word_1_254' title='bbox 1782 3630 1891 3702; x_wconf 80' lang='grc' dir='ltr'><strong>γάρ</strong></span> 
     </span>
    </p>
   </div>
   <div class='ocr_carea' id='block_1_38' title="bbox 304 3707 1893 3785">
    <p class='ocr_par' dir='ltr' id='par_1_38' title="bbox 304 3707 1893 3785">
     <span class='ocr_line' id='line_1_38' title="bbox 304 3707 1893 3785; baseline 0.006 -26"><span class='ocrx_word' id='word_1_255' title='bbox 304 3708 436 3777; x_wconf 69' lang='grc' dir='ltr'><strong>χθὲς</strong></span> <span class='ocrx_word' id='word_1_256' title='bbox 468 3708 566 3779; x_wconf 82' lang='grc' dir='ltr'><strong>τὴν</strong></span> <span class='ocrx_word' id='word_1_257' title='bbox 609 3707 823 3779; x_wconf 87' lang='grc' dir='ltr'><strong>μητέρα</strong></span> <span class='ocrx_word' id='word_1_258' title='bbox 874 3709 1244 3775; x_wconf 87' lang='grc' dir='ltr'><strong>ἀπολαϐόντες</strong></span> <span class='ocrx_word' id='word_1_259' title='bbox 1275 3714 1442 3782; x_wconf 90' lang='grc' dir='ltr'><strong>μόνην</strong></span> <span class='ocrx_word' id='word_1_260' title='bbox 1473 3715 1555 3777; x_wconf 87' lang='grc' dir='ltr'><strong>είς</strong></span> <span class='ocrx_word' id='word_1_261' title='bbox 1591 3714 1762 3785; x_wconf 79' lang='grc' dir='ltr'><strong>αὐτὴν</strong></span> <span class='ocrx_word' id='word_1_262' title='bbox 1801 3716 1893 3769; x_wconf 78' lang='grc' dir='ltr'><strong>τὸν</strong></span> 
     </span>
    </p>
   </div>
   <div class='ocr_carea' id='block_1_39' title="bbox 304 3789 1891 3870">
    <p class='ocr_par' dir='ltr' id='par_1_39' title="bbox 304 3789 1891 3870">
     <span class='ocr_line' id='line_1_39' title="bbox 304 3789 1891 3870; baseline 0.007 -29"><span class='ocrx_word' id='word_1_263' title='bbox 304 3789 466 3857; x_wconf 85' lang='grc' dir='ltr'><strong>λόγον</strong></span> <span class='ocrx_word' id='word_1_264' title='bbox 491 3790 849 3862; x_wconf 82' lang='grc' dir='ltr'><strong>ἀνηλώσαμεν</strong></span> <span class='ocrx_word' id='word_1_265' title='bbox 868 3808 882 3823; x_wconf 76' lang='grc' dir='ltr'><strong><em>ο</em></strong></span> <span class='ocrx_word' id='word_1_266' title='bbox 917 3792 1211 3864; x_wconf 77' lang='grc' dir='ltr'><strong>ἐποιοῦμεν</strong></span> <span class='ocrx_word' id='word_1_267' title='bbox 1238 3795 1294 3848; x_wconf 80' lang='grc' dir='ltr'><strong>δὲ</strong></span> <span class='ocrx_word' id='word_1_268' title='bbox 1337 3796 1499 3850; x_wconf 89' lang='grc' dir='ltr'><strong>τοῦτο</strong></span> <span class='ocrx_word' id='word_1_269' title='bbox 1531 3798 1631 3850; x_wconf 77' lang='grc' dir='ltr'><strong>οὐκ</strong></span> <span class='ocrx_word' id='word_1_270' title='bbox 1663 3799 1891 3870; x_wconf 83' lang='grc' dir='ltr'><strong>ἀποσχί-</strong></span> 
     </span>
    </p>
   </div>
   <div class='ocr_carea' id='block_1_40' title="bbox 309 3871 1894 3953">
    <p class='ocr_par' dir='ltr' id='par_1_40' title="bbox 309 3871 1894 3953">
     <span class='ocr_line' id='line_1_40' title="bbox 309 3871 1894 3953; baseline 0.008 -28"><span class='ocrx_word' id='word_1_271' title='bbox 309 3890 404 3927; x_wconf 89' lang='grc' dir='ltr'><strong>σαι</strong></span> <span class='ocrx_word' id='word_1_272' title='bbox 436 3871 752 3944; x_wconf 82' lang='grc' dir='ltr'><strong>βουλόμενοι</strong></span> <span class='ocrx_word' id='word_1_273' title='bbox 798 3874 896 3929; x_wconf 89' lang='grc' dir='ltr'><strong>τοῦ</strong></span> <span class='ocrx_word' id='word_1_274' title='bbox 928 3876 1093 3948; x_wconf 86' lang='grc' dir='ltr'><strong>χοροῦ</strong></span> <span class='ocrx_word' id='word_1_275' title='bbox 1141 3878 1250 3931; x_wconf 88' lang='grc' dir='ltr'><strong>τῶν</strong></span> <span class='ocrx_word' id='word_1_276' title='bbox 1294 3879 1501 3934; x_wconf 85' lang='grc' dir='ltr'><strong>παίδων</strong></span> <span class='ocrx_word' id='word_1_277' title='bbox 1542 3883 1735 3953; x_wconf 82' lang='grc' dir='ltr'><strong>αὐτὴν,</strong></span> <span class='ocrx_word' id='word_1_278' title='bbox 1776 3884 1894 3937; x_wconf 86' lang='grc' dir='ltr'><strong>ἀλλ’</strong></span> 
     </span>
    </p>
   </div>
   <div class='ocr_carea' id='block_1_41' title="bbox 309 3954 1897 4029">
    <p class='ocr_par' dir='ltr' id='par_1_41' title="bbox 309 3954 1897 4029">
     <span class='ocr_line' id='line_1_41' title="bbox 309 3954 1897 4029; baseline 0.008 -21"><span class='ocrx_word' id='word_1_279' title='bbox 309 3954 714 4029; x_wconf 81' lang='grc' dir='ltr'><strong>ἀσφαλέστερον</strong></span> <span class='ocrx_word' id='word_1_280' title='bbox 735 3958 869 4029; x_wconf 83' lang='grc' dir='ltr'><strong>ήμϊν</strong></span> <span class='ocrx_word' id='word_1_281' title='bbox 889 3962 1302 4015; x_wconf 82' lang='grc' dir='ltr'><strong>κατασκευάσαι</strong></span> <span class='ocrx_word' id='word_1_282' title='bbox 1328 3963 1420 4016; x_wconf 84' lang='grc' dir='ltr'><strong>τὸν</strong></span> <span class='ocrx_word' id='word_1_283' title='bbox 1448 3962 1677 4018; x_wconf 84' lang='grc' dir='ltr'><strong>πλοῦτον</strong></span> <span class='ocrx_word' id='word_1_284' title='bbox 1695 3981 1709 3996; x_wconf 89' lang='grc'><strong>·</strong></span> <span class='ocrx_word' id='word_1_285' title='bbox 1737 3965 1897 4021; x_wconf 88' lang='grc' dir='ltr'><strong>τοῦτο</strong></span> 
     </span>
    </p>
   </div>
   <div class='ocr_carea' id='block_1_42' title="bbox 307 4038 1897 4113">
    <p class='ocr_par' dir='ltr' id='par_1_42' title="bbox 307 4038 1897 4113">
     <span class='ocr_line' id='line_1_42' title="bbox 307 4038 1897 4113; baseline 0.006 -20"><span class='ocrx_word' id='word_1_286' title='bbox 307 4038 375 4109; x_wconf 74' lang='grc' dir='ltr'><strong>δὴ</strong></span> <span class='ocrx_word' id='word_1_287' title='bbox 404 4041 501 4094; x_wconf 73' lang='grc' dir='ltr'><strong>καὶ</strong></span> <span class='ocrx_word' id='word_1_288' title='bbox 537 4038 633 4093; x_wconf 89' lang='grc' dir='ltr'><strong>νῦν</strong></span> <span class='ocrx_word' id='word_1_289' title='bbox 666 4044 1012 4113; x_wconf 87' lang='grc' dir='ltr'><strong>ποιήσωμεν·</strong></span> <span class='ocrx_word' id='word_1_290' title='bbox 1039 4043 1136 4097; x_wconf 71' lang='grc' dir='ltr'><strong>ἕνα</strong></span> <span class='ocrx_word' id='word_1_291' title='bbox 1169 4044 1281 4098; x_wconf 87' lang='grc' dir='ltr'><strong>τῶν</strong></span> <span class='ocrx_word' id='word_1_292' title='bbox 1308 4046 1515 4099; x_wconf 83' lang='grc' dir='ltr'><strong>παίδων</strong></span> <span class='ocrx_word' id='word_1_293' title='bbox 1539 4047 1897 4103; x_wconf 86' lang='grc' dir='ltr'><strong>ἀποσπάσαν-</strong></span> 
     </span>
    </p>
   </div>
   <div class='ocr_carea' id='block_1_43' title="bbox 310 4126 1898 4204">
    <p class='ocr_par' dir='ltr' id='par_1_43' title="bbox 310 4126 1898 4204">
     <span class='ocr_line' id='line_1_43' title="bbox 310 4126 1898 4204; baseline 0.007 -26"><span class='ocrx_word' id='word_1_294' title='bbox 310 4142 425 4191; x_wconf 85' lang='grc' dir='ltr'><strong>τες,</strong></span> <span class='ocrx_word' id='word_1_295' title='bbox 481 4126 562 4191; x_wconf 86' lang='grc' dir='ltr'><strong>εἰς</strong></span> <span class='ocrx_word' id='word_1_296' title='bbox 601 4126 763 4181; x_wconf 81' lang='grc' dir='ltr'><strong>αὐτὸν</strong></span> <span class='ocrx_word' id='word_1_297' title='bbox 806 4128 963 4197; x_wconf 87' lang='grc' dir='ltr'><strong>ὀλίγα</strong></span> <span class='ocrx_word' id='word_1_298' title='bbox 1008 4129 1289 4200; x_wconf 72' lang='grc' dir='ltr'><strong>εἴπωμεν·</strong></span> <span class='ocrx_word' id='word_1_299' title='bbox 1338 4130 1469 4195; x_wconf 62' lang='grc' dir='ltr'><strong>δέοςς</strong></span> <span class='ocrx_word' id='word_1_300' title='bbox 1501 4132 1610 4203; x_wconf 72' lang='grc' dir='ltr'><strong>γάρ</strong></span> <span class='ocrx_word' id='word_1_301' title='bbox 1652 4134 1725 4204; x_wconf 91' lang='grc' dir='ltr'><strong>μή</strong></span> <span class='ocrx_word' id='word_1_302' title='bbox 1767 4152 1898 4189; x_wconf 82' lang='grc' dir='ltr'><strong>ποτε</strong></span> 
     </span>
    </p>
   </div>
   <div class='ocr_carea' id='block_1_44' title="bbox 311 4207 1900 4289">
    <p class='ocr_par' dir='ltr' id='par_1_44' title="bbox 311 4207 1900 4289">
     <span class='ocr_line' id='line_1_44' title="bbox 311 4207 1900 4289; baseline 0.006 -26"><span class='ocrx_word' id='word_1_303' title='bbox 311 4207 567 4282; x_wconf 82' lang='grc' dir='ltr'><strong>καθάπερ</strong></span> <span class='ocrx_word' id='word_1_304' title='bbox 618 4209 759 4264; x_wconf 86' lang='grc' dir='ltr'><strong>ἐπτά</strong></span> <span class='ocrx_word' id='word_1_305' title='bbox 814 4215 1088 4284; x_wconf 75' lang='grc' dir='ltr'><strong>ποταμοὶ,</strong></span> <span class='ocrx_word' id='word_1_306' title='bbox 1139 4216 1190 4267; x_wconf 92' lang='grc' dir='ltr'><strong>οί</strong></span> <span class='ocrx_word' id='word_1_307' title='bbox 1232 4214 1344 4269; x_wconf 83' lang='grc' dir='ltr'><strong>τῶν</strong></span> <span class='ocrx_word' id='word_1_308' title='bbox 1406 4217 1547 4269; x_wconf 81' lang='grc' dir='ltr'><strong>ἐτττά</strong></span> <span class='ocrx_word' id='word_1_309' title='bbox 1604 4218 1900 4289; x_wconf 84' lang='grc' dir='ltr'><strong>μαρτύρων</strong></span> 
     </span>
    </p>
   </div>
   <div class='ocr_carea' id='block_1_45' title="bbox 312 4292 1900 4370">
    <p class='ocr_par' dir='ltr' id='par_1_45' title="bbox 312 4292 1900 4370">
     <span class='ocr_line' id='line_1_45' title="bbox 312 4292 1900 4370; baseline 0.005 -24"><span class='ocrx_word' id='word_1_310' title='bbox 312 4295 529 4348; x_wconf 72' lang='grc' dir='ltr'><strong>ἔπαινοι</strong></span> <span class='ocrx_word' id='word_1_311' title='bbox 571 4293 917 4357; x_wconf 75' lang='grc' dir='ltr'><strong>συνελθόντες</strong></span> <span class='ocrx_word' id='word_1_312' title='bbox 941 4294 1141 4367; x_wconf 89' lang='grc' dir='ltr'><strong>ἀθρόον</strong></span> <span class='ocrx_word' id='word_1_313' title='bbox 1180 4298 1271 4352; x_wconf 81' lang='grc' dir='ltr'><strong>τὸν</strong></span> <span class='ocrx_word' id='word_1_314' title='bbox 1307 4297 1468 4366; x_wconf 82' lang='grc' dir='ltr'><strong>λόγον</strong></span> <span class='ocrx_word' id='word_1_315' title='bbox 1504 4300 1639 4370; x_wconf 85' lang='grc' dir='ltr'><strong>ήμῖν</strong></span> <span class='ocrx_word' id='word_1_316' title='bbox 1674 4292 1900 4354; x_wconf 79' lang='grc' dir='ltr'><strong>ἐπικλύ⁶</strong></span> 
     </span>
    </p>
   </div>
   <div class='ocr_carea' id='block_1_46' title="bbox 317 4374 1903 4452">
    <p class='ocr_par' dir='ltr' id='par_1_46' title="bbox 317 4374 1903 4452">
     <span class='ocr_line' id='line_1_46' title="bbox 317 4374 1903 4452; baseline 0.006 -23"><span class='ocrx_word' id='word_1_317' title='bbox 317 4392 506 4429; x_wconf 88' lang='grc' dir='ltr'><strong>σωσιν.</strong></span> <span class='ocrx_word' id='word_1_318' title='bbox 531 4374 740 4429; x_wconf 80' lang='grc' dir='ltr'><strong>Οὐκοῦν</strong></span> <span class='ocrx_word' id='word_1_319' title='bbox 765 4374 862 4428; x_wconf 75' lang='grc' dir='ltr'><strong>ἕνα</strong></span> <span class='ocrx_word' id='word_1_320' title='bbox 887 4377 996 4429; x_wconf 91' lang='grc' dir='ltr'><strong>τῶν</strong></span> <span class='ocrx_word' id='word_1_321' title='bbox 1024 4379 1325 4433; x_wconf 81' lang='grc' dir='ltr'><strong>νεανίσκων</strong></span> <span class='ocrx_word' id='word_1_322' title='bbox 1355 4380 1745 4452; x_wconf 84' lang='grc' dir='ltr'><strong>ἀπολάϐωμεν,</strong></span> <span class='ocrx_word' id='word_1_323' title='bbox 1781 4384 1903 4438; x_wconf 81' lang='grc' dir='ltr'><strong>οὑδέ</strong></span> 
     </span>
    </p>
   </div>
   <div class='ocr_carea' id='block_1_47' title="bbox 314 4458 1905 4534">
    <p class='ocr_par' dir='ltr' id='par_1_47' title="bbox 314 4458 1905 4534">
     <span class='ocr_line' id='line_1_47' title="bbox 314 4458 1905 4534; baseline 0.004 -21"><span class='ocrx_word' id='word_1_324' title='bbox 314 4459 507 4514; x_wconf 90' lang='grc' dir='ltr'><strong>τοῦτον</strong></span> <span class='ocrx_word' id='word_1_325' title='bbox 539 4458 931 4530; x_wconf 73' lang='grc' dir='ltr'><strong>ἀποσχίζοντες</strong></span> <span class='ocrx_word' id='word_1_326' title='bbox 962 4461 1056 4515; x_wconf 90' lang='grc' dir='ltr'><strong>τοῦ</strong></span> <span class='ocrx_word' id='word_1_327' title='bbox 1101 4462 1266 4534; x_wconf 82' lang='grc' dir='ltr'><strong>χοροῦ</strong></span> <span class='ocrx_word' id='word_1_328' title='bbox 1312 4462 1420 4516; x_wconf 88' lang='grc' dir='ltr'><strong>τῶν</strong></span> <span class='ocrx_word' id='word_1_329' title='bbox 1448 4464 1727 4534; x_wconf 75' lang='grc' dir='ltr'><strong>ἀδελφῶν,</strong></span> <span class='ocrx_word' id='word_1_330' title='bbox 1767 4466 1905 4521; x_wconf 86' lang='grc' dir='ltr'><strong>ἀλλά</strong></span> 
     </span>
    </p>
   </div>
   <div class='ocr_carea' id='block_1_48' title="bbox 316 4542 1905 4622">
    <p class='ocr_par' dir='ltr' id='par_1_48' title="bbox 316 4542 1905 4622">
     <span class='ocr_line' id='line_1_48' title="bbox 316 4542 1905 4622; baseline 0.003 -23"><span class='ocrx_word' id='word_1_331' title='bbox 316 4542 524 4612; x_wconf 79' lang='grc' dir='ltr'><strong>κοῦφον</strong></span> <span class='ocrx_word' id='word_1_332' title='bbox 567 4546 698 4615; x_wconf 79' lang='grc' dir='ltr'><strong>ἡμῖν</strong></span> <span class='ocrx_word' id='word_1_333' title='bbox 746 4545 1026 4609; x_wconf 89' lang='grc' dir='ltr'><strong>ποιοῦντες</strong></span> <span class='ocrx_word' id='word_1_334' title='bbox 1076 4547 1138 4600; x_wconf 83' lang='grc' dir='ltr'><strong>τὸ</strong></span> <span class='ocrx_word' id='word_1_335' title='bbox 1176 4548 1430 4618; x_wconf 83' lang='grc' dir='ltr'><strong>φορτίον·</strong></span> <span class='ocrx_word' id='word_1_336' title='bbox 1479 4549 1575 4603; x_wconf 78' lang='grc' dir='ltr'><strong>καὶ</strong></span> <span class='ocrx_word' id='word_1_337' title='bbox 1628 4550 1737 4622; x_wconf 77' lang='grc' dir='ltr'><strong>γὰρ</strong></span> <span class='ocrx_word' id='word_1_338' title='bbox 1782 4553 1905 4615; x_wconf 85' lang='grc' dir='ltr'><strong>ἐνὸς</strong></span> 
     </span>
    </p>
   </div>
   <div class='ocr_carea' id='block_1_49' title="bbox 316 4628 1905 4705">
    <p class='ocr_par' dir='ltr' id='par_1_49' title="bbox 316 4628 1905 4705">
     <span class='ocr_line' id='line_1_49' title="bbox 316 4628 1905 4705; baseline 0.005 -26"><span class='ocrx_word' id='word_1_339' title='bbox 316 4628 744 4698; x_wconf 79' lang='grc' dir='ltr'><strong>ἐπαινουμένου,</strong></span> <span class='ocrx_word' id='word_1_340' title='bbox 793 4630 968 4693; x_wconf 83' lang='grc' dir='ltr'><strong>κοινὸς</strong></span> <span class='ocrx_word' id='word_1_341' title='bbox 1034 4631 1130 4684; x_wconf 77' lang='grc' dir='ltr'><strong>καὶ</strong></span> <span class='ocrx_word' id='word_1_342' title='bbox 1180 4632 1288 4684; x_wconf 90' lang='grc' dir='ltr'><strong>τῶν</strong></span> <span class='ocrx_word' id='word_1_343' title='bbox 1340 4632 1514 4687; x_wconf 87' lang='grc' dir='ltr'><strong>ἀλλων</strong></span> <span class='ocrx_word' id='word_1_344' title='bbox 1560 4636 1589 4686; x_wconf 83' lang='grc' dir='ltr'>ὁ</span> <span class='ocrx_word' id='word_1_345' title='bbox 1644 4636 1905 4705; x_wconf 81' lang='grc' dir='ltr'><strong>στέφανος</strong></span> 
     </span>
    </p>
   </div>
   <div class='ocr_carea' id='block_1_50' title="bbox 319 4712 1907 4789">
    <p class='ocr_par' dir='ltr' id='par_1_50' title="bbox 319 4712 1907 4789">
     <span class='ocr_line' id='line_1_50' title="bbox 319 4712 1907 4789; baseline 0.004 -23"><span class='ocrx_word' id='word_1_346' title='bbox 319 4712 473 4766; x_wconf 74' lang='grc' dir='ltr'><strong>ἔσται</strong></span> <span class='ocrx_word' id='word_1_347' title='bbox 495 4754 510 4773; x_wconf 92' lang='grc'><strong>,</strong></span> <span class='ocrx_word' id='word_1_348' title='bbox 544 4713 667 4765; x_wconf 76' lang='grc' dir='ltr'><strong>ἐπεὶ</strong></span> <span class='ocrx_word' id='word_1_349' title='bbox 698 4714 792 4767; x_wconf 77' lang='grc' dir='ltr'><strong>καὶ</strong></span> <span class='ocrx_word' id='word_1_350' title='bbox 834 4713 944 4767; x_wconf 86' lang='grc' dir='ltr'><strong>τῶν</strong></span> <span class='ocrx_word' id='word_1_351' title='bbox 975 4713 1153 4768; x_wconf 72' lang='grc' dir='ltr'><strong>ἄθλων</strong></span> <span class='ocrx_word' id='word_1_352' title='bbox 1182 4716 1292 4768; x_wconf 86' lang='grc' dir='ltr'><strong>τῶν</strong></span> <span class='ocrx_word' id='word_1_353' title='bbox 1325 4717 1506 4770; x_wconf 81' lang='grc' dir='ltr'><strong>αὐτῶν</strong></span> <span class='ocrx_word' id='word_1_354' title='bbox 1540 4717 1907 4789; x_wconf 73' lang='grc' dir='ltr'><strong>ἐκοινώνησαν</strong></span> 
     </span>
    </p>
   </div>
   <div class='ocr_carea' id='block_1_51' title="bbox 321 4796 1907 4873">
    <p class='ocr_par' dir='ltr' id='par_1_51' title="bbox 321 4796 1907 4873">
     <span class='ocr_line' id='line_1_51' title="bbox 321 4796 1907 4873; baseline 0.001 -22"><span class='ocrx_word' id='word_1_355' title='bbox 321 4798 583 4859; x_wconf 75' lang='grc' dir='ltr'><strong>ἅπαντες.</strong></span> <span class='ocrx_word' id='word_1_356' title='bbox 622 4796 845 4860; x_wconf 80' lang='grc' dir='ltr'><strong>Πάντως</strong></span> <span class='ocrx_word' id='word_1_357' title='bbox 888 4796 947 4849; x_wconf 84' lang='grc' dir='ltr'><strong>δέ</strong></span> <span class='ocrx_word' id='word_1_358' title='bbox 984 4798 1429 4853; x_wconf 81' lang='grc' dir='ltr'><strong>ἐπεισελεύσεται</strong></span> <span class='ocrx_word' id='word_1_359' title='bbox 1474 4803 1606 4871; x_wconf 85' lang='grc' dir='ltr'><strong>ήμίν</strong></span> <span class='ocrx_word' id='word_1_360' title='bbox 1644 4804 1677 4871; x_wconf 89' lang='grc' dir='ltr'><strong>ή</strong></span> <span class='ocrx_word' id='word_1_361' title='bbox 1724 4803 1907 4873; x_wconf 84' lang='grc' dir='ltr'><strong>μήτηρ</strong></span> 
     </span>
    </p>
   </div>
   <div class='ocr_carea' id='block_1_52' title="bbox 321 4878 1905 4953">
    <p class='ocr_par' dir='ltr' id='par_1_52' title="bbox 321 4878 1905 4953">
     <span class='ocr_line' id='line_1_52' title="bbox 321 4878 1905 4953; baseline 0.003 -21"><span class='ocrx_word' id='word_1_362' title='bbox 321 4880 418 4932; x_wconf 75' lang='grc' dir='ltr'><strong>καὶ</strong></span> <span class='ocrx_word' id='word_1_363' title='bbox 447 4881 687 4949; x_wconf 83' lang='grc' dir='ltr'><strong>σήμερον</strong></span> <span class='ocrx_word' id='word_1_364' title='bbox 709 4918 723 4941; x_wconf 93' lang='grc'><strong>,</strong></span> <span class='ocrx_word' id='word_1_365' title='bbox 755 4878 857 4931; x_wconf 83' lang='grc' dir='ltr'><strong>κᾶν</strong></span> <span class='ocrx_word' id='word_1_366' title='bbox 894 4878 970 4949; x_wconf 82' lang='grc' dir='ltr'><strong>μὴ</strong></span> <span class='ocrx_word' id='word_1_367' title='bbox 1000 4880 1169 4951; x_wconf 76' lang='grc' dir='ltr'><strong>αὐτῆς</strong></span> <span class='ocrx_word' id='word_1_368' title='bbox 1201 4880 1534 4952; x_wconf 80' lang='grc' dir='ltr'><strong>ἁπτώμεθα·</strong></span> <span class='ocrx_word' id='word_1_369' title='bbox 1572 4884 1605 4952; x_wconf 89' lang='grc' dir='ltr'><strong>ή</strong></span> <span class='ocrx_word' id='word_1_370' title='bbox 1636 4883 1744 4953; x_wconf 79' lang='grc' dir='ltr'><strong>γὰρ</strong></span> <span class='ocrx_word' id='word_1_371' title='bbox 1774 4886 1905 4937; x_wconf 87' lang='grc' dir='ltr'><strong>ἀκο-</strong></span> 
     </span>
    </p>
   </div>
   <div class='ocr_carea' id='block_1_53' title="bbox 321 4960 1908 5033">
    <p class='ocr_par' dir='ltr' id='par_1_53' title="bbox 321 4960 1908 5033">
     <span class='ocr_line' id='line_1_53' title="bbox 321 4960 1908 5033; baseline 0.003 -18"><span class='ocrx_word' id='word_1_372' title='bbox 321 4961 513 5027; x_wconf 80' lang='grc' dir='ltr'><strong>λουθία</strong></span> <span class='ocrx_word' id='word_1_373' title='bbox 559 4960 727 5033; x_wconf 75' lang='grc' dir='ltr'><strong>αὐτὴν</strong></span> <span class='ocrx_word' id='word_1_374' title='bbox 764 4962 873 5015; x_wconf 91' lang='grc' dir='ltr'><strong>τῶν</strong></span> <span class='ocrx_word' id='word_1_375' title='bbox 901 4962 1076 5030; x_wconf 89' lang='grc' dir='ltr'><strong>λόγων</strong></span> <span class='ocrx_word' id='word_1_376' title='bbox 1116 4963 1481 5017; x_wconf 78' lang='grc' dir='ltr'><strong>ἐπισπάσεται</strong></span> <span class='ocrx_word' id='word_1_377' title='bbox 1521 4964 1774 5031; x_wconf 86' lang='grc' dir='ltr'><strong>πάντως,</strong></span> <span class='ocrx_word' id='word_1_378' title='bbox 1813 4967 1908 5019; x_wconf 71' lang='grc' dir='ltr'><strong>καὶ</strong></span> 
     </span>
    </p>
   </div>
   <div class='ocr_carea' id='block_1_54' title="bbox 322 5044 1909 5119">
    <p class='ocr_par' dir='ltr' id='par_1_54' title="bbox 322 5044 1909 5119">
     <span class='ocr_line' id='line_1_54' title="bbox 322 5044 1909 5119; baseline 0.001 -18"><span class='ocrx_word' id='word_1_379' title='bbox 322 5048 428 5101; x_wconf 77' lang='grc' dir='ltr'><strong>οὐκ</strong></span> <span class='ocrx_word' id='word_1_380' title='bbox 457 5044 706 5109; x_wconf 85' lang='grc' dir='ltr'><strong>ἀνέξεται</strong></span> <span class='ocrx_word' id='word_1_381' title='bbox 731 5046 949 5115; x_wconf 80' lang='grc' dir='ltr'><strong>ἀφεῖναι</strong></span> <span class='ocrx_word' id='word_1_382' title='bbox 982 5045 1052 5099; x_wconf 84' lang='grc' dir='ltr'><strong>τά</strong></span> <span class='ocrx_word' id='word_1_383' title='bbox 1085 5046 1274 5100; x_wconf 89' lang='grc' dir='ltr'><strong>παιδία</strong></span> <span class='ocrx_word' id='word_1_384' title='bbox 1291 5063 1306 5079; x_wconf 80' lang='grc' dir='ltr'><strong>ο</strong></span> <span class='ocrx_word' id='word_1_385' title='bbox 1331 5049 1380 5100; x_wconf 90' lang='grc' dir='ltr'><strong>εί</strong></span> <span class='ocrx_word' id='word_1_386' title='bbox 1406 5048 1515 5117; x_wconf 80' lang='grc' dir='ltr'><strong>γὰρ</strong></span> <span class='ocrx_word' id='word_1_387' title='bbox 1543 5051 1600 5101; x_wconf 90' lang='grc' dir='ltr'><strong>ἐν</strong></span> <span class='ocrx_word' id='word_1_388' title='bbox 1626 5051 1739 5113; x_wconf 84' lang='grc' dir='ltr'><strong>τοῖς</strong></span> <span class='ocrx_word' id='word_1_389' title='bbox 1767 5051 1909 5119; x_wconf 69' lang='grc' dir='ltr'><strong>ἀνγῶ-</strong></span> 
     </span>
    </p>
   </div>
   <div class='ocr_carea' id='block_1_55' title="bbox 326 5126 1907 5203">
    <p class='ocr_par' dir='ltr' id='par_1_55' title="bbox 326 5126 1907 5203">
     <span class='ocr_line' id='line_1_55' title="bbox 326 5126 1907 5203; baseline 0 -19"><span class='ocrx_word' id='word_1_390' title='bbox 326 5146 415 5184; x_wconf 90' lang='grc' dir='ltr'><strong>σιν</strong></span> <span class='ocrx_word' id='word_1_391' title='bbox 436 5129 536 5181; x_wconf 75' lang='grc' dir='ltr'><strong>οὐκ</strong></span> <span class='ocrx_word' id='word_1_392' title='bbox 557 5126 770 5197; x_wconf 81' lang='grc' dir='ltr'><strong>ἀπέστη</strong></span> <span class='ocrx_word' id='word_1_393' title='bbox 798 5127 909 5181; x_wconf 90' lang='grc' dir='ltr'><strong>τῶν</strong></span> <span class='ocrx_word' id='word_1_394' title='bbox 940 5128 1204 5196; x_wconf 86' lang='grc' dir='ltr'><strong>ἐκγόνων,</strong></span> <span class='ocrx_word' id='word_1_395' title='bbox 1230 5129 1351 5182; x_wconf 75' lang='grc' dir='ltr'><strong>οὐδὲ</strong></span> <span class='ocrx_word' id='word_1_396' title='bbox 1380 5131 1437 5181; x_wconf 84' lang='grc' dir='ltr'><strong>ἐν</strong></span> <span class='ocrx_word' id='word_1_397' title='bbox 1467 5132 1581 5193; x_wconf 79' lang='grc' dir='ltr'><strong>τοῖς</strong></span> <span class='ocrx_word' id='word_1_398' title='bbox 1608 5131 1907 5203; x_wconf 80' lang='grc' dir='ltr'><strong>ἐγκωμίοις</strong></span> 
     </span>
    </p>
   </div>
   <div class='ocr_carea' id='block_1_56' title="bbox 327 5209 814 5277">
    <p class='ocr_par' dir='ltr' id='par_1_56' title="bbox 327 5209 814 5277">
     <span class='ocr_line' id='line_1_56' title="bbox 327 5209 814 5277; baseline -0.008 -12"><span class='ocrx_word' id='word_1_399' title='bbox 327 5210 512 5265; x_wconf 82' lang='grc' dir='ltr'><strong>αὐτῶν</strong></span> <span class='ocrx_word' id='word_1_400' title='bbox 537 5209 814 5277; x_wconf 78' lang='grc' dir='ltr'><strong>ἀφέξεται.</strong></span> 
     </span>
    </p>
   </div>
   <div class='ocr_carea' id='block_1_57' title="bbox 405 5289 1907 5367">
    <p class='ocr_par' dir='ltr' id='par_1_57' title="bbox 405 5289 1907 5367">
     <span class='ocr_line' id='line_1_57' title="bbox 405 5289 1907 5367; baseline 0.001 -19"><span class='ocrx_word' id='word_1_401' title='bbox 405 5294 539 5348; x_wconf 87' lang='grc' dir='ltr'><strong>Τίνα</strong></span> <span class='ocrx_word' id='word_1_402' title='bbox 556 5289 651 5347; x_wconf 80' lang='grc' dir='ltr'><strong>οὖν</strong></span> <span class='ocrx_word' id='word_1_403' title='bbox 670 5293 922 5363; x_wconf 85' lang='grc' dir='ltr'><strong>βούλεσθε</strong></span> <span class='ocrx_word' id='word_1_404' title='bbox 941 5294 1049 5347; x_wconf 89' lang='grc' dir='ltr'><strong>τῶν</strong></span> <span class='ocrx_word' id='word_1_405' title='bbox 1070 5294 1213 5348; x_wconf 86' lang='grc' dir='ltr'><strong>ἐπτά</strong></span> <span class='ocrx_word' id='word_1_406' title='bbox 1242 5295 1605 5366; x_wconf 80' lang='grc' dir='ltr'><strong>ἀπολάϐωμεν</strong></span> <span class='ocrx_word' id='word_1_407' title='bbox 1629 5295 1875 5367; x_wconf 89' lang='grc' dir='ltr'><strong>ἀθλητῶν</strong></span> <span class='ocrx_word' id='word_1_408' title='bbox 1892 5315 1907 5362; x_wconf 77' lang='grc' dir='ltr'><strong>ς</strong></span> 
     </span>
    </p>
   </div>
   <div class='ocr_carea' id='block_1_58' title="bbox 330 5376 1909 5451">
    <p class='ocr_par' dir='ltr' id='par_1_58' title="bbox 330 5376 1909 5451">
     <span class='ocr_line' id='line_1_58' title="bbox 330 5376 1909 5451; baseline -0.002 -17"><span class='ocrx_word' id='word_1_409' title='bbox 330 5377 483 5450; x_wconf 75' lang='grc' dir='ltr'><strong>Ἀρα</strong></span> <span class='ocrx_word' id='word_1_410' title='bbox 510 5377 601 5430; x_wconf 81' lang='grc' dir='ltr'><strong>τὸν</strong></span> <span class='ocrx_word' id='word_1_411' title='bbox 629 5376 865 5448; x_wconf 87' lang='grc' dir='ltr'><strong>πρῶτον,</strong></span> <span class='ocrx_word' id='word_1_412' title='bbox 908 5379 940 5449; x_wconf 74' lang='grc' dir='ltr'>ἢ</span> <span class='ocrx_word' id='word_1_413' title='bbox 975 5378 1067 5431; x_wconf 87' lang='grc' dir='ltr'><strong>τὸν</strong></span> <span class='ocrx_word' id='word_1_414' title='bbox 1101 5378 1374 5448; x_wconf 85' lang='grc' dir='ltr'><strong>δεύτερον,</strong></span> <span class='ocrx_word' id='word_1_415' title='bbox 1424 5379 1456 5449; x_wconf 76' lang='grc' dir='ltr'>ἢ</span> <span class='ocrx_word' id='word_1_416' title='bbox 1505 5380 1597 5431; x_wconf 74' lang='grc' dir='ltr'><strong>τὸν</strong></span> <span class='ocrx_word' id='word_1_417' title='bbox 1631 5380 1834 5450; x_wconf 86' lang='grc' dir='ltr'><strong>τρίτον,</strong></span> <span class='ocrx_word' id='word_1_418' title='bbox 1876 5380 1909 5451; x_wconf 76' lang='grc' dir='ltr'>ἢ</span> 
     </span>
    </p>
   </div>
   <div class='ocr_carea' id='block_1_59' title="bbox 328 5457 1914 5532">
    <p class='ocr_par' dir='ltr' id='par_1_59' title="bbox 328 5457 1914 5532">
     <span class='ocr_line' id='line_1_59' title="bbox 328 5457 1914 5532; baseline -0.002 -14"><span class='ocrx_word' id='word_1_419' title='bbox 328 5464 426 5518; x_wconf 80' lang='grc' dir='ltr'><strong>τὸν</strong></span> <span class='ocrx_word' id='word_1_420' title='bbox 458 5460 686 5530; x_wconf 80' lang='grc' dir='ltr'><strong>ἔσχατον</strong></span> <span class='ocrx_word' id='word_1_421' title='bbox 711 5476 726 5525; x_wconf 86' lang='lat'><strong>;</strong></span> <span class='ocrx_word' id='word_1_422' title='bbox 763 5457 912 5531; x_wconf 73' lang='lat'><strong>[629]</strong></span> <span class='ocrx_word' id='word_1_423' title='bbox 944 5459 1159 5513; x_wconf 79' lang='grc' dir='ltr'><strong>Μᾶλλον</strong></span> <span class='ocrx_word' id='word_1_424' title='bbox 1188 5460 1245 5513; x_wconf 85' lang='grc' dir='ltr'><strong>δὲ</strong></span> <span class='ocrx_word' id='word_1_425' title='bbox 1264 5460 1439 5523; x_wconf 72' lang='grc' dir='ltr'><strong>οὐδεὶς</strong></span> <span class='ocrx_word' id='word_1_426' title='bbox 1463 5463 1520 5514; x_wconf 85' lang='grc' dir='ltr'><strong>ἐν</strong></span> <span class='ocrx_word' id='word_1_427' title='bbox 1546 5460 1731 5523; x_wconf 80' lang='grc' dir='ltr'><strong>αὐτοῖς</strong></span> <span class='ocrx_word' id='word_1_428' title='bbox 1758 5461 1914 5532; x_wconf 81' lang='grc' dir='ltr'><strong>ἐσχα-</strong></span> 
     </span>
    </p>
   </div>
   <div class='ocr_carea' id='block_1_60' title="bbox 330 5542 1914 5615">
    <p class='ocr_par' dir='ltr' id='par_1_60' title="bbox 330 5542 1914 5615">
     <span class='ocr_line' id='line_1_60' title="bbox 330 5542 1914 5615; baseline 0.001 -20"><span class='ocrx_word' id='word_1_429' title='bbox 330 5560 451 5608; x_wconf 79' lang='grc' dir='ltr'><strong>τος’</strong></span> <span class='ocrx_word' id='word_1_430' title='bbox 482 5542 641 5614; x_wconf 82' lang='grc' dir='ltr'><strong>χορὸς</strong></span> <span class='ocrx_word' id='word_1_431' title='bbox 664 5542 772 5613; x_wconf 90' lang='grc' dir='ltr'><strong>γάρ</strong></span> <span class='ocrx_word' id='word_1_432' title='bbox 804 5542 942 5603; x_wconf 88' lang='grc' dir='ltr'><strong>ἐστι,</strong></span> <span class='ocrx_word' id='word_1_433' title='bbox 975 5542 1137 5613; x_wconf 90' lang='grc' dir='ltr'><strong>χοροῦ</strong></span> <span class='ocrx_word' id='word_1_434' title='bbox 1169 5542 1226 5596; x_wconf 84' lang='grc' dir='ltr'><strong>δὲ</strong></span> <span class='ocrx_word' id='word_1_435' title='bbox 1252 5542 1374 5597; x_wconf 74' lang='grc' dir='ltr'><strong>οὔτε</strong></span> <span class='ocrx_word' id='word_1_436' title='bbox 1409 5542 1575 5615; x_wconf 80' lang='grc' dir='ltr'><strong>ἀρχὴ,</strong></span> <span class='ocrx_word' id='word_1_437' title='bbox 1606 5542 1731 5596; x_wconf 74' lang='grc' dir='ltr'><strong>οὔτε</strong></span> <span class='ocrx_word' id='word_1_438' title='bbox 1761 5544 1914 5608; x_wconf 89' lang='grc' dir='ltr'><strong>τέλος</strong></span> 
     </span>
    </p>
   </div>
   <div class='ocr_carea' id='block_1_61' title="bbox 331 5624 1915 5699">
    <p class='ocr_par' dir='ltr' id='par_1_61' title="bbox 331 5624 1915 5699">
     <span class='ocr_line' id='line_1_61' title="bbox 331 5624 1915 5699; baseline 0 -19"><span class='ocrx_word' id='word_1_439' title='bbox 331 5627 618 5699; x_wconf 77' lang='grc' dir='ltr'><strong>φαίνεται·</strong></span> <span class='ocrx_word' id='word_1_440' title='bbox 679 5624 795 5677; x_wconf 83' lang='grc' dir='ltr'><strong>ἀλλ’</strong></span> <span class='ocrx_word' id='word_1_441' title='bbox 844 5625 933 5678; x_wconf 83' lang='grc' dir='ltr'><strong>ἴνα</strong></span> <span class='ocrx_word' id='word_1_442' title='bbox 984 5626 1406 5697; x_wconf 83' lang='grc' dir='ltr'><strong>γνωριμώτερον</strong></span> <span class='ocrx_word' id='word_1_443' title='bbox 1449 5629 1765 5697; x_wconf 89' lang='grc' dir='ltr'><strong>ποιήσωμεν</strong></span> <span class='ocrx_word' id='word_1_444' title='bbox 1821 5627 1915 5681; x_wconf 83' lang='grc' dir='ltr'><strong>τὸν</strong></span> 
     </span>
    </p>
   </div>
   <div class='ocr_carea' id='block_1_62' title="bbox 334 5705 1916 5781">
    <p class='ocr_par' dir='ltr' id='par_1_62' title="bbox 334 5705 1916 5781">
     <span class='ocr_line' id='line_1_62' title="bbox 334 5705 1916 5781; baseline 0.002 -21"><span class='ocrx_word' id='word_1_445' title='bbox 334 5705 746 5777; x_wconf 75' lang='grc' dir='ltr'><strong>ἐπαινούμενον,</strong></span> <span class='ocrx_word' id='word_1_446' title='bbox 764 5707 855 5759; x_wconf 78' lang='grc' dir='ltr'><strong>τὸν</strong></span> <span class='ocrx_word' id='word_1_447' title='bbox 876 5705 1101 5775; x_wconf 77' lang='grc' dir='ltr'><strong>ἔσχατον</strong></span> <span class='ocrx_word' id='word_1_448' title='bbox 1122 5711 1187 5780; x_wconf 80' lang='grc' dir='ltr'><strong>τῇ</strong></span> <span class='ocrx_word' id='word_1_449' title='bbox 1208 5708 1391 5781; x_wconf 79' lang='grc' dir='ltr'><strong>ήλικίᾳ</strong></span> <span class='ocrx_word' id='word_1_450' title='bbox 1415 5708 1666 5777; x_wconf 84' lang='grc' dir='ltr'><strong>λέγομεν.</strong></span> <span class='ocrx_word' id='word_1_451' title='bbox 1688 5708 1916 5777; x_wconf 81' lang='grc' dir='ltr'><strong>’Δδελφά</strong></span> 
     </span>
    </p>
   </div>
   <div class='ocr_carea' id='block_1_63' title="bbox 340 5787 1905 5863">
    <p class='ocr_par' dir='ltr' id='par_1_63' title="bbox 340 5787 1905 5863">
     <span class='ocr_line' id='line_1_63' title="bbox 340 5787 1905 5863; baseline 0.002 -20"><span class='ocrx_word' id='word_1_452' title='bbox 340 5791 454 5859; x_wconf 78' lang='grc' dir='ltr'><strong>γὰρ</strong></span> <span class='ocrx_word' id='word_1_453' title='bbox 479 5790 549 5843; x_wconf 78' lang='grc' dir='ltr'><strong>τά</strong></span> <span class='ocrx_word' id='word_1_454' title='bbox 578 5787 947 5860; x_wconf 81' lang='grc' dir='ltr'><strong>παλαίσματα,</strong></span> <span class='ocrx_word' id='word_1_455' title='bbox 980 5792 1073 5843; x_wconf 76' lang='grc' dir='ltr'><strong>καὶ</strong></span> <span class='ocrx_word' id='word_1_456' title='bbox 1114 5791 1349 5863; x_wconf 85' lang='grc' dir='ltr'><strong>συγγενῆ</strong></span> <span class='ocrx_word' id='word_1_457' title='bbox 1388 5792 1455 5846; x_wconf 75' lang='grc' dir='ltr'><strong>τά</strong></span> <span class='ocrx_word' id='word_1_458' title='bbox 1482 5791 1905 5863; x_wconf 70' lang='grc' dir='ltr'><strong>κατορθώματα*</strong></span> 
     </span>
    </p>
   </div>
   <div class='ocr_carea' id='block_1_64' title="bbox 618 5885 1171 5949">
    <p class='ocr_par' dir='ltr' id='par_1_64' title="bbox 618 5885 1171 5949">
     <span class='ocr_line' id='line_1_64' title="bbox 618 5885 1171 5949; baseline 0 -1"><span class='ocrx_word' id='word_1_459' title='bbox 618 5890 907 5949; x_wconf 60' lang='grc' dir='ltr'><strong>Ρλτιιυι.-</strong></span> <span class='ocrx_word' id='word_1_460' title='bbox 942 5888 1058 5948; x_wconf 76' lang='lat' dir='ltr'><strong>Gn.</strong></span> <span class='ocrx_word' id='word_1_461' title='bbox 1102 5885 1171 5948; x_wconf 87' lang='lat' dir='ltr'><strong>L.</strong></span> 
     </span>
    </p>
   </div>
   <div class='ocr_carea' id='block_1_65' title="bbox 1971 1624 3564 1703">
    <p class='ocr_par' dir='ltr' id='par_1_65' title="bbox 1971 1624 3564 1703">
     <span class='ocr_line' id='line_1_65' title="bbox 1971 1624 3564 1703; baseline 0.004 -25"><span class='ocrx_word' id='word_1_462' title='bbox 1971 1624 2098 1679; x_wconf 79' lang='grc' dir='ltr'><strong>ἔνθα</strong></span> <span class='ocrx_word' id='word_1_463' title='bbox 2127 1626 2183 1681; x_wconf 78' lang='grc' dir='ltr'><strong>δὲ</strong></span> <span class='ocrx_word' id='word_1_464' title='bbox 2212 1630 2245 1701; x_wconf 85' lang='grc' dir='ltr'><strong>ή</strong></span> <span class='ocrx_word' id='word_1_465' title='bbox 2277 1630 2569 1701; x_wconf 78' lang='grc' dir='ltr'><strong>συγγένεια</strong></span> <span class='ocrx_word' id='word_1_466' title='bbox 2590 1631 3055 1702; x_wconf 74' lang='grc' dir='ltr'><strong>κατορθωμάτων,</strong></span> <span class='ocrx_word' id='word_1_467' title='bbox 3073 1631 3175 1685; x_wconf 79' lang='grc' dir='ltr'><strong>οὐκ</strong></span> <span class='ocrx_word' id='word_1_468' title='bbox 3204 1628 3321 1683; x_wconf 78' lang='grc' dir='ltr'><strong>ἐστι</strong></span> <span class='ocrx_word' id='word_1_469' title='bbox 3345 1629 3564 1703; x_wconf 60' lang='grc' dir='ltr'><strong>πρῶτκ</strong></span> 
     </span>
    </p>
   </div>
   <div class='ocr_carea' id='block_1_66' title="bbox 1970 1710 3619 1786">
    <p class='ocr_par' dir='ltr' id='par_1_66' title="bbox 1970 1710 3619 1786">
     <span class='ocr_line' id='line_1_66' title="bbox 1970 1710 3619 1786; baseline 0.004 -25"><span class='ocrx_word' id='word_1_470' title='bbox 1970 1710 2067 1762; x_wconf 77' lang='grc' dir='ltr'><strong>καὶ</strong></span> <span class='ocrx_word' id='word_1_471' title='bbox 2098 1710 2372 1785; x_wconf 77' lang='grc' dir='ltr'><strong>δεύτερος.</strong></span> <span class='ocrx_word' id='word_1_472' title='bbox 2414 1714 2807 1784; x_wconf 69' lang='grc' dir='ltr'><strong>ῗΑπολάϐωμεν</strong></span> <span class='ocrx_word' id='word_1_473' title='bbox 2839 1711 2933 1767; x_wconf 74' lang='grc' dir='ltr'><strong>οὖν</strong></span> <span class='ocrx_word' id='word_1_474' title='bbox 2966 1714 3055 1766; x_wconf 77' lang='grc' dir='ltr'><strong>τὸν</strong></span> <span class='ocrx_word' id='word_1_475' title='bbox 3090 1713 3317 1784; x_wconf 74' lang='grc' dir='ltr'><strong>ἔσχατον</strong></span> <span class='ocrx_word' id='word_1_476' title='bbox 3347 1717 3411 1785; x_wconf 83' lang='grc' dir='ltr'><strong>τῇ</strong></span> <span class='ocrx_word' id='word_1_477' title='bbox 3445 1715 3563 1786; x_wconf 78' lang='grc' dir='ltr'><strong>ήλι⁴</strong></span> <span class='ocrx_word' id='word_1_478' title='bbox 3606 1718 3619 1729; x_wconf 87' lang='grc'><strong>’</strong></span> 
     </span>
    </p>
   </div>
   <div class='ocr_carea' id='block_1_67' title="bbox 1971 1792 3566 1869">
    <p class='ocr_par' dir='ltr' id='par_1_67' title="bbox 1971 1792 3566 1869">
     <span class='ocr_line' id='line_1_67' title="bbox 1971 1792 3566 1869; baseline 0.004 -24"><span class='ocrx_word' id='word_1_479' title='bbox 1971 1792 2067 1863; x_wconf 73' lang='grc' dir='ltr'><strong>κία</strong></span> <span class='ocrx_word' id='word_1_480' title='bbox 2089 1794 2181 1847; x_wconf 82' lang='grc' dir='ltr'><strong>καὶ</strong></span> <span class='ocrx_word' id='word_1_481' title='bbox 2203 1796 2442 1868; x_wconf 81' lang='grc' dir='ltr'><strong>ὁμήλικα</strong></span> <span class='ocrx_word' id='word_1_482' title='bbox 2468 1796 2545 1867; x_wconf 82' lang='grc' dir='ltr'><strong>τῷ</strong></span> <span class='ocrx_word' id='word_1_483' title='bbox 2574 1800 2905 1868; x_wconf 74' lang='grc' dir='ltr'><strong>φρονήματι,</strong></span> <span class='ocrx_word' id='word_1_484' title='bbox 2924 1797 2986 1850; x_wconf 82' lang='grc' dir='ltr'><strong>οὐ</strong></span> <span class='ocrx_word' id='word_1_485' title='bbox 3011 1800 3122 1861; x_wconf 77' lang='grc' dir='ltr'><strong>τοῖς</strong></span> <span class='ocrx_word' id='word_1_486' title='bbox 3149 1797 3402 1866; x_wconf 81' lang='grc' dir='ltr'><strong>ἀδελφοῖς</strong></span> <span class='ocrx_word' id='word_1_487' title='bbox 3426 1799 3566 1869; x_wconf 79' lang='grc' dir='ltr'><strong>ὁμή-</strong></span> 
     </span>
    </p>
   </div>
   <div class='ocr_carea' id='block_1_68' title="bbox 1972 1874 3566 1952">
    <p class='ocr_par' dir='ltr' id='par_1_68' title="bbox 1972 1874 3566 1952">
     <span class='ocr_line' id='line_1_68' title="bbox 1972 1874 3566 1952; baseline 0.004 -25"><span class='ocrx_word' id='word_1_488' title='bbox 1972 1874 2099 1929; x_wconf 89' lang='grc' dir='ltr'><strong>λικα</strong></span> <span class='ocrx_word' id='word_1_489' title='bbox 2122 1877 2304 1946; x_wconf 88' lang='grc' dir='ltr'><strong>μόνον,</strong></span> <span class='ocrx_word' id='word_1_490' title='bbox 2330 1879 2469 1933; x_wconf 86' lang='grc' dir='ltr'><strong>ἀλλά</strong></span> <span class='ocrx_word' id='word_1_491' title='bbox 2502 1881 2597 1933; x_wconf 66' lang='grc' dir='ltr'><strong>καὶ</strong></span> <span class='ocrx_word' id='word_1_492' title='bbox 2625 1879 2776 1950; x_wconf 79' lang='grc' dir='ltr'><strong>αὑτῷ</strong></span> <span class='ocrx_word' id='word_1_493' title='bbox 2808 1879 2885 1949; x_wconf 80' lang='grc' dir='ltr'><strong>τῷ</strong></span> <span class='ocrx_word' id='word_1_494' title='bbox 2917 1880 3157 1951; x_wconf 83' lang='grc' dir='ltr'><strong>γέροντι.</strong></span> <span class='ocrx_word' id='word_1_495' title='bbox 3196 1876 3365 1945; x_wconf 70' lang='grc' dir='ltr'><strong>Οὗτος</strong></span> <span class='ocrx_word' id='word_1_496' title='bbox 3405 1882 3566 1952; x_wconf 86' lang='grc' dir='ltr'><strong>μόνος</strong></span> 
     </span>
    </p>
   </div>
   <div class='ocr_carea' id='block_1_69' title="bbox 1972 1954 3562 2047">
    <p class='ocr_par' dir='ltr' id='par_1_69' title="bbox 1972 1954 3562 2047">
     <span class='ocr_line' id='line_1_69' title="bbox 1972 1954 3562 2047; baseline 0.005 -38"><span class='ocrx_word' id='word_1_497' title='bbox 1972 1957 2081 2047; x_wconf 56' lang='grc' dir='ltr'><strong>τῶν</strong></span> <span class='ocrx_word' id='word_1_498' title='bbox 2104 1960 2349 2047; x_wconf 80' lang='grc' dir='ltr'><strong>ἀδελφῶν</strong></span> <span class='ocrx_word' id='word_1_499' title='bbox 2382 1962 2673 2047; x_wconf 82' lang='grc' dir='ltr'><strong>λελυμένος</strong></span> <span class='ocrx_word' id='word_1_500' title='bbox 2703 1963 3024 2047; x_wconf 14' lang='grc' dir='ltr'><strong>ἧγετονπρὸς</strong></span> <span class='ocrx_word' id='word_1_501' title='bbox 3047 1962 3115 2016; x_wconf 77' lang='grc' dir='ltr'><strong>τά</strong></span> <span class='ocrx_word' id='word_1_502' title='bbox 3145 1954 3562 2036; x_wconf 78' lang='grc' dir='ltr'><strong>βασανιστήρια·</strong></span> 
     </span>
    </p>
   </div>
   <div class='ocr_carea' id='block_1_70' title="bbox 1972 2044 3567 2120">
    <p class='ocr_par' dir='ltr' id='par_1_70' title="bbox 1972 2044 3567 2120">
     <span class='ocr_line' id='line_1_70' title="bbox 1972 2044 3567 2120; baseline 0.004 -24"><span class='ocrx_word' id='word_1_503' title='bbox 1972 2044 2045 2096; x_wconf 73' lang='grc' dir='ltr'><strong>οὗ</strong></span> <span class='ocrx_word' id='word_1_504' title='bbox 2061 2044 2171 2115; x_wconf 59' lang='grc' dir='ltr'><strong>γάρ</strong></span> <span class='ocrx_word' id='word_1_505' title='bbox 2195 2046 2446 2117; x_wconf 84' lang='grc' dir='ltr'><strong>ἀνέμεινε</strong></span> <span class='ocrx_word' id='word_1_506' title='bbox 2472 2046 2571 2110; x_wconf 71' lang='grc' dir='ltr'><strong>τὰς</strong></span> <span class='ocrx_word' id='word_1_507' title='bbox 2600 2046 2708 2099; x_wconf 85' lang='grc' dir='ltr'><strong>τῶν</strong></span> <span class='ocrx_word' id='word_1_508' title='bbox 2743 2046 2955 2117; x_wconf 84' lang='grc' dir='ltr'><strong>δημίων</strong></span> <span class='ocrx_word' id='word_1_509' title='bbox 2985 2050 3178 2119; x_wconf 83' lang='grc' dir='ltr'><strong>χεῖρας</strong></span> <span class='ocrx_word' id='word_1_510' title='bbox 3199 2064 3213 2077; x_wconf 77' lang='grc'><strong>’</strong></span> <span class='ocrx_word' id='word_1_511' title='bbox 3253 2047 3392 2102; x_wconf 80' lang='grc' dir='ltr'><strong>ἀλλὰ</strong></span> <span class='ocrx_word' id='word_1_512' title='bbox 3429 2065 3567 2120; x_wconf 84' lang='grc' dir='ltr'><strong>προ-</strong></span> 
     </span>
    </p>
   </div>
   <div class='ocr_carea' id='block_1_71' title="bbox 1976 2125 3569 2203">
    <p class='ocr_par' dir='ltr' id='par_1_71' title="bbox 1976 2125 3569 2203">
     <span class='ocr_line' id='line_1_71' title="bbox 1976 2125 3569 2203; baseline 0.003 -24"><span class='ocrx_word' id='word_1_513' title='bbox 1976 2125 2135 2181; x_wconf 85' lang='grc' dir='ltr'><strong>έλαϐε</strong></span> <span class='ocrx_word' id='word_1_514' title='bbox 2156 2131 2222 2199; x_wconf 76' lang='grc' dir='ltr'><strong>τῇ</strong></span> <span class='ocrx_word' id='word_1_515' title='bbox 2253 2128 2431 2201; x_wconf 74' lang='grc' dir='ltr'><strong>οἰκεία</strong></span> <span class='ocrx_word' id='word_1_516' title='bbox 2461 2130 2740 2202; x_wconf 70' lang='grc' dir='ltr'><strong>προθυμία</strong></span> <span class='ocrx_word' id='word_1_517' title='bbox 2774 2130 2875 2201; x_wconf 80' lang='grc' dir='ltr'><strong>τὴν</strong></span> <span class='ocrx_word' id='word_1_518' title='bbox 2905 2131 3130 2183; x_wconf 77' lang='grc' dir='ltr'><strong>ἐκείνων</strong></span> <span class='ocrx_word' id='word_1_519' title='bbox 3164 2130 3448 2203; x_wconf 87' lang='grc' dir='ltr'><strong>ὠμότητα,</strong></span> <span class='ocrx_word' id='word_1_520' title='bbox 3475 2132 3569 2184; x_wconf 77' lang='grc' dir='ltr'><strong>καὶ</strong></span> 
     </span>
    </p>
   </div>
   <div class='ocr_carea' id='block_1_72' title="bbox 1975 2209 3569 2285">
    <p class='ocr_par' dir='ltr' id='par_1_72' title="bbox 1975 2209 3569 2285">
     <span class='ocr_line' id='line_1_72' title="bbox 1975 2209 3569 2285; baseline 0.003 -22"><span class='ocrx_word' id='word_1_521' title='bbox 1975 2211 2270 2283; x_wconf 84' lang='grc' dir='ltr'><strong>λελυμένος</strong></span> <span class='ocrx_word' id='word_1_522' title='bbox 2309 2213 2495 2281; x_wconf 82' lang='grc' dir='ltr'><strong>ήγετο.</strong></span> <span class='ocrx_word' id='word_1_523' title='bbox 2526 2214 2636 2267; x_wconf 63' lang='grc' dir='ltr'><strong>Καὶ</strong></span> <span class='ocrx_word' id='word_1_524' title='bbox 2666 2213 2773 2266; x_wconf 88' lang='grc' dir='ltr'><strong>τῶν</strong></span> <span class='ocrx_word' id='word_1_525' title='bbox 2816 2212 2915 2285; x_wconf 69' lang='grc' dir='ltr'><strong>μὲν</strong></span> <span class='ocrx_word' id='word_1_526' title='bbox 2948 2214 3193 2283; x_wconf 74' lang='grc' dir='ltr'><strong>ἀδελφῶν</strong></span> <span class='ocrx_word' id='word_1_527' title='bbox 3226 2215 3423 2268; x_wconf 83' lang='grc' dir='ltr'><strong>οὐδένα</strong></span> <span class='ocrx_word' id='word_1_528' title='bbox 3455 2209 3569 2285; x_wconf 72' lang='grc' dir='ltr'><strong>εἶχε</strong></span> 
     </span>
    </p>
   </div>
   <div class='ocr_carea' id='block_1_73' title="bbox 1978 2293 3569 2369">
    <p class='ocr_par' dir='ltr' id='par_1_73' title="bbox 1978 2293 3569 2369">
     <span class='ocr_line' id='line_1_73' title="bbox 1978 2293 3569 2369; baseline 0.002 -21"><span class='ocrx_word' id='word_1_529' title='bbox 1978 2294 2211 2365; x_wconf 87' lang='grc' dir='ltr'><strong>θεατήν·</strong></span> <span class='ocrx_word' id='word_1_530' title='bbox 2272 2296 2470 2360; x_wconf 83' lang='grc' dir='ltr'><strong>πάντες</strong></span> <span class='ocrx_word' id='word_1_531' title='bbox 2518 2297 2630 2369; x_wconf 85' lang='grc' dir='ltr'><strong>γὰρ</strong></span> <span class='ocrx_word' id='word_1_532' title='bbox 2687 2293 2830 2369; x_wconf 79' lang='grc' dir='ltr'><strong>ἦσαν</strong></span> <span class='ocrx_word' id='word_1_533' title='bbox 2880 2296 3298 2360; x_wconf 87' lang='grc' dir='ltr'><strong>τελειωθέντες·</strong></span> <span class='ocrx_word' id='word_1_534' title='bbox 3347 2294 3461 2368; x_wconf 78' lang='grc' dir='ltr'><strong>εἶχε</strong></span> <span class='ocrx_word' id='word_1_535' title='bbox 3511 2297 3569 2351; x_wconf 79' lang='grc' dir='ltr'><strong>δὲ</strong></span> 
     </span>
    </p>
   </div>
   <div class='ocr_carea' id='block_1_74' title="bbox 1980 2379 3573 2452">
    <p class='ocr_par' dir='ltr' id='par_1_74' title="bbox 1980 2379 3573 2452">
     <span class='ocr_line' id='line_1_74' title="bbox 1980 2379 3573 2452; baseline 0.001 -21"><span class='ocrx_word' id='word_1_536' title='bbox 1980 2379 2305 2449; x_wconf 85' lang='grc' dir='ltr'><strong>σεμνότερον</strong></span> <span class='ocrx_word' id='word_1_537' title='bbox 2334 2379 2442 2432; x_wconf 87' lang='grc' dir='ltr'><strong>τῶν</strong></span> <span class='ocrx_word' id='word_1_538' title='bbox 2475 2379 2722 2450; x_wconf 85' lang='grc' dir='ltr'><strong>ἀδελφῶν</strong></span> <span class='ocrx_word' id='word_1_539' title='bbox 2768 2380 3017 2449; x_wconf 86' lang='grc' dir='ltr'><strong>θέατρον,</strong></span> <span class='ocrx_word' id='word_1_540' title='bbox 3055 2380 3182 2444; x_wconf 74' lang='grc' dir='ltr'><strong>τοὺς</strong></span> <span class='ocrx_word' id='word_1_541' title='bbox 3222 2380 3350 2450; x_wconf 71' lang='grc' dir='ltr'><strong>τῆςί</strong></span> <span class='ocrx_word' id='word_1_542' title='bbox 3363 2379 3573 2452; x_wconf 79' lang='grc' dir='ltr'><strong>μητρὸς</strong></span> 
     </span>
    </p>
   </div>
   <div class='ocr_carea' id='block_1_75' title="bbox 1978 2459 3573 2533">
    <p class='ocr_par' dir='ltr' id='par_1_75' title="bbox 1978 2459 3573 2533">
     <span class='ocr_line' id='line_1_75' title="bbox 1978 2459 3573 2533; baseline -0.001 -21"><span class='ocrx_word' id='word_1_543' title='bbox 1978 2459 2313 2533; x_wconf 76' lang='grc' dir='ltr'><strong>ὀφθαλμούς.</strong></span> <span class='ocrx_word' id='word_1_544' title='bbox 2352 2460 2471 2517; x_wconf 82' lang='grc' dir='ltr'><strong>Οὐκ</strong></span> <span class='ocrx_word' id='word_1_545' title='bbox 2498 2461 2685 2531; x_wconf 79' lang='grc' dir='ltr'><strong>ἔλεγον</strong></span> <span class='ocrx_word' id='word_1_546' title='bbox 2719 2464 2873 2533; x_wconf 83' lang='grc' dir='ltr'><strong>ὑμῖν,</strong></span> <span class='ocrx_word' id='word_1_547' title='bbox 2897 2464 2980 2515; x_wconf 83' lang='grc' dir='ltr'><strong>ὅτι</strong></span> <span class='ocrx_word' id='word_1_548' title='bbox 3012 2462 3107 2515; x_wconf 68' lang='grc' dir='ltr'><strong>καὶ</strong></span> <span class='ocrx_word' id='word_1_549' title='bbox 3139 2462 3213 2533; x_wconf 78' lang='grc' dir='ltr'><strong>μὴ</strong></span> <span class='ocrx_word' id='word_1_550' title='bbox 3247 2461 3573 2525; x_wconf 65' lang='grc' dir='ltr'><strong>σπουδαζόνα</strong></span> 
     </span>
    </p>
   </div>
   <div class='ocr_carea' id='block_1_76' title="bbox 1979 2543 3571 2616">
    <p class='ocr_par' dir='ltr' id='par_1_76' title="bbox 1979 2543 3571 2616">
     <span class='ocr_line' id='line_1_76' title="bbox 1979 2543 3571 2616; baseline 0 -19"><span class='ocrx_word' id='word_1_551' title='bbox 1979 2560 2088 2597; x_wconf 89' lang='grc' dir='ltr'><strong>των</strong></span> <span class='ocrx_word' id='word_1_552' title='bbox 2117 2543 2274 2614; x_wconf 81' lang='grc' dir='ltr'><strong>ήμῶν</strong></span> <span class='ocrx_word' id='word_1_553' title='bbox 2300 2544 2745 2600; x_wconf 87' lang='grc' dir='ltr'><strong>ἐπεισελεύσεται</strong></span> <span class='ocrx_word' id='word_1_554' title='bbox 2777 2546 2870 2598; x_wconf 78' lang='grc' dir='ltr'><strong>καὶ</strong></span> <span class='ocrx_word' id='word_1_555' title='bbox 2894 2546 2926 2615; x_wconf 84' lang='grc' dir='ltr'><strong>ή</strong></span> <span class='ocrx_word' id='word_1_556' title='bbox 2954 2547 3140 2616; x_wconf 83' lang='grc' dir='ltr'><strong>μήτηρ</strong></span> <span class='ocrx_word' id='word_1_557' title='bbox 3173 2546 3420 2608; x_wconf 82' lang='grc' dir='ltr'><strong>πάντως;</strong></span> <span class='ocrx_word' id='word_1_558' title='bbox 3440 2543 3571 2597; x_wconf 76' lang='grc' dir='ltr'><strong>Ἰδοὺ</strong></span> 
     </span>
    </p>
   </div>
   <div class='ocr_carea' id='block_1_77' title="bbox 1982 2617 3575 2699">
    <p class='ocr_par' dir='ltr' id='par_1_77' title="bbox 1982 2617 3575 2699">
     <span class='ocr_line' id='line_1_77' title="bbox 1982 2617 3575 2699; baseline 0 -20"><span class='ocrx_word' id='word_1_559' title='bbox 1982 2626 2160 2680; x_wconf 86' lang='grc' dir='ltr'><strong>τοῖνυν</strong></span> <span class='ocrx_word' id='word_1_560' title='bbox 2184 2629 2481 2697; x_wconf 79' lang='grc' dir='ltr'><strong>εἰσήγαγεν</strong></span> <span class='ocrx_word' id='word_1_561' title='bbox 2510 2629 2681 2699; x_wconf 74' lang='grc' dir='ltr'><strong>αὐτὴν</strong></span> <span class='ocrx_word' id='word_1_562' title='bbox 2700 2632 2732 2698; x_wconf 90' lang='grc' dir='ltr'><strong>ή</strong></span> <span class='ocrx_word' id='word_1_563' title='bbox 2758 2617 3053 2681; x_wconf 80' lang='grc' dir='ltr'><strong>ἀκολουθία</strong></span> <span class='ocrx_word' id='word_1_564' title='bbox 3079 2626 3175 2680; x_wconf 89' lang='grc' dir='ltr'><strong>τοῦ</strong></span> <span class='ocrx_word' id='word_1_565' title='bbox 3206 2627 3387 2696; x_wconf 90' lang='grc' dir='ltr'><strong>λόγου.</strong></span> <span class='ocrx_word' id='word_1_566' title='bbox 3403 2624 3575 2679; x_wconf 88' lang='grc' dir='ltr'><strong>Τοῦτο</strong></span> 
     </span>
    </p>
   </div>
   <div class='ocr_carea' id='block_1_78' title="bbox 1981 2706 3574 2783">
    <p class='ocr_par' dir='ltr' id='par_1_78' title="bbox 1981 2706 3574 2783">
     <span class='ocr_line' id='line_1_78' title="bbox 1981 2706 3574 2783; baseline -0.001 -18"><span class='ocrx_word' id='word_1_567' title='bbox 1981 2710 2036 2765; x_wconf 79' lang='grc' dir='ltr'><strong>δὲ</strong></span> <span class='ocrx_word' id='word_1_568' title='bbox 2067 2711 2128 2763; x_wconf 82' lang='grc' dir='ltr'><strong>τὸ</strong></span> <span class='ocrx_word' id='word_1_569' title='bbox 2165 2711 2393 2782; x_wconf 85' lang='grc' dir='ltr'><strong>θέατρον</strong></span> <span class='ocrx_word' id='word_1_570' title='bbox 2429 2711 2577 2765; x_wconf 75' lang='grc' dir='ltr'><strong>οὕτω</strong></span> <span class='ocrx_word' id='word_1_571' title='bbox 2613 2712 2812 2782; x_wconf 84' lang='grc' dir='ltr'><strong>σεμνὸν</strong></span> <span class='ocrx_word' id='word_1_572' title='bbox 2839 2706 2906 2783; x_wconf 73' lang='grc' dir='ltr'><strong>ἦν</strong></span> <span class='ocrx_word' id='word_1_573' title='bbox 2942 2712 3039 2765; x_wconf 71' lang='grc' dir='ltr'><strong>καὶ</strong></span> <span class='ocrx_word' id='word_1_574' title='bbox 3084 2711 3264 2781; x_wconf 88' lang='grc' dir='ltr'><strong>μέγα,</strong></span> <span class='ocrx_word' id='word_1_575' title='bbox 3297 2710 3441 2764; x_wconf 81' lang='grc' dir='ltr'><strong>ὥστε</strong></span> <span class='ocrx_word' id='word_1_576' title='bbox 3480 2711 3574 2764; x_wconf 81' lang='grc' dir='ltr'><strong>καὶ</strong></span> 
     </span>
    </p>
   </div>
   <div class='ocr_carea' id='block_1_79' title="bbox 1983 2793 3574 2865">
    <p class='ocr_par' dir='ltr' id='par_1_79' title="bbox 1983 2793 3574 2865">
     <span class='ocr_line' id='line_1_79' title="bbox 1983 2793 3574 2865; baseline 0.007 -19"><span class='ocrx_word' id='word_1_577' title='bbox 1983 2793 2150 2847; x_wconf 70' lang='grc' dir='ltr'><strong>αὒτδν</strong></span> <span class='ocrx_word' id='word_1_578' title='bbox 2192 2795 2301 2847; x_wconf 89' lang='grc' dir='ltr'><strong>τῶν</strong></span> <span class='ocrx_word' id='word_1_579' title='bbox 2339 2795 2588 2863; x_wconf 80' lang='grc' dir='ltr'><strong>ἀγγέλων</strong></span> <span class='ocrx_word' id='word_1_580' title='bbox 2618 2794 2709 2848; x_wconf 71' lang='grc' dir='ltr'><strong>τὸν</strong></span> <span class='ocrx_word' id='word_1_581' title='bbox 2746 2794 2938 2864; x_wconf 84' lang='grc' dir='ltr'><strong>δῆμον,</strong></span> <span class='ocrx_word' id='word_1_582' title='bbox 2973 2794 3173 2865; x_wconf 81' lang='grc' dir='ltr'><strong>μᾶλλον</strong></span> <span class='ocrx_word' id='word_1_583' title='bbox 3215 2794 3273 2847; x_wconf 82' lang='grc' dir='ltr'><strong>δὲ</strong></span> <span class='ocrx_word' id='word_1_584' title='bbox 3317 2795 3412 2848; x_wconf 82' lang='grc' dir='ltr'><strong>καὶ</strong></span> <span class='ocrx_word' id='word_1_585' title='bbox 3447 2794 3574 2857; x_wconf 76' lang='grc' dir='ltr'><strong>τοὺς</strong></span> 
     </span>
    </p>
   </div>
   <div class='ocr_carea' id='block_1_80' title="bbox 1985 2874 3572 2948">
    <p class='ocr_par' dir='ltr' id='par_1_80' title="bbox 1985 2874 3572 2948">
     <span class='ocr_line' id='line_1_80' title="bbox 1985 2874 3572 2948; baseline -0.001 -18"><span class='ocrx_word' id='word_1_586' title='bbox 1985 2875 2251 2947; x_wconf 70' lang='grc' dir='ltr'><strong>ἀδελφοὺς</strong></span> <span class='ocrx_word' id='word_1_587' title='bbox 2273 2874 2420 2948; x_wconf 72' lang='grc' dir='ltr'><strong>εἶχεν</strong></span> <span class='ocrx_word' id='word_1_588' title='bbox 2440 2878 2601 2930; x_wconf 75' lang='grc' dir='ltr'><strong>αὐτὸν</strong></span> <span class='ocrx_word' id='word_1_589' title='bbox 2622 2877 2953 2947; x_wconf 84' lang='grc' dir='ltr'><strong>θεωμένους,</strong></span> <span class='ocrx_word' id='word_1_590' title='bbox 2972 2879 3072 2929; x_wconf 82' lang='grc' dir='ltr'><strong>οὐκ</strong></span> <span class='ocrx_word' id='word_1_591' title='bbox 3095 2876 3175 2930; x_wconf 79' lang='grc' dir='ltr'><strong>ἔτι</strong></span> <span class='ocrx_word' id='word_1_592' title='bbox 3196 2876 3303 2929; x_wconf 79' lang='grc' dir='ltr'><strong>ἀπὸ</strong></span> <span class='ocrx_word' id='word_1_593' title='bbox 3324 2877 3426 2946; x_wconf 82' lang='grc' dir='ltr'><strong>τῆς</strong></span> <span class='ocrx_word' id='word_1_594' title='bbox 3445 2877 3572 2946; x_wconf 77' lang='grc' dir='ltr'><strong>γῆς,</strong></span> 
     </span>
    </p>
   </div>
   <div class='ocr_carea' id='block_1_81' title="bbox 1987 2960 3573 3033">
    <p class='ocr_par' dir='ltr' id='par_1_81' title="bbox 1987 2960 3573 3033">
     <span class='ocr_line' id='line_1_81' title="bbox 1987 2960 3573 3033; baseline 0 -19"><span class='ocrx_word' id='word_1_595' title='bbox 1987 2960 2101 3014; x_wconf 73' lang='grc' dir='ltr'><strong>ἀλλ’</strong></span> <span class='ocrx_word' id='word_1_596' title='bbox 2124 2962 2188 3013; x_wconf 83' lang='grc' dir='ltr'><strong>ὲκ</strong></span> <span class='ocrx_word' id='word_1_597' title='bbox 2211 2961 2318 3013; x_wconf 90' lang='grc' dir='ltr'><strong>τῶν</strong></span> <span class='ocrx_word' id='word_1_598' title='bbox 2346 2962 2614 3032; x_wconf 73' lang='grc' dir='ltr'><strong>οὐρανῶν.</strong></span> <span class='ocrx_word' id='word_1_599' title='bbox 2644 2962 3114 3031; x_wconf 85' lang='grc' dir='ltr'><strong>Ἐστεφανωμένοι</strong></span> <span class='ocrx_word' id='word_1_600' title='bbox 3143 2962 3250 3032; x_wconf 81' lang='grc' dir='ltr'><strong>γάρ</strong></span> <span class='ocrx_word' id='word_1_601' title='bbox 3285 2962 3573 3033; x_wconf 81' lang='grc' dir='ltr'><strong>ἐκάθηντο,</strong></span> 
     </span>
    </p>
   </div>
   <div class='ocr_carea' id='block_1_82' title="bbox 1986 3043 3574 3114">
    <p class='ocr_par' dir='ltr' id='par_1_82' title="bbox 1986 3043 3574 3114">
     <span class='ocr_line' id='line_1_82' title="bbox 1986 3043 3574 3114; baseline -0.001 -17"><span class='ocrx_word' id='word_1_602' title='bbox 1986 3043 2241 3114; x_wconf 83' lang='grc' dir='ltr'><strong>καθάπερ</strong></span> <span class='ocrx_word' id='word_1_603' title='bbox 2272 3046 2331 3096; x_wconf 85' lang='grc' dir='ltr'><strong>ἐν</strong></span> <span class='ocrx_word' id='word_1_604' title='bbox 2368 3046 2481 3106; x_wconf 85' lang='grc' dir='ltr'><strong>τοῖς</strong></span> <span class='ocrx_word' id='word_1_605' title='bbox 2524 3044 2921 3114; x_wconf 82' lang='grc' dir='ltr'><strong>Ὀλυμπιακοῖς</strong></span> <span class='ocrx_word' id='word_1_606' title='bbox 2952 3044 3159 3112; x_wconf 86' lang='grc' dir='ltr'><strong>ἀγῶσιν</strong></span> <span class='ocrx_word' id='word_1_607' title='bbox 3203 3047 3251 3097; x_wconf 72' lang='lat' dir='ltr'><strong>cl</strong></span> <span class='ocrx_word' id='word_1_608' title='bbox 3297 3045 3574 3105; x_wconf 77' lang='grc' dir='ltr'><strong>δικασταὶ,</strong></span> 
     </span>
    </p>
   </div>
   <div class='ocr_carea' id='block_1_83' title="bbox 1986 3125 3579 3197">
    <p class='ocr_par' dir='ltr' id='par_1_83' title="bbox 1986 3125 3579 3197">
     <span class='ocr_line' id='line_1_83' title="bbox 1986 3125 3579 3197; baseline 0 -18"><span class='ocrx_word' id='word_1_609' title='bbox 1986 3125 2108 3197; x_wconf 66' lang='grc' dir='ltr'><strong>οὐχὶ</strong></span> <span class='ocrx_word' id='word_1_610' title='bbox 2155 3126 2437 3197; x_wconf 89' lang='grc' dir='ltr'><strong>κρίνοντες</strong></span> <span class='ocrx_word' id='word_1_611' title='bbox 2462 3129 2576 3188; x_wconf 89' lang='grc' dir='ltr'><strong>τοῖς</strong></span> <span class='ocrx_word' id='word_1_612' title='bbox 2606 3126 3005 3197; x_wconf 83' lang='grc' dir='ltr'><strong>παλαίσμασιν,</strong></span> <span class='ocrx_word' id='word_1_613' title='bbox 3037 3126 3175 3180; x_wconf 85' lang='grc' dir='ltr'><strong>ἀλλά</strong></span> <span class='ocrx_word' id='word_1_614' title='bbox 3205 3128 3296 3180; x_wconf 81' lang='grc' dir='ltr'><strong>τὸν</strong></span> <span class='ocrx_word' id='word_1_615' title='bbox 3324 3127 3579 3197; x_wconf 77' lang='grc' dir='ltr'><strong>στεφανί-</strong></span> 
     </span>
    </p>
   </div>
   <div class='ocr_carea' id='block_1_84' title="bbox 1988 3208 3576 3282">
    <p class='ocr_par' dir='ltr' id='par_1_84' title="bbox 1988 3208 3576 3282">
     <span class='ocr_line' id='line_1_84' title="bbox 1988 3208 3576 3282; baseline 0.004 -23"><span class='ocrx_word' id='word_1_616' title='bbox 1988 3225 2087 3278; x_wconf 85' lang='grc' dir='ltr'><strong>την</strong></span> <span class='ocrx_word' id='word_1_617' title='bbox 2119 3210 2466 3279; x_wconf 77' lang='grc' dir='ltr'><strong>ἐπειγόμενοι</strong></span> <span class='ocrx_word' id='word_1_618' title='bbox 2499 3208 2705 3263; x_wconf 79' lang='grc' dir='ltr'><strong>λαϐείν.</strong></span> <span class='ocrx_word' id='word_1_619' title='bbox 2742 3208 3002 3281; x_wconf 83' lang='grc' dir='ltr'><strong>Είστήκει</strong></span> <span class='ocrx_word' id='word_1_620' title='bbox 3043 3211 3225 3265; x_wconf 90' lang='grc' dir='ltr'><strong>τοίνυν</strong></span> <span class='ocrx_word' id='word_1_621' title='bbox 3262 3211 3576 3282; x_wconf 82' lang='grc' dir='ltr'><strong>λελυμένος,</strong></span> 
     </span>
    </p>
   </div>
   <div class='ocr_carea' id='block_1_85' title="bbox 1988 3292 3580 3365">
    <p class='ocr_par' dir='ltr' id='par_1_85' title="bbox 1988 3292 3580 3365">
     <span class='ocr_line' id='line_1_85' title="bbox 1988 3292 3580 3365; baseline 0.003 -20"><span class='ocrx_word' id='word_1_622' title='bbox 1988 3293 2084 3346; x_wconf 71' lang='grc' dir='ltr'><strong>καὶ</strong></span> <span class='ocrx_word' id='word_1_623' title='bbox 2110 3292 2484 3363; x_wconf 82' lang='grc' dir='ltr'><strong>φθεγγόμενος</strong></span> <span class='ocrx_word' id='word_1_624' title='bbox 2519 3293 2743 3364; x_wconf 78' lang='grc' dir='ltr'><strong>ῥήματα</strong></span> <span class='ocrx_word' id='word_1_625' title='bbox 2777 3292 3095 3362; x_wconf 73' lang='grc' dir='ltr'><strong>φιλοσοφίας</strong></span> <span class='ocrx_word' id='word_1_626' title='bbox 3126 3295 3367 3365; x_wconf 85' lang='grc' dir='ltr'><strong>γέμοντα</strong></span> <span class='ocrx_word' id='word_1_627' title='bbox 3387 3311 3398 3323; x_wconf 90' lang='grc'>·</span> <span class='ocrx_word' id='word_1_628' title='bbox 3424 3294 3580 3349; x_wconf 81' lang='grc' dir='ltr'><strong>ἐϐού-</strong></span> 
     </span>
    </p>
   </div>
   <div class='ocr_carea' id='block_1_86' title="bbox 1990 3375 3581 3450">
    <p class='ocr_par' dir='ltr' id='par_1_86' title="bbox 1990 3375 3581 3450">
     <span class='ocr_line' id='line_1_86' title="bbox 1990 3375 3581 3450; baseline 0.004 -22"><span class='ocrx_word' id='word_1_629' title='bbox 1990 3376 2112 3429; x_wconf 84' lang='grc' dir='ltr'><strong>λετο</strong></span> <span class='ocrx_word' id='word_1_630' title='bbox 2151 3376 2249 3445; x_wconf 79' lang='grc' dir='ltr'><strong>μὲν</strong></span> <span class='ocrx_word' id='word_1_631' title='bbox 2281 3375 2390 3448; x_wconf 82' lang='grc' dir='ltr'><strong>γὰρ</strong></span> <span class='ocrx_word' id='word_1_632' title='bbox 2422 3376 2762 3447; x_wconf 80' lang='grc' dir='ltr'><strong>μεταστῆσαι</strong></span> <span class='ocrx_word' id='word_1_633' title='bbox 2791 3377 2882 3430; x_wconf 75' lang='grc' dir='ltr'><strong>τὸν</strong></span> <span class='ocrx_word' id='word_1_634' title='bbox 2912 3377 3177 3448; x_wconf 84' lang='grc' dir='ltr'><strong>τύραννον</strong></span> <span class='ocrx_word' id='word_1_635' title='bbox 3204 3379 3340 3449; x_wconf 85' lang='grc' dir='ltr'><strong>πρὸς</strong></span> <span class='ocrx_word' id='word_1_636' title='bbox 3372 3379 3472 3450; x_wconf 79' lang='grc' dir='ltr'><strong>τὴν</strong></span> <span class='ocrx_word' id='word_1_637' title='bbox 3500 3383 3581 3434; x_wconf 87' lang='grc' dir='ltr'><strong>οί-</strong></span> 
     </span>
    </p>
   </div>
   <div class='ocr_carea' id='block_1_87' title="bbox 1990 3457 3581 3530">
    <p class='ocr_par' dir='ltr' id='par_1_87' title="bbox 1990 3457 3581 3530">
     <span class='ocr_line' id='line_1_87' title="bbox 1990 3457 3581 3530; baseline 0.004 -19"><span class='ocrx_word' id='word_1_638' title='bbox 1990 3458 2143 3513; x_wconf 90' lang='grc' dir='ltr'><strong>κείαν</strong></span> <span class='ocrx_word' id='word_1_639' title='bbox 2167 3457 2480 3512; x_wconf 81' lang='grc' dir='ltr'><strong>εὑσέϐειαν’</strong></span> <span class='ocrx_word' id='word_1_640' title='bbox 2504 3458 2580 3522; x_wconf 83' lang='grc' dir='ltr'><strong>ὡς</strong></span> <span class='ocrx_word' id='word_1_641' title='bbox 2612 3458 2669 3511; x_wconf 84' lang='grc' dir='ltr'><strong>δέ</strong></span> <span class='ocrx_word' id='word_1_642' title='bbox 2695 3460 2796 3512; x_wconf 73' lang='grc' dir='ltr'><strong>οὑκ</strong></span> <span class='ocrx_word' id='word_1_643' title='bbox 2828 3459 3039 3530; x_wconf 84' lang='grc' dir='ltr'><strong>ἴσχυσε,</strong></span> <span class='ocrx_word' id='word_1_644' title='bbox 3068 3461 3128 3514; x_wconf 83' lang='grc' dir='ltr'><strong>τὸ</strong></span> <span class='ocrx_word' id='word_1_645' title='bbox 3162 3462 3358 3516; x_wconf 81' lang='grc' dir='ltr'><strong>ἐαυτοῦ</strong></span> <span class='ocrx_word' id='word_1_646' title='bbox 3394 3463 3581 3517; x_wconf 75' lang='grc' dir='ltr'><strong>λοιπὸν</strong></span> 
     </span>
    </p>
   </div>
   <div class='ocr_carea' id='block_1_88' title="bbox 1992 3541 3581 3616">
    <p class='ocr_par' dir='ltr' id='par_1_88' title="bbox 1992 3541 3581 3616">
     <span class='ocr_line' id='line_1_88' title="bbox 1992 3541 3581 3616; baseline 0.003 -22"><span class='ocrx_word' id='word_1_647' title='bbox 1992 3541 2267 3611; x_wconf 83' lang='grc' dir='ltr'><strong>ἐποίησεν,</strong></span> <span class='ocrx_word' id='word_1_648' title='bbox 2324 3541 2589 3607; x_wconf 80' lang='grc' dir='ltr'><strong>ἐξέδωκεν</strong></span> <span class='ocrx_word' id='word_1_649' title='bbox 2636 3542 2831 3595; x_wconf 81' lang='grc' dir='ltr'><strong>ἐαυτὸν</strong></span> <span class='ocrx_word' id='word_1_650' title='bbox 2890 3546 2955 3614; x_wconf 74' lang='grc' dir='ltr'><strong>τῇ</strong></span> <span class='ocrx_word' id='word_1_651' title='bbox 3001 3546 3267 3616; x_wconf 76' lang='grc' dir='ltr'><strong>τιμωρίᾳ.</strong></span> <span class='ocrx_word' id='word_1_652' title='bbox 3312 3547 3581 3609; x_wconf 77' lang='grc' dir='ltr'><strong>Κάκεῖνος</strong></span> 
     </span>
    </p>
   </div>
   <div class='ocr_carea' id='block_1_89' title="bbox 1997 3622 3582 3700">
    <p class='ocr_par' dir='ltr' id='par_1_89' title="bbox 1997 3622 3582 3700">
     <span class='ocr_line' id='line_1_89' title="bbox 1997 3622 3582 3700; baseline 0.003 -24"><span class='ocrx_word' id='word_1_653' title='bbox 1997 3625 2097 3695; x_wconf 80' lang='grc' dir='ltr'><strong>μὲν</strong></span> <span class='ocrx_word' id='word_1_654' title='bbox 2123 3622 2574 3695; x_wconf 62' lang='grc' dir='ltr'><strong>ᾧκτειρεναὺτον</strong></span> <span class='ocrx_word' id='word_1_655' title='bbox 2611 3624 2712 3693; x_wconf 71' lang='grc' dir='ltr'><strong>τῆς</strong></span> <span class='ocrx_word' id='word_1_656' title='bbox 2740 3625 2975 3696; x_wconf 80' lang='grc' dir='ltr'><strong>ήλικίας,</strong></span> <span class='ocrx_word' id='word_1_657' title='bbox 3008 3622 3165 3689; x_wconf 78' lang='grc' dir='ltr'><strong>οὗτος</strong></span> <span class='ocrx_word' id='word_1_658' title='bbox 3194 3627 3249 3680; x_wconf 86' lang='grc' dir='ltr'><strong>δὲ</strong></span> <span class='ocrx_word' id='word_1_659' title='bbox 3280 3626 3582 3700; x_wconf 83' lang='grc' dir='ltr'><strong>ἐδάκρυσεν</strong></span> 
     </span>
    </p>
   </div>
   <div class='ocr_carea' id='block_1_90' title="bbox 1993 3706 3583 3783">
    <p class='ocr_par' dir='ltr' id='par_1_90' title="bbox 1993 3706 3583 3783">
     <span class='ocr_line' id='line_1_90' title="bbox 1993 3706 3583 3783; baseline 0.001 -24"><span class='ocrx_word' id='word_1_660' title='bbox 1993 3706 2156 3759; x_wconf 82' lang='grc' dir='ltr'><strong>αὑτὸν</strong></span> <span class='ocrx_word' id='word_1_661' title='bbox 2179 3706 2279 3778; x_wconf 83' lang='grc' dir='ltr'><strong>τῆς</strong></span> <span class='ocrx_word' id='word_1_662' title='bbox 2301 3707 2554 3771; x_wconf 84' lang='grc' dir='ltr'><strong>ἀσεϐείας</strong></span> <span class='ocrx_word' id='word_1_663' title='bbox 2576 3724 2589 3736; x_wconf 90' lang='grc'><strong>·</strong></span> <span class='ocrx_word' id='word_1_664' title='bbox 2621 3708 2682 3759; x_wconf 78' lang='grc' dir='ltr'><strong>οὐ</strong></span> <span class='ocrx_word' id='word_1_665' title='bbox 2705 3708 2815 3779; x_wconf 80' lang='grc' dir='ltr'><strong>γάρ</strong></span> <span class='ocrx_word' id='word_1_666' title='bbox 2841 3708 2911 3762; x_wconf 81' lang='grc' dir='ltr'><strong>τά</strong></span> <span class='ocrx_word' id='word_1_667' title='bbox 2934 3710 3074 3763; x_wconf 85' lang='grc' dir='ltr'><strong>αὑτά</strong></span> <span class='ocrx_word' id='word_1_668' title='bbox 3103 3710 3293 3781; x_wconf 84' lang='grc' dir='ltr'><strong>βλέπει</strong></span> <span class='ocrx_word' id='word_1_669' title='bbox 3322 3712 3352 3764; x_wconf 88' lang='lat'><strong>6</strong></span> <span class='ocrx_word' id='word_1_670' title='bbox 3380 3711 3583 3783; x_wconf 72' lang='grc' dir='ltr'><strong>τύραν-</strong></span> 
     </span>
    </p>
   </div>
   <div class='ocr_carea' id='block_1_91' title="bbox 1994 3791 3583 3864">
    <p class='ocr_par' dir='ltr' id='par_1_91' title="bbox 1994 3791 3583 3864">
     <span class='ocr_line' id='line_1_91' title="bbox 1994 3791 3583 3864; baseline 0.001 -20"><span class='ocrx_word' id='word_1_671' title='bbox 1994 3808 2084 3853; x_wconf 91' lang='grc' dir='ltr'><strong>νος</strong></span> <span class='ocrx_word' id='word_1_672' title='bbox 2129 3791 2225 3843; x_wconf 79' lang='grc' dir='ltr'><strong>καὶ</strong></span> <span class='ocrx_word' id='word_1_673' title='bbox 2275 3792 2304 3843; x_wconf 90' lang='lat'><strong>6</strong></span> <span class='ocrx_word' id='word_1_674' title='bbox 2359 3791 2599 3863; x_wconf 73' lang='grc' dir='ltr'><strong>μάρτυςο</strong></span> <span class='ocrx_word' id='word_1_675' title='bbox 2642 3791 2976 3863; x_wconf 84' lang='grc' dir='ltr'><strong>ἀμφοτέροις</strong></span> <span class='ocrx_word' id='word_1_676' title='bbox 3030 3794 3128 3864; x_wconf 83' lang='grc' dir='ltr'><strong>μὲν</strong></span> <span class='ocrx_word' id='word_1_677' title='bbox 3177 3795 3286 3864; x_wconf 78' lang='grc' dir='ltr'><strong>γὰρ</strong></span> <span class='ocrx_word' id='word_1_678' title='bbox 3326 3795 3376 3847; x_wconf 86' lang='grc' dir='ltr'><strong>οἱ</strong></span> <span class='ocrx_word' id='word_1_679' title='bbox 3427 3794 3583 3847; x_wconf 76' lang='grc' dir='ltr'><strong>αὐτοὶ</strong></span> 
     </span>
    </p>
   </div>
   <div class='ocr_carea' id='block_1_92' title="bbox 1994 3872 3584 3947">
    <p class='ocr_par' dir='ltr' id='par_1_92' title="bbox 1994 3872 3584 3947">
     <span class='ocr_line' id='line_1_92' title="bbox 1994 3872 3584 3947; baseline 0.003 -21"><span class='ocrx_word' id='word_1_680' title='bbox 1994 3873 2284 3944; x_wconf 77' lang='grc' dir='ltr'><strong>ὀφθαλμοὶ,</strong></span> <span class='ocrx_word' id='word_1_681' title='bbox 2302 3872 2439 3927; x_wconf 86' lang='grc' dir='ltr'><strong>ἀλλά</strong></span> <span class='ocrx_word' id='word_1_682' title='bbox 2465 3874 2568 3944; x_wconf 85' lang='grc' dir='ltr'><strong>τῆς</strong></span> <span class='ocrx_word' id='word_1_683' title='bbox 2596 3874 2799 3945; x_wconf 84' lang='grc' dir='ltr'><strong>σαρκός</strong></span> <span class='ocrx_word' id='word_1_684' title='bbox 2816 3892 2830 3908; x_wconf 77' lang='grc'><em>’</em></span> <span class='ocrx_word' id='word_1_685' title='bbox 2852 3877 2901 3928; x_wconf 87' lang='grc' dir='ltr'><strong>οί</strong></span> <span class='ocrx_word' id='word_1_686' title='bbox 2922 3876 2978 3929; x_wconf 82' lang='grc' dir='ltr'><strong>δὲ</strong></span> <span class='ocrx_word' id='word_1_687' title='bbox 3004 3877 3103 3947; x_wconf 85' lang='grc' dir='ltr'><strong>τῆς</strong></span> <span class='ocrx_word' id='word_1_688' title='bbox 3124 3878 3359 3939; x_wconf 81' lang='grc' dir='ltr'><strong>πίστεως</strong></span> <span class='ocrx_word' id='word_1_689' title='bbox 3384 3877 3484 3930; x_wconf 85' lang='grc' dir='ltr'><strong>οὐκ</strong></span> <span class='ocrx_word' id='word_1_690' title='bbox 3502 3876 3584 3931; x_wconf 70' lang='grc' dir='ltr'><strong>ἔτι</strong></span> 
     </span>
    </p>
   </div>
   <div class='ocr_carea' id='block_1_93' title="bbox 1995 3956 3583 4033">
    <p class='ocr_par' dir='ltr' id='par_1_93' title="bbox 1995 3956 3583 4033">
     <span class='ocr_line' id='line_1_93' title="bbox 1995 3956 3583 4033; baseline 0.002 -24"><span class='ocrx_word' id='word_1_691' title='bbox 1995 3958 2045 4010; x_wconf 71' lang='lat' dir='ltr'><strong>ot</strong></span> <span class='ocrx_word' id='word_1_692' title='bbox 2066 3957 2219 4009; x_wconf 78' lang='grc' dir='ltr'><strong>αὐτοί</strong></span> <span class='ocrx_word' id='word_1_693' title='bbox 2238 3972 2251 3986; x_wconf 85' lang='grc'><em>’</em></span> <span class='ocrx_word' id='word_1_694' title='bbox 2272 3956 2388 4009; x_wconf 87' lang='grc' dir='ltr'><strong>ἀλλ’</strong></span> <span class='ocrx_word' id='word_1_695' title='bbox 2412 3960 2621 4018; x_wconf 77' lang='grc' dir='ltr'><strong>ἐκεῖνος</strong></span> <span class='ocrx_word' id='word_1_696' title='bbox 2639 3958 2740 4026; x_wconf 82' lang='grc' dir='ltr'><strong>μὲν</strong></span> <span class='ocrx_word' id='word_1_697' title='bbox 2764 3958 2960 4013; x_wconf 79' lang='grc' dir='ltr'><strong>ἐϐλεπε</strong></span> <span class='ocrx_word' id='word_1_698' title='bbox 2982 3960 3080 4029; x_wconf 81' lang='grc' dir='ltr'><strong>τὴν</strong></span> <span class='ocrx_word' id='word_1_699' title='bbox 3111 3960 3393 4032; x_wconf 88' lang='grc' dir='ltr'><strong>παροῦσαν</strong></span> <span class='ocrx_word' id='word_1_700' title='bbox 3413 3959 3583 4033; x_wconf 78' lang='grc' dir='ltr'><strong>ζωήν,</strong></span> 
     </span>
    </p>
   </div>
   <div class='ocr_carea' id='block_1_94' title="bbox 1998 4033 3586 4113">
    <p class='ocr_par' dir='ltr' id='par_1_94' title="bbox 1998 4033 3586 4113">
     <span class='ocr_line' id='line_1_94' title="bbox 1998 4033 3586 4113; baseline 0.003 -21"><span class='ocrx_word' id='word_1_701' title='bbox 1998 4033 2150 4101; x_wconf 72' lang='grc' dir='ltr'><strong>οὗτος</strong></span> <span class='ocrx_word' id='word_1_702' title='bbox 2174 4038 2232 4091; x_wconf 81' lang='grc' dir='ltr'><strong>δέ</strong></span> <span class='ocrx_word' id='word_1_703' title='bbox 2261 4038 2455 4092; x_wconf 75' lang='grc' dir='ltr'><strong>ἔϐλεπε</strong></span> <span class='ocrx_word' id='word_1_704' title='bbox 2478 4038 2575 4111; x_wconf 77' lang='grc' dir='ltr'><strong>τὴν</strong></span> <span class='ocrx_word' id='word_1_705' title='bbox 2600 4041 2921 4112; x_wconf 86' lang='grc' dir='ltr'><strong>μέλλουσαν,</strong></span> <span class='ocrx_word' id='word_1_706' title='bbox 2949 4041 3084 4112; x_wconf 82' lang='grc' dir='ltr'><strong>πρὸς</strong></span> <span class='ocrx_word' id='word_1_707' title='bbox 3112 4043 3177 4112; x_wconf 79' lang='grc' dir='ltr'><strong>ἦν</strong></span> <span class='ocrx_word' id='word_1_708' title='bbox 3202 4042 3425 4113; x_wconf 75' lang='grc' dir='ltr'><strong>ἔμελλεν</strong></span> <span class='ocrx_word' id='word_1_709' title='bbox 3460 4044 3586 4097; x_wconf 82' lang='grc' dir='ltr'><strong>ἀνα·</strong></span> 
     </span>
    </p>
   </div>
   <div class='ocr_carea' id='block_1_95' title="bbox 2002 4122 3584 4199">
    <p class='ocr_par' dir='ltr' id='par_1_95' title="bbox 2002 4122 3584 4199">
     <span class='ocr_line' id='line_1_95' title="bbox 2002 4122 3584 4199; baseline 0.004 -24"><span class='ocrx_word' id='word_1_710' title='bbox 2002 4122 2306 4195; x_wconf 87' lang='grc' dir='ltr'><strong>πτήσεσθαι</strong></span> <span class='ocrx_word' id='word_1_711' title='bbox 2325 4141 2337 4153; x_wconf 90' lang='grc'>·</span> <span class='ocrx_word' id='word_1_712' title='bbox 2381 4123 2480 4176; x_wconf 73' lang='grc' dir='ltr'><strong>καὶ</strong></span> <span class='ocrx_word' id='word_1_713' title='bbox 2512 4126 2542 4177; x_wconf 94' lang='lat'><strong>6</strong></span> <span class='ocrx_word' id='word_1_714' title='bbox 2571 4126 2670 4195; x_wconf 83' lang='grc' dir='ltr'><strong>μὲν</strong></span> <span class='ocrx_word' id='word_1_715' title='bbox 2716 4125 2982 4197; x_wconf 82' lang='grc' dir='ltr'><strong>τύραννος</strong></span> <span class='ocrx_word' id='word_1_716' title='bbox 3012 4125 3159 4197; x_wconf 85' lang='grc' dir='ltr'><strong>ἐώρα</strong></span> <span class='ocrx_word' id='word_1_717' title='bbox 3192 4129 3428 4199; x_wconf 89' lang='grc' dir='ltr'><strong>τήγανα.</strong></span> <span class='ocrx_word' id='word_1_718' title='bbox 3457 4130 3486 4180; x_wconf 93' lang='lat'><strong>6</strong></span> <span class='ocrx_word' id='word_1_719' title='bbox 3526 4128 3584 4181; x_wconf 83' lang='grc' dir='ltr'><strong>δὲ</strong></span> 
     </span>
    </p>
   </div>
   <div class='ocr_carea' id='block_1_96' title="bbox 2007 4205 3586 4280">
    <p class='ocr_par' dir='ltr' id='par_1_96' title="bbox 2007 4205 3586 4280">
     <span class='ocr_line' id='line_1_96' title="bbox 2007 4205 3586 4280; baseline 0.003 -21"><span class='ocrx_word' id='word_1_720' title='bbox 2007 4206 2216 4275; x_wconf 88' lang='grc' dir='ltr'><strong>μάρτυς</strong></span> <span class='ocrx_word' id='word_1_721' title='bbox 2261 4205 2408 4275; x_wconf 81' lang='grc' dir='ltr'><strong>ἐώρα</strong></span> <span class='ocrx_word' id='word_1_722' title='bbox 2447 4206 2547 4276; x_wconf 77' lang='grc' dir='ltr'><strong>τήν</strong></span> <span class='ocrx_word' id='word_1_723' title='bbox 2584 4208 2831 4275; x_wconf 86' lang='grc' dir='ltr'><strong>γέενναν,</strong></span> <span class='ocrx_word' id='word_1_724' title='bbox 2876 4210 2957 4271; x_wconf 87' lang='grc' dir='ltr'><strong>είς</strong></span> <span class='ocrx_word' id='word_1_725' title='bbox 3002 4209 3069 4280; x_wconf 74' lang='grc' dir='ltr'><strong>ἣν</strong></span> <span class='ocrx_word' id='word_1_726' title='bbox 3120 4208 3345 4280; x_wconf 75' lang='grc' dir='ltr'><strong>ἔμελλεν</strong></span> <span class='ocrx_word' id='word_1_727' title='bbox 3393 4211 3586 4264; x_wconf 75' lang='grc' dir='ltr'><strong>ἐαυτὸν</strong></span> 
     </span>
    </p>
   </div>
   <div class='ocr_carea' id='block_1_97' title="bbox 2004 4286 2631 4360">
    <p class='ocr_par' dir='ltr' id='par_1_97' title="bbox 2004 4286 2631 4360">
     <span class='ocr_line' id='line_1_97' title="bbox 2004 4286 2631 4360; baseline 0.01 -22"><span class='ocrx_word' id='word_1_728' title='bbox 2004 4286 2257 4358; x_wconf 76' lang='grc' dir='ltr'><strong>ἐμϐαλεῖν</strong></span> <span class='ocrx_word' id='word_1_729' title='bbox 2284 4289 2314 4341; x_wconf 93' lang='lat'><strong>6</strong></span> <span class='ocrx_word' id='word_1_730' title='bbox 2349 4288 2631 4360; x_wconf 78' lang='grc' dir='ltr'><strong>τύραννος.</strong></span> 
     </span>
    </p>
   </div>
   <div class='ocr_carea' id='block_1_98' title="bbox 2076 4370 3587 4447">
    <p class='ocr_par' dir='ltr' id='par_1_98' title="bbox 2076 4370 3587 4447">
     <span class='ocr_line' id='line_1_98' title="bbox 2076 4370 3587 4447; baseline 0.007 -26"><span class='ocrx_word' id='word_1_731' title='bbox 2076 4370 2138 4422; x_wconf 75' lang='lat' dir='ltr'><strong>EE</strong></span> <span class='ocrx_word' id='word_1_732' title='bbox 2169 4370 2227 4423; x_wconf 79' lang='grc' dir='ltr'><strong>δὲ</strong></span> <span class='ocrx_word' id='word_1_733' title='bbox 2250 4370 2345 4426; x_wconf 81' lang='grc' dir='ltr'><strong>τὸν</strong></span> <span class='ocrx_word' id='word_1_734' title='bbox 2378 4372 2565 4426; x_wconf 80' lang='grc' dir='ltr'><strong>Ἰσαὰκ</strong></span> <span class='ocrx_word' id='word_1_735' title='bbox 2598 4372 2981 4447; x_wconf 75' lang='grc' dir='ltr'><strong>θαυμάζομεν,</strong></span> <span class='ocrx_word' id='word_1_736' title='bbox 3016 4376 3098 4445; x_wconf 70' lang='grc' dir='ltr'><strong>ὅτι</strong></span> <span class='ocrx_word' id='word_1_737' title='bbox 3131 4376 3306 4442; x_wconf 73' lang='grc' dir='ltr'><strong>δεθεὶς</strong></span> <span class='ocrx_word' id='word_1_738' title='bbox 3350 4376 3457 4430; x_wconf 81' lang='grc' dir='ltr'><strong>ὑπὸ</strong></span> <span class='ocrx_word' id='word_1_739' title='bbox 3493 4378 3587 4432; x_wconf 89' lang='grc' dir='ltr'><strong>τοῦ</strong></span> 
     </span>
    </p>
   </div>
   <div class='ocr_carea' id='block_1_99' title="bbox 2006 4452 3590 4531">
    <p class='ocr_par' dir='ltr' id='par_1_99' title="bbox 2006 4452 3590 4531">
     <span class='ocr_line' id='line_1_99' title="bbox 2006 4452 3590 4531; baseline 0.005 -26"><span class='ocrx_word' id='word_1_740' title='bbox 2006 4452 2212 4524; x_wconf 74' lang='grc' dir='ltr'><strong>πατρὸς</strong></span> <span class='ocrx_word' id='word_1_741' title='bbox 2238 4454 2333 4507; x_wconf 61' lang='grc' dir='ltr'><strong>καλ⁵</strong></span> <span class='ocrx_word' id='word_1_742' title='bbox 2374 4455 2797 4525; x_wconf 73' lang='grc' dir='ltr'><strong>συμποδισθεὶς,</strong></span> <span class='ocrx_word' id='word_1_743' title='bbox 2829 4458 2930 4512; x_wconf 84' lang='grc' dir='ltr'><strong>οὐκ</strong></span> <span class='ocrx_word' id='word_1_744' title='bbox 2963 4459 3195 4531; x_wconf 82' lang='grc' dir='ltr'><strong>ἐξήλατο</strong></span> <span class='ocrx_word' id='word_1_745' title='bbox 3235 4459 3331 4513; x_wconf 89' lang='grc' dir='ltr'><strong>τοῦ</strong></span> <span class='ocrx_word' id='word_1_746' title='bbox 3377 4459 3590 4530; x_wconf 87' lang='grc' dir='ltr'><strong>βωμοῦ,</strong></span> 
     </span>
    </p>
   </div>
   <div class='ocr_carea' id='block_1_100' title="bbox 2006 4536 3592 4616">
    <p class='ocr_par' dir='ltr' id='par_1_100' title="bbox 2006 4536 3592 4616">
     <span class='ocr_line' id='line_1_100' title="bbox 2006 4536 3592 4616; baseline 0.006 -28"><span class='ocrx_word' id='word_1_747' title='bbox 2006 4536 2127 4589; x_wconf 77' lang='grc' dir='ltr'><strong>οὐδὲ</strong></span> <span class='ocrx_word' id='word_1_748' title='bbox 2154 4538 2480 4609; x_wconf 86' lang='grc' dir='ltr'><strong>ἐσκίρτησεν</strong></span> <span class='ocrx_word' id='word_1_749' title='bbox 2510 4538 2654 4610; x_wconf 87' lang='grc' dir='ltr'><strong>ὁρῶν</strong></span> <span class='ocrx_word' id='word_1_750' title='bbox 2684 4540 2961 4611; x_wconf 90' lang='grc' dir='ltr'><strong>μάχαιραν</strong></span> <span class='ocrx_word' id='word_1_751' title='bbox 2989 4544 3372 4616; x_wconf 84' lang='grc' dir='ltr'><strong>ἐπαγομένην·</strong></span> <span class='ocrx_word' id='word_1_752' title='bbox 3410 4545 3592 4615; x_wconf 73' lang='grc' dir='ltr'><strong>πολλῷ</strong></span> 
     </span>
    </p>
   </div>
   <div class='ocr_carea' id='block_1_101' title="bbox 2012 4620 3593 4699">
    <p class='ocr_par' dir='ltr' id='par_1_101' title="bbox 2012 4620 3593 4699">
     <span class='ocr_line' id='line_1_101' title="bbox 2012 4620 3593 4699; baseline 0.004 -25"><span class='ocrx_word' id='word_1_753' title='bbox 2012 4620 2213 4692; x_wconf 79' lang='grc' dir='ltr'><strong>μᾶλλον</strong></span> <span class='ocrx_word' id='word_1_754' title='bbox 2252 4620 2442 4674; x_wconf 90' lang='grc' dir='ltr'><strong>τοῦτον</strong></span> <span class='ocrx_word' id='word_1_755' title='bbox 2469 4621 2775 4692; x_wconf 78' lang='grc' dir='ltr'><strong>θαυμάζειν</strong></span> <span class='ocrx_word' id='word_1_756' title='bbox 2810 4625 2916 4697; x_wconf 78' lang='grc' dir='ltr'><strong>χρή</strong></span> <span class='ocrx_word' id='word_1_757' title='bbox 2942 4665 2957 4685; x_wconf 91' lang='grc'><strong>.</strong></span> <span class='ocrx_word' id='word_1_758' title='bbox 2995 4626 3076 4680; x_wconf 83' lang='grc' dir='ltr'><strong>ὄτι</strong></span> <span class='ocrx_word' id='word_1_759' title='bbox 3121 4628 3221 4681; x_wconf 79' lang='grc' dir='ltr'><strong>οὐκ</strong></span> <span class='ocrx_word' id='word_1_760' title='bbox 3256 4627 3438 4699; x_wconf 86' lang='grc' dir='ltr'><strong>ἐδέθη,</strong></span> <span class='ocrx_word' id='word_1_761' title='bbox 3470 4629 3593 4682; x_wconf 74' lang='grc' dir='ltr'><strong>οὐδὲ</strong></span> 
     </span>
    </p>
   </div>
   <div class='ocr_carea' id='block_1_102' title="bbox 2008 4702 3593 4782">
    <p class='ocr_par' dir='ltr' id='par_1_102' title="bbox 2008 4702 3593 4782">
     <span class='ocr_line' id='line_1_102' title="bbox 2008 4702 3593 4782; baseline 0.006 -28"><span class='ocrx_word' id='word_1_762' title='bbox 2008 4702 2107 4770; x_wconf 79' lang='grc' dir='ltr'><strong>τῆς</strong></span> <span class='ocrx_word' id='word_1_763' title='bbox 2149 4703 2259 4755; x_wconf 83' lang='grc' dir='ltr'><strong>ἀπὸ</strong></span> <span class='ocrx_word' id='word_1_764' title='bbox 2303 4702 2414 4755; x_wconf 90' lang='grc' dir='ltr'><strong>τῶν</strong></span> <span class='ocrx_word' id='word_1_765' title='bbox 2462 4702 2678 4774; x_wconf 88' lang='grc' dir='ltr'><strong>δεσμῶν</strong></span> <span class='ocrx_word' id='word_1_766' title='bbox 2716 4705 2962 4778; x_wconf 79' lang='grc' dir='ltr'><strong>ἀνάγκης</strong></span> <span class='ocrx_word' id='word_1_767' title='bbox 3009 4709 3198 4780; x_wconf 79' lang='grc' dir='ltr'><strong>χρείαν</strong></span> <span class='ocrx_word' id='word_1_768' title='bbox 3241 4710 3421 4782; x_wconf 69' lang='grc' dir='ltr'><strong>ἔσχεν,</strong></span> <span class='ocrx_word' id='word_1_769' title='bbox 3469 4712 3593 4765; x_wconf 68' lang='grc' dir='ltr'><strong>οὐδὲ</strong></span> 
     </span>
    </p>
   </div>
   <div class='ocr_carea' id='block_1_103' title="bbox 2010 4783 3595 4865">
    <p class='ocr_par' dir='ltr' id='par_1_103' title="bbox 2010 4783 3595 4865">
     <span class='ocr_line' id='line_1_103' title="bbox 2010 4783 3595 4865; baseline 0.006 -28"><span class='ocrx_word' id='word_1_770' title='bbox 2010 4784 2259 4855; x_wconf 84' lang='grc' dir='ltr'><strong>ἀνέμεινε</strong></span> <span class='ocrx_word' id='word_1_771' title='bbox 2285 4783 2385 4848; x_wconf 83' lang='grc' dir='ltr'><strong>τὰς</strong></span> <span class='ocrx_word' id='word_1_772' title='bbox 2416 4788 2605 4856; x_wconf 85' lang='grc' dir='ltr'><strong>χεῖρας</strong></span> <span class='ocrx_word' id='word_1_773' title='bbox 2632 4787 2741 4841; x_wconf 89' lang='grc' dir='ltr'><strong>τῶν</strong></span> <span class='ocrx_word' id='word_1_774' title='bbox 2785 4788 2998 4859; x_wconf 88' lang='grc' dir='ltr'><strong>δημίων</strong></span> <span class='ocrx_word' id='word_1_775' title='bbox 3018 4833 3033 4851; x_wconf 83' lang='grc'><strong>,</strong></span> <span class='ocrx_word' id='word_1_776' title='bbox 3070 4792 3186 4844; x_wconf 80' lang='grc' dir='ltr'><strong>ἀλλ’</strong></span> <span class='ocrx_word' id='word_1_777' title='bbox 3221 4794 3383 4857; x_wconf 85' lang='grc' dir='ltr'><strong>αὐτὸς</strong></span> <span class='ocrx_word' id='word_1_778' title='bbox 3413 4793 3595 4865; x_wconf 82' lang='grc' dir='ltr'><strong>ἐαυτῷ</strong></span> 
     </span>
    </p>
   </div>
   <div class='ocr_carea' id='block_1_104' title="bbox 2014 4868 3594 4948">
    <p class='ocr_par' dir='ltr' id='par_1_104' title="bbox 2014 4868 3594 4948">
     <span class='ocr_line' id='line_1_104' title="bbox 2014 4868 3594 4948; baseline 0.006 -27"><span class='ocrx_word' id='word_1_779' title='bbox 2014 4868 2107 4921; x_wconf 78' lang='grc' dir='ltr'><strong>καὶ</strong></span> <span class='ocrx_word' id='word_1_780' title='bbox 2135 4868 2284 4937; x_wconf 86' lang='grc' dir='ltr'><strong>θῦμα</strong></span> <span class='ocrx_word' id='word_1_781' title='bbox 2314 4869 2407 4921; x_wconf 75' lang='grc' dir='ltr'><strong>καὶ</strong></span> <span class='ocrx_word' id='word_1_782' title='bbox 2441 4869 2619 4937; x_wconf 85' lang='grc' dir='ltr'><strong>ἱερεὺς</strong></span> <span class='ocrx_word' id='word_1_783' title='bbox 2646 4871 2739 4923; x_wconf 71' lang='grc' dir='ltr'><strong>καὶ</strong></span> <span class='ocrx_word' id='word_1_784' title='bbox 2774 4871 3158 4945; x_wconf 83' lang='grc' dir='ltr'><strong>θυσιαστήριον</strong></span> <span class='ocrx_word' id='word_1_785' title='bbox 3181 4876 3390 4944; x_wconf 89' lang='grc' dir='ltr'><strong>γέγονε.</strong></span> <span class='ocrx_word' id='word_1_786' title='bbox 3426 4878 3594 4948; x_wconf 87' lang='grc' dir='ltr'><strong>Περι-</strong></span> 
     </span>
    </p>
   </div>
   <div class='ocr_carea' id='block_1_105' title="bbox 2016 4952 3593 5030">
    <p class='ocr_par' dir='ltr' id='par_1_105' title="bbox 2016 4952 3593 5030">
     <span class='ocr_line' id='line_1_105' title="bbox 2016 4952 3593 5030; baseline 0.006 -25"><span class='ocrx_word' id='word_1_787' title='bbox 2016 4953 2297 5022; x_wconf 84' lang='grc' dir='ltr'><strong>σκοπήσας</strong></span> <span class='ocrx_word' id='word_1_788' title='bbox 2334 4953 2442 5023; x_wconf 84' lang='grc' dir='ltr'><strong>γάρ</strong></span> <span class='ocrx_word' id='word_1_789' title='bbox 2468 4952 2674 5025; x_wconf 85' lang='grc' dir='ltr'><strong>κύκλῳ,</strong></span> <span class='ocrx_word' id='word_1_790' title='bbox 2706 4955 2800 5009; x_wconf 79' lang='grc' dir='ltr'><strong>καὶ</strong></span> <span class='ocrx_word' id='word_1_791' title='bbox 2842 4955 2965 5011; x_wconf 79' lang='grc' dir='ltr'><strong>ἰδὼν</strong></span> <span class='ocrx_word' id='word_1_792' title='bbox 2994 4959 3183 5013; x_wconf 76' lang='grc' dir='ltr'><strong>οὐδένα</strong></span> <span class='ocrx_word' id='word_1_793' title='bbox 3210 4960 3317 5013; x_wconf 89' lang='grc' dir='ltr'><strong>τῶν</strong></span> <span class='ocrx_word' id='word_1_794' title='bbox 3346 4961 3593 5030; x_wconf 87' lang='grc' dir='ltr'><strong>ἀδελφῶν</strong></span> 
     </span>
    </p>
   </div>
   <div class='ocr_carea' id='block_1_106' title="bbox 2017 5034 3595 5110">
    <p class='ocr_par' dir='ltr' id='par_1_106' title="bbox 2017 5034 3595 5110">
     <span class='ocr_line' id='line_1_106' title="bbox 2017 5034 3595 5110; baseline 0.006 -23"><span class='ocrx_word' id='word_1_795' title='bbox 2017 5036 2262 5105; x_wconf 80' lang='grc' dir='ltr'><strong>παρόντα</strong></span> <span class='ocrx_word' id='word_1_796' title='bbox 2297 5034 2638 5106; x_wconf 88' lang='grc' dir='ltr'><strong>ἐθορυϐήθη,</strong></span> <span class='ocrx_word' id='word_1_797' title='bbox 2677 5038 2913 5110; x_wconf 79' lang='grc' dir='ltr'><strong>ἠπείχθη</strong></span> <span class='ocrx_word' id='word_1_798' title='bbox 2952 5042 3185 5095; x_wconf 75' lang='grc' dir='ltr'><strong>σπεῦσαι</strong></span> <span class='ocrx_word' id='word_1_799' title='bbox 3230 5044 3324 5097; x_wconf 78' lang='grc' dir='ltr'><strong>καὶ</strong></span> <span class='ocrx_word' id='word_1_800' title='bbox 3355 5044 3595 5097; x_wconf 73' lang='grc' dir='ltr'><strong>καταλαο</strong></span> 
     </span>
    </p>
   </div>
   <div class='ocr_carea' id='block_1_107' title="bbox 2016 5116 3595 5198">
    <p class='ocr_par' dir='ltr' id='par_1_107' title="bbox 2016 5116 3595 5198">
     <span class='ocr_line' id='line_1_107' title="bbox 2016 5116 3595 5198; baseline 0.006 -27"><span class='ocrx_word' id='word_1_801' title='bbox 2016 5119 2152 5185; x_wconf 85' lang='grc' dir='ltr'><strong>ϐεἴν,</strong></span> <span class='ocrx_word' id='word_1_802' title='bbox 2184 5116 2324 5171; x_wconf 83' lang='grc' dir='ltr'><strong>ὥστε</strong></span> <span class='ocrx_word' id='word_1_803' title='bbox 2370 5117 2444 5189; x_wconf 80' lang='grc' dir='ltr'><strong>μὴ</strong></span> <span class='ocrx_word' id='word_1_804' title='bbox 2488 5120 2889 5192; x_wconf 82' lang='grc' dir='ltr'><strong>ἀποσχισθῆναι</strong></span> <span class='ocrx_word' id='word_1_805' title='bbox 2922 5122 3014 5175; x_wconf 91' lang='grc' dir='ltr'><strong>τοῦ</strong></span> <span class='ocrx_word' id='word_1_806' title='bbox 3063 5125 3229 5178; x_wconf 87' lang='grc' dir='ltr'><strong>καλοῦ</strong></span> <span class='ocrx_word' id='word_1_807' title='bbox 3278 5127 3471 5181; x_wconf 88' lang='grc' dir='ltr'><strong>τούτου</strong></span> <span class='ocrx_word' id='word_1_808' title='bbox 3506 5144 3595 5198; x_wconf 88' lang='grc' dir='ltr'><strong>χο-</strong></span> 
     </span>
    </p>
   </div>
   <div class='ocr_carea' id='block_1_108' title="bbox 2018 5202 3591 5281">
    <p class='ocr_par' dir='ltr' id='par_1_108' title="bbox 2018 5202 3591 5281">
     <span class='ocr_line' id='line_1_108' title="bbox 2018 5202 3591 5281; baseline 0.004 -25"><span class='ocrx_word' id='word_1_809' title='bbox 2018 5204 2134 5274; x_wconf 88' lang='grc' dir='ltr'><strong>ροῦ.</strong></span> <span class='ocrx_word' id='word_1_810' title='bbox 2162 5202 2261 5256; x_wconf 87' lang='grc' dir='ltr'><strong>Διά</strong></span> <span class='ocrx_word' id='word_1_811' title='bbox 2290 5202 2445 5254; x_wconf 86' lang='grc' dir='ltr'><strong>τοῦτο</strong></span> <span class='ocrx_word' id='word_1_812' title='bbox 2463 5202 2563 5255; x_wconf 74' lang='grc' dir='ltr'><strong>οὐκ</strong></span> <span class='ocrx_word' id='word_1_813' title='bbox 2592 5204 2845 5274; x_wconf 74' lang='grc' dir='ltr'><strong>ἀιέμεινε</strong></span> <span class='ocrx_word' id='word_1_814' title='bbox 2872 5204 2971 5269; x_wconf 83' lang='grc' dir='ltr'><strong>τὰς</strong></span> <span class='ocrx_word' id='word_1_815' title='bbox 2992 5207 3100 5261; x_wconf 89' lang='grc' dir='ltr'><strong>τῶν</strong></span> <span class='ocrx_word' id='word_1_816' title='bbox 3128 5209 3345 5279; x_wconf 84' lang='grc' dir='ltr'><strong>δημίων</strong></span> <span class='ocrx_word' id='word_1_817' title='bbox 3370 5213 3591 5281; x_wconf 87' lang='grc' dir='ltr'><strong>χεῖρας·</strong></span> 
     </span>
    </p>
   </div>
   <div class='ocr_carea' id='block_1_109' title="bbox 2017 5283 3594 5363">
    <p class='ocr_par' dir='ltr' id='par_1_109' title="bbox 2017 5283 3594 5363">
     <span class='ocr_line' id='line_1_109' title="bbox 2017 5283 3594 5363; baseline 0.004 -25"><span class='ocrx_word' id='word_1_818' title='bbox 2017 5286 2264 5355; x_wconf 84' lang='grc' dir='ltr'><strong>ἐφοϐεῖτο</strong></span> <span class='ocrx_word' id='word_1_819' title='bbox 2286 5285 2394 5354; x_wconf 85' lang='grc' dir='ltr'><strong>γὰρ</strong></span> <span class='ocrx_word' id='word_1_820' title='bbox 2422 5283 2518 5354; x_wconf 82' lang='grc' dir='ltr'><strong>τὴν</strong></span> <span class='ocrx_word' id='word_1_821' title='bbox 2547 5286 2714 5353; x_wconf 88' lang='grc' dir='ltr'><strong>φειδῶ</strong></span> <span class='ocrx_word' id='word_1_822' title='bbox 2737 5287 2833 5341; x_wconf 88' lang='grc' dir='ltr'><strong>τοῦ</strong></span> <span class='ocrx_word' id='word_1_823' title='bbox 2861 5290 3148 5358; x_wconf 80' lang='grc' dir='ltr'><strong>τυράννου,</strong></span> <span class='ocrx_word' id='word_1_824' title='bbox 3183 5292 3256 5363; x_wconf 88' lang='grc' dir='ltr'><strong>μή</strong></span> <span class='ocrx_word' id='word_1_825' title='bbox 3280 5308 3410 5344; x_wconf 89' lang='grc' dir='ltr'><strong>ποτε</strong></span> <span class='ocrx_word' id='word_1_826' title='bbox 3432 5292 3594 5346; x_wconf 78' lang='grc' dir='ltr'><strong>αὐτὸν</strong></span> 
     </span>
    </p>
   </div>
   <div class='ocr_carea' id='block_1_110' title="bbox 2018 5366 3593 5444">
    <p class='ocr_par' dir='ltr' id='par_1_110' title="bbox 2018 5366 3593 5444">
     <span class='ocr_line' id='line_1_110' title="bbox 2018 5366 3593 5444; baseline 0.002 -22"><span class='ocrx_word' id='word_1_827' title='bbox 2018 5369 2352 5438; x_wconf 85' lang='grc' dir='ltr'><strong>κατελεήσας</strong></span> <span class='ocrx_word' id='word_1_828' title='bbox 2392 5366 2676 5440; x_wconf 78' lang='grc' dir='ltr'><strong>ἐξαρπάσῃ</strong></span> <span class='ocrx_word' id='word_1_829' title='bbox 2717 5371 2814 5440; x_wconf 83' lang='grc' dir='ltr'><strong>τῆς</strong></span> <span class='ocrx_word' id='word_1_830' title='bbox 2847 5372 3135 5435; x_wconf 87' lang='grc' dir='ltr'><strong>κοινωνίας</strong></span> <span class='ocrx_word' id='word_1_831' title='bbox 3174 5374 3283 5425; x_wconf 90' lang='grc' dir='ltr'><strong>τῶν</strong></span> <span class='ocrx_word' id='word_1_832' title='bbox 3312 5374 3593 5444; x_wconf 75' lang='grc' dir='ltr'><strong>ἀδελφῶνο</strong></span> 
     </span>
    </p>
   </div>
   <div class='ocr_carea' id='block_1_111' title="bbox 2019 5451 3597 5529">
    <p class='ocr_par' dir='ltr' id='par_1_111' title="bbox 2019 5451 3597 5529">
     <span class='ocr_line' id='line_1_111' title="bbox 2019 5451 3597 5529; baseline 0.003 -22"><span class='ocrx_word' id='word_1_833' title='bbox 2019 5454 2107 5507; x_wconf 84' lang='grc' dir='ltr'><strong>διὰ</strong></span> <span class='ocrx_word' id='word_1_834' title='bbox 2134 5451 2288 5505; x_wconf 85' lang='grc' dir='ltr'><strong>τοῦτο</strong></span> <span class='ocrx_word' id='word_1_835' title='bbox 2312 5451 2597 5522; x_wconf 83' lang='grc' dir='ltr'><strong>προλαϐὼν</strong></span> <span class='ocrx_word' id='word_1_836' title='bbox 2639 5454 2831 5506; x_wconf 84' lang='grc' dir='ltr'><strong>ἐαυτὸν</strong></span> <span class='ocrx_word' id='word_1_837' title='bbox 2857 5454 3131 5525; x_wconf 84' lang='grc' dir='ltr'><strong>ἐξήρπασε</strong></span> <span class='ocrx_word' id='word_1_838' title='bbox 3159 5456 3260 5529; x_wconf 84' lang='grc' dir='ltr'><strong>τῆς</strong></span> <span class='ocrx_word' id='word_1_839' title='bbox 3285 5457 3597 5529; x_wconf 80' lang='grc' dir='ltr'><strong>φιλανθρω-</strong></span> 
     </span>
    </p>
   </div>
   <div class='ocr_carea' id='block_1_112' title="bbox 2023 5534 3600 5609">
    <p class='ocr_par' dir='ltr' id='par_1_112' title="bbox 2023 5534 3600 5609">
     <span class='ocr_line' id='line_1_112' title="bbox 2023 5534 3600 5609; baseline 0.006 -25"><span class='ocrx_word' id='word_1_840' title='bbox 2023 5538 2152 5599; x_wconf 81' lang='grc' dir='ltr'><strong>πίας</strong></span> <span class='ocrx_word' id='word_1_841' title='bbox 2190 5535 2290 5604; x_wconf 83' lang='grc' dir='ltr'><strong>τῆς</strong></span> <span class='ocrx_word' id='word_1_842' title='bbox 2330 5534 2630 5604; x_wconf 86' lang='grc' dir='ltr'><strong>ἀνημέρου.</strong></span> <span class='ocrx_word' id='word_1_843' title='bbox 2669 5536 2781 5588; x_wconf 78' lang='grc' dir='ltr'><strong>Καὶ</strong></span> <span class='ocrx_word' id='word_1_844' title='bbox 2813 5536 2920 5607; x_wconf 89' lang='grc' dir='ltr'><strong>γάρ</strong></span> <span class='ocrx_word' id='word_1_845' title='bbox 2954 5538 3123 5597; x_wconf 81' lang='grc' dir='ltr'><strong>πολλά</strong></span> <span class='ocrx_word' id='word_1_846' title='bbox 3161 5537 3229 5609; x_wconf 76' lang='grc' dir='ltr'><strong>ἦν</strong></span> <span class='ocrx_word' id='word_1_847' title='bbox 3273 5540 3437 5594; x_wconf 85' lang='grc' dir='ltr'><strong>ίκανά</strong></span> <span class='ocrx_word' id='word_1_848' title='bbox 3482 5543 3600 5594; x_wconf 87' lang='grc' dir='ltr'><strong>ἐπι-</strong></span> 
     </span>
    </p>
   </div>
   <div class='ocr_carea' id='block_1_113' title="bbox 2023 5614 3601 5690">
    <p class='ocr_par' dir='ltr' id='par_1_113' title="bbox 2023 5614 3601 5690">
     <span class='ocr_line' id='line_1_113' title="bbox 2023 5614 3601 5690; baseline 0.002 -18"><span class='ocrx_word' id='word_1_849' title='bbox 2023 5617 2236 5687; x_wconf 81' lang='grc' dir='ltr'><strong>κάμψαι</strong></span> <span class='ocrx_word' id='word_1_850' title='bbox 2284 5615 2380 5669; x_wconf 77' lang='grc' dir='ltr'><strong>τὸν</strong></span> <span class='ocrx_word' id='word_1_851' title='bbox 2429 5614 2720 5686; x_wconf 88' lang='grc' dir='ltr'><strong>τύραννον,</strong></span> <span class='ocrx_word' id='word_1_852' title='bbox 2769 5619 2868 5689; x_wconf 82' lang='grc' dir='ltr'><strong>τῆς</strong></span> <span class='ocrx_word' id='word_1_853' title='bbox 2916 5619 3134 5690; x_wconf 87' lang='grc' dir='ltr'><strong>ήλικίας</strong></span> <span class='ocrx_word' id='word_1_854' title='bbox 3180 5621 3242 5675; x_wconf 84' lang='grc' dir='ltr'><strong>τὸ</strong></span> <span class='ocrx_word' id='word_1_855' title='bbox 3291 5621 3444 5682; x_wconf 83' lang='grc' dir='ltr'><strong>νέον.</strong></span> <span class='ocrx_word' id='word_1_856' title='bbox 3488 5622 3601 5675; x_wconf 75' lang='grc' dir='ltr'><strong>τῶν</strong></span> 
     </span>
    </p>
   </div>
   <div class='ocr_carea' id='block_1_114' title="bbox 2025 5698 3601 5781">
    <p class='ocr_par' dir='ltr' id='par_1_114' title="bbox 2025 5698 3601 5781">
     <span class='ocr_line' id='line_1_114' title="bbox 2025 5698 3601 5781; baseline 0.001 -25"><span class='ocrx_word' id='word_1_857' title='bbox 2025 5700 2268 5771; x_wconf 83' lang='grc' dir='ltr'><strong>ἀδελφῶν</strong></span> <span class='ocrx_word' id='word_1_858' title='bbox 2311 5698 2421 5751; x_wconf 88' lang='grc' dir='ltr'><strong>τῶν</strong></span> <span class='ocrx_word' id='word_1_859' title='bbox 2470 5699 2742 5754; x_wconf 85' lang='grc' dir='ltr'><strong>τοσούτων</strong></span> <span class='ocrx_word' id='word_1_860' title='bbox 2789 5705 2823 5775; x_wconf 87' lang='grc' dir='ltr'><strong>ή</strong></span> <span class='ocrx_word' id='word_1_861' title='bbox 2873 5705 3147 5776; x_wconf 43' lang='grc' dir='ltr'><strong>τιμωρίαι</strong></span> <span class='ocrx_word' id='word_1_862' title='bbox 3185 5707 3219 5777; x_wconf 92' lang='grc' dir='ltr'><strong>ή</strong></span> <span class='ocrx_word' id='word_1_863' title='bbox 3270 5706 3365 5760; x_wconf 77' lang='grc' dir='ltr'><strong>καὶ</strong></span> <span class='ocrx_word' id='word_1_864' title='bbox 3410 5707 3601 5781; x_wconf 83' lang='grc' dir='ltr'><strong>θηρίον</strong></span> 
     </span>
    </p>
   </div>
   <div class='ocr_carea' id='block_1_115' title="bbox 2026 5784 3603 5863">
    <p class='ocr_par' dir='ltr' id='par_1_115' title="bbox 2026 5784 3603 5863">
     <span class='ocr_line' id='line_1_115' title="bbox 2026 5784 3603 5863; baseline 0.001 -20"><span class='ocrx_word' id='word_1_865' title='bbox 2026 5787 2184 5853; x_wconf 72' lang='grc' dir='ltr'><strong>ἱκανὴ</strong></span> <span class='ocrx_word' id='word_1_866' title='bbox 2217 5784 2435 5860; x_wconf 86' lang='grc' dir='ltr'><strong>κορέσαι</strong></span> <span class='ocrx_word' id='word_1_867' title='bbox 2464 5784 2598 5852; x_wconf 76' lang='grc' dir='ltr'><strong>(ἀλλ’</strong></span> <span class='ocrx_word' id='word_1_868' title='bbox 2629 5788 2834 5846; x_wconf 75' lang='grc' dir='ltr'><strong>ἐκεῖνος</strong></span> <span class='ocrx_word' id='word_1_869' title='bbox 2867 5787 2967 5842; x_wconf 76' lang='grc' dir='ltr'><strong>οὐκ</strong></span> <span class='ocrx_word' id='word_1_870' title='bbox 2993 5790 3354 5863; x_wconf 87' lang='grc' dir='ltr'><strong>ἐκορέννυτο),</strong></span> <span class='ocrx_word' id='word_1_871' title='bbox 3380 5792 3413 5857; x_wconf 85' lang='grc' dir='ltr'>ἠ</span> <span class='ocrx_word' id='word_1_872' title='bbox 3439 5790 3603 5844; x_wconf 84' lang='grc' dir='ltr'><strong>πολιά</strong></span> 
     </span>
    </p>
   </div>
   <div class='ocr_carea' id='block_1_116' title="bbox 3168 5873 3241 5935">
    <p class='ocr_par' dir='ltr' id='par_1_116' title="bbox 3168 5873 3241 5935">
     <span class='ocr_line' id='line_1_116' title="bbox 3168 5873 3241 5935; baseline -0.027 0"><span class='ocrx_word' id='word_1_873' title='bbox 3168 5873 3241 5935; x_wconf 62' lang='lat' dir='ltr'><strong>ib</strong></span> 
     </span>
    </p>
   </div>
  </div>
