4224 6302
188 369 295 426 ωδ·

191 494 310 550 est;
337 481 564 538 canities
603 482 811 547 matris,
842 478 1088 549 quodque
1130 473 1544 547 pracedentium
1583 471 1789 544 suppli-

193 575 335 631 cium
367 573 498 628 nihil
527 572 861 644 profecisset.
1101 647 1104 650 .

261 664 320 720 2.
355 665 482 719 llmc
519 663 698 729 omnia
731 677 912 717 secum
944 668 1124 716 mente
1149 663 1382 714 versans
1397 656 1710 712 adolescens
1737 657 1794 711 in

195 755 780 836 suppligimnseipsum
822 755 1060 820 immisit,
1089 749 1288 823 ex'quo
1316 751 1559 822 elfugere
1585 766 1689 806 non
1721 751 1795 805 li-

195 835 377 916 celant,
397 859 459 905 et
497 835 774 919 tamquam
808 847 862 902 in
902 846 1117 902 laticum
1145 844 1455 914 frigidorum
1496 840 1694 898 fontem
1736 840 1798 896 in

196 939 403 997 lebetes
431 955 672 1011 praeeris
718 938 1019 1002 desiliebat,
1067 922 1314 992 divinum
1356 935 1628 990 lavacnnn
1675 934 1797 990 illos

193 1032 524 1087 existimans:
553 1041 606 1086 et
654 1029 995 1098 baptismum.
1041 1027 1204 1083 Sicut
1230 1027 1382 1081 enim-
1423 1025 1670 1079 homines
1704 1024 1799 1095 qui

199 1121 683 1192 uramur,_.seipsos
729 1121 782 1174 in
837 1119 1009 1180 lacum
1058 1116 1372 1188 frigidarum
1397 1130 1658 1192 aquarum
1697 1115 1799 1170 im-

198 1214 438 1280 mittunt,
465 1214 544 1270 sic
567 1215 657 1269 ille
687 1213 912 1270 fratrum
939 1212 1218 1268 desiderio
1233 1212 1483 1266 incenante
1523 1209 1576 1264 in
1607 1224 1794 1264 comm

200 1308 538 1376 Supplicium
557 1321 616 1360 se
643 1305 881 1360 immisit.

272 1397 570 1470 Ampliﬁcet
607 1405 655 1450 et
696 1397 872 1449 laedit
901 1410 1207 1466 garermm:
1225 1393 1406 1447 matris
1430 1393 1675 1446 animum.
1705 1391 1799 1446 Si-

201 1488 491 1543 miliiudine
528 1487 788 1559 οαοριιιυ
814 1487 969 1540 ducta
1012 1474 1802 1552 rm'illuumw-Adjungcbat

200 1591 254 1635 et
280 1573 717 1635 cohortationem
753 1588 957 1643 mater,
999 1592 1113 1632 non:
1134 1576 1276 1647 quod
1320 1575 1409 1630 ille
1433 1574 1806 1628 cohortatione

202 1669 491 1740 indigeret,
527 1668 630 1723 sed
668 1676 736 1722 ut
767 1681 959 1723 rursus
998 1666 1235 1721 mulienis
1277 1662 1655 1719 fortitudinem
1682 1661 1801 1715 ani-

203 1760 532 1816 madvertas;
554 1759 757 1815 Nullius
784 1761 934 1814 enim
955 1768 1158 1830 septem
1189 1758 1476 1812 liberorum
1498 1771 1670 1810 causa
1690 1770 1805 1808 ma-

202 1862 360 1908 terno
371 1847 575 1908 inﬂecte
591 1862 858 1908 commota
879 1861 994 1907 est:
1019 1851 1134 1905 imo
1146 1865 1273 1905 vero
1295 1851 1353 1903 in
1373 1850 1595 1919 singulis
1610 1847 1807 1902 aﬂ'eetn

203 1952 746 2000 maternoeommota
767 1951 886 1999 est:
913 1957 1024 1998 non
1047 1942 1190 2009 enim
1206 1940 1348 1996 dixit
1375 1939 1516 2010 apud
1542 1954 1601 1994 se
1625 1958 1638 1993 :
1665 1939 1806 2008 Quid

203 2037 310 2092 hoc
341 2036 555 2092 tandem
591 2035 668 2090 rei
700 2036 820 2090 est?
844 2034 1097 2104 abreptus
1127 2041 1211 2088 est
1239 2031 1375 2086 mihi
1418 2031 1645 2086 ﬁliorum
1670 2029 1806 2086 clio—

203 2121 319 2192 riis,
351 2130 436 2184 hic
462 2129 748 2184 derelictus
774 2137 851 2184 est
877 2129 1067 2184 solus:
1113 2128 1166 2182 in
1207 2127 1308 2181 hoc
1348 2140 1448 2196 ego
1484 2125 1552 2180 de
1579 2126 1810 2180 orbitate

205 2222 510 2292 periclitor;
545 2222 672 2292 quis,
687 2237 779 2276 me
798 2221 859 2276 in
891 2231 1159 2291 posterum
1187 2221 1296 2276 alet
1325 2221 1382 2274 in
1406 2228 1713 2280 senectute,
1761 2217 1810 2272 si

205 2315 298 2371 hic
324 2316 557 2371 abierit?
596 2331 702 2373 non
745 2314 887 2369 enim
927 2313 1057 2368 mihi
1101 2304 1372 2368 dimidiam
1418 2320 1624 2382 partem
1655 2311 1811 2366 exltis-

207 2405 401 2462 buissc
416 2407 552 2460 satis
571 2416 706 2472 erat,
736 2414 831 2460 aut
851 2405 899 2458 si
927 2405 1101 2459 minus
1115 2403 1651 2472 ‘parletn'dintidia‘m,
1677 2403 1809 2455 duas

207 2420 552 2462 mutsscsans
571 2420 706 2472 erat,
736 2420 831 2460 aut
851 2421 899 2458 SI
927 2420 1101 2459 minus
1165 2420 1651 2471 artem'unmmam,
1677 2420 1809 2455 uuas

207 2508 414 2567 partes,
445 2496 548 2552 nisi
574 2505 628 2552 et
655 2511 779 2552 eum
804 2496 892 2567 qui
923 2496 1051 2550 mihi
1095 2420 1242 2550 sgns
1270 2495 1336 2548 ad
1363 2495 1653 2549 senectutis
1675 2509 1811 2546 con-

206 2588 529 2643 solationem
576 2587 867 2643 derelictus
914 2598 1016 2654 est,
1066 2587 1238 2656 ipsum
1266 2588 1430 2641 etiam
1454 2600 1644 2644 rursus
1679 2584 1813 2654 adji-

203 2681 391 2736 ciam?
416 2679 556 2736 Nihil
602 2681 792 2735 borum
824 2668 1074 2734 dixit'aut
1098 2678 1367 2747 cogitavit,
1397 2675 1492 2732 sed
1514 2676 1663 2747 quasi
1692 2691 1812 2742 ma-

209 2772 370 2828 nibus
385 2772 756 2827 cohortatione
767 2771 1055 2826 verborum
1086 2771 1138 2825 in
1162 2770 1327 2825 altum
1349 2769 1616 2824 sublatum
1640 2769 1811 2822 filium

205 2863 264 2916 in
313 2862 546 2918 lubt-tem
575 2863 812 2917 immisit.
843 2861 1010 2917 Deum
1041 2862 1282 2927 laudans,
1314 2861 1456 2931 quod
1488 2870 1654 2938 totum
1683 2877 1812 2915 ven-

207 2955 309 3008 tris
339 2953 423 3008 sui
471 2951 700 3008 fructum
747 2962 1113 3022 acceptasset,
1155 2953 1465 3022 nullumque
1494 2953 1813 3022 respuisset,

208 3061 405 3099 verum
429 3047 618 3099 omnia
635 3061 697 3100 ex
720 3046 915 3101 arbore
943 3059 1098 3113 poma
1121 3044 1511 3114 decerpsisset:
1538 3043 1608 3099 ita
1635 3051 1817 3099 utau-

206 3137 400 3192 (Laeter
428 3136 608 3192 dicere
634 3137 830 3207 possim
857 3138 1104 3206 graviora
1146 3135 1276 3190 filiis
1302 3149 1420 3189 eam
1447 3141 1568 3191 esse
1599 3149 1813 3203 perpes-

208 3243 350 3283 sam.
383 3228 516 3285 Nam
543 3229 651 3284 illis
696 3229 911 3299 quidem
955 3243 1078 3298 pars
1107 3227 1280 3297 major
1322 3227 1523 3283 doloris
1551 3237 1606 3282 et
1645 3227 1810 3283 animi

204 3321 503 3388 deliquium
532 3319 937 3386 succidebatnr;
969 3320 1087 3375 bare
1113 3335 1240 3376 vero
1268 3315 1482 3392 integra
1509 3329 1690 3375 mente
1727 3320 1816 3389 ju-

206 3410 463 3480 dicioque
515 3412 683 3467 illzrso
741 3413 1003 3468 veriorem
1045 3428 1253 3478 eorum,
1303 3428 1421 3482 qua:
1464 3413 1811 3483 gerebantur,

205 3517 430 3556 sensum
461 3502 531 3557 ob
570 3513 814 3558 naturam
860 3503 1123 3572 capiebat.
1171 3504 1249 3560 Ac
1277 3505 1457 3560 videre
1481 3514 1598 3559 erat
1636 3506 1811 3576 ignem

207 3595 480 3665 triplicem
510 3613 524 3650 :
556 3611 714 3666 quem
748 3597 836 3652 ille
874 3605 1134 3668 tyrannus
1159 3599 1508 3666 accendebat,
1532 3615 1694 3670 quem
1716 3615 1812 3654 ex-

206 3687 634 3751 citabatnatura,
652 3704 811 3758 quem
828 3687 1060 3759 Spiritus
1071 3699 1284 3745 sanctus
1300 3689 1678 3744 inﬂammabat.
1699 3690 1812 3746 Non

207 3779 384 3833 talem
421 3777 743 3850 Babylonius
788 3790 1044 3852 tyrannus
1097 3782 1184 3836 ille
1231 3781 1516 3839 fornacem:
1545 3783 1809 3848 accendit,

205 3867 678 3939 (Dan.5),qualem
699 3872 850 3924 matri
868 3870 1138 3926 fornacem
1158 3872 1243 3927 hic
1261 3884 1516 3942 tyrannus
1531 3875 1807 3928 accendit:

209 3976 338 4014 nam
398 3959 506 4016 illic
555 3961 768 4030 quidem
824 3962 959 4032 ignis
1001 3954 1174 4020 fomes
1226 3973 1340 4019 erat
1387 3964 1641 4034 naphtha,
1698 3966 1808 4034 pix,

202 4063 426 4120 stuppa,
459 4062 819 4119 sarmentum;
852 4052 936 4108 hic
965 4069 1093 4109 vero
1123 4065 1331 4120 natura,
1359 4055 1809 4125 dolores-partus,

127 4130 132 4132 ⁷
206 4143 507 4195 liberorum
561 4158 733 4210 amor,
781 4159 1063 4212 puerorum
1105 4145 1411 4200 concordia.
1461 4146 1577 4200 Non
1618 4147 1687 4200 ita
1738 4147 1811 4202 illi

193 4235 453 4300 iacentes
478 4236 527 4287 iu
561 4235 680 4305 igne
707 4236 1020 4303 urebantur,
1054 4247 1213 4307 atque
1245 4238 1358 4293 haec
1384 4239 1455 4293 ob
1475 4255 1712 4294 amorem
1745 4241 1811 4294 li-

202 4325 467 4380 berorum
499 4326 772 4393 urebatur,
804 4326 898 4382 sed
930 4327 1000 4382 ob
1036 4329 1289 4398 pietatem
1321 4330 1600 4396 vincebat;
1628 4341 1685 4386 et
1715 4347 1811 4386 na—

208 4430 331 4471 tura
360 4431 484 4471 cum
511 4418 679 4486 gratia
720 4421 1007 4490 pugnabat,
1039 4433 1092 4475 et
1121 4411 1396 4478 victoriam
1427 4423 1598 4493 gratia
1627 4440 1814 4494 repon-

202 4508 403 4562 tabat-z
434 4508 624 4579 religio
653 4520 951 4564 maternum
979 4512 1224 4568 allectum
1252 4516 1558 4585 superabat,
1577 4527 1645 4578 et
1674 4517 1812 4585 ignis

203 4602 392 4671 ignem
419 4601 690 4670 vincebat,
717 4604 1009 4672 spiritualis
1035 4608 1353 4673 naturalem,
1386 4623 1556 4677 quem
1575 4609 1812 4664 crudeli-

206 4701 297 4746 tas
344 4693 955 4761 tyranni'suecenderat.
1005 4696 1070 4750 Et
1094 4694 1240 4752 "sicut
1273 4699 1511 4752 marinus
1539 4701 1810 4769 scopulus,

201 4787 303 4857 qui
353 4784 609 4860 fluctuum
667 4787 914 4843 incursus
943 4790 1168 4858 ,excipit,
1215 4794 1328 4860 ipse
1370 4791 1585 4861 quidem
1632 4800 1816 4847 manet

206 4877 529 4942 immobilis,
561 4877 680 4933 illos
706 4887 882 4934 autem
934 4881 986 4935 in
1032 4895 1277 4949 spumam
1327 4882 1619 4938 dissolutos
1660 4882 1814 4939 facile

207 4970 352 5023 tollit
387 4987 400 5023 :
425 4968 504 5026 sic
533 4969 677 5025 illius
693 4986 905 5042 quoque
933 4972 1172 5028 mulieris
1195 4988 1289 5029 cor
1319 4984 1587 5043 tamquam
1619 4990 1812 5045 scopu-

209 5062 300 5116 lus
327 5060 568 5116 marinus
606 5061 800 5119 ﬂuetus
829 5066 1098 5134 excipiens
1126 5065 1370 5119 dolorum
1411 5067 1673 5128 incursus,
1701 5067 1811 5134 ipsa

205 5151 431 5220 quidem
464 5154 661 5210 mansit
702 5146 942 5223 immota,
993 5156 1087 5210 sed
1132 5157 1376 5211 incursus
1425 5157 1542 5210 illos
1570 5157 1721 5210 firma
1761 5163 1816 5209 et

206 5245 573 5313 pliilosoyiliia:
601 5244 753 5314 plena
777 5257 953 5303 mente
978 5247 1240 5303 dissolvit.
1269 5248 1566 5303 Ostendere
1590 5259 1815 5318 tyranno

202 5333 575 5391 contendebat
615 5351 676 5392 se
700 5354 825 5393 vere
850 5347 1076 5394 matrem
1124 5341 1335 5394 illorum
1357 5355 1497 5407 esse,
1527 5357 1651 5395 vere
1681 5341 1816 5395 ﬁlios

1475 362 1562 418 DE
1601 361 1824 418 MACCA
1837 361 2032 418 BzElS.
2077 362 2166 419 ill.

3388 368 3496 438 9:6

1897 478 2014 534 illos
2038 492 2166 533 suos
2196 491 2325 534 esse
2362 478 2642 548 genuinos,
2672 492 2778 532 non
2813 471 3028 549 propter
3062 488 3269 535 natura:
3293 494 3496 550 cogna-

1897 570 2120 637 tionem,
2165 560 2260 625 scd
2301 578 2524 641 propter
2543 569 2751 625 virtutis
2777 572 3212 628 communionem
3249 590 3264 627 :
3303 587 3409 627 non
3440 585 3502 624 se

1897 662 2073 730 ignem
2121 669 2534 729 tormentorum,
2582 661 2676 718 sed
2727 661 2896 740 facem
2934 654 3498 734 nuptialem‘cernere

1897 751 2275 807 arbitrabatur.
2313 751 2430 808 Non
2473 751 2545 807 ita
2593 764 2783 818 mater,
2831 769 2950 824 qua:
2991 753 3144 808 lilios-
3179 752 3246 808 ad
3287 753 3500 822 nuptias

1898 851 2143 910 exornat,
2192 842 2426 910 lzrtatur,
2459 852 2519 897 ut
2549 843 2657 910 illa,
2696 859 2820 900 etnn
2859 853 3106 900 cerneret
3144 846 3500 909 excruciatos,

1899 933 2197 1004 gaudebat;
2227 941 2281 990 et
2306 935 2458 1005 quasi
2495 934 2640 991 hunc
2687 935 2826 991 stola
2863 937 3099 1007 sponsali
3127 935 3391 1002 amiciret,
3424 937 3501 991 illi

1899 1040 2130 1081 coronas
2157 1028 2415 1092 necterct,
2447 1026 2604 1082 alteri
2644 1027 2911 1084 thalamos
2957 1028 3224 1099 nuptiales
3247 1028 3504 1099 erigeret,

1903 1112 1972 1175 ita
2003 1121 2146 1176 hunc
2172 1121 2239 1176 ad
2270 1122 2492 1191 lebetes,
2521 1122 2670 1177 illum
2717 1123 2782 1176 ad
2829 1124 3128 1194 sartagines
3173 1133 3503 1184 currentem,

1901 1214 2064 1267 alium
2108 1215 2286 1282 capite
2331 1222 2634 1269 truncatum
2681 1229 2802 1268 cum
2847 1224 3132 1280 cerneret-,
3181 1213 3504 1269 exsultabat.

1899 1305 2092 1360 Omnia
2115 1314 2227 1360 tum
2257 1303 2405 1361 ftzmo
2431 1295 2726 1377 nidoreque
2755 1306 3144 1372 redundabant,
3174 1321 3236 1360 ac
3263 1305 3509 1360 sensibus

1903 1396 2153 1451 omnibus
2199 1395 2398 1451 liberos
2442 1409 2570 1452 suos
2596 1397 2975 1466 experimento
2995 1397 3380 1468 cognoscebat,
3414 1409 3512 1464 per

1904 1488 2090 1543 oculos
2120 1501 2216 1543 eos
2251 1488 2483 1552 intuens,
2509 1500 2605 1556 per
2628 1503 2788 1543 aures
2824 1488 2986 1543 verba
3014 1487 3334 1550 exaudiens,
3380 1486 3510 1555 ipsis

1907 1579 2124 1634 naribus
2170 1577 2372 1633 fumum
2415 1577 2564 1633 illum
2593 1579 2832 1634 carnium
2874 1593 3092 1634 suavem
3138 1587 3193 1633 et
3236 1562 3509 1641 insuavem

1906 1670 2223 1739 excipiens:
2263 1669 2539 1724 insuavem
2582 1669 2797 1740 quidem
2841 1669 3166 1734 inﬁdelibus,
3219 1668 3333 1723 Deo
3385 1650 3512 1723 vero

1909 1761 2124 1830 ipsique
2142 1761 2383 1816 omnium
2407 1761 2789 1816 suavissimum
2813 1777 2827 1826 ;
2859 1759 3062 1816 fumum
3104 1759 3277 1825 illum,
3302 1759 3390 1829 qui
3421 1775 3512 1813 ac-

1909 1867 2022 1906 rem
2051 1852 2266 1923 quidem
2295 1850 2501 1918 infecit,
2535 1852 2777 1908 mulieris
2803 1860 2980 1908 autem
3026 1863 3266 1908 mentem
3291 1867 3395 1906 non
3427 1852 3510 1905 in-

1910 1941 2054 1996 fecit;
2082 1941 2269 1997 Stabat
2296 1943 2439 1997 enim
2468 1953 2722 1998 constans
2739 1953 2796 1998 et
2825 1928 3132 2010 immobilis,
3161 1943 3363 2006 omnia,
3392 1957 3513 2012 quae

1910 2033 2253 2103 gerebantur,
2302 2034 2563 2103 patienter
2595 2035 2792 2091 ferens.
2821 2034 2935 2090 Sed
2956 2035 3065 2106 jam
3094 2044 3302 2104 tempus
3328 2043 3431 2100 est,
3459 2043 3514 2087 ut

1915 2123 2074 2178 finem
2105 2124 2326 2179 dicendi
2365 2123 2646 2190 faciamus,
2676 2141 2782 2197 quo
2813 2126 3056 2197 pluribus
3096 2126 3170 2181 illi
3209 2125 3453 2181 laudibus
3482 2140 3514 2180 ει

1912 2216 2183 2269 communi
2211 2215 2431 2272 doctore
2450 2215 2532 2289 (a)
2557 2218 2915 2272 cumulentur.

1988 2306 2205 2362 neralia
2245 2310 2528 2364 exhortatio
2557 2308 2626 2363 ad
2663 2310 2990 2385 imitationem
3014 2309 3213 2364 matris.
3249 2339 3323 2351 —
3359 2308 3508 2364 lianc

1915 2400 2193 2456 imitentur
2216 2409 2415 2471 patres,
2447 2403 2769 2457 mmulemur
2786 2411 2985 2458 matres
3008 2445 3023 2470 ,
3051 2411 3105 2458 et
3127 2402 3382 2457 mulieres
3412 2442 3428 2467 ,
3456 2410 3512 2456 et

1914 2491 2050 2557 viri;
2079 2494 2169 2563 qui
2203 2494 2254 2547 in
2286 2493 2597 2563 virginitate
2637 2494 2842 2561 vivunt,
2891 2504 2945 2550 et
2990 2495 3079 2566 qui
3115 2494 3287 2550 saccis
3332 2493 3513 2549 amicti

1916 2592 2061 2648 sunt,
2111 2595 2165 2640 et
2217 2585 2306 2656 qui
2339 2587 2616 2655 torquibus
2658 2586 2910 2642 exornati
2941 2605 2953 2640 :
2986 2588 3328 2658 quantumvis
3368 2587 3513 2641 enim

1915 2686 2194 2730 austeram
2233 2677 2492 2733 fuerimus
2524 2679 2686 2732 vitam
2738 2678 2977 2748 amplexi
3018 2689 3071 2733 et
3097 2677 3514 2749 pliilusOpbiam,

1918 2770 2171 2824 mulieris:
2198 2769 2536 2840 philosophia
2565 2771 2904 2826 tolerantiam
2951 2780 3188 2827 nostram
3221 2771 3510 2826 antecedit.

1915 2859 2103 2915 Nullus
2135 2861 2298 2930 igitur
2322 2876 2528 2927 eorum,
2563 2862 2653 2932 qui
2679 2861 2744 2916 ad
2773 2874 3037 2916 summam
3067 2861 3429 2916 fortitudinem
3450 2875 3514 2914 ac

1919 2953 2226 3021 patientiam
2253 2954 2612 3022 pervenerint,
2634 2953 2906 3024 indignum
2931 2954 3196 3009 cxiSIimet
3216 2953 3515 3009 confectam

1916 3043 2371 3099 senitrmulier'em
2404 3045 2503 3100 sibi
2539 3046 2848 3115 magistram
2876 3045 3182 3101 adsciscere
3210 3062 3224 3109 ;
3275 3045 3371 3100 sed
3402 3062 3518 3100 om-

1934 3151 2035 3192 nes
2059 3136 2215 3191 simul
2243 3152 2478 3201 oremus,
2511 3139 2598 3208 qui
2628 3137 2794 3192 urbes
2812 3137 3047 3192 incolitis
3061 3149 3116 3193 et
3141 3137 3230 3208 qui
3254 3139 3305 3192 in
3327 3139 3516 3192 deser-

1918 3229 1987 3283 tis
2013 3230 2297 3284 versamini
2328 3247 2342 3294 ;
2397 3231 2490 3301 qui
2516 3231 2875 3301 virginitatem
2924 3231 3115 3297 colitis,
3162 3240 3217 3286 et
3241 3233 3330 3302 qui
3355 3233 3516 3288 castis

1915 3322 2118 3391 nuptiis
2147 3321 2422 3392 refulgt-tis
2451 3323 2572 3392 ;qui
2601 3322 2781 3377 Stuculi
2815 3323 2971 3394 bujus
2999 3339 3088 3379 res
3111 3339 3299 3380 omnes
3322 3340 3514 3396 asper-

1920 3414 2140 3477 namini,
2177 3421 2229 3467 et
2257 3428 2456 3483 corpus
2476 3415 2816 3468 crucifixistis
2850 3433 2864 3469 :
2891 3425 2947 3469 ut
2972 3415 3160 3471 eodem
3192 3432 3353 3470 cursu
3376 3432 3506 3471 con-

1918 3502 2061 3558 fecto
2109 3503 2356 3557 fiduciam
2405 3503 2650 3559 eamdem
2699 3521 2859 3575 quam
2892 3505 3005 3576 ipsa
3055 3503 3422 3572 ‘obtineamus,
3453 3521 3515 3561 ac

1921 3609 2085 3664 prope
2108 3596 2275 3664 ipsam
2300 3595 2351 3647 in
2383 3594 2469 3649 die
2499 3596 2584 3648 illa
2610 3596 2974 3652 consistamus
2992 3639 3007 3664 ,
3036 3607 3235 3652 sancta:
3263 3598 3510 3667 precibus

1919 3684 2038 3740 freti
2069 3685 2289 3756 ejusque
2337 3685 2650 3751 liberorum,
2681 3699 2734 3741 et
2763 3689 3022 3756 Eleazari,
3059 3689 3148 3759 qui
3178 3688 3502 3745 chornmiil—

1919 3777 2028 3832 lum
2068 3778 2325 3847 explevit,
2357 3778 2536 3848 magni
2556 3779 2912 3849 generosique
2941 3781 3108 3840 senis,
3133 3782 3220 3852 qui
3253 3779 3508 3836 adaman-

1920 3869 2087 3922 tinum
2116 3869 2352 3922 animum
2380 3869 2434 3923 in
2470 3869 2710 3924 adversis
2741 3886 2848 3939 prae
2890 3886 2950 3925 se
2994 3871 3133 3924 tulit.
3170 3871 3222 3925 Id
3253 3885 3381 3926 vero
3412 3885 3512 3941 po-

1922 3959 2148 4015 terimus
2178 3960 2414 4030 assequi,
2447 3961 2490 4015 si
2515 3975 2615 4014 uua
2633 3976 2754 4015 cum
2782 3963 2980 4016 sanctis
3005 3962 3213 4016 illorum
3248 3962 3514 4032 precibus,

1918 4053 2080 4106 etiam
2117 4068 2236 4121 quae
2290 4060 2596 4106 nostrarum
2626 4061 2752 4106 sunt
2785 4054 3013 4120 partium
3044 4053 3386 4108 conferamus
3418 4094 3434 4116 ,
3456 4065 3518 4107 et

1920 4154 2042 4199 ante
2089 4145 2222 4199 bella
2266 4144 2531 4216 cansque
2567 4145 2822 4201 adversos
2853 4146 3001 4216 pacis
3033 4156 3275 4222 tempore
3304 4155 3517 4217 pertur-

1920 4237 2162 4291 batiunes
2206 4254 2324 4306 quae
2362 4237 2414 4291 in
2457 4237 2610 4291 nobis
2640 4246 2764 4291 sunt
2804 4237 3104 4302 vincamus,
3129 4239 3518 4306 incompositus

1921 4327 2102 4381 carnis
2130 4326 2359 4381 insultus
2388 4341 2815 4396 compescamus,
2843 4328 3210 4398 suggillemus,
3239 4336 3295 4384 et
3321 4329 3371 4381 in
3404 4343 3521 4381 sor-

1918 4418 2143 4473 vitutem
2175 4433 2369 4487 corpus
2407 4418 2728 4488 redigamus.
2777 4418 2866 4474 Sic
2889 4419 3033 4473 enim
3077 4421 3186 4483 liet,
3223 4429 3277 4472 ut
3315 4419 3428 4474 sive
3456 4420 3507 4473 in

1920 4519 2051 4579 pace
2078 4511 2238 4563 vitam
2272 4509 2630 4574 traducamus,
2665 4510 2973 4580 Splendidas
3001 4511 3404 4582 gymnasiorum
3425 4528 3516 4566 co-

1920 4618 2081 4657 ronas
2105 4602 2479 4669 obtineamus;
2509 4604 2642 4666 sive,
2672 4612 2730 4657 ut
2773 4603 2915 4659 idem
2941 4613 3213 4658 certamen
3239 4604 3519 4666 obeamus.

1919 4693 2154 4765 benigno
2205 4695 2318 4750 Deo
2352 4696 2525 4751 visum
2557 4696 2740 4761 fuerit,
2771 4697 2823 4750 in
2853 4711 3070 4751 arenam
3102 4697 3271 4768 pa‘rati
3293 4697 3522 4752 descen-

1918 4785 2126 4854 damus,
2159 4797 2210 4842 et
2241 4788 2476 4843 emlestia
2505 4790 3064 4860 bona-consequamur
3091 4806 3104 4842 ξ
3135 4803 3255 4860 qua:
3286 4805 3384 4844 nos
3405 4804 3523 4844 om-

1921 4894 2017 4934 nes
2059 4889 2116 4933 ut
2136 4880 2494 4948 obtineamus,
2519 4881 2837 4951 faxitgratia
2862 4892 2916 4936 et
2962 4882 3263 4952 benignitas
3312 4882 3526 4937 Domini

1921 4970 2092 5023 nostri
2124 4969 2249 5023 .lesn
2273 4971 2494 5034 Christi,
2522 4986 2617 5040 per
2640 4987 2802 5041 quem
2829 4981 3027 5026 etcum
3051 4986 3159 5042 quo
3179 4971 3316 5026 Patri
3332 4972 3524 5042 gloria,

1922 5059 2096 5114 honor
2119 5070 2172 5116 et
2204 5063 2507 5130 imperium,
2535 5079 2637 5116 una
2669 5078 2788 5116 cum
2817 5073 3006 5118 sancto
3043 5063 3266 5130 Spiritu,
3297 5077 3439 5117 nunc
3467 5075 3522 5118 et

1921 5165 2159 5222 semper,
2187 5163 2242 5208 et
2267 5154 2319 5207 in
2351 5153 2544 5208 secula
2575 5153 2922 5209 saeculorum.
2945 5155 3141 5208 Amen.

1990 5347 2065 5411 (a)
2099 5355 2167 5398 Dc
2183 5348 2406 5397 Flaviano
2427 5349 2657 5411 loquitur.

1183 5502 1292 5574 ΙΝ
1343 5502 1809 5578 SANCTOS
1853 5491 2220 5576 MACCA
2232 5503 2551 5580 B/EOS.

1659 5643 2084 5698 «WB

833 5756 1047 5797 BOIILIA
1087 5755 1166 5796 111.

286 5836 439 5890 Senis
466 5833 903 5910 [lauacri/audet
930 5833 1168 5899 explicat.
1202 5863 1269 5873 —
1298 5831 1434 5888 Cum
1467 5843 1517 5890 et
1548 5833 1803 5903 martyri-

1929 5740 2025 5795 bus
2049 5740 2284 5796 debitam
2325 5757 2546 5812 operum
2575 5741 3122 5804 commendationem,
3151 5750 3205 5794 et
3249 5740 3522 5795 redactam

1927 5835 1976 5891 in
2010 5836 2280 5902 angustias
2302 5834 2697 5889 multitudinem
2722 5831 2897 5901 video,
2928 5848 3013 5889 me
3045 5832 3202 5904 piget.
3229 5833 3509 5902 Quocirca,
