4224 6302
767 362 871 419 6'17

743 470 785 519 si
841 468 909 521 ita
963 466 1192 534 videtur,
1233 467 1542 527 doctrinam
1587 470 1640 526 in
1672 472 1951 540 pra‘sentia
1989 473 2319 538 differamus,

745 557 940 611 imitari
970 571 1096 611 vero
1121 568 1410 630 martyrum
1455 558 1821 618 fortitudinem
1853 563 2177 618 studeamus.
2211 564 2326 619 Pri-

750 661 866 700 mus
889 661 1017 718 ergo
1046 647 1200 703 nobis
1230 643 1716 708 Eleazarus‘seuior
1740 655 1792 708 in
1820 655 2049 710 medium
2080 655 2321 726 prodeat,

745 735 948 790 initium
979 739 1350 805 certaminum,
1384 742 1624 814 martyrii
1664 745 2090 814 fundamentum,
2126 748 2327 803 stadio-

745 838 860 881 rum
885 827 1070 898 janua,
1099 829 1424 886 fortitudinis
1467 833 1736 904 princeps,
1767 836 2062 893 tolerantia:
2089 854 2325 908 praecur-

747 931 862 984 sor,
891 918 976 972 illa
998 921 1219 975 canities
1241 917 1618 990 juvenescens,
1641 920 1966 983 Testameuti
1993 930 2183 985 veteris
2213 945 2329 1000 pro.

750 1018 1032 1082 tumartyr,
1056 1011 1414 1082 apostolorum
1446 1016 1699 1086 principis
1731 1017 1872 1073 Petri
1902 1019 2092 1092 imago.
2126 1021 2328 1077 Deiecit

749 1109 802 1151 et
831 1099 1109 1155 blandiens
1131 1111 1183 1156 et
1209 1103 1370 1173 virgis
1396 1106 1607 1163 cardens
1635 1107 1990 1177 adversarius,
2016 1127 2116 1168 nec
2144 1120 2322 1168 tamen

748 1189 1049 1244 declamare
1085 1192 1306 1260 deStitit,
1340 1197 1427 1264 qui
1452 1192 1725 1268 suppliciis
1746 1199 2126 1257 divexabalur:
2155 1203 2329 1259 stabat

748 1282 928 1337 senior
955 1299 1060 1351 prtc
1091 1285 1248 1339 nimia
1283 1297 1516 1345 tremens
1556 1300 1871 1359 senectute;
1914 1294 2136 1350 sedebat
2156 1297 2327 1353 minas

750 1388 812 1427 ac
856 1374 1057 1428 caedem
1102 1377 1361 1433 anhelans
1411 1389 1662 1452 tyrannus
1690 1393 1783 1450 ;et
1801 1386 1895 1455 qui
1928 1387 2210 1451 tremebat.
2241 1405 2331 1445 ve-

750 1476 905 1534 getus
929 1469 1058 1522 abiit
1083 1484 1098 1533 ;
1130 1472 1218 1541 qui
1245 1469 1455 1528 florenti
1481 1484 1636 1530 artato
1665 1476 1995 1547 lasciviebat,
2019 1481 2192 1536 victus
2209 1482 2331 1537 abs-

751 1557 914 1611 cessit
943 1576 956 1612 :
1003 1559 1174 1614 stabat
1207 1563 1429 1618 canities
1453 1568 1775 1635 excruciata,
1802 1569 2064 1639 judicium
2108 1588 2329 1630 exerce-

752 1647 842 1703 bat
869 1665 989 1704 cum
1033 1654 1349 1710 auctoritate
1383 1655 1637 1724 juventus
1683 1659 1922 1727 efferata,
1953 1673 2007 1718 et
2054 1663 2331 1721 victoriam

751 1741 976 1796 canities
1021 1744 1343 1814 rcportabat.
1372 1742 1416 1802 Ο
1445 1763 1636 1804 novum
1670 1765 1841 1821 genus
1863 1753 2099 1809 victoria:
2125 1756 2137 1809 !
2163 1764 2330 1812 totum

752 1833 909 1887 simul
937 1838 1230 1892 exercitum
1271 1841 1494 1909 sagittas
1518 1857 1646 1898 arcu
1674 1844 1975 1902 mittentem
2002 1863 2167 1905 senex
2198 1831 2334 1908 unus

751 1925 1057 1984 vulneratus
1086 1929 1138 1984 in
1168 1930 1339 2001 fugam
1370 1935 1654 1990 convertit.
1686 1937 1802 1993 Non
1831 1940 2031 2010 patitur
2056 1958 2142 1998 me
2163 1943 2338 2014 adju-

752 2028 944 2068 veuum
971 2016 1336 2076 fortitudinem
1359 2023 1581 2093 gradum
1613 2026 2162 2088 facere‘certamiuum
2192 2036 2336 2091 senis

756 2108 1094 2177 miraculum,
1121 2113 1216 2169 sed
1243 2125 1419 2172 tamen
1449 2134 1669 2178 necesse
1696 2132 1798 2190 est,
1829 2133 1887 2178 ut
1911 2126 1978 2179 ad
2005 2140 2098 2181 eos
2122 2127 2227 2182 vim
2252 2128 2336 2183 af-

750 2199 986 2259 ferentes
1013 2205 1100 2260 isti
1130 2222 1414 2288 pergamus
1444 2229 1457 2265 :
1493 2227 1614 2268 nam
1645 2223 1701 2270 et
1725 2216 1800 2270 illi
1831 2220 2118 2287 prmelaros
2143 2221 2212 2276 de
2257 2230 2338 2293 ty-

713 2325 719 2329 -
751 2307 921 2348 ranno
949 2297 1250 2367 triumphos
1276 2311 1542 2372 egerunt:
1567 2320 1672 2360 non
1701 2307 1844 2362 enim
1882 2308 2064 2364 debuit
2085 2312 2338 2380 juventus

751 2382 939 2438 minus
980 2385 1266 2456 intrepida,
1319 2407 1480 2462 quam
1531 2395 1755 2452 canities
1798 2413 2077 2470 apparere.
2119 2401 2335 2471 Septem

751 2473 912 2543 igitur
939 2477 1132 2534 deinde
1154 2481 1377 2548 juvenes
1397 2499 1518 2539 cum
1547 2496 1767 2545 strenue
1791 2489 2156 2560 dimicassent,
2185 2509 2340 2549 coro-

752 2566 860 2618 nati
893 2576 1038 2632 sunt,
1085 2570 1174 2638 qui
1215 2586 1280 2626 ex
1311 2588 1418 2629 uno
1448 2585 1634 2633 ventre
1661 2579 1713 2632 in
1761 2581 1929 2636 aciem
1961 2599 2119 2639 unam
2147 2601 2337 2641 cucur-

749 2667 948 2712 rerant.
996 2658 1051 2714 Si
1081 2662 1152 2716 ita
1191 2662 1420 2731 videtur,
1458 2667 1618 2724 finem
1667 2669 1856 2727 faciam
1892 2674 2125 2740 dicendi,
2167 2693 2200 2732 ο
2228 2677 2341 2734 for-

752 2747 882 2802 tium
910 2760 1200 2822 martyrum
1239 2755 1407 2812 fortes
1432 2759 1719 2816 saltatores
1752 2765 1765 2816 l
1813 2763 1940 2831 Sed,
1972 2775 2031 2820 ut
2072 2767 2335 2837 dicebam,

751 2850 958 2910 septem
1010 2844 1202 2900 deinde
1249 2850 1490 2905 coronati
1531 2859 1657 2907 sunt
1689 2853 1936 2923 juvenes,
1987 2859 2077 2928 qui
2116 2874 2179 2914 ex
2233 2877 2338 2916 uno

752 2945 939 2988 ventre
982 2936 1034 2990 in
1078 2939 1246 2994 aciem
1278 2956 1436 2998 unam
1464 2957 1853 3013 cucurrerunt,
1903 2965 2003 3004 una
2054 2962 2335 3020 parentum

753 3029 1104 3094 germanitate
1129 3041 1182 3084 et
1210 3035 1449 3089 moribus
1472 3039 1736 3104 exornati,
1763 3040 1902 3096 alius
1933 3053 2053 3110 post
2099 3045 2262 3100 alium
2286 3047 2338 3102 in

753 3128 1026 3174 certamen
1059 3122 1442 3193 irrumpebant.
1477 3127 1630 3183 Nunc
1657 3129 1785 3184 mihi
1812 3131 1878 3187 de
1912 3134 2085 3198 vobis,
2115 3151 2146 3191 o
2176 3153 2338 3207 gene-

755 3211 888 3277 rosi,
938 3215 1302 3302 etlaugelicum
1357 3217 1488 3273 illud
1535 3219 1734 3275 dictum
1779 3226 2185 3281 memorandum
2235 3235 2340 3295 est,

753 3302 941 3358 Beatus
985 3315 1150 3378 venter
1183 3309 1269 3380 qui
1313 3325 1398 3364 vos
1439 3316 1676 3382 portavit,
1723 3324 1769 3367 et
1803 3314 1958 3369 ubera
1999 3333 2113 3384 quc
2137 3320 2342 3375 mittis

756 3395 910 3462 (Luc.
945 3397 1031 3451 ll.
1054 3397 1168 3469 9.7).
1202 3400 1427 3466 Quando
1451 3413 1628 3459 autem
1671 3405 1895 3462 uberum
1927 3422 1989 3462 ac
2015 3411 2214 3469 ventris
2243 3411 2340 3467 feci

755 3487 1100 3554 mentionem,
1149 3500 1357 3567 tempus
1403 3502 1505 3557 est,
1556 3505 1614 3550 ut
1657 3496 1729 3551 ad
1762 3496 1976 3554 fortium
2021 3499 2339 3558 bellatorum

756 3586 1022 3634 transeam
1053 3592 1275 3637 matrem
1310 3625 1323 3648 ,
1351 3601 1470 3655 quae
1497 3587 1548 3642 in
1580 3603 1686 3643 uno
1714 3590 1910 3660 smpius
1941 3589 2167 3665 corpore
2195 3611 2339 3652 mor-

1495 355 1555 414 ε.
1589 357 1864 416 IOANNIS
1895 347 2370 416 CHRYSOSTOMI
2411 361 2727 420 ARCBIEP.
2757 363 3293 423 CONS‘I'AN'IINOP.

3917 370 4023 427 628

2433 485 2519 531 tua
2543 487 2647 544 est,
2677 478 2762 533 vel
2791 479 2966 549 potius
2987 495 3132 550 szepe
3155 490 3379 536 mactata
3409 490 3508 547 est,
3537 491 3587 537 et
3621 498 3692 538 ne
3721 486 4022 555 senwlqui-

2431 567 2553 622 dem
2581 569 2843 637 indoluit,
2873 569 2938 624 ad
2969 571 3110 624 illam
3129 613 3142 634 ,
3174 571 3414 642 inquam,
3445 573 3832 629 invulneratam
3861 577 4021 631 simul

2433 670 2489 715 et
2536 661 2717 716 multis
2770 663 3074 717 vulneribus
3116 665 3375 719 sauciam.
3399 665 3512 720 Non
3541 667 3610 721 ita
3646 654 4025 735 illami‘pritnus

2433 750 2720 806 liberorum
2751 737 3112 822 perturbabat,
3144 769 3264 808 cum
3294 755 3361 809 ad
3387 770 3576 811 necem
3607 757 3928 822 traheretur,
3959 765 4018 810 ut

2433 843 2719 912 secundus,
2747 845 2835 914 qui
2859 845 3149 899 certamina
3172 860 3276 899 non
3305 848 3571 916 attigerat,
3594 854 3797 902 metum
3822 846 4020 902 affere-

2433 934 2524 989 bat
2554 952 2569 988 :
2599 949 2702 988 non
2731 936 2801 988 ita
2828 934 3048 989 secundi
3079 949 3265 989 rursus
3291 935 3536 990 interitus
3565 935 3939 1002 contristabat,
3966 943 4026 988 ut

2435 1026 2573 1080 tertii
2604 1025 2695 1079 filii
2719 1027 2820 1078 vita
2849 1025 3100 1088 terrebat,
3121 1026 3272 1096 cujus
3296 1025 3472 1080 adhuc
3487 1037 3604 1081 erat
3629 1025 3750 1080 finis
3771 1027 3985 1095 ignotus
4011 1042 4024 1078 :

2433 1116 2706 1186 per-exigui
2740 1117 2894 1184 pretii
2936 1125 3055 1171 erat
3097 1116 3171 1170 illi
3224 1124 3279 1170 et
3319 1117 3529 1181 tertius,
3557 1123 3855 1185 etquartua
3887 1115 4029 1169 filius

2430 1207 2721 1276 jugulatus,
2772 1221 2894 1260 cum
2941 1206 3174 1260 nondum
3219 1215 3366 1260 esset
3411 1207 3627 1276 quintus
3654 1207 3865 1260 occisus
3909 1221 4030 1261 :ne

2434 1298 2569 1352 sexti
2597 1299 2808 1367 quidem
2836 1312 2991 1352 casus
3020 1297 3407 1367 philosophiam
3437 1297 3554 1367 ejus
3578 1298 3848 1366 superavit
3879 1315 3893 1353 :
3941 1313 4033 1352 re‘

2435 1391 2609 1446 stabat
2652 1390 2904 1460 deinceps
2951 1389 3165 1444 ultimus
3207 1388 3275 1443 ad
3315 1388 3607 1444 certamina
3637 1387 3920 1458 septimus,
3940 1388 4036 1458 qui

2436 1493 2730 1554 martyrum
2760 1481 3016 1536 citharam
3059 1490 3264 1550 septem
3307 1479 3630 1535 chordarum
3672 1479 4034 1549 compleret’.

2437 1573 2576 1640 Quid
2602 1573 2808 1642 igitur?
2834 1587 2900 1626 an
2926 1586 3043 1626 eam
3073 1581 3206 1626 aetas
3252 1571 3534 1624 immatura
3561 1570 3751 1624 flexit?
3778 1584 3847 1623 an
3875 1569 4036 1622 indo-

2437 1666 2554 1732 luit,
2586 1679 2708 1720 eum
2738 1664 2836 1719 bas
2877 1672 3080 1718 naturae
3125 1662 3377 1731 reliquias
3428 1661 3623 1716 auferri
3654 1661 3907 1716 videret!
3936 1660 4034 1715 Illa

2439 1767 2587 1812 certe
2614 1770 2835 1826 puerum
2867 1754 2934 1809 ad
2957 1763 3188 1809 mortem
3216 1755 3460 1824 urgebat,
3489 1754 3532 1808 si
3557 1753 3733 1807 minus
3759 1751 4035 1817 manibus,

2441 1848 2680 1904 consiliis
2707 1857 2903 1901 tamen.
2951 1844 3030 1899 Ne
3054 1859 3396 1911 coronarum,
3420 1859 3454 1897 o
3498 1843 3596 1908 illi,
3627 1858 3910 1898 numerum
3935 1843 4039 1897 im-

2441 1941 2647 1995 minuas
2676 1957 2689 1993 :
2720 1946 2836 1993 esto
2876 1936 3148 2003 fratribus,
3178 1943 3239 1990 ut
3269 1945 3469 2005 partus,
3497 1935 3660 1990 etiam
3682 1934 3865 1988 socius
3893 1941 4042 1988 recte

2441 2032 2699 2088 factorum
2757 2047 2773 2084 :
2827 2028 3036 2083 imitare
3084 2028 3352 2082 actionum
3404 2027 3780 2080 communione
3833 2033 4044 2078 natura;

2443 2122 2873 2180 communionem
2899 2137 2913 2185 ;
2943 2118 3166 2174 ostende
3211 2126 3263 2172 te
3301 2132 3514 2181 eorum,
3536 2116 3625 2186 qui
3655 2114 3871 2169 mactati
3893 2123 4043 2179 sunt,

2443 2219 2606 2274 etiam
2648 2216 2700 2271 in
2745 2213 3006 2284 agonibus
3042 2211 3280 2266 fratrem.
3309 2208 3584 2279 Septimus
3623 2207 3752 2263 mihi
3784 2222 3814 2261 a
3843 2216 4038 2261 natura

2444 2319 2599 2364 natus
2642 2323 2701 2362 es
2745 2307 2909 2370 ﬁlius,
2957 2303 3215 2372 septimus
3261 2300 3392 2354 mihi
3431 2299 3500 2354 ab
3546 2299 3712 2352 animi
3761 2299 4046 2369 proposito

2444 2410 2646 2473 martyr
2671 2413 2899 2455 exorere
2929 2415 2943 2449 :
2971 2412 3040 2452 ne
3069 2393 3289 2459 efficias,
3332 2407 3367 2447 o
3397 2391 3492 2458 fili,
3520 2399 3576 2445 ut
3604 2390 3898 2444 liberorum
3926 2389 4046 2458 qui-

2444 2493 2566 2547 dem
2592 2497 2818 2561 septem,
2849 2502 2942 2543 sex
2971 2500 3101 2541 vero
3128 2493 3422 2554 martyrum
3455 2489 3625 2536 mater
3645 2479 3912 2549 appeller.
3944 2477 4047 2534 Ubi

2447 2600 2588 2640 nunc
2617 2626 2632 2650 ,
2675 2596 2879 2654 quaeso,
2913 2587 3039 2633 sunt
3078 2577 3151 2632 illi
3177 2617 3191 2640 ,
3219 2575 3309 2644 qui
3354 2589 3421 2628 ne
3449 2572 3795 2642 pecuniarum
3826 2569 4047 2640 quidem

2446 2676 2742 2732 oblationes
2773 2673 2884 2727 Deo
2929 2667 3266 2739 largiuntur?
3295 2666 3514 2734 Septem
3547 2661 3708 2717 hodie
3735 2671 3955 2716 teneros
3983 2659 4050 2713 li-

2446 2768 2606 2823 beros
2632 2766 2699 2820 ad
2721 2763 3003 2819 Dominum
3029 2770 3200 2815 mater
3215 2756 3454 2820 adduxit,
3482 2769 3583 2809 nec
3600 2753 3899 2824 obtorpuit,
3923 2765 4047 2805 cum

2450 2857 2771 2916 sacrificium
2801 2869 2834 2909 e
2859 2852 3150 2907 visceribus
3189 2849 3302 2904 suis
3340 2847 3559 2901 offerret
3590 2863 3602 2898 :
3647 2852 3703 2898 at
3729 2843 3885 2898 multi
3919 2857 4050 2912 pau-

2447 2966 2632 3008 corum
2674 2948 2954 3003 obolorum
2980 2944 3137 2999 nobis
3169 2941 3434 2996 interdum
3466 2937 3792 2993 oblationem
3825 2934 4048 2989 sordide

2448 3043 2753 3100 conferunt.
2782 3039 2890 3093 Nos
2923 3046 3100 3091 autem
3130 3036 3239 3089 Deo
3263 3042 3316 3089 et
3359 3032 3658 3086 animorum
3697 3036 3753 3082 et
3785 3026 4047 3098 pecunia-

2450 3151 2566 3190 rum
2595 3144 2651 3189 et
2672 3144 2956 3200 corporum
2984 3127 3307 3183 oblationem
3329 3123 3638 3185 offeramus,
3659 3117 3938 3172 Christum
3960 3132 4050 3170 su-

2457 3245 2550 3300 per
2577 3225 2756 3281 omnia
2803 3219 3192 3282 collaudantes,
3227 3216 3312 3271 cui
3359 3214 3524 3284 gloria
3579 3221 3633 3268 et
3682 3208 4050 3278 imperiumin

2449 3322 2644 3376 srccula
2675 3316 3012 3373 seculorum.
3042 3313 3234 3366 Amen.

2517 3545 2530 3574 ¹
2575 3547 2625 3589 In
2650 3534 2840 3588 Montef.
2859 3533 3064 3597 legitur.
3088 3528 3329 3581 citharam
3365 3528 3550 3576 mutam
3591 3519 3873 3582 compleret,
3895 3521 4050 3570 nimus

2451 3611 2610 3654 recte.

752 3699 4040 3743 _____________________________________________

1317 3795 1432 3856 EX
1474 3796 1538 3856 S.
1584 3797 1892 3861 JOANNE
1934 3801 2445 3877 DAMASCENO,
2491 3801 2597 3864 DE
2641 3789 3134 3863 lMAGlNIBUS,
3183 3787 3332 3848 LIB.
3382 3781 3489 3846 IlI.

1566 3958 1742 4013 EDIT.
1787 3960 1851 4014 Β.
1896 3960 1956 4015 Ρ.
1997 3961 2359 4019 MICHAELIS
2399 3960 2717 4028 LEQUIEN,
2769 3958 2830 4013 P.
2871 3957 2998 4022 584,
3029 3954 3094 4008 Τ.
3141 3953 3179 4006 Ι.

1901 4098 1999 4174 6.
2057 4099 2373 4194 Summis
2431 4096 2900 4191 Gbrusostouti

2117 4272 2183 4315 IN
2226 4271 2633 4317 MACCABEOS.

835 4395 1188 4466 Imperatoris:
1213 4412 1478 4468 expresste
1505 4396 1682 4469 flgurm
1711 4413 1816 4454 non
1863 4414 1994 4455 auro
2016 4407 2218 4455 tantum
2249 4409 2341 4454 aut

764 4495 1002 4556 argento,
1025 4488 1192 4544 aliave
1208 4491 1434 4559 pretiosa
1456 4492 1674 4545 materia
1691 4491 1950 4560 fulgentes
1972 4491 2344 4560 reperiuntur;

770 4591 949 4632 wrnm
975 4579 1133 4633 etiam
1160 4579 1210 4634 in
1233 4596 1340 4636 tere
1379 4579 1680 4636 fabrefacta:
1711 4581 1934 4636 formam
1957 4585 2199 4638 eamdem
2247 4583 2346 4636 im-

769 4682 1003 4735 pressam
1037 4671 1250 4727 habent.
1277 4675 1446 4742 Atque
1475 4675 1711 4728 materia:
1730 4673 2016 4730 discrimen
2047 4674 2177 4728 nihil
2219 4675 2351 4728 ima-

767 4759 900 4826 ginis
927 4760 1091 4817 officit
1141 4762 1613 4848 dignitati,vneque
1639 4781 1704 4823 ex
1733 4780 1798 4822 co
1825 4765 1967 4836 quod
1998 4766 2088 4822 illa
2131 4763 2352 4836 majoris

2451 4399 2601 4469 pretii
2644 4396 2863 4452 materia
2912 4400 3144 4457 constet,
3199 4388 3437 4453 alterius,
3470 4401 3591 4456 qnze
3621 4399 3687 4439 ex
3734 4382 4048 4453 ignobiliora

2457 4490 2699 4547 confecta
2737 4489 2824 4550 sit,
2846 4486 3095 4556 pretium
3137 4481 3392 4536 minuitur
3423 4498 3436 4532 :
3468 4477 3562 4532 sed
3589 4489 3780 4530 omnes
3808 4474 4048 4529 similiter

2460 4578 2800 4635 commendat
2862 4573 3201 4644 Imperatoris
3231 4571 3399 4624 forma
3423 4585 3438 4634 ;
3461 4567 3683 4636 ipsaque
3719 4579 3786 4619 ex
3820 4563 4048 4619 materiae

2459 4670 2760 4726 conditione
2785 4666 2918 4721 nihil
2959 4664 3256 4728 imminuta,
3291 4660 3430 4715 illius
3456 4658 3687 4729 pretium
3714 4653 3897 4719 efficit,
3935 4665 4045 4721 qua:

2460 4763 2576 4831 ejus
2600 4757 2797 4830 excipit
2835 4755 3142 4828 imaginem.
