4246 6320
329 405 440 464 029

1312 327 1316 331 ι
1410 371 1495 426 DE
1535 366 1637 423 SS.
1675 354 1971 419 Bl-JiiNlCE
2013 351 2095 406 ET
2137 337 2512 403 PliOSDOCE.

3481 309 3583 367 630

539 695 936 768 BERNICEN
977 691 1082 752 ET
1124 675 1596 750 raosoocau
1633 648 1968 731 vmutus

2055 659 2157 722 ET
2200 645 2639 717 DOM‘NINAM
2682 637 3033 704 MATREM
3075 630 3382 695 EARUM.

341 881 516 937 fuisse
538 917 552 941 ,
584 879 692 928 non
725 874 911 938 autem
949 864 1002 918 in
1035 862 1122 918 die
1152 846 1511 911 Eraltationis
1550 842 1607 898 S.
1636 837 1948 941 Cr‘ucisllqu

339 937 644 1030 consultius
675 957 1112 1032 Martyrologium
1149 949 1451 1004 Romanum
1479 937 1620 992 testu

342 1063 557 1132 signat,
587 1055 712 1122 licet
741 1051 795 1104 in
831 1053 930 1102 hoc
962 1053 1185 1115 peccare

1954 846 1996 883 ar.
2017 821 2388 898 Chrysostomi
2416 827 2664 897 tempore
2697 808 2938 865 nondum
2967 800 3364 860 celebrabatur.
3393 797 3582 865 Longo

1838 891 2144 1002 'Marty‘rum'
2170 914 2453 979 Domitius:
2485 919 2538 963 et
2569 892 2838 962 sociarum
2869 899 2934 954 ad
2966 896 3032 952 t5
3057 894 3260 964 Aprilis
3283 891 3425 945 diem
3455 905 3590 943 con-

1525 981 1670 1094 qnod
1706 981 2027 1072 Domninain
2061 1006 2320 1078 virginem
2355 1008 2540 1076 vocet,
2573 1010 2696 1068 qum
2728 1000 2902 1047 mater
2934 985 3229 1060 [6541mm
3256 981 3514 1036 'Berniccs
3541 986 3596 1034 et

504 1082 522 1111 ι
591 1082 712 1109 uc“
743 1082 795 1104 ιιι
832 1082 930 1102 Ilw
995 1082 1184 1096 νυν-..ν
1239 1082 1439 1089 .-_-_-_
1478 1082 1489 1092 ,
1545 1082 1557 1094 ι

344 1082 642 1206 :frligldces
665 1082 1077 1210 :virginumrEx
1110 1131 1214 1184 hoc
1256 1132 1436 1179 autem
1479 1113 1708 1171 Romani
1751 1102 2115 1176 Martyrologii
2159 1097 2370 1153 calculo
2408 1105 2616 1148 artuum
2654 1102 2764 1158 quo
2791 1093 2905 1139 tum
2947 1082 3064 1135 haec
3099 1087 3410 1134 sanctarum
3443 1085 3597 1126 mar-

1809 1202 1820 1210 .
1956 1197 1965 1208 ’
2047 1209 2052 1210 ⁷
2104 1209 2118 1210 ί
2137 1207 2151 1210 ⁸
2179 1190 2226 1210 ³³
2251 1190 2423 1210 ¹’““““““
2443 1204 2455 1210 ⁵
2483 1193 2674 1210 ”“¹“¹““¹⁵
2703 1177 2807 1210 ποθ
2848 1189 2959 1210 "un
2988 1169 3194 1210 pascha
3222 1163 3597 1210 rnleltrahaluf

343 1255 549 1313 tyrum,
575 1247 687 1290 tum
711 1197 801 1286 ill;
822 1228 889 1282 de
915 1225 1091 1313 Cruce
1118 1216 1342 1274 humilia
1369 1211 1551 1267 habita
1570 1215 1673 1288 est,
1701 1197 1968 1313 esEscari

344 1290 720 1388 daie'vicosima
767 1327 960 1375 octava
1003 1309 1203 1375 Martii,
1251 1315 1305 1362 et
1343 1290 2106 1368 consequenterParasceves

347 1433 635 1478 numerum
666 1417 854 1476 ducas,
896 1409 1153 1465 vicesima
1195 1403 1311 1458 dies
1336 1395 1535 1453 incidet
1564 1392 1618 1445 in
1652 1387 1916 1443 decimam
1965 1394 2105 1450 quar

350 1533 462 1575 non
514 1517 632 1571 sine
665 1509 900 1582 quodam
945 1500 1199 1572 scrupulo
1237 1516 1251 1553 :
1286 1508 1443 1555 nam,
1477 1497 1536 1543 ut
1567 1485 1803 1542 diximus
1852 1480 1903 1532 in
1946 1471 2152 1529 Monito

349 1629 474 1687 quae
499 1619 626 1666 sunt
652 1572 1050 1677 posterioribus
1079 1595 1291 1653 amentis
1318 1587 1673 1645 concinnatae,
1699 1594 1823 1633 cum
1860 1572 2154 1629 veteribus

420 1704 807 1773 interpretatio
840 1699 1028 1754 Latina
1051 1701 1133 1748 est
1148 1685 1450 1746 Frontonis
1486 1676 1687 1732 Ductei.

1999 1163 2157 1266 posse
2179 1190 2458 1246 videmur;
2483 1193 2676 1250 nempe
2700 1177 2830 1236 59‘2,
2848 1189 2959 1243 quo
2988 1169 3196 1230 Pascha
3222 1163 3602 1221 celebrabatur

2147 1279 2234 1335 die
2289 1274 2548 1330 vicesima
2596 1277 2750 1325 sexta
2789 1262 3035 1336 ejusdem
3069 1257 3273 1314 mensis
3304 1273 3316 1307 :
3349 1268 3379 1308 ι
3415 1268 3523 1323 qua
3553 1252 3597 1305 si

2109 1388 2216 1430 tam
2249 1371 2470 1442 Aprilis.
2505 1367 2558 1423 In
2604 1366 2711 1419 hoc
2735 1362 2903 1430 igitur
2933 1355 3146 1414 calculo
3188 1349 3466 1411 standum,
3501 1350 3606 1404 etsi

2179 1470 2243 1523 ad
2271 1465 2534 1521 Homilies
2566 1470 2750 1516 contra
2789 1454 3039 1516 Judaeos,
3079 1448 3279 1503 tabula
3307 1444 3611 1511 Paschales

2161 1564 2360 1622 tabulis
2385 1577 2492 1615 non
2511 1553 2845 1613 concordare
2861 1547 3028 1604 tacite
3053 1549 3309 1616 possunt.

420 1709 807 1773 Interpretatio
840 1709 1028 1754 Latina
1051 1709 1182 1748 εει-ι*
1201 1709 1450 1744 romoms
1486 1709 1687 1732 υυιωι-
3504 1709 3506 1711 Ι

1234 1888 1397 1974 DE
1444 1870 1916 1967 SANCTIS
1959 1850 2714 1949 MARTYRIBUS

428 2054 699 2116 nmmos
745 2055 824 2096 nr
868 2028 1188 2095 rnosnoc'n
1233 2038 1621 2093 vmotmuus,

1667 2034 1747 2077 ET
1789 2023 2077 2073 DOMNINA
2127 2011 2647 2072 uaruu_muuu,
2693 2001 2960 2048 uentus
3009 1995 3406 2041 PANEGYMCA
3453 1974 3556 2042 (α).

1816 2130 2187 2193 tam!»

417 2278 444 2331 1
511 2272 752 2328 Nondum
779 2266 949 2338 elapsi
984 2272 1108 2318 sunt
1132 2261 1248 2316 dies
1267 2255 1476 2328 viginti,
1503 2267 1566 2307 ex
1598 2261 1704 2319 quo
1725 2254 1932 2298 memo-

344 2370 479 2425 riam
506 2363 691 2420 Crucis
718 2357 1123 2424 celebravimus,
1155 2361 1209 2407 et
1233 2365 1358 2405 ecce
1389 2355 1681 2415 martyrum
1728 2347 1938 2391 memo—

345 2461 480 2527 riam
518 2455 872 2510 celebramus.
905 2448 1088 2510 Vides,
1139 2430 1221 2498 ιιι·
1246 2442 1392 2496 celer
1417 2435 1604 2493 mortis
1642 2429 1836 2487 Christi
1864 2425 1938 2480 tu

348 2519 596 2605 fructus?
640 2553 861 2615 prepler
905 2540 1046 2594 illam
1087 2551 1239 2591 ovem
1267 2531 1519 2602 jngulata:
1565 2531 1690 2578 sunt
1735 2521 1818 2574 Iun
1847 2516 1937 2586 μέ

348 2653 553 2702 venere,
595 2647 814 2706 propter
863 2632 1012 2686 illum
1061 2642 1254 2698 agnum
1307 2623 1393 2676 ha:
1421 2619 1673 2678 victimzc,
1719 2618 1940 2681 propter

350 2731 482 2789 illud
502 2703 820 2785 sacriﬁcium
845 2725 932 2780 ha:
959 2721 1259 2777 oblationes
1289 2735 1301 2770 :
1330 2711 1571 2768 nondum
1603 2705 1788 2777 viginti
1829 2703 1938 2757 ela-

350 2827 433 2898 psi
463 2833 586 2880 sunt
608 2823 827 2885 dies,~et
873 2818 1050 2873 subito
1095 2815 1296 2884 lignum
1325 2809 1504 2865 crucis
1532 2802 1790 2874 praeclara
1812 2811 1940 2866 ger-

351 2921 496 2975 mina
542 2925 834 2986 martyrum
875 2906 1240 2981 germinavit:
1276 2904 1388 2955 inec
1438 2897 1582 2953 enim
1626 2900 1756 2947 sunt
1800 2887 1942 2942 illius

355 3010 544 3065 mortis
564 2984 746 3076 opera.
768 3003 903 3057 Vide
931 3001 1091 3071 igitur
1112 3009 1320 3056 eorum,
1346 3005 1465 3061 quae
1491 2997 1600 3041 tum
1628 2984 1769 3038 dicta
1791 2985 1941 3041 ‘sunt,

355 3098 610 3168 operibus
666 3095 796 3167 ipsis
833 3092 1124 3147 exhibitam
1181 3086 1340 3140 hodie
1403 3075 1941 3134 demonstrationem.

355 3166 492 3249 Tum
522 3166 760 3245 dicebam
793 3193 821 3242 ε’
838 3183 1086 3240 Contriv‘it
1107 3187 1280 3248 pertus
1303 3189 1481 3238 areas,
1508 3178 1551 3224 et
1574 3175 1734 3223 vectes
1760 3166 1947 3233 ferreos

356 3282 607 3353 confregit
650 3272 1100 3349 (Psal.lO6.lt5)
1136 3285 1150 3324 :
1193 3268 1308 3322 haec
1354 3263 1605 3334 operibus
1645 3257 1811 3312 thodie
1856 3254 1950 3308 (le-

359 3381 747 3432 monstrantur.
775 3368 884 3424 Nisi
907 3367 1048 3421 enim
1070 3373 1251 3433 portas
1270 3371 1440 3414 mreas
1456 3351 1817 3414 contriviisset,
1845 3347 1950 3400 illis

358 3465 557 3523 clausis
577 3462 830 3518 mulieres
856 3468 964 3512 tam
992 3455 1154 3510 facile
1180 3449 1392 3521 ingredi
1415 3461 1558 3500 ausa:
1598 3457 1708 3497 non
1729 3447 1909 3495 essent
1933 3452 1946 3488 :

361 3556 466 3613 nisi
505 3554 735 3610 ferreum
763 3556 967 3607 vectem
989 3543 1361 3614 confregisset,
1394 3551 1499 3592 non
1519 3533 1823 3606 potuissent
1853 3530 1953 3581 vir-

360 3653 519 3722 gines
543 3646 714 3718 ipsum
748 3643 966 3698 auterre
1007 3657 1023 3699 :
1061 3636 1166 3693 nisi
1208 3633 1452 3690 inutilem
1471 3639 1745 3685 carcerem
1775 3621 1954 3678 reddi-

363 3721 565 3808 disset,
599 3756 702 3796 non
753 3746 901 3792 tanta
945 3748 1068 3789 cum
1117 3726 1441 3784 conﬁdentia
1481 3730 1746 3790 martyres
1773 3721 1956 3769 essent

364 3837 638 3906 ingressae.
689 3822 1007 3886 Benedictus
1048 3824 1211 3888 Deus,
1241 3820 1437 3875 mulier
1482 3813 1548 3869 ad
1602 3817 1833 3888 mortem
1875 3813 1958 3859 est

367 3923 670 3994 intrepida;
716 3919 928 3984 mulier,
975 3931 1097 3987 quae
1118 3914 1349 3968 martem
1368 3909 1419 3964 in
1445 3913 1688 3962 naturam
1716 3909 1955 3955 nostram

369 3993 589 4082 invexit,
639 4016 916 4084 antiquum
952 4007 1149 4065 diaboli
1193 4005 1354 4061 telum
1387 4045 1401 4068 ,
1461 4000 1566 4055 hoc
1603 3995 1798 4053 diaboli
1849 3993 1968 4047 vim

369 4110 651 4184 prostratit
679 4126 695 4174 ;
724 4109 994 4162 inlirmum
1025 4102 1295 4157 vasculum
1325 4104 1382 4153 et
1416 4093 1624 4165 injuriis
1645 4087 1956 4151 obnoxium,

371 4183 534 4261 telum
582 4203 773 4258 factum
809 4207 890 4255 est
944 4194 1349 4265 insuperabile:
1407 4188 1660 4244 mulieres
1705 4183 1960 4238 adverstis

371 4305 602 4353 mortem
650 4292 881 4348 audaces
926 4301 1088 4344 sunt:
1124 4289 1243 4358 quis
1282 4300 1390 4338 non
1418 4275 1797 4349 Obstupescat?
1826 4275 1961 4329 Eru-

370 4390 594 4446 bescaut
621 4385 865 4458 gentiles,
909 4381 1181 4453 pudeilant
1226 4377 1414 4442 Iudzei,
1446 4375 1536 4444 qui
1582 4368 1960 4428 resurrectioni

372 4479 574 4538 Christi
604 4494 709 4532 non
739 4477 980 4534 credunt.
1005 4473 1158 4541 Quod
1179 4472 1347 4534 enim,
1377 4481 1581 4538 quaeso,
1611 4462 1782 4532 majus
1809 4475 1963 4529 argu-

376 4581 617 4628 mentum
667 4567 1080 4625 resurrectionis
1123 4564 1341 4634 quaeris,
1395 4573 1515 4614 eum
1558 4564 1761 4610 tantam
1783 4552 1966 4606 videas

378 4680 558 4720 rerum
584 4662 775 4718 factam
800 4658 1154 4714 mutationem
1178 4657 1201 4707 ι
1227 4653 1477 4709 Mulieres
1502 4648 1568 4703 ad
1596 4657 1821 4702 mortem
1844 4651 1967 4696 sunt

377 4753 676 4823 intrepidae,
697 4768 806 4807 rem
830 4765 948 4820 qua:
974 4749 1058 4804 vel
1079 4747 1277 4803 sanctis
1302 4744 1430 4799 viris
1451 4750 1605 4803 antea
1618 4733 1966 4796 formidabilis

378 4855 498 4901 erat
525 4854 579 4899 et
608 4843 896 4898 horrenda.

457 4938 534 5006 Qu
545 4915 712 4991 inluni
733 4934 1110 5003 reformidarint
1140 4940 1348 4984 mortem
1372 4929 1493 4983 olim
1514 4932 1794 4980 ναίεται-ο
1811 4913 1969 4975 Disce

380 5031 575 5099 igitur,
637 5034 838 5098 quanto
891 5035 1036 5080 esset
1089 5025 1216 5078 olim
1281 5020 1499 5086 timori,
1543 5027 1636 5082 ut,
1691 5031 1812 5069 cum
1859 5017 1967 5084 jam

384 5132 636 5191 quantum
672 5121 738 5174 sit
771 5118 1115 5190 despicabilis
1154 5116 1372 5182 videris,
1417 5115 1579 5169 Deum
1621 5110 1805 5165 laudes
1849 5126 1970 5163 mu-

385 5213 599 5265 tationis
639 5220 912 5264 auctorem
945 5227 959 5264 :
993 5195 1138 5263 disce
1169 5215 1361 5277 quanta
1393 5207 1471 5259 vis
1493 5205 1607 5272 ejus
1636 5204 1782 5272 prius
1808 5219 1866 5257 es
1899 5212 1967 5265 et,

387 5315 463 5366 ut,
491 5318 612 5357 cum
658 5309 853 5370 quanta
897 5301 965 5354 sit
1017 5315 1157 5354 nunc
1205 5299 1488 5351 infirmitas
1545 5295 1661 5364 ejus
1698 5295 1971 5359 didiceris,

387 5395 603 5447 (lhristn
628 5396 826 5464 gratias
865 5408 1012 5462 agas,
1041 5392 1131 5460 qui
1159 5406 1276 5444 eam
1315 5405 1533 5459 prorsus
1558 5388 1846 5442 enervarit.
1882 5387 1975 5440 Ni-

391 5484 465 5539 liil
495 5485 582 5538 illa
613 5485 878 5538 robustius
909 5486 1033 5537 olim
1060 5493 1197 5546 erat,
1220 5483 1516 5546 carissime,
1561 5480 1797 5548 nihilque
1824 5479 1978 5532 nobis

394 5573 702 5630 imbecillius
720 5593 746 5642 5
769 5575 878 5644 jam
909 5590 1034 5628 vero
1064 5574 1190 5628 nihil
1215 5582 1298 5627 cst
1349 5573 1432 5627 illa
1461 5573 1798 5637 imbecillius,
1822 5572 1980 5626 nihil-

463 5735 536 5788 (η)
570 5733 741 5782 "nitate
760 5747 865 5780 cum
890 5733 1057 5782 Codice
1088 5735 1233 5795 Regio
1260 5734 1396 5782 2H7.

2041 2239 2143 2294 que
2173 2220 2324 2274 nobis
2366 2215 2656 2284 robustius.
2692 2209 2872 2270 Vides.
2905 2214 2964 2261 ut
2993 2205 3191 2275 optima
3235 2201 3306 2255 sit
3352 2201 3483 2254 facta
3527 2212 3644 2251 mu.

2042 2291 2206 2367 talio?
2225 2321 2279 2363 nt
2305 2309 2522 2363 robusut
2544 2305 2754 2359 infirma
2779 2297 3091 2362 reddiderit,
3117 2305 3169 2349 et
3193 2293 3401 2347 inﬁrma
3427 2291 3646 2346 robusta

2043 2406 2182 2459 Deus
2207 2401 2461 2464 eﬂ‘ecerit,
2510 2412 2616 2468 quo
2640 2401 2788 2450 suam
2843 2391 2995 2446 nobis
3064 2389 3330 2456 utrimque
3350 2383 3648 2453 potentiam

2044 2494 2383 2554 declararet?
2414 2492 2792 2546 Verumtamen
2835 2497 2903 2538 ne
2959 2482 3071 2535 haec
3124 2479 3390 2532 afﬁrmare
3437 2465 3645 2528 tantum

2046 2590 2248 2654 sidear,
2269 2583 2779 2642 demonstrationem
2823 2578 2986 2633 etiam
3017 2575 3323 2644 adjnngam.
3356 2573 3452 2634 Ac,
3484 2572 3529 2622 si
3574 2568 3650 2620 vi-

2045 2683 2224 2746 detur,
2259 2681 2487 2751 primum
2539 2676 2670 2730 illud
2703 2672 3094 2734 ostendamus,
3148 2682 3253 2737 quo
3300 2650 3456 2734 pacto.
3502 2661 3647 2714 illaut

2045 2782 2204 2827 antea
2232 2769 2643 2826 reforrnidarent
2669 2780 2773 2820 non
2794 2771 3104 2834 peccatores
3136 2757 3315 2821 modo,
3349 2755 3443 2811 sed
3468 2766 3515 2808 et
3549 2753 3650 2806 ιιυ-

2048 2865 2221 2918 mines
2242 2863 2433 2926 sancti,
2462 2861 2552 2930 qui
2581 2858 2802 2913 multam
2821 2853 2968 2924 apud
2995 2853 3164 2906 Deum
3211 2849 3456 2904 ﬁduciam
3486 2847 3654 2901 habe-

2052 2957 2198 3022 bant,
2231 2956 2320 3026 qui
2346 2962 2492 3009 recte
2540 2951 2691 3006 factis
2720 2948 3084 3012 abundabant,
3119 2958 3442 3013 omnemque
3477 2940 3647 2994 virtu-

2051 3058 2159 3102 tem
2200 3046 2502 3116 attigerant.
2533 3043 2664 3098 llmc
2691 3051 2868 3094 autem
2896 3037 3143 3103 ostendo,
3193 3051 3297 3090 non
3348 3034 3405 3087 ut
3435 3039 3654 3086 sanctos

2051 3137 2489 3199 condemnemus,
2521 3132 2614 3188 sed
2634 3142 2691 3186 ut
2711 3131 2800 3185 Dei
2827 3127 3123 3199 potentiam
3162 3125 3466 3180 ederatnus.
3505 3121 3655 3178 Unda

2049 3231 2214 3301 igitur
2235 3232 2442 3283 constat
2454 3223 2844 3281 formidabilem
2861 3231 3017 3275 antea
3039 3219 3226 3273 mortis
3245 3217 3444 3271 larvam
3469 3215 3651 3277 fuisse,

2050 3330 2383 3391 cunctosque
2413 3320 2558 3373 illatn’
2589 3316 2860 3371 horruisse
2886 3324 2939 3368 et
2965 3309 3291 3366 tremuisse?
3321 3308 3398 3362 Ex
3425 3307 3656 3377 patriar-

2055 3416 2156 3469 cha
2204 3417 2395 3486 primo.
2446 3409 2749 3466 Patriarcb'a
2794 3407 2938 3464 enim
2984 3405 3276 3467 Abraham,
3303 3401 3502 3473 justus,
3559 3401 3650 3452 Dei

2056 3508 2281 3572 amicus,
2301 3508 2389 3577 qui
2415 3507 2642 3575 patriam
2666 3502 2979 3572 reliquerat,
3003 3501 3091 3570 qui
3119 3497 3358 3560 domum,
3378 3502 3655 3564 cognatos,

2058 3600 2293 3665 amicos,
2340 3605 2395 3653 et
2421 3604 2713 3667 praesentes
2753 3607 2843 3649 res
2883 3605 3072 3667 omnes
3119 3589 3189 3643 ob
3220 3588 3311 3642 Dei
3345 3586 3654 3639 niandatntn

2059 3666 2474 3759 contempserat,
2507 3691 2576 3742 ita
2610 3685 2876 3743 metuebat
2901 3698 2966 3739 ac
2985 3666 3375 3738 reformidabat
3406 3685 3658 3740 mortem,

2060 3791 2120 3836 nt
2149 3781 2200 3835 in
2229 3780 2518 3852 Aigyptum
2560 3778 2898 3848 ingressurus
2947 3773 3064 3827 haec
3093 3771 3244 3826 uxori
3293 3782 3404 3824 sum
3431 3768 3657 3830 diceret,

2061 3871 2116 3926 Ν
2120 3874 2198 3928 ovi
2240 3874 2375 3942 quod
2426 3870 2641 3942 pulchra
2668 3869 2736 3922 sit
2758 3866 2959 3921 mulier.
2989 3863 3103 3918 Erit
3119 3863 3284 3934 igitur
3304 3877 3418 3913 cum
3449 3858 3661 3912 viderint

2062 3975 2109 4018 te
2145 3961 2402 4033 ngyptii,
2451 3971 2497 4015 te
2536 3958 2739 4031 quidem
2766 3956 3053 4019 servabunt,
3099 3970 3178 4007 me
3205 3968 3322 4006 vero
3356 3949 3663 4017 interﬁcicnt

2066 4055 2218 4127 (Gen.
2251 4053 2338 4108 12.
2365 4053 2451 4106 Η.
2484 4050 2610 4123 12).
2641 4048 2779 4118 Quid
2805 4047 3003 4119 igitur?
3032 4045 3150 4109 Dic,
3183 4043 3344 4097 Soror
3363 4042 3500 4094 illius
3527 4057 3659 4100 sunt.

2063 4157 2118 4201 ut
2143 4147 2263 4201 bene
2286 4146 2350 4199 sit
2377 4144 2501 4197 mihi
2549 4151 2756 4211 propter
2776 4151 2843 4206 te,
2873 4149 2920 4192 et
2947 4139 3073 4192 vivet
3117 4137 3288 4190 anima
3326 4148 3437 4187 mea
3459 4142 3665 4204 ιιι-θρια-

2065 4238 2138 4308 ιε(
2171 4236 2311 4292 Ibid.
2345 4237 2418 4292 t5
2461 4237 2502 4307 ).
2534 4232 2674 4299 Quid
2707 4232 2808 4286 hoc
2845 4230 2925 4286 rei
2951 4237 3054 4293 est,
3085 4241 3120 4282 ι)
3166 4225 3536 4295 εειιιςιόειιῳιε
3567 4239 3662 4293 pa-

2066 4332 2300 4385 triarclia
2327 4329 2348 4382 ?
2379 4343 2476 4398 pro
2523 4326 2689 4381 nihilo
2721 4325 2908 4390 habes,
2933 4331 2994 4376 ut
3019 4320 3175 4376 uxori
3204 4327 3447 4387 stuprum
3475 4311 3666 4370 aﬂ'era-

2068 4437 2178 4494 tur,
2212 4435 2272 4479 ut
2301 4435 2449 4479 torus
2499 4421 2745 4483 laedatur,
2777 4427 2836 4474 ut
2877 4415 3183 4486 conjugium
3222 4410 3492 4466 violetur?
3524 4411 3670 4463 itane

2069 4519 2281 4574 tandem
2332 4529 2559 4571 mortem
2605 4512 2920 4568 reformidas
2941 4510 2964 4562 τ
2985 4509 3168 4578 Neque
3189 4520 3314 4562 vero
3341 4511 3544 4559 tantum
3567 4516 3664 4574 pro

2070 4610 2237 4664 nihilo
2265 4610 2450 4675 habes,
2478 4607 2572 4661 sed
2605 4616 2659 4659 et
2687 4620 2810 4659 cum
2848 4616 3014 4658 uxore
3039 4601 3223 4656 dolum
3251 4599 3445 4662 nectis,
3473 4611 3537 4651 ac
3557 4606 3671 4650 stu-

2073 4705 2154 4773 pri
2185 4702 2412 4757 fabnlam
2442 4715 2563 4753 cum
2596 4713 2657 4753 ea
2684 4696 2927 4758 simulas,
2951 4706 3276 4762 omnemque
3305 4689 3402 4744 das
3423 4703 3666 4758 operam,

2073 4805 2131 4850 ut
2161 4811 2276 4860 rex,
2303 4793 2429 4849 dum
2479 4791 2801 4846 adulterium
2832 4788 3159 4860 aggreditur,
3199 4786 3367 4840 latere
3394 4784 3585 4854 possit,
3617 4793 3673 4836 et

2073 4889 2252 4944 ablato
2295 4887 2536 4957 conjugis
2580 4885 2797 4940 nomine
2843 4895 3131 4954 personam
3164 4879 3240 4933 illi
3281 4877 3493 4932 sororis
3534 4876 3667 4929 ada-

2075 4982 2271 5052 ptasti?
2297 4981 2492 5035 Verum
2518 4981 2700 5046 timeo,
2727 4993 2794 5032 ne
2821 4977 2947 5032 dum
2963 4975 3149 5032 mortis
3170 4974 3487 5027 imminuere
3513 4972 3674 5023 virtu-

2077 5088 2180 5132 tem
2204 5075 2498 5138 studemus,
2524 5075 2724 5142 justum
2753 5086 3006 5127 accusare
3034 5069 3310 5124 videamur
3345 5082 3360 5130 ;
3408 5065 3671 5136 quamob-

2076 5185 2190 5227 rem
2223 5180 2503 5239 utrumqne
2534 5168 2767 5222 conabor
2813 5164 3091 5234 perficere,
3120 5171 3177 5216 ut
3204 5171 3257 5215 et
3297 5159 3662 5214 infirmitatem

2079 5261 2268 5315 mortis
2311 5260 2614 5321 ostendam,
2664 5266 2716 5312 et
2770 5256 2836 5310 ab
2892 5257 2993 5309 hoc
3047 5253 3472 5308 criminationem
3528 5251 3674 5303 illam

2080 5353 2360 5421 depellant.
2382 5352 2485 5406 Sed
2505 5365 2680 5418 opera:
2699 5349 2926 5419 pretium
2946 5356 3043 5408 est,
3063 5347 3210 5416 prius
3226 5353 3284 5398 ut
3301 5353 3420 5396 eum
3438 5341 3681 5394 timuisse

2081 5459 2307 5500 mortem
2338 5442 2788 5503 demonstremus,
2843 5455 2906 5494 ac
2932 5438 3125 5493 deinde
3162 5452 3190 5491 a
3231 5435 3455 5490 crimine
3509 5431 3679 5487 vindi-

2082 5552 2283 5592 cenms.
2323 5536 2604 5590 Videamus
2645 5548 2773 5601 ergo
2817 5547 2975 5601 quam
3023 5529 3414 5584 intolerabilem
3457 5540 3517 5577 ac
3557 5539 3675 5576 mo-

2087 5633 2274 5687 lestam
2307 5645 2416 5684 rem
2449 5643 2641 5698 passus
2672 5628 2740 5680 sit
2771 5642 2782 5677 :
2815 5641 2935 5679 nam
2968 5638 3186 5679 uxorem
3215 5634 3437 5676 cernere
3465 5628 3652 5672 constet

2016 5742 2022 5744 ·
2090 5734 2290 5794 piatam
2309 5731 2358 5775 et
2373 5720 2631 5775 adulterio
2654 5721 2901 5789 pollutam
2920 5717 3126 5781 intncri,
3145 5715 3410 5769 sexcentis
3425 5713 3682 5765 mortibus
