4224 6302
644 366 739 420 631

638 487 721 533 est
750 476 1151 532 intolerabilius.
1173 475 1309 543 Quid
1335 477 1452 532 dico
1473 478 1734 534 adulterio
1755 479 2008 549 pollutam
2030 480 2051 529 ἰ
2078 494 2122 532 st
2139 479 2219 533 vel

642 568 816 623 tenuis
840 568 908 624 de
932 566 1044 638 ipsa
1086 557 1400 638 suspicionis
1425 570 1674 640 cogitatio
1700 579 1932 626 mentem
1952 570 2220 640 omupet‘,

639 658 832 714 acerba
863 660 935 714 illi
960 659 1068 714 vita
1093 661 1266 717 omnis
1295 671 1348 716 et
1389 661 1608 717 minime
1636 663 1809 717 vitalis
1845 661 2098 716 redditur.
2132 661 2225 715 Et-

640 753 784 807 enim
815 752 951 821 ignis
978 751 1051 806 illi
1082 753 1294 824 quidam
1322 762 1377 808 et
1420 754 1673 808 indomita
1708 753 1918 808 ﬂamma
1946 752 2222 824 zelotypim

642 844 1076 914 morbus;cujos
1120 848 1446 916 tyrannicam
1499 857 1552 902 et
1607 847 1963 902 inevitabilem
1992 847 2098 900 vim
2127 845 2221 901 de-

639 935 852 989 clarans
895 935 1152 1004 quispiam
1181 935 1391 991 dicebat
1419 955 1434 995 :
1467 937 1656 992 Plenus
1697 939 1827 991 enim
1879 938 1989 992 zelo
2023 937 2224 992 animus

639 1026 731 1077 uiri
757 1025 867 1096 ejus
894 1042 995 1080 non
1005 1027 1326 1081 commutabit
1355 1029 1460 1082 ulla
1483 1028 1822 1098 redemptione
1846 1029 2046 1096 odium,
2067 1045 2225 1099 neque

641 1128 812 1184 parcet
822 1119 873 1170 in
898 1118 977 1171 die
995 1118 1190 1183 iudicii,
1209 1137 1366 1188 neque
1377 1119 1675 1175 dissolvetur
1695 1122 1862 1175 multis
1877 1121 2022 1175 donis
2038 1119 2223 1191 (Prov,

640 1209 694 1264 6.
724 1210 810 1265 34.
846 1210 989 1280 55);
1020 1219 1074 1266 et
1103 1212 1227 1266 alibi
1284 1228 1469 1268 rursus
1502 1230 1517 1268 :
1571 1213 1746 1266 Durus
1787 1223 1841 1267 ut
1877 1215 2104 1286 infernus
2150 1223 2224 1268 est

641 1303 778 1356 selus
799 1303 817 1372 (
842 1300 989 1356 Cant.
1024 1302 1076 1358 8.
1111 1304 1213 1373 6).
1242 1302 1393 1360 Sicut
1415 1304 1556 1359 enim
1604 1319 1710 1360 nou
1757 1315 1929 1376 potest
1958 1305 2221 1370 infernus,

641 1390 833 1460 inquit,
861 1392 1099 1462 pecuniis
1124 1394 1288 1461 ﬂecti,
1338 1395 1417 1451 sic
1443 1411 1614 1467 neque
1645 1397 1690 1450 is
1719 1398 1806 1466 qui
1836 1398 2098 1471 zelotypia
2142 1398 2224 1451 la-

640 1481 818 1549 borat,
856 1483 1010 1538 leniri
1031 1492 1193 1554 atque
1218 1486 1433 1556 placari.
1464 1487 1612 1542 Multi
1634 1488 1814 1559 utique
1839 1505 1982 1559 saepe
2008 1494 2108 1545 vita
2129 1505 2221 1544 sua

639 1571 870 1628 libenter
894 1575 1271 1642 redemissem,
1313 1585 1369 1631 ut
1396 1576 1696 1633 adulterum
1727 1580 2028 1636 invenirent
2056 1599 2070 1635 :
2099 1596 2224 1635 san-

639 1663 854 1731 guinem
899 1666 1069 1736 ipsum
1115 1667 1212 1721 viri
1265 1668 1403 1738 ejus,
1453 1671 1542 1740 qui
1577 1686 1798 1727 uxorem
1829 1684 2222 1744 constuprarat,

640 1753 982 1822 perlubcnter
1018 1755 1417 1827 degustassent,
1465 1769 1520 1815 et
1546 1763 1746 1830 quasvis
1794 1773 1887 1818 aut
1929 1779 2087 1834 agere
2133 1776 2226 1820 aut

642 1842 752 1912 pati
780 1843 895 1914 ejus
920 1845 996 1900 rei
1021 1861 1180 1902 causa
1206 1851 1441 1905 contenti
1465 1850 1718 1918 fuissent;
1748 1853 1842 1908 sed
1870 1853 2010 1910 hunc
2033 1855 2226 1912 nihilo-

639 1935 817 1988 minus
864 1936 1249 1998 intolerandum
1300 1942 1580 2007 morbum,
1636 1942 1777 1999 hunc
1825 1946 2120 2002 violentum
2170 1958 2225 2003 et

640 2026 1028 2094 implacabilem
1071 2031 1246 2098 justus
1293 2033 1676 2100 patientissime
1719 2036 1984 2104 toleravit;
2013 2048 2067 2094 et
2109 2049 2224 2094 stu-

641 2131 794 2184 prutn
847 2120 1028 2174 uxoris
1066 2135 1176 2190 pra:
1221 2122 1385 2178 nimio
1425 2126 1611 2180 mortis
1656 2135 1710 2183 et
1748 2129 1992 2184 interitus
2036 2131 2226 2187 timore

640 2209 982 2278 contempsit.

709 2298 764 2352 2.
807 2300 1081 2355 Abra/tami
1103 2304 1360 2376 apologia.
1386 2337 1457 2348 —
1481 2308 1706 2366 Mortem
1731 2312 1878 2368 illum
1909 2329 2036 2385 ergo
2061 2315 2225 2386 liquet

640 2404 708 2442 ex
737 2388 841 2444 hoc
871 2391 1108 2448 timuisse
1132 2411 1145 2447 :
1171 2394 1282 2464 jam
1311 2413 1438 2453 vero
1465 2408 1671 2468 tempus
1698 2413 1804 2470 est,
1829 2413 1886 2458 ut
1908 2419 2030 2460 eum
2061 2421 2090 2460 a
2119 2407 2225 2462 cri-

640 2479 785 2534 mine
805 2491 858 2536 et
898 2484 1261 2550 accusatione,
1298 2502 1418 2556 quae
1450 2488 1574 2545 hinc
1617 2494 1874 2558 exoritur,
1905 2495 2220 2566 liberemus,

638 2571 684 2624 si
716 2572 860 2639 prius
890 2573 1054 2642 ipsam
1081 2579 1473 2634 accusationem
1501 2586 1941 2652 expresserimus.
1970 2588 2222 2654 Quasnam

639 2663 803 2733 igitur
853 2664 942 2719 illa
989 2668 1201 2723 tandem
1252 2679 1336 2725 est
1383 2675 1696 2729 accusatio?
1725 2675 2035 2748 Oportebat,
2082 2679 2228 2737 dicet

640 2755 858 2825 aliquis,
883 2768 935 2811 ut
970 2768 1196 2815 mortem
1217 2775 1498 2831 oppeteret
1525 2767 1718 2834 potius,
1745 2784 1901 2838 quam
1933 2782 1986 2824 ut
2005 2781 2226 2827 constu-

644 2849 785 2914 prari
819 2865 1039 2905 uxorem
1069 2868 1164 2921 pro
1197 2854 1369 2910 nihilo
1410 2857 1669 2914 haberet:
1698 2871 1752 2916 et
1780 2863 1880 2918 hoc
1927 2875 2031 2930 est,
2082 2867 2226 2935 quod

551 2989 559 2994 _
641 2937 717 2990 illi
747 2938 958 2994 crimini
983 2953 1194 2997 vertunt
1221 2946 1459 3015 quidam,
1483 2948 1625 3018 quod
1648 2951 1810 3007 vitam
1836 2967 1986 3009 suam
2003 2971 2224 3014 servare

643 3029 915 3096 maluerit,
942 3047 1100 3101 quam
1146 3037 1389 3108 conjugis
1419 3043 1739 3098 castitatem.
1762 3043 1900 3113 Quid
1918 3047 2041 3103 ais?
2067 3064 2226 3119 opor-

647 3122 790 3178 tebat
820 3126 992 3193 ipsum
1039 3128 1172 3181 mori
1204 3131 1399 3198 potius,
1432 3148 1593 3203 quam
1622 3144 1680 3189 ut
1731 3139 2063 3208 constuprari
2093 3155 2226 3195 uxo-

642 3230 757 3268 rem
793 3233 888 3286 pro
914 3219 1081 3273 nihilo
1104 3220 1369 3278 haberet?
1400 3225 1538 3292 Quid
1568 3242 1698 3283 vero
1727 3229 1852 3285 illud
1869 3232 2226 3300 profecisset?

645 3322 767 3361 nam
799 3309 843 3364 si
865 3309 1078 3380 quidem
1111 3324 1283 3370 morte
1323 3330 1417 3370 sua
1462 3319 1743 3390 conjugem
1773 3337 1802 3376 a
1829 3333 2014 3392 stupro
2039 3325 2227 3382 fuisset

643 3408 1006 3467 exempturus,
1036 3413 1182 3458 recte
1210 3406 1307 3460 ista
1338 3407 1624 3475 diceretis;
1665 3412 1746 3466 sin
1775 3423 1952 3469 autem
1989 3417 2226 3472 moriens

643 3487 773 3581 nihil
798 3491 949 3545 uxori
978 3494 1248 3564 proderat,
1289 3508 1346 3553 ut
1371 3516 1487 3554 eam
1529 3517 1558 3556 a
1597 3511 1784 3575 stupro
1813 3505 2084 3576 liberaret,
2121 3527 2224 3581 qua

644 3578 712 3633 de
725 3595 880 3635 causa
903 3593 1102 3641 temere
1125 3599 1178 3642 et
1207 3589 1506 3648 inconsulto
1522 3595 1743 3651 Salutem
1765 3613 1915 3654 suam
1939 3578 2226 3670 proderet?

645 3669 778 3725 Nam
801 3682 868 3726 ut‘
883 3673 1171 3747 intelligas,
1193 3696 1260 3735 ne
1286 3695 1455 3739 morte
1476 3687 1690 3754 quidem
1708 3705 1801 3744 sua
1817 3669 2055 3760 potuisse
2075 3694 2224 3750 illum

645 3777 762 3816 eam
807 3764 875 3818 ab
911 3765 1181 3824 adulterio
1221 3772 1616 3842 liberarc,audi
1647 3781 1771 3850 quid
1811 3782 1953 3838 dicat
1985 3803 1998 3839 :
2038 3784 2104 3838 Et
2131 3791 2226 3842 erit

645 3869 766 3906 cum
791 3856 1005 3912 uiderint
1035 3870 1082 3915 te
1106 3861 1365 3935 Ξςυριίἰ,
1398 3879 1445 3923 te
1471 3871 1672 3938 quidem
1699 3875 1982 3942 servabunt,
2011 3893 2088 3931 me
2110 3893 2226 3932 vero

644 3944 937 4012 interficiant
965 3950 983 4019 (
1008 3949 1135 4007 Gen.
1169 3953 1255 4009 12.
1285 3956 1406 4028 12).
1435 3958 1689 4016 Futurum
1712 3965 2016 4033 igiturcrat,
2051 3969 2227 4023 utduo

645 4036 847 4090 scelera
877 4053 1230 4108 patrarentur,
1256 4047 1595 4114 adulterium,
1624 4055 1892 4120 etcaedes;
1920 4071 2031 4112 erat
2049 4070 2224 4115 autem

646 4126 940 4194 prudentia:
966 4148 1071 4186 non
1097 4136 1330 4205 vulgaris
1371 4156 1436 4194 ex
1465 4141 1673 4198 duobus
1717 4145 1830 4201 istis
1860 4163 2020 4204 unum
2063 4151 2226 4205 lucri—

646 4218 841 4275 facere.
869 4221 1000 4277 Nam
1028 4226 1075 4280 si
1098 4227 1310 4296 quidem
1341 4235 1578 4302 exposita
1602 4237 1705 4291 vita
1727 4253 1843 4304 sua,
1877 4256 2060 4296 rursus
2085 4246 2226 4299 enim

645 4310 790 4366 idem
809 4313 1006 4384 dicam,
1022 4319 1340 4380 liberaturus
1361 4339 1478 4381 eam
1505 4344 1536 4382 a
1562 4339 1748 4400 stupro
1763 4333 1964 4402 fuisset,
1982 4347 2033 4390 et
2049 4339 2228 4395 occiso

641 4403 808 4474 justo,
833 4407 1021 4464 Saram
1047 4411 1121 4466 illi
1147 4428 1251 4469 non
1273 4417 1594 4487 attigissent,
1619 4432 1766 4479 recte
1793 4439 2110 4496 accusares;
2142 4431 2224 4484 sin

643 4510 834 4556 autem
857 4520 924 4558 eo
965 4516 1141 4562 morte
1187 4511 1396 4566 sublato
1427 4515 1540 4583 pari
1582 4520 1787 4574 ratione
1817 4520 2050 4578 futurum
2086 4536 2222 4592 orat,

646 4605 705 4649 ut
771 4607 1105 4666 stupraretur
1132 4617 1280 4668 uxor,
1307 4621 1407 4674 qua
1447 4609 1514 4663 de
1543 4625 1702 4665 causa
1729 4612 1930 4683 justum
1977 4632 2222 4682 accusas,

643 4688 787 4756 quod
816 4706 937 4744 cum
969 4691 1077 4747 duo
1121 4705 1374 4752 eventura
1424 4699 1561 4757 mala
1591 4715 1790 4770 essent,
1819 4706 2135 4772 adulterium
2164 4727 2228 4766 ac

645 4778 840 4844 ctrdes,
873 4781 1096 4838 alterum
1121 4787 1382 4855 sapientia
1410 4804 1502 4845 sua
1534 4793 1886 4863 impediverit,
1916 4799 2115 4854 caedem
2139 4801 2224 4855 ni-

646 4870 886 4925 mirum?
914 4873 1081 4944 llujus
1127 4879 1324 4948 quippe
1372 4883 1447 4936 rei
1479 4897 1635 4938 causa
1665 4885 1861 4942 laudari
1890 4891 2049 4944 etiam
2103 4907 2224 4946 eum

644 4967 946 5033 oportebat,
969 4969 1108 5038 quod
1136 4971 1381 5028 adulterii
1433 4991 1646 5031 manum
1693 4995 1877 5048 puram
1907 4999 1936 5037 a
1966 4987 2229 5055 sanguine

645 5061 1000 5146 conservarit.
1031 5061 1146 5116 Non
1191 5064 1330 5118 enim
1354 5066 1533 5123 dicere
1560 5070 1689 5123 illud
1720 5081 1887 5137 potes,
1913 5089 2050 5140 eam,
2082 5076 2223 5146 quod

646 5145 846 5202 dixerit
873 5167 933 5204 se
959 5167 1201 5210 sororem
1228 5157 1370 5212 illius
1393 5174 1532 5225 esse,
1566 5160 1667 5215 hoc
1685 5165 1800 5231 ipso
1825 5145 2132 5237 Egyptium
2159 5169 2225 5222 ad

645 5249 884 5308 stuprum
911 5243 1163 5302 invitasse
1199 5265 1212 5302 :
1244 5248 1384 5305 licet
1403 5253 1547 5306 enim
1591 5252 1812 5310 dixisset
1841 5272 2060 5314 uxorem
2109 5261 2225 5328 ejus

646 5345 703 5383 se
734 5347 874 5398 esse,
903 5351 970 5390 ne
999 5336 1077 5391 sic
1105 5339 1319 5408 quidem
1355 5355 1470 5398 erat
1498 5345 1862 5402 abscessurus.
1891 5351 1955 5404 Et
1982 5352 2082 5406 hoc
2112 5353 2224 5421 ipse

645 5426 959 5497 declaravit,
991 5447 1110 5486 cum
1138 5433 1288 5500 dixit,
1313 5437 1375 5492 Si
1398 5439 1609 5493 viderint
1640 5451 1706 5506 te,
1735 5443 1918 5510 dicent,
1955 5443 2096 5498 Uxor
2119 5449 2226 5516 ejus

647 5528 718 5573 est
755 5519 884 5588 hac,
913 5530 960 5575 et
987 5523 1286 5592 interﬁciat:
1313 5547 1391 5583 me
1414 5546 1431 5593 ;
1459 5541 1504 5584 te
1531 5543 1698 5585 autent
1726 5537 2010 5589 servabunt.
2042 5536 2223 5606 Itaque

649 5613 691 5665 si
720 5614 941 5671 dixisset
975 5631 1195 5673 uxorem
1249 5621 1414 5690 ipsius
1452 5639 1510 5677 se
1555 5640 1698 5690 che,
1743 5636 1797 5680 et
1825 5627 2146 5682 adulterium
2172 5638 2226 5683 et

764 5726 922 5805 5?”:
947 5729 1114 5805 ξίῖῖυίδ
1132 5733 1202 5784 ’ἐι
1224 5741 1410 5787 ιεηυεηῑ
1431 5737 1490 5788 αι’
1510 5751 1660 5791 απογρ
1678 5739 1958 5804 suspicionis
1979 5741 2224 5805 cogitatio-

647 5799 752 5836 rtem
777 5799 1027 5852 rortcrptnt.

1387 364 1443 420 S.
1482 363 1758 420 JOANNIS
1797 362 2268 420 CllllYSOSTOlll
2309 363 2629 421 ARCﬂlEP.
2671 363 3201 422 CONSTANTINOP.

3807 365 3913 418 652

2335 478 2511 535 caedes
2535 490 2739 549 patrata
2756 480 2981 536 fuissent
3005 497 3019 544 ;
3044 481 3088 534 si
3107 494 3235 535 vero
3261 479 3484 534 dixisset
3509 493 3776 535 sororem.
3805 494 3914 533 ee-

2330 567 2425 624 des
2462 570 2712 640 impedita
2758 581 2898 626 esset
2929 589 2942 624 :
2975 571 3129 626 vides
3169 581 3230 625 ut
3273 570 3671 625 imminentibus
3699 569 3916 625 duobus

2329 659 2486 714 malis
2509 661 2737 716 alterum
2764 660 3022 732 sapientia
3048 676 3142 715 sua
3169 661 3464 716 sustulerit.

2403 750 2566 805 Alteri
2614 752 2828 807 occurrit
2881 752 3168 822 objectioni.
3201 781 3275 793 —
3307 752 3466 806 Visne
3518 751 3758 817 discere,
3811 766 3923 819 quo

2331 851 2485 912 pacto
2503 843 2662 898 etiam
2691 843 2930 898 adulterii
2971 844 3174 899 crimen
3194 885 3209 909 ,
3251 852 3509 911 quantum
3532 842 3586 896 in
3624 841 3739 910 ejus
3769 850 3921 910 pute-

2329 945 2467 991 state
2512 937 2672 991 situm
2717 945 2832 1000 est,
2884 939 3072 991 fursus
3113 936 3418 998 imminuat,
3449 945 3505 987 ut
3531 932 3917 1002 Imperfectum

2329 1027 2544 1098 quidem
2582 1027 2879 1082 adulterum
2920 1042 3044 1082 eum
3087 1041 3208 1081 esse
3251 1025 3562 1095 permittat:
3593 1023 3716 1077 audi
3756 1024 3918 1076 verba

2331 1117 2443 1186 ipsa
2470 1133 2655 1172 rursus
2683 1127 2902 1174 attente.
2943 1117 3077 1182 Dic,
3129 1116 3330 1186 inquit,
3385 1114 3547 1170 Soror
3593 1114 3736 1168 illius
3782 1129 3915 1166 sum.

2329 1206 2466 1275 Quid
2495 1207 2600 1262 ait?
2624 1207 2725 1275 Qui
2745 1223 2987 1262 sororem
3013 1207 3237 1276 accipit,
3266 1221 3371 1260 non
3409 1204 3520 1275 jam
3559 1205 3768 1260 adulter
3796 1213 3915 1259 est:

2328 1298 2535 1352 adulter
2583 1298 2724 1353 enim
2772 1297 2842 1352 ab
2882 1297 3044 1351 animi
3093 1296 3368 1367 proposito
3409 1295 3702 1364 judicatur;
3753 1294 3920 1350 ludas

2330 1391 2524 1461 quippe
2575 1405 2695 1444 cum
2745 1390 2810 1444 ad
2852 1405 3040 1444 nurum
3072 1404 3220 1443 suam
3250 1387 3484 1443 Thamar
3513 1386 3882 1454 ingrederetur
3910 1431 3924 1451 ,

2331 1497 2436 1537 non
2483 1481 2692 1537 adulter
2731 1481 3070 1551 judicabatur
3119 1479 3280 1553 (Gen.
3328 1480 3418 1536 38.
3466 1479 3743 1551 15):non
3774 1481 3922 1532 enim

2330 1583 2598 1645 tamquam
2628 1574 2694 1630 ad
2720 1591 2910 1630 nurum
2929 1617 2945 1643 ,
2981 1575 3075 1631 sed
3105 1585 3371 1646 tamquam
3398 1572 3466 1629 ad
3497 1573 3770 1628 mulierem
3801 1587 3920 1626 me-

2331 1666 2576 1720 retricem
2605 1666 3017 1736 ingrediebatur.
3045 1666 3133 1721 Sic
3156 1666 3315 1721 etiam
3339 1665 3440 1719 hoc
3464 1664 3582 1719 loco
3607 1664 3922 1735 Egyptius,

2331 1755 2420 1824 qui
2450 1770 2566 1810 eam
2594 1766 2710 1810 erat
2737 1767 3051 1827 accepturus
3071 1796 3087 1823 ,
3141 1772 3248 1811 non
3277 1764 3334 1810 ut
3353 1770 3574 1811 uxorem
3607 1755 3881 1810 Abraham
3906 1798 3920 1820 ,

2330 1846 2423 1901 sed
2472 1857 2527 1901 ut
2574 1860 2850 1914 sororem,
2889 1847 3209 1917 iudicandus
3249 1847 3458 1903 adulter
3503 1863 3608 1902 non
3637 1856 3772 1902 erat.
3814 1846 3921 1902 Sed

2328 1939 2454 2010 quid
2481 1938 2583 1994 hoc
2605 1939 2671 1994 ad
2702 1939 2969 1994 Abraham
2991 1982 3006 2006 ,
3036 1940 3180 1995 dicet
3216 1938 3442 2010 aliquis,
3481 1940 3570 2010 qui
3611 1941 3779 2010 probe
3824 1954 3924 1993 uo-

2327 2041 2474 2086 verat
2505 2047 2566 2088 se
2589 2023 2870 2102 conjugem
2909 2046 3059 2086 suam
3089 2041 3143 2087 et
3173 2047 3276 2086 non
3327 2046 3566 2086 sororem
3611 2034 3923 2101 exponere?

2327 2122 2486 2192 Atqui
2515 2137 2584 2177 ne
2607 2123 2708 2178 hoc
2735 2121 2946 2193 quidem
2973 2122 3125 2193 istius
3149 2132 3232 2179 est
3257 2124 3481 2178 crimen.
3507 2122 3562 2178 Si
3589 2124 3769 2189 enim,
3795 2139 3921 2178 cunt

2329 2228 2547 2267 uxorem
2588 2212 2707 2282 ejus
2758 2227 2882 2268 esse
2921 2213 3246 2280 audivisset,
3291 2214 3391 2268 sibi
3444 2223 3835 2283 temperaturus
3889 2233 3921 2270 a

2328 2314 2512 2376 stupro
2559 2307 2779 2376 fuisset,
2803 2319 2945 2363 recte
2966 2307 3168 2378 justum
3195 2307 3588 2373 criminareris;
3630 2309 3711 2362 siu
3739 2317 3919 2363 autem

2327 2397 2477 2453 Sam
2525 2399 2658 2454 nihil
2685 2400 2950 2455 commodi
2981 2401 3163 2455 uxoris
3203 2415 3396 2455 nomen
3443 2410 3556 2455 erat
3596 2400 3919 2467 allaturum,

2329 2500 2386 2546 ut
2425 2499 2668 2562 stuprum
2704 2507 2736 2546 a
2773 2507 2832 2547 se
2859 2493 3171 2562 depelleret,
3205 2501 3361 2562 prout
3388 2493 3500 2562 ipse
3523 2507 3740 2562 quoque
3765 2492 3920 2559 dixit,

2327 2581 2543 2649 Dicent,
2595 2581 2737 2638 Uxor
2789 2585 2896 2652 ejus
2929 2595 3002 2637 est
3053 2583 3182 2650 bwc,
3231 2592 3284 2640 et.
3328 2583 3591 2637 sanabunt
3633 2593 3680 2635 te
3711 2583 3924 2637 :ntulto

2329 2676 2532 2746 aequius
2555 2685 2635 2731 est
2655 2718 2671 2742 ,
2703 2684 2759 2729 ut
2775 2676 2976 2745 justum
3018 2675 3326 2741 laudemus,
3355 2674 3446 2744 qui
3485 2675 3536 2728 in
3566 2683 3707 2727 tanta
3741 2690 3922 2728 rerum

2329 2767 2643 2823 difficultate
2696 2767 2930 2837 potuerit
2967 2776 3021 2821 et
3061 2765 3368 2837 Egyptium
3399 2780 3588 2835 purum
3610 2766 3923 2833 asanguine

2328 2873 2683 2925 conservare,
2733 2868 2788 2914 et
2833 2867 3090 2928 quantum
3129 2858 3271 2912 inse
3306 2857 3466 2911 situm
3494 2864 3646 2922 erat,
3671 2854 3922 2910 adulterii

2328 2952 2532 3006 crimen
2557 2952 2816 3006 minuere.

2399 3043 2608 3117 Duplici
2641 3041 2871 3112 exemplo
2891 3026 3073 3096 Jacobi
3094 3049 3148 3095 et
3193 3039 3361 3095 Helia
3391 3039 3570 3111 probat
3608 3048 3793 3094 ueteres
3817 3054 3923 3092 me-

2327 3131 3052 3211 tuissc‘mortcnt.—-Reslat
3097 3139 3157 3184 ut
3206 3129 3273 3185 ad
3313 3131 3429 3200 ejus
3471 3141 3719 3201 nepotem
3756 3129 3927 3185 Jacob

2328 3225 2623 3280 orationem
2663 3225 3036 3288 traducamus,
3078 3231 3138 3278 ut
3165 3223 3312 3277 illum
3341 3239 3554 3294 quoque
3588 3239 3774 3278 necem
3801 3240 3922 3279 meo

2331 3325 2565 3372 tuentem
2594 3329 2658 3370 ac
2686 3322 3002 3371 trementem
3031 3314 3212 3373 videas
3234 3313 3542 3379 hominem,
3571 3315 3658 3384 qui
3691 3331 3720 3368 a
3748 3315 3919 3384 prima

2323 3405 2434 3476 jam
2461 3410 2617 3461 aetate
2642 3405 3038 3477 philosophiam
3078 3405 3423 3475 apostolicam
3453 3421 3561 3474 pra:
3604 3420 3664 3460 se
3705 3405 3921 3461 tulerat.

2329 3497 2523 3554 Paulus
2557 3499 2700 3552 enim
2743 3496 3019 3568 discipulis
3066 3497 3120 3551 in
3169 3495 3285 3550 haec
3335 3496 3495 3550 verba
3536 3496 3920 3565 mcipiebat;

2330 3587 2586 3644 Habentes
2608 3589 2871 3654 alimenta,
2903 3595 2949 3641 et
2986 3587 3168 3657 quibus
3207 3596 3456 3657 tegantur,
3483 3585 3562 3639 Itis
3584 3587 3803 3640 contenti
3826 3588 3925 3639 eri-

2329 3699 2440 3737 mus
2470 3682 2557 3753 (l.
2593 3679 2725 3735 Tim.
2761 3678 2816 3735 6.
2864 3679 2939 3750 8)
2978 3694 2992 3732 :
3023 3679 3125 3733 hoc
3168 3686 3224 3732 et
3260 3677 3360 3732 iste
3390 3676 3691 3746 postulabat
3743 3693 3772 3730 a
3813 3678 3926 3733 Deo

2329 3773 2512 3828 dicens
2536 3790 2548 3826 :
2571 3769 2632 3826 Si
2654 3770 2846 3824 dederit
2871 3769 2995 3823 mihi
3018 3767 3272 3823 Dominus
3301 3784 3482 3838 panem
3506 3767 3574 3821 ad
3601 3768 3923 3832 vescendum,

2329 3876 2376 3922 et
2406 3867 2746 3920 vestimentum
2769 3865 2836 3918 ad
2861 3863 3205 3930 induendtut,
3245 3861 3424 3932 suﬁcit
3463 3861 3605 3915 nobis
3638 3858 3802 3934 (Cen.
3828 3861 3922 3916 28.

2328 3957 2399 4012 20
2421 3959 2458 4027 ).
2491 3956 2596 4012 Sed
2623 3966 2678 4012 et
2715 3957 2829 4025 ipse
2858 3964 3056 4021 tamen,
3103 3955 3194 4024 qui
3244 3953 3371 4008 nihil
3405 3963 3595 4023 prmter
3619 3955 3925 4008 necessaria

2329 4050 2616 4118 quaerebat,
2659 4049 2746 4118 qui
2784 4049 3002 4103 domum
3029 4048 3351 4118 neglexerat,
3403 4050 3493 4116 qui
3523 4046 3927 4105 benedictioncs

2331 4152 2612 4210 acceperat
2639 4182 2655 4207 ,
2685 4141 2772 4211 qui
2801 4141 2953 4197 matri
2993 4151 3262 4210 paruerat,
3291 4140 3379 4210 qui
3420 4141 3529 4195 Deo
3554 4140 3759 4196 amicus
3784 4154 3923 4206 erat,

2333 4235 2422 4302 qui
2462 4249 2554 4302 per
2594 4233 2908 4302 sapientiam
2951 4241 3154 4287 natura:
3193 4233 3298 4286 vim
3328 4232 3580 4287 attulerat
3630 4234 3927 4304 (posterior

2331 4327 2524 4396 quippe
2550 4335 2735 4380 natura
2765 4342 2886 4380 cum
2929 4334 3102 4389 esset,
3141 4325 3600 4382 benedictionibus
3625 4327 3774 4396 prior
3803 4343 3927 4383 eva~

2329 4415 2441 4486 sit),
2462 4417 2551 4484 qui
2578 4425 2683 4470 tam
2706 4417 2871 4470 multa
2900 4425 3162 4486 potuerat,
3185 4416 3274 4486 qui
3305 4425 3502 4471 tantam
3530 4417 3926 4487 philosophiam

2332 4515 2633 4577 tantamque
2657 4509 2906 4576 pietatem
2937 4523 3046 4577 pra:
3069 4523 3126 4563 se
3152 4508 3363 4578 tulerat,
3388 4517 3507 4578 post
3532 4518 3791 4565 sexcenta
3808 4526 3924 4566 cer-

2333 4601 2549 4665 tamina,
2592 4609 2710 4669 post
2739 4610 3020 4656 sexcentos
3049 4615 3265 4671 agones,
3302 4612 3421 4671 post
3445 4611 3728 4656 sexcentas
3753 4604 3926 4658 luctas

2329 4705 2382 4750 et
2407 4695 2661 4766 plurimas
2693 4695 2810 4750 illas
2838 4709 3086 4761 coronas,
3114 4711 3234 4749 cum
3264 4695 3316 4748 in
3346 4697 3570 4766 patriam
3615 4706 3925 4752 revertere-

2332 4796 2435 4854 tur,
2461 4798 2515 4842 et
2540 4801 2861 4842 occursurus
2890 4785 3036 4841 fratri
3065 4795 3226 4852 esset,
3254 4787 3405 4856 quasi
3437 4785 3667 4840 hclluam
3691 4801 3918 4856 conspev

2331 4890 2532 4943 cturus,
2562 4879 2783 4948 ejusque
2814 4877 3226 4946 indignationem
3260 4877 3666 4947 pertimescens,
3697 4878 3922 4945 supplex

2333 4970 2438 5022 Deo
2485 4970 2541 5023 lit
2590 4980 2642 5023 et
2669 4979 2806 5029 orat,
2841 4968 2978 5022 Erue
3019 4986 3096 5020 me
3121 4970 3183 5022 de
3227 4985 3392 5044 manu
3419 4969 3592 5039 fratris
3622 4969 3718 5021 mei
3746 4967 3890 5021 Esau
3908 5009 3924 5035 ,

2328 5063 2566 5128 quoniam
2592 5080 2702 5116 eum
2738 5065 2886 5117 timeo
2910 5079 3020 5132 ego,
3053 5079 3114 5116 ne
3139 5061 3271 5132 forte
3296 5064 3499 5116 veniens
3527 5064 3774 5132 percutiat
3811 5080 3923 5128 me,

2329 5161 2373 5205 et
2422 5161 2626 5206 matrem
2665 5169 2818 5222 super
2861 5153 2994 5222 ﬁlios
3039 5149 3196 5224 (Gen.
3252 5153 3340 5208 52.
3394 5153 3511 5224 ll).
3544 5153 3705 5210 Vides
3751 5164 3808 5209 ut
3837 5155 3925 5208 hic

2329 5259 2538 5312 quoque
2589 5255 2813 5300 mortem
2859 5242 3239 5314 pertimescat?
3282 5253 3337 5298 ut
3376 5254 3604 5310 tremat,
3652 5245 3925 5316 Deumque

2333 5336 2473 5389 illius
2500 5351 2657 5390 causa
2685 5338 2970 5406 precetur?
3010 5336 3171 5392 Visne
3199 5338 3475 5396 ostendam
3506 5348 3559 5393 et
3588 5339 3812 5394 alterum
3841 5342 3924 5394 vi-

2331 5442 2448 5480 rum
2477 5442 2723 5494 maguum
2747 5427 2848 5484 huc
2869 5427 3060 5483 eodem
3083 5429 3240 5483 modo
3262 5445 3443 5484 rursus
3464 5429 3751 5485 allectum?
3777 5433 3922 5488 Pone

2331 5517 2423 5570 tibi
2477 5527 2600 5571 ante
2627 5519 2812 5573 oculos
2838 5519 3064 5584 Heliam,
3111 5519 3342 5576 animam
3373 5519 3439 5574 ad
3493 5521 3682 5575 cmlum
3721 5525 3921 5592 pertin-

2328 5625 2540 5684 gcntcm
2587 5631 2650 5670 ac
2698 5616 2927 5670 divinam
2963 5634 2977 5671 :
3007 5617 3096 5670 ille
3148 5619 3288 5671 enim
3316 5621 3402 5687 qtti
3450 5617 3640 5671 caelum
3694 5619 3917 5682 clausit,

2333 5721 2623 5776 rursusque
2649 5709 2926 5772 rescravit,
2956 5708 3043 5777 qui
3081 5707 3311 5777 desuper
3353 5711 3527 5779 ignem
3571 5710 3802 5780 dejecit,
3831 5712 3916 5778 qui

2338 5797 2578 5854 mirabile
2624 5800 2942 5856 sacrificium
2994 5800 3120 5856 illud
3150 5801 3371 5872 obtulit,
3404 5802 3492 5873 qui
3527 5811 3622 5874 pro
3662 5803 3772 5859 Deo
3809 5804 3916 5857 lclu
