4246 6320
383 362 487 418 633

381 479 614 543 exarsit;
662 476 771 542 ille,
814 476 986 546 quiin
1031 491 1257 548 corpore
1280 475 1514 532 humano
1566 478 1860 548 angelicam
1888 478 1972 532 vi-

383 577 492 624 tam
518 567 778 635 exhibuit,
806 569 894 640 qui
923 577 1118 638 prater
1155 569 1364 624 ovinam
1389 571 1581 640 pellem
1609 570 1739 625 nihil
1771 570 1976 638 habuit,

381 659 472 730 qui
523 658 688 715 rebus
732 660 978 714 omnibus
1025 660 1271 715 humanis
1314 661 1560 731 superior
1607 663 1794 727 evasit,
1844 662 1980 716 adeo

381 760 610 806 mortem
637 754 826 819 metuit
852 767 915 807 ac
936 753 1265 815 reformidat,
1291 763 1346 807 ut
1368 763 1485 823 post
1511 753 1598 807 illa
1626 762 1835 818 cuncta,
1861 762 1981 824 post

381 842 573 897 caelum
615 852 672 898 et
713 842 1056 910 sacrificium,
1094 853 1214 914 post
1256 845 1513 908 meloten,
1572 844 1875 911 desertum,
1923 852 1979 898 et

382 934 774 1005 philosophiam
793 944 1101 1006 tantamque
1131 934 1399 1000 fiduciam,
1431 935 1586 990 vilem
1611 934 1975 990 mulierculam

383 1026 748 1100 pertimescat,
799 1036 855 1084 et
908 1026 1107 1082 idcirco
1166 1026 1350 1098 fugiat.
1418 1026 1548 1083 Nam
1604 1028 1726 1097 quia
1773 1027 1979 1082 dixerat

377 1116 591 1174 Jezabel
623 1136 636 1174 :
673 1118 798 1174 lla-:e
816 1119 1008 1193 faciant
1033 1118 1159 1173 mihi
1197 1121 1288 1187 dii,
1313 1130 1358 1174 et
1385 1121 1493 1174 ha'c
1512 1120 1724 1188 addant,
1742 1120 1842 1173 nisi
1864 1123 1979 1174 ‘cras

379 1213 605 1264 animum
630 1222 771 1266 tuam
805 1229 1019 1284 posuero
1062 1214 1442 1291 sicutanimam
1479 1215 1630 1268 unius
1649 1231 1710 1269 ex
1738 1214 1861 1278 illis,
1891 1217 1980 1284 q'ui

379 1306 566 1358 mortui
599 1314 763 1360 sunt:
802 1307 967 1359 timuit
1014 1305 1224 1374 Helias,
1277 1307 1487 1378 inquit,
1535 1316 1581 1360 et
1627 1306 1756 1382 fugit
1801 1307 1978 1361 itinere

378 1395 576 1449 dierum
601 1395 941 1468 quadraginta
969 1397 1056 1466 (5.
1083 1396 1208 1468 Reg.
1245 1397 1331 1454 l9.
1362 1397 1416 1452 2.
1447 1397 1481 1451 3
1500 1398 1542 1469 ).

450 1489 506 1544 5.
543 1488 700 1544 Vides
723 1497 784 1543 ut
810 1503 958 1543 mors
996 1489 1066 1544 sit
1093 1489 1384 1546 terribilis?
1406 1490 1688 1544 Dominum
1711 1503 1838 1559 ergo
1864 1487 1978 1542 lau-

377 1577 588 1645 demus,
608 1578 747 1650 quod
769 1595 890 1634 cum
911 1580 1161 1635 terribilis
1182 1590 1323 1636 esset
1337 1581 1641 1652 prophetis,
1667 1587 1978 1649 contemptu

379 1668 590 1725 facilem
618 1671 930 1726 mulieribus
969 1671 1279 1726 reddiderit.
1329 1673 1508 1727 Helias
1551 1681 1777 1726 mortem
1804 1670 1976 1741 fugieo

377 1760 488 1824 bat,
516 1761 770 1837 mulieres
797 1761 866 1816 ad
910 1772 1134 1818 mortem
1165 1762 1542 1833 confugiebant
1578 1781 1591 1817 :
1624 1763 1711 1816 ille
1731 1776 1762 1817 a
1802 1771 1977 1816 morte

378 1851 587 1926 t'esiliit,
621 1852 736 1906 ista:
766 1863 1013 1913 mortem
1039 1862 1166 1907 sunt
1207 1863 1548 1909 consectatur.
1591 1851 1754 1908 Vides‘
1780 1863 1975 1924 quanta

376 1953 600 2012 repente
618 1941 758 1999 faeta
791 1945 862 1999 sit
888 1946 1145 2000 mutatio?
1188 1946 1458 2000 Abraham
1489 1953 1543 2000 et
1574 1945 1751 2000 Helias
1791 1959 1976 2000 necem

376 2034 760 2105 reformidant,
805 2038 1057 2093 muheres
1107 2048 1284 2094 autem
1331 2040 1482 2108 quasi
1535 2039 1699 2092 lutum
1752 2037 1976 2107 pedibus

376 2126 491 2181 suis
516 2137 744 2182 mortem
783 2129 1183 2206 conculcarunt.
1215 2129 1596 2184 Verumtamen
1627 2146 1695 2184 ne
1721 2130 1839 2184 illos
1860 2130 1976 2200 qui-

374 2216 498 2271 dem
526 2228 740 2273 sanctos
768 2233 1108 2286 accusemus;
1141 2236 1248 2275 non
1282 2221 1514 2291 ipsorum
1559 2231 1640 2275 est
1663 2221 1852 2290 culpa;
1881 2237 1976 2275 na-

300 2381 313 2390 _
377 2317 513 2364 tura:
555 2310 888 2366 imbecillitas
915 2319 1051 2379 erat,
1080 2327 1186 2366 non
1203 2313 1405 2388 crimen
1436 2311 1644 2366 arbitrii
1670 2331 1683 2366 :
1717 2312 1974 2367 formida-

374 2401 538 2456 Lilem
592 2413 712 2455 esse
755 2410 863 2454 tum
914 2403 1171 2472 temporis
1215 2403 1356 2458 Deus
1386 2414 1612 2458 mortem
1640 2404 1869 2470 volebat,
1917 2412 1976 2458 ut

374 2495 559 2563 gratia:
581 2502 767 2563 postea
812 2495 1119 2564 magnitudo
1161 2495 1550 2561 inuotesceret;
1584 2495 1974 2551 formidabilem

377 2585 522 2640 illam
551 2585 717 2639 voluit
740 2599 859 2641 esse
892 2586 1245 2656 :supplicium
1281 2587 1423 2641 enim
1452 2597 1568 2640 erat
1600 2605 1611 2640 :
1641 2585 1839 2641 idcirco
1860 2586 1973 2642 dis-

375 2677 511 2732 solvi
560 2678 805 2748 supplicii
849 2679 1025 2733 minas
1068 2679 1255 2744 noluit,
1314 2694 1381 2733 ne
1426 2680 1699 2749 segniores
1732 2678 1975 2734 homines

381 2780 567 2840 postea
611 2769 985 2824 redderentur.
1012 2770 1242 2836 Maneat,
1271 2771 1458 2840 inquit,
1485 2770 1550 2825 ad
1574 2785 1668 2826 eos
1697 2772 1976 2827 terrendos

381 2859 818 2929 eoercendosque
844 2862 1106 2915 sententia
1139 2879 1153 2915 :
1187 2862 1287 2916 erit
1307 2862 1469 2926 enim,
1492 2863 1594 2916 erit
1613 2872 1841 2930 tempus,
1869 2877 1976 2931 quo

376 2957 433 2999 et
476 2955 620 2998 metu
653 2945 757 2999 isto
779 2945 1178 3011 liberabuntur;
1208 2945 1350 3015 quod
1373 2947 1556 3015 utique
1601 2946 1811 3000 accidit.
1867 2946 1976 3001 Nos

375 3038 574 3107 quippe
595 3037 847 3091 liberatos
873 3039 940 3092 ab
969 3053 1034 3092 eo
1063 3037 1228 3093 fuisse
1258 3038 1358 3093 hoc
1386 3049 1529 3093 metu
1554 3038 1827 3094 declarant
1853 3053 1973 3093 cum

379 3140 646 3203 martyres
689 3141 800 3185 tum
830 3141 955 3186 ante
987 3143 1250 3202 martyres
1296 3131 1512 3186 Paulus.
1546 3132 1754 3186 Audisti
1789 3133 1840 3186 in
1868 3131 1974 3187 Ve-

377 3222 480 3276 teri
512 3220 855 3276 Tcstamcnto
881 3221 1149 3276 dicentem
1182 3221 1483 3287 Abraham,
1535 3220 1604 3275 Te
1631 3221 1834 3292 quidem
1872 3238 1977 3276 ser-

377 3313 597 3377 vabunt,
643 3329 723 3366 me
764 3328 880 3366 vero
921 3313 1218 3381 interﬁcient
1269 3311 1435 3383 (Gen.
1473 3311 1559 3365 12.
1610 3311 1752 3382 12)?
1781 3311 1976 3366 audisti

376 3403 548 3459 laetib
578 3404 843 3459 dicentem
870 3445 884 3470 ,
915 3403 1054 3458 Erue
1087 3421 1166 3457 nte
1193 3403 1255 3457 de
1291 3421 1445 3457 manu
1484 3403 1624 3457 Esau
1646 3405 1820 3472 fratris
1844 3406 1975 3473 mei,

377 3498 618 3566 quoniam
645 3515 761 3551 eum
805 3499 954 3551 timeo
988 3514 1078 3569 ego
1117 3496 1284 3570 (Gen.
1314 3497 1403 3552 52.
1436 3498 1493 3551 11
1523 3498 1581 3567 )‘l

450 3585 625 3658 Longe
643 3590 746 3641 alia
770 3596 842 3640 est
870 3588 1088 3641 conditio
1127 3588 1528 3642 Christianorum
1550 3606 1568 3655 ,°
1601 3587 1797 3642 Psalmi
1825 3604 1977 3642 etme-

378 3668 565 3734 bantur
590 3682 642 3734 in
673 3697 845 3734 eorum
875 3681 1444 3754 funeribus.—Vidisti
1492 3681 1694 3735 Ileliam
1737 3682 1978 3736 mulieris

378 3771 551 3826 minas
582 3772 766 3826 mortis
813 3787 971 3826 causa
1016 3771 1352 3842 fugientem?
1387 3774 1523 3827 Audi
1551 3773 1818 3843 quomodo
1841 3774 1977 3829 Pau-

378 3864 461 3917 lus
489 3879 612 3934 erga
643 3880 754 3936 rem
773 3863 930 3918 istam
956 3866 1025 3918 sit
1051 3864 1291 3927 allectus,
1321 3882 1388 3918 an
1410 3864 1799 3922 formidabilem
1828 3866 1977 3922 illam

377 3963 597 4009 censeat
624 3965 678 4008 ut
711 3955 811 4021 illi;
846 3971 972 4009 num
1015 3970 1078 4009 ea
1113 3955 1427 4010 imminente
1472 3956 1711 4011 tristctur
1753 3971 1816 4011 ac
1861 3971 1978 4012 me-

379 4057 516 4101 tuat.
547 4047 661 4102 lmo
687 4062 814 4103 vero
840 4063 870 4102 e
899 4049 1188 4115 contrario,
1221 4065 1334 4104 rem
1357 4064 1478 4104 esse
1511 4049 1800 4120 optabilem
1830 4050 1979 4106 arbi-

379 4147 551 4194 tratur
599 4157 612 4192 :
666 4149 948 4210 propterea
989 4141 1150 4206 dicit,
1206 4139 1429 4195 Dissolvi
1481 4157 1562 4196 me
1622 4151 1666 4194 et
1711 4158 1816 4196 esse
1864 4158 1980 4196 cum

379 4228 595 4283 Christ!
621 4231 780 4283 multo
821 4230 1001 4285 melius
1030 4230 1302 4303 (Philipp.
1336 4233 1387 4287 1.
1415 4231 1540 4302 23).
1570 4233 1679 4288 illis
1725 4232 1982 4288 formida-

380 4323 509 4389 bile,
539 4322 659 4377 huic
688 4323 914 4389 melius;
944 4325 1054 4379 illis
1079 4325 1426 4394 iujucundum
1445 4368 1458 4393 ,
1492 4326 1615 4381 huic
1636 4326 1931 4396 jucundum
1962 4345 1976 4382 :

379 4427 447 4467 ac
467 4414 656 4468 merito
676 4430 804 4469 sane
833 4433 847 4468 :
872 4415 998 4469 olim
1021 4417 1163 4471 enim
1191 4417 1257 4471 ad
1289 4417 1551 4472 infernum
1578 4433 1725 4472 mors
1749 4418 1982 4474 deduce-

379 4504 492 4567 bat,
517 4522 656 4560 nunc
685 4517 862 4562 autem
891 4508 957 4562 ad
998 4507 1268 4564 Christum
1297 4525 1440 4565 mors
1467 4511 1778 4566 transmittit
1804 4529 1817 4565 :
1850 4527 1980 4582 qua-

380 4609 597 4668 pmpter
621 4598 784 4655 Jacob
804 4599 1018 4669 quidem
1064 4601 1159 4668 ait,
1186 4599 1460 4657 Deducetis
1487 4614 1785 4658 senectutem
1817 4621 1982 4658 meam

377 4707 492 4744 cum
525 4691 728 4744 tristitia
777 4692 845 4744 ad
875 4695 1065 4763 inferos
1095 4693 1262 4762 (Gen.
1309 4694 1398 4748 42.
1456 4691 1592 4766 58);
1634 4696 1829 4752 Paulus
1856 4710 1982 4751 vero

379 4783 614 4852 dicebat,
646 4783 866 4840 Dissolvi
911 4795 955 4840 et
985 4804 1102 4840 eum
1133 4787 1333 4842 Christo
1359 4805 1464 4843 esse
1494 4807 1571 4844 me
1613 4791 1772 4843 multo
1802 4791 1980 4845 melius

381 4875 661 4948 (Philipp.
719 4880 772 4932 1.
825 4878 956 4951 25).
1004 4880 1131 4936 Hinc
1172 4897 1333 4951 porro
1370 4882 1600 4947 dicebat,
1630 4899 1736 4938 non
1765 4894 1820 4938 ut
1848 4886 1984 4940 hanc

379 4975 544 5028 vitam
573 4973 873 5040 damnaret,
902 4977 1040 5032 absit
1073 4995 1088 5031 :
1128 4992 1410 5032 caveamus
1431 4978 1595 5042 enim,
1621 4994 1687 5032 ne
1718 4977 1983 5034 hazreticis

379 5081 565 5119 ansam
593 5067 926 5137 praebeamus
951 5086 965 5134 ;
995 5071 1167 5139 neque
1187 5069 1327 5138 quod
1354 5086 1470 5124 eam
1497 5081 1763 5140 tamquam
1787 5071 1980 5125 malam

379 5159 611 5226 fugeret,
643 5159 738 5212 sed
767 5158 907 5228 quod
939 5159 1192 5226 futuram,
1244 5169 1300 5214 ut
1329 5161 1627 5228 meliorem,
1684 5169 1978 5230 exoptaret.

381 5253 498 5306 Non
545 5252 686 5308 enim
731 5251 863 5306 dixit
913 5253 1130 5308 dissolvi
1184 5263 1238 5308 et
1280 5269 1400 5309 esse
1446 5270 1567 5309 cum
1613 5255 1828 5309 Christo
1883 5255 1982 5309 bo-

379 5360 508 5398 num
567 5359 686 5398 esse
729 5346 1062 5415 simpliciter.
1111 5348 1204 5401 sed
1263 5346 1454 5401 melius
1499 5365 1510 5397 :
1546 5347 1737 5402 melius
1763 5361 1983 5415 compa—

383 5436 593 5489 ratione
637 5435 760 5490 boui
792 5437 1018 5507 aliCujus
1063 5438 1276 5498 dicitur.
1327 5439 1782 5506 Quemadmodum
1840 5441 1982 5494 enim

380 5544 508 5584 eum
548 5529 640 5590 ait,
685 5529 783 5595 Qui
809 5532 1127 5585 matrimonio
1165 5534 1358 5602 jungit,
1381 5533 1501 5586 bene
1544 5534 1701 5603 facit;
1743 5533 1828 5601 qui
1870 5549 1985 5587 vero

387 5638 494 5674 non
525 5623 724 5693 jungit,
757 5625 932 5677 ntelius
963 5626 1082 5697 facit
1114 5626 1202 5697 (1.
1237 5624 1353 5678 Cor.
1388 5626 1438 5678 7.
1465 5626 1602 5696 58),
1632 5625 1828 5681 bonum
1862 5627 1984 5695 qui-

385 5718 510 5771 dem
539 5731 658 5771 esse
689 5720 1082 5774 matrimonium
1110 5720 1376 5786 ostendit,
1421 5732 1474 5774 at
1518 5721 1793 5776 meliorem
1827 5722 1985 5790 virgi-

387 5811 608 5865 nitatem
641 5827 652 5862 :
684 5810 753 5866 ita
785 5813 1033 5888 nimirum
1080 5823 1129 5869 et
1163 5814 1262 5873 hoc
1293 5815 1432 5883 loco,
1466 5815 1612 5870 Bona
1635 5817 1845 5886 quidem
1876 5817 1980 5871 vita

1491 363 1579 420 DE
1597 363 1713 420 'SS.
1756 361 2055 420 BERNICE
2098 362 2185 419 ΕΤ
2216 362 2590 421 PRCSDOCE.

3577 371 3688 426 654

2085 492 2346 547 praesens,
2376 479 2562 548 inquit,
2587 479 2752 532 multo
2781 495 2908 536 vero
2931 480 3118 536 melior
3137 489 3218 536 est
3243 479 3448 537 futura.
3477 482 3691 542 Rursus

2085 567 2208 620 alibi
2235 569 2348 638 pari
2381 569 2588 623 ratione
2611 569 3034 639 philosophatur,
3067 581 3120 625 et
3150 572 3222 625 a’it
3249 588 3263 625 :
3293 570 3399 627 Sed
3431 583 3478 628 et
3501 574 3550 628 si
3585 575 3682 628 int-

2083 659 2249 712 molor
2270 677 2427 729 supra
2440 661 2775 739 sacriﬁcium,
2795 672 2841 715 et
2863 663 3152 730 obsequium
3179 663 3300 731 ﬁdei
3325 676 3521 732 vesti-ar,
3551 683 3680 736 gau-

2046 759 2051 764 ‘
2081 749 2179 802 deo
2217 758 2265 802 et
2311 751 2638 819 congratulor
2690 751 2918 806 omnibus
2942 753 3078 806 vobis
3103 767 3122 806 :
3151 753 3374 823 idipstmt
3397 795 3400 798 ι
3423 767 3594 809 autem
3628 764 3685 812 τε

2084 854 2171 892 vos
2205 841 2452 909 gaudete,
2501 851 2547 894 et
2574 843 2999 914 congratulamiui
3032 843 3297 915 (Philipp.
3345 845 3399 900 2.
3433 847 3520 900 17.
3553 847 3658 918 1'8)

2083 929 2219 996 Quid
2242 931 2360 984 ais?
2385 934 2635 999 moreris,
2663 947 2697 986 o
2719 933 2904 998 Paule,
2930 945 2982 989 et
3009 935 3075 989 ad
3103 936 3420 992 societatem
3443 939 3686 1006 volupta-

2084 1020 2152 1073 tis
2173 1019 2415 1075 homines
2439 1021 2710 1078 advocas?
2755 1024 2889 1093 quid
2925 1024 3024 1078 tibi
3069 1040 3252 1094 qumso
3290 1027 3522 1082 accidit?
3567 1028 3687 1082 Non

2081 1112 2333 1184 equidem
2383 1115 2621 1181 morior,
2677 1116 2882 1185 inquit,
2930 1117 3031 1172 sed
3082 1117 3149 1171 ad
3193 1119 3470 1172 meliorem
3523 1120 3687 1175 \itam

2078 1213 2316 1261 transeo.
2373 1204 2442 1261 Ut
2499 1206 2658 1277 igitur
2713 1207 2959 1262 homines
3013 1211 3379 1278 magistratum
3440 1209 3688 1265 ineuntes

2081 1298 2347 1368 plurimos
2393 1298 2593 1352 laetitia:
2655 1300 2755 1354 sibi
2808 1300 2987 1354 socios
3033 1316 3096 1352 ac
3142 1301 3428 1370 participes
3480 1301 3688 1355 futuros

2083 1400 2365 1445 accersunt
2406 1409 2422 1447 :
2467 1391 2546 1446 sic
2571 1401 2622 1445 et
2649 1391 2848 1446 Paulus
2872 1392 2939 1446 ad
2968 1401 3196 1447 mortem
3230 1407 3456 1463 pergens
3506 1394 3685 1463 gaudii

2082 1481 2165 1537 Sui
2190 1489 2468 1534 consortes
2498 1481 2704 1535 futuros
2733 1483 2972 1536 vocabat.
3009 1483 3101 1536 Est
3130 1481 3272 1536 enim
3305 1497 3451 1536 mors
3475 1483 3686 1552 requies

2080 1572 2352 1641 quasdam,
2408 1571 2648 1626 laborum
2692 1570 2833 1640 finis,
2874 1571 3235 1642 sudoremque
3275 1573 3555 1628 retributio
3580 1614 3596 1641 ,
3622 1587 3686 1627 ac

2075 1663 2437 1719 certaminum
2464 1664 2747 1732 .praan'rutn
2775 1673 2831 1718 et
2857 1679 3078 1719 corona.
3111 1665 3238 1720 Ideo
3258 1666 3532 1734 principio
3551 1667 3678 1734 qui-

2082 1756 2205 1811 dem
2235 1771 2398 1825 super
2420 1765 2659 1809 mortuos
2680 1756 2926 1826 planctus
2941 1745 3164 1826 quidam
3187 1764 3253 1813 et
3271 1754 3686 1810 lamentationes

2078 1849 2310 1911 liebant;
2359 1862 2500 1902 nunc
2536 1831 2712 1902 autem
2754 1849 2950 1916 psalmi
2997 1859 3053 1902 et
3091 1859 3284 1903 cantus
3332 1850 3680 1919 hymnorum.

2078 1939 2375 1996 Fleverunt
2402 1941 2560 2010 igitur
2602 1940 2765 1994 Jacob
2791 1940 3139 2012 quadraginta
3167 1935 3376 2005 diebus,
3404 1939 3679 1995 fleverunt

2075 2046 2134 2092 et
2165 2037 2402 2109 Moysem
2435 2037 2655 2092 totidem
2681 2038 2814 2092 alias
2838 2037 3011 2092 Judtei
3062 2046 3122 2092 et
3173 2032 3512 2120 planxerunt,
3543 2049 3683 2106 quo-

2078 2131 2225 2184 niam
2257 2146 2404 2184 mors
2452 2140 2562 2184 tum
2613 2131 2871 2200 temporis
2911 2135 3245 2183 inurs'crat:
3287 2129 3397 2197 jam
3416 2142 3548 2181 vero
3577 2141 3683 2182 non

2078 2219 2175 2287 ita,
2204 2221 2296 2274 sed
2329 2219 2511 2291 hymni
2537 2222 2681 2286 sunt,
2715 2228 2973 2288 preceset
3000 2219 3353 2289 psalmi,-qua:
3370 2217 3549 2270 omnia
3584 2231 3684 2270 vo-

2080 2313 2339 2384 luptatem
2369 2312 2422 2366 in
2454 2326 2515 2368 ea
2567 2328 2626 2366 re
2663 2326 2783 2366 esse
2810 2311 3085 2364 detlarasit
3111 2328 3122 2361 :
3149 2310 3342 2379 psalmi
3363 2310 3512 2362 enim
3538 2307 3683 2360 hila-

2078 2407 2157 2462 ris
2185 2406 2348 2459 auimi
2382 2405 2590 2475 signum
2623 2413 2748 2459 sunt
2781 2421 2795 2458 :
2822 2401 2999 2474 Αἰφιο
3025 2404 3157 2456 enim
3183 2411 3258 2454 est
3285 2401 3454 2453 animo
3476 2400 3596 2470 quis
3627 2399 3684 2451 in

2077 2499 2258 2553 vobis?
2283 2497 2470 2570 psallat
2504 2497 2698 2564 (Jacob
2763 2498 2985 2579 5.15).
3015 2494 3277 2563 Quoniam
3304 2495 3463 2564 igitur
3490 2493 3672 2546 laetitia

2082 2589 2371 2656 afﬂuimus,
2402 2590 2600 2644 idcirco
2622 2591 2863 2660 psalmos
2897 2603 3059 2656 super
3087 2597 3325 2641 mortuos
3359 2584 3635 2655 psallimus
3657 2625 3672 2649 ,

2078 2682 2174 2751 qui
2224 2696 2325 2735 nos
2378 2680 2760 2745 cohortantur,
2805 2686 2868 2732 ut
2911 2689 3142 2732 niortem
3200 2692 3307 2731 non
3375 2678 3681 2730 linit-auius.

2077 2769 2379 2828 Convertere
2403 2772 2578 2836 civim,
2607 2771 2802 2839 inquit,
2836 2773 3006 2822 anima
3037 2785 3165 2830 mea,
3199 2770 3248 2820 in
3271 2768 3498 2839 requiem
3522 2777 3681 2830 tuam,

2075 2864 2202 2931 quia
2232 2863 2483 2916 Dominus
2509 2861 2748 2932 benefeeit
2774 2860 2862 2913 tibi
2902 2859 3077 2931 (Psal‘.
3107 2859 3229 2913 HL.
3259 2860 3286 2911 7
3307 2857 3346 2929 ).
3382 2857 3540 2911 Vides
3587 2858 3683 2912 be-

2079 2954 2329 3009 neﬁcium
2369 2967 2490 3008 esse
2521 2962 2746 3006 mortem
2778 2967 2840 3005 ac
2867 2952 3148 3020 requiem?
3174 2951 3262 3018 qui
3305 2951 3446 3003 enim
3476 2950 3684 3018 ingres-

2077 3061 2174 3102 sus
2201 3047 2356 3101 estin
2403 3045 2641 3115 requiem
2682 3044 2850 3108 illam,
2877 3043 2944 3096 ab
2961 3043 3226 3113 aperirbus
3245 3042 3367 3094 suis
3399 3040 3682 3110 requievit,

2081 3150 2143 3196 .ut
2162 3155 2192 3194 a
2225 3139 2455 3210 propriis
2491 3139 2657 3192 Deus.

2153 3231 2207 3286 ι.
2239 3232 2318 3284 Ac
2340 3229 2406 3283 de
2432 3237 2604 3282 morte
2623 3228 2836 3298 quidem
2867 3226 3124 3281 hactenus
3157 3243 3170 3278 :
3206 3240 3301 3296 age
3346 3237 3489 3278 nunc
3523 3222 3686 3278 (lein-

2042 3309 2044 3312 ’
2077 3335 2212 3388 ceps
2236 3335 2333 3374 nos
2357 3320 2422 3373 ad
2447 3331 2738 3390 martyrum
2770 3317 2957 3373 laudes
2981 3324 3381 3380 oOuvertanms,
3421 3316 3525 3368 nisi
3545 3315 3687 3368 forte

2082 3412 2202 3470 sitis
2225 3411 2490 3466 audiendo
2521 3411 2714 3465 defessi
2751 3428 2764 3465 :
2806 3426 2928 3464 nam
2955 3421 3009 3464 ct
3037 3410 3150 3463 hinc
3193 3409 3474 3463 occasione
3516 3409 3689 3461 laudis

2080 3511 2382 3575 martyrum
2424 3501 2571 3556 dicta
2600 3512 2756 3566 sunt;
2789 3501 2947 3569 paulo
2982 3517 3110 3555 vero
3132 3501 3292 3553 altius
3339 3515 3518 3568 opera:
3562 3513 3687 3566 pre-

2081 3597 2225 3649 tium
2276 3605 2362 3650 est
2425 3595 2795 3649 narrationem
2844 3592 3133 3646 ordiamur.
3183 3591 3388 3645 Bellum
3427 3591 3688 3644 adversus

2080 3687 2380 3742 Ecclesium
2423 3702 2589 3757 grave
2627 3686 2895 3756 quondam
2939 3686 3225 3739 excitat-imi
3265 3693 3368 3744 est.
3425 3683 3684 3736 bellorum

2077 3780 2322 3835 omnium
2352 3780 2765 3851 gravissimum:
2800 3778 2994 3847 duplex
3028 3793 3168 3832 enim
3189 3789 3305 3830 erat
3332 3776 3432 3829 hoc
3460 3776 3683 3840 bellum,

2086 3886 2250 3926 unum
2285 3868 2502 3940 quidem
2554 3869 2736 3935 intus,
2787 3871 3011 3922 alterum
3062 3881 3189 3922 vero
3235 3866 3366 3920 furis
3386 3875 3681 3920 exortum:

2086 3963 2190 4017 hoc
2215 3977 2245 4016 a
2268 3962 2596 4028 domesticis,
2631 3960 2754 4014 illud
2780 3959 2848 4014 ab
2872 3959 3156 4024 hostibus;
3181 3974 3347 4017 unum
3377 3957 3446 4011 ab
3473 3959 3686 4022 alienis,

2085 4069 2114 4107 a
2139 4052 2488 4107 familiaribus
2518 4051 2720 4105 illatum
2749 4049 2998 4119 alterum.

2157 4142 2356 4197 Bellum
2373 4143 2513 4196 civile
2532 4153 2575 4194 et
2594 4142 2884 4194 intestinum
2901 4149 3106 4194 externo
3142 4138 3487 4209 periculosius.
3509 4137 3691 4191 Simile

2085 4235 2152 4289 ab
2181 4235 2413 4288 incendio
2439 4243 2683 4286 nocturno
2712 4243 3068 4301 sumptum.-—-
3091 4230 3158 4284 Et
3186 4245 3312 4283 vero
3334 4229 3458 4283 licet
3489 4230 3690 4286 bellum

2087 4327 2315 4396 simplex
2359 4324 2568 4391 fuisset,
2621 4323 2959 4378 intolerabile
3020 4323 3220 4377 malum
3276 4322 3694 4386 exstitisset;’au

2089 4421 2214 4477 licet
2238 4423 2476 4477 exterius
2525 4429 2733 4475 tantum
2768 4420 3074 4490 ingruisset,
3103 4419 3290 4488 ingens
3323 4417 3691 4473 calamitatum

2088 4513 2399 4585 magnitudo
2441 4513 2832 4569 fuissetzuuue
2858 4524 3036 4566 autem
3072 4511 3268 4580 duplex
3298 4519 3417 4564 erat
3458 4509 3596 4570 hoc;
3637 4520 3692 4563 et

2086 4609 2230 4679 quod
2261 4623 2292 4662 a
2340 4607 2669 4670 domesticis,
2724 4606 2891 4660 tuulto
2942 4606 3154 4675 gravius
3207 4611 3322 4666 est,
3356 4617 3516 4670 quant
3547 4599 3694 4670 quod

2087 4699 2156 4756 ab
2191 4701 2435 4755 externis
2499 4699 2679 4755 Facile
2717 4713 2946 4768 namque
2976 4698 3129 4750 nobis
3154 4696 3223 4749 ab
3249 4710 3315 4749 eo
3339 4709 3536 4748 cavere
3562 4710 3687 4763 pose

2089 4807 2310 4859 sumus,
2342 4793 2432 4863 qui
2481 4807 2540 4846 se
2597 4792 2868 4845 inimicum
2920 4789 3268 4861 proﬁteatur;
3309 4800 3364 4842 at
3402 4803 3523 4842 eum
3548 4827 3562 4852 ,
3604 4787 3695 4856 qui

2089 4887 2190 4940 sibi
2245 4885 2402 4939 amici
2450 4885 2653 4939 larvam
2709 4884 2897 4948 induit,
2953 4898 3058 4937 non
3110 4883 3273 4934 aliter
3323 4890 3500 4934 autem
3536 4889 3697 4948 atque

2091 4978 2339 5032 inimicus
2382 4976 2605 5031 affectus
2632 4984 2735 5042 est,
2769 4975 2909 5030 haud
2962 4975 3113 5028 facile
3139 4987 3331 5040 capere
3367 4971 3572 5025 insidiis
3601 4986 3695 5038 po-

2093 5083 2192 5125 tes.
2244 5071 2449 5140 Duplex
2490 5085 2621 5141 ergo
2658 5082 2775 5122 tum
2823 5069 3021 5122 bellum
3057 5077 3195 5131 erat,
3258 5067 3360 5119 hoc
3407 5064 3586 5128 civile,
3623 5065 3687 5117 il-

2093 5164 2180 5218 lud
2226 5163 2294 5217 ab
2337 5163 2572 5218 externis
2616 5163 2863 5226 irruens;
2917 5160 3000 5214 vel
3034 5161 3230 5229 potius,
3289 5158 3334 5212 si
3391 5173 3574 5212 verum
3609 5158 3692 5208 di-

2091 5255 2318 5310 cendum
2350 5257 2461 5319 sit,
2511 5255 2670 5308 civile
2717 5252 2816 5308 fuit
2854 5263 3142 5322 utrumque
3170 5250 3392 5303 bellum.
3424 5250 3552 5302 Nam
3605 5266 3654 5315 qi
3685 5251 3699 5303 l

2090 5347 2389 5404 forinsecus
2420 5348 2759 5413 invadebant,
2780 5345 3007 5417 iudices,
3029 5345 3369 5414 magiStratus
3390 5354 3444 5396 et
3472 5341 3693 5406 milites,

2094 5459 2200 5500 non
2251 5444 2562 5512 alienigena:
2612 5443 2828 5514 quidam
2859 5452 3033 5508 erant,
3072 5453 3163 5495 aut
3209 5439 3454 5505 barbari,
3500 5449 3590 5492 aut
3630 5456 3692 5492 ex

2095 5539 2200 5592 alio
2257 5538 2486 5608 quodam
2529 5538 2758 5607 imperio
2808 5552 3060 5606 regnove,
3111 5535 3205 5591 sed
3253 5536 3340 5604 qui
3379 5533 3566 5587 iisdem
3625 5533 3699 5586 le-

2094 5633 2247 5701 gibus
2269 5633 2607 5702 regebantur,
2635 5631 2875 5685 eamdem
2904 5629 3126 5699 patriam
3155 5629 3422 5692 colebant,
3453 5627 3694 5695 ejusdem

2097 5725 2383 5793 participes
2427 5735 2580 5778 erant
2632 5722 2958 5792 reipublicae.
2989 5721 3118 5776 Erat
3149 5722 3306 5792 igitur
3332 5720 3522 5787 civile,
3550 5721 3694 5790 quod

2101 5833 2126 5869 a
2154 5817 2423 5886 judicibus
2454 5818 2778 5875 inferebatur
2853 5817 2944 5870 sed
2979 5831 3196 5888 gravius
3241 5816 3382 5886 quod
3428 5831 3453 5868 δ
3501 5830 3694 5886 εθεηθς
