4224 6302
581 335 686 391 635

580 447 667 511 tia,
723 463 919 505 novum
949 469 1014 512 ac
1041 457 1372 524 inopinatum
1407 458 1679 528 multaque
1711 459 2014 514 redundans
2043 475 2164 515 eru-

582 539 821 597 delitate.
867 542 998 598 Nam
1036 553 1091 599 et
1117 559 1156 598 π
1198 544 1448 601 fratribus
1477 547 1827 604 tradebantur
1854 549 2067 615 fratres,
2113 559 2165 605 et

512 669 515 672 -
583 647 614 686 a
658 636 898 703 patribus
937 636 1112 702 liberi,
1163 647 1217 692 et
1261 653 1290 691 a
1335 640 1540 694 maritis
1587 656 1814 705 uxones;
1852 641 2027 695 omnia
2078 655 2168 696 eo-

584 727 852 794 gnationis
888 727 1008 794 jura
1059 729 1526 798 conculcabantur,
1573 747 1636 786 ac
1663 742 1804 787 totus
1825 731 1969 786 orbis
1999 742 2168 787 terra-

585 831 705 870 rum
757 816 1185 887 aubvertebatur,
1224 835 1324 876 nec
1371 822 1512 877 ullus
1560 833 1668 877 tum
1704 823 1866 877 ullum
1906 837 2168 892 agnosce-

585 904 714 959 bat:
744 906 986 962 diabolus
1013 910 1154 965 enim
1193 912 1449 980 majorem
1501 915 1553 968 in
1603 913 1817 968 modum
1846 913 2166 969 dominaba-

588 1003 695 1048 tur.
747 995 802 1050 In
853 999 944 1053 illo
982 999 1160 1070 itaque
1205 1003 1433 1057 tumultu
1473 1019 1536 1058 ac
1563 1004 1704 1059 bello
1729 1005 1986 1060 mulieres
2027 1006 2166 1074 istae,

589 1084 636 1137 si
672 1085 891 1154 quidem
919 1089 1172 1144 mulieres
1208 1092 1534 1161 appellandae
1559 1101 1702 1160 sunt,
1734 1094 1930 1164 quippe
1959 1111 2079 1166 qua:
2115 1097 2168 1151 in

587 1178 833 1234 muliebri
871 1194 1096 1252 corpore
1144 1183 1323 1240 viriles
1367 1185 1572 1239 animos
1631 1185 2007 1253 exbibuerint,
2064 1189 2170 1242 imo

590 1283 722 1324 vero
775 1285 879 1326 non
912 1272 1094 1328 viriles
1135 1282 1338 1328 tantum
1363 1275 1590 1341 animos,
1618 1276 1709 1330 sed
1737 1278 2169 1348 naturamipsam

589 1374 956 1432 supergressa;
979 1364 1094 1418 sint
1112 1376 1132 1427 ,'
1149 1374 1204 1420 et
1227 1380 1347 1420 cum
1377 1366 1655 1422 virtutibus
1677 1367 2010 1438 incorporeis
2038 1384 2170 1424 con-

595 1453 866 1508 tenderim
894 1472 908 1508 :
942 1456 1057 1510 ista:
1103 1472 1230 1526 ergo
1264 1458 1512 1526 mulieres
1537 1459 1720 1514 relicta
1779 1462 1908 1515 urbe
1929 1501 1946 1526 ,
1974 1461 2169 1528 domo,

587 1560 652 1598 ae
719 1545 1029 1615 propinquis
1077 1545 1296 1617 peregre
1344 1549 1781 1619 commigrarunt.
1827 1551 1962 1605 Cum
2029 1551 2170 1606 enim
2252 1559 2259 1572 θ

586 1635 857 1703 Christus,
902 1637 1143 1702 aiebant,
1215 1639 1608 1704 contemnitur,
1660 1641 1790 1695 tiihil
1848 1642 2004 1698 nobis
2057 1651 2173 1698 esto

586 1729 901 1796 pretiosum,
921 1743 1092 1799 neque
1113 1731 1503 1787 necessitudine
1527 1732 1868 1802 eonjunctum
1889 1753 1907 1789 :
1926 1744 2172 1804 propter-

587 1835 650 1872 ea
701 1818 899 1874 relictis
951 1819 1199 1875 omnibus
1254 1829 1379 1875 sunt
1423 1837 1674 1892 egressze.
1729 1823 1797 1878 Et
1852 1826 1990 1879 sicut
2048 1841 2172 1881 cum

588 1910 963 1966 medianocte
1006 1911 1197 1968 domus
1235 1913 1565 1980 incenditur,
1613 1915 1703 1984 qtti
1742 1916 1905 1984 intus
1937 1915 2174 1974 dormie-

595 2001 745 2067 bant,
780 2001 869 2056 ubi
915 2002 1196 2057 tumultum
1224 2003 1510 2066 audierint,
1534 1983 1643 2059 cito
1663 2019 1694 2060 e
1716 1983 2177 2062 stratis‘exsilien-

594 2101 675 2146 tes
727 2108 760 2148 e
784 2092 1045 2148 vestibulo
1075 2093 1262 2149 domus
1291 2096 1526 2162 evolant,
1559 2113 1938 2167 neque_secum
1964 2115 2174 2168 eorum,

596 2197 717 2251 qua:
743 2182 888 2239 intus
915 2191 1068 2248 sunt,
1096 2184 1399 2254 quidquam
1431 2185 1711 2251 auferunt;
1743 2187 1796 2242 id
1845 2189 1988 2244 enim
2015 2206 2175 2244 unum

593 2268 830 2340 student,
885 2285 943 2329 ut
966 2291 999 2331 e
1026 2276 1239 2330 flamma
1269 2291 1421 2331 suum
1451 2293 1646 2347 corpus
1671 2278 1929 2350 eripiant.
1959 2288 2015 2336 et
2041 2282 2178 2352 ignis

593 2377 808 2418 cursum
837 2379 1027 2435 magna
1053 2366 1326 2421 celeritate
1348 2378 1679 2437 grassantem
1707 2371 2034 2439 pneveniant
2059 2390 2072 2424 :
2099 2373 2178 2430 sic

593 2462 649 2509 et
696 2456 812 2510 ista:
848 2456 1116 2512 nimirum
1165 2466 1408 2528 egerunt.
1435 2459 1570 2514 Cum
1609 2461 1752 2516 enim
1784 2471 1967 2516 totum
1995 2465 2176 2519 orbem

596 2554 861 2599 terrarum
887 2545 1270 2601 inflammatum
1297 2547 1588 2616 vidissent,
1624 2549 1904 2606 confestim
1935 2568 2003 2608 ex
2032 2554 2181 2608 urbis

597 2634 855 2691 vestibulo
878 2636 1193 2692 exsilierunt
1227 2647 1284 2694 et
1337 2639 1636 2706 evolarunt,
1668 2640 1720 2695 id
1749 2655 1909 2697 unum
1930 2659 2179 2714 quaeren-

601 2737 702 2791 tes,
730 2735 790 2782 ut
836 2726 1048 2783 animae‘
1079 2743 1193 2814 sua;
1233 2730 1458 2786 salutem
1489 2744 1687 2788 sartam
1724 2745 1916 2791 tectam
1955 2718 2178 2792 conser.

595 2825 802 2873 varent.
853 2817 988 2873 Tum
1034 2819 1176 2910 epim
1201 2831 1316 2876 erat
1345 2822 1646 2878 incendium
1673 2825 1948 2893 infestum,
1974 2836 2027 2883 et
2053 2843 2180 2898 pro-

594 2907 776 2965 fundat
822 2907 1515 2979 tenebrae'dominabantur,
1554 2915 1786 2972 tenebra:
1809 2923 2082 2975 nocturnis
2109 2921 2182 2975 is-

598 3001 669 3054 tis
693 3000 864 3055 multo
903 3001 1186 3057 tetriores:
1215 3013 1541 3075 quapropter
1587 3015 1834 3079 tanquam
1862 3009 1918 3064 in
1947 3011 2182 3067 tenebris

597 3088 800 3145 amicos
824 3104 931 3145 non
952 3100 1213 3147 noverant
1231 3092 1410 3160 amici,
1447 3104 1502 3149 et
1522 3110 1719 3154 uxores
1746 3099 1844 3154 viri
1867 3100 2180 3170 prodebant;

599 3192 879 3254 propterea
931 3200 1053 3242 cum
1095 3187 1336 3245 inimicos
1362 3191 1736 3260 praeteribant,
1757 3188 1881 3247 ‘tum
1905 3194 2106 3248 amicos
2130 3201 2185 3249 et

605 3277 928 3333 domesticos
945 3278 1271 3350 impetebant
1292 3300 1306 3336 :
1324 3293 1643 3339 nocturnum
1666 3284 1932 3356 quoddam
1960 3295 2074 3341 erat
2099 3288 2183 3340 in-

599 3367 793 3426 festum
811 3371 1074 3440 prrelium,
1090 3381 1144 3428 et
1163 3373 1358 3444 ingenti
1378 3375 1604 3431 tumultu
1618 3387 1807 3430 cuncta
1821 3376 2180 3445 replebantur.

671 3461 788 3518 SS.
809 3461 1059 3533 Martyres
1087 3466 1303 3534 patriam
1321 3465 1845 3536 relinquunt—Tum
1880 3467 2041 3538 igitur
2069 3469 2184 3524 istm

603 3554 787 3609 relicta
824 3555 991 3624 patria
1037 3567 1402 3624 excesserunt,
1445 3568 1500 3614 et
1541 3558 1892 3628 patriarchain
1915 3560 2181 3615 Abraham

603 3645 824 3701 imitata:
852 3657 1003 3713 sunt,
1036 3646 1103 3702 ad
1127 3663 1284 3718 quem
1310 3649 1510 3709 dictum
1536 3659 1619 3706 est
1635 3669 1660 3705 .:
1691 3650 1944 3722 Egredere
1967 3653 2029 3706 de
2052 3661 2185 3707 terra

604 3750 692 3792 tua
714 3749 761 3793 et
802 3739 866 3794 de
910 3742 1205 3810 cognatione
1250 3752 1338 3796 tua
1366 3743 1519 3813 (Gen.
1552 3742 1637 3797 l2.
1673 3744 1750 3813 1.)
1778 3762 1793 3798 :
1818 3759 1938 3799 nam
1990 3755 2045 3800 et
2081 3746 2186 3813 ,has

605 3832 1031 3901 persequutionis
1053 3841 1262 3903 tempus
1289 3835 1354 3889 ad
1405 3833 1506 3888 hoc
1537 3834 1810 3900 incitabat,
1856 3843 1913 3890 ut
1949 3835 2015 3891 de
2041 3845 2184 3892 terra

603 3921 776 3990 deque
827 3923 1143 3992 cognatione
1194 3925 1421 3989 exirent,
1451 3935 1510 3980 ut
1538 3925 1610 3979 ita
1649 3922 1838 3980 creluin
1887 3925 2179 3984 hereditate

603 4013 961 4082 possiderent.
1011 4016 1393 4086 Egrediebatur
1433 4017 1593 4087 igitur
1635 4032 1704 4072 ex
1749 4018 1952 4075 aedibus
1992 4023 2185 4078 mulier

605 4103 740 4159 duas
783 4120 962 4160 secum
1007 4107 1144 4163 ﬁlias
1184 4108 1422 4174 habens;
1454 4119 1510 4164 at
1549 4119 1603 4164 tu
1649 4125 1716 4165 ne
1758 4114 2193 4181 temeiepraeter-

605 4212 735 4259 eas,
791 4211 914 4251 cum
957 4199 1253 4255 excessisse
1295 4200 1549 4255 mulieres
1599 4201 1890 4256 liberaliter
1938 4203 2186 4276 educatae

608 4285 781 4352 audis,
827 4302 928 4342 nec
964 4288 1195 4344 ferendis
1236 4290 1499 4360 ejusmodi
1528 4293 1681 4347 malis
1706 4291 2068 4356 assuefactas;
2095 4293 2189 4348 sed

612 4379 791 4433 animo
837 4395 1010 4446 versa,
1056 4392 1310 4452 quantum
1362 4383 1495 4440 illud
1545 4385 1742 4439 malum
1786 4397 1949 4451 esset,
1978 4387 2192 4456 quantis

610 4484 698 4523 res
731 4469 820 4524 illa
859 4471 1255 4530 difficultatibus
1272 4476 1646 4545 circumsepta.
1678 4475 1736 4530 Si
1765 4476 1908 4531 enim
1944 4476 2192 4533 homines

609 4561 700 4629 qui
747 4561 1067 4640 mediocrem
1099 4567 1574 4635 peregrinationem
1597 4567 1910 4637 suscipiunt,
1955 4568 2191 4638 cumju-

612 4661 790 4707 menta
820 4662 1125 4724 suppetant,
1141 4656 1366 4711 ministri
1390 4672 1494 4710 non
1515 4656 1711 4723 desint,
1741 4659 1977 4728 periculo
2003 4667 2194 4714 vacent

612 4744 818 4808 itinera,
846 4761 968 4801 cum
1000 4761 1161 4816 penes
1188 4761 1282 4802 eos
1309 4756 1543 4818 potestas
1587 4751 1656 4804 sit
1695 4750 1968 4816 redeundi,
1998 4751 2191 4834 multas

612 4837 958 4905 experiuntur
983 4840 1272 4906 molestias,
1305 4843 1501 4896 multas
1521 4844 1763 4898 miserias
1785 4845 2186 4913 perpetiuntur:

615 4930 701 4983 ubi
726 4932 916 4985 mulier
955 4941 1009 4985 et
1037 4932 1288 5002 virgines,
1323 4935 1540 5004 penuria
1564 4936 1950 5002 ministrorum,
1977 4946 2031 4991 et
2056 4938 2192 4990 ami-

611 5036 793 5075 corum
839 5022 1087 5090 proditio,
1119 5026 1395 5090 tumultus,
1429 5036 1484 5081 et
1537 5027 1881 5100 perturbatio,
1909 5036 2189 5097 metusque

615 5113 980 5181 intolerabilis,
1013 5115 1220 5172 diversa
1268 5118 1320 5173 in
1352 5119 1458 5173 illis
1486 5119 1738 5190 pericula,
1787 5120 1853 5174 de
1878 5120 2050 5175 anima
2074 5119 2187 5175 dis-

611 5204 834 5269 crimen,
886 5215 939 5259 et
971 5207 1340 5279 undecumque
1386 5210 1596 5275 hostes;
1626 5226 1745 5280 qua:
1780 5211 1992 5265 tandem
2014 5211 2187 5265 oratio

612 5295 892 5350 mulierum
913 5299 1220 5364 certamina,
1253 5301 1638 5364 fortitudinem,
1680 5302 2185 5371 magnanimitatem,

618 5385 771 5439 tidem
809 5388 1108 5456 exprimere
1155 5391 1384 5459 poterit?
1412 5391 1544 5446 Nam
1596 5392 1642 5446 si
1685 5406 1898 5461 egressa
1925 5394 2036 5447 sola
2069 5408 2186 5447 nia-

617 5489 700 5532 ter
726 5488 886 5544 esset,
911 5495 1016 5534 non
1035 5480 1107 5533 ita
1134 5481 1522 5547 intolerandum
1544 5493 1813 5538 certamen
1835 5482 2053 5549 fuisset;
2078 5486 2187 5553 jam

618 5586 745 5624 vero
770 5587 887 5624 cum
917 5580 972 5626 et
1019 5571 1154 5626 ﬁlias
1206 5573 1514 5638 deduceret,
1570 5583 1624 5627 et
1675 5573 1808 5627 duas
1836 5573 2088 5643 virgines,
2118 5577 2188 5630 ita

619 5660 812 5729 duplex
839 5662 1057 5718 timendi
1082 5664 1316 5729 occasio,
1361 5664 1630 5734 multaque
1665 5664 2036 5720 sollicitudinis
2077 5678 2192 5722 erat

615 5754 851 5810 accessio
873 5772 884 5806 :
905 5766 1101 5823 quanto
1118 5756 1256 5812 enim
1275 5757 1446 5826 major
1458 5757 1743 5828 possessio,
1763 5765 1905 5814 tanto
1923 5757 2183 5814 difficilior

1250 343 1306 401 S.
1347 345 1624 403 JOANNIS
1659 345 2136 406 CIIRYSOSTOMI
2176 345 2493 408 ARClllEP.
2535 311 3065 418 CONSTANTINOE

2269 477 2350 520 est
2379 468 2638 523 custodia.
2689 469 3069 542 Egrediebatur
3092 464 3221 546 ergo
3251 477 3479 548 virgines
3511 477 3738 548 babes,
3761 501 3862 541 nec

2269 557 2470 614 habens
2495 561 2686 631 quibus
2713 565 2768 619 in
2793 565 3035 622 thalamis
3054 583 3146 624 eas
3169 571 3498 629 occultaret:
3526 577 3736 630 tametsi
3781 579 3847 631 in-

2271 648 2507 721 telligitis
2554 651 2853 724 thalamos;
2893 673 3173 730 gynaecea,
3190 661 3403 730 januas,
3446 676 3644 730 vectas,
3675 679 3861 722 custo-

2268 739 2384 808 des,
2426 746 2820 813 ‘proeubitorEs,
2868 750 3110 816 ancillas,
3148 755 3402 821 nutrices,
3435 771 3498 810 ac
3545 757 3740 812 matris
3776 775 3862 813 as-

2270 833 2595 902 siduitatem,
2643 847 2698 892 ct
2749 840 2918 908 patris
2965 832 3353 909 providentiam
3397 847 3728 918 multamque
3761 864 3865 918 pa-

2270 937 2480 980 rentum
2528 943 2725 982 curam
2737 930 2999 998 adhiberi,
3041 940 3100 988 ut
3125 933 3438 1004 virginitatis
3467 936 3565 992 ﬂos
3585 939 3862 994 custodia-

2271 1026 2389 1086 tur,
2439 1031 2492 1075 et
2521 1021 2607 1076 vix
2639 1023 2709 1076 ita
2756 1023 3074 1080 incolumem
3103 1028 3448 1083 conservari:
3477 1039 3534 1084 at
3571 1031 3658 1085 illa
3710 1034 3862 1090 omni

2269 1123 2382 1168 erat
2413 1116 2653 1170 custodia
2683 1117 2962 1184 destituta;
2991 1135 3097 1190 quo
3143 1121 3302 1191 igitur
3325 1131 3479 1192 pacto
3508 1133 3716 1193 poterat
3742 1125 3865 1181 illas

2275 1205 2456 1260 tueri?
2504 1207 2812 1263 Divinarum
2867 1211 3072 1266 scilicet
3101 1212 3274 1282 legum
3323 1213 3583 1269 custodia.
3617 1215 3730 1270 Non
3761 1215 3864 1270 ha-

2273 1296 2432 1365 bebat
2475 1296 2731 1365 domum,
2759 1315 2862 1371 qua
2907 1301 3288 1368 obvaliaretur,
3329 1303 3404 1358 ad
3427 1314 3694 1372 potentem
3743 1321 3862 1360 ma-

2273 1388 2398 1442 nuni
2432 1384 2699 1459 habebat,
2749 1407 2855 1463 qua
2884 1392 2953 1447 de
3004 1393 3139 1448 caelo
3189 1405 3595 1466 protegeretur:
3631 1412 3735 1450 non
3765 1396 3862 1451 ha-

2273 1482 2435 1538 bebat
2475 1484 2724 1554 januam,
2771 1499 2947 1554 neque
2983 1495 3190 1539 vectem
3216 1527 3231 1553 ,
3276 1487 3370 1541 sed
3401 1502 3579 1542 veram
3634 1487 3862 1544 habebat

2269 1577 2488 1648 januam
2532 1591 2652 1648 quae
2705 1574 2924 1630 insidias
2963 1575 3119 1647 longe
3159 1588 3386 1632 arceret.
3418 1577 3482 1632 Et
3508 1579 3861 1648 quemadmo-

2273 1670 2401 1726 dum
2443 1670 2497 1726 in
2563 1669 2754 1724 mediis
2812 1669 3059 1727 Sodomis
3111 1670 3456 1747 obsidebatur
3499 1674 3714 1744 quidem
3763 1674 3868 1729 Lat

2275 1763 2468 1818 domus
2513 1761 2665 1835 (Gen.
2697 1763 2751 1817 9.
2787 1763 2874 1819 10.
2905 1770 3063 1836 sqq.),
3095 1773 3150 1819 at
3189 1765 3323 1820 nihil
3367 1766 3490 1820 mali
3534 1767 3863 1838 patiebatur,

2278 1857 2472 1926 quippe
2501 1871 2621 1926 quae
2673 1856 2892 1933 angelos
2938 1857 3088 1912 intus
3121 1857 3346 1914 haberet
3375 1874 3397 1912 ξ
3429 1859 3509 1913 sic
3536 1847 3782 1915 nimirum
3811 1873 3869 1917 et

2278 1958 2540 2020 martyres
2593 1948 2730 2011 istm,
2787 1949 2926 2004 inter
2976 1949 3284 2006 Sodomitas
3307 1945 3653 2022 ’cunctosque
3683 1951 3871 2010 hostes

2276 2041 2578 2097 cOnstitutm
2621 2050 2781 2113 atque
2833 2040 3068 2113 undique
3101 2044 3506 2110 circumsessa,
3557 2045 3686 2099 nihil
3741 2046 3867 2100 mali

2279 2132 2635 2204 patiebantur,
2663 2132 2862 2204 quippe
2887 2149 3007 2204 quae
3030 2133 3314 2190 Dominum
3339 2137 3650 2205 angelorum
3673 2137 3723 2190 in
3750 2138 3868 2190 aui-

2279 2227 2381 2281 mis
2415 2226 2527 2282 suis
2567 2226 2894 2282 habitantem
2939 2227 3228 2295 haberent;
3275 2238 3332 2282 et
3357 2229 3408 2283 in
3449 2230 3718 2284 desertum
3765 2231 3869 2284 iter

2277 2317 2468 2372 delatze
2490 2316 2622 2372 nihil
2653 2317 3008 2389 patiebantur,
3039 2320 3160 2388 quia
3188 2320 3290 2375 iter
3315 2319 3604 2388 habebant,
3628 2305 3768 2390 quod
3797 2321 3869 2375 ad

2278 2408 2468 2462 caelum
2507 2407 2648 2478 ipsas
2699 2407 3010 2466 deduceret.
3060 2410 3398 2481 Quapropter
3447 2411 3498 2466 in
3531 2421 3678 2464 tanto
3705 2412 3867 2478 bello,

2283 2502 2506 2555 tumultu
2531 2541 2546 2567 ,
2605 2516 2668 2557 ac
2711 2500 2960 2559 fluctibus
3001 2502 3380 2573 deprehensae,
3420 2519 3540 2561 cum
3581 2506 3873 2562 securitate

2283 2592 2602 2650 incedebant
2631 2611 2645 2648 :
2673 2603 2727 2648 et
2754 2594 2897 2666 quod
2922 2609 3051 2653 sane
3078 2595 3303 2660 mirum,
3334 2610 3430 2668 per
3471 2596 3676 2650 medios
3717 2599 3877 2671 lupos

2282 2699 2413 2738 oves
2455 2684 2821 2749 ducebantur;
2865 2700 2962 2761 per
3012 2686 3224 2742 medios
3258 2685 3445 2742 leones
3473 2701 3625 2756 agnre
3650 2702 3878 2758 progre-

2281 2775 2586 2844 diebantur,
2615 2791 2716 2832 nec
2759 2775 2877 2832 illas
2903 2779 3182 2853 quisquam
3222 2778 3439 2834 lascivis
3480 2780 3651 2834 oculis
3695 2780 3877 2835 intue-

2282 2864 2438 2920 batur
2462 2883 2474 2919 :
2506 2866 2600 2923 sed
2633 2867 2772 2922 sicut
2795 2867 3100 2924 Sodomitas
3117 2869 3269 2937 juxta
3294 2868 3515 2941 januam
3540 2879 3742 2925 stantes
3761 2869 3879 2927 adi-

2285 2967 2398 3012 tum
2443 2974 2667 3014 cernere
2697 2974 2804 3014 non
2833 2959 3046 3016 sinebat
3088 2961 3250 3028 Deus,
3281 2962 3441 3039 sicet
3485 2961 3724 3015 omnium
3748 2969 3878 3021 tunc

2283 3051 2470 3106 oculos
2519 3040 2830 3119 excmcavit,
2861 3067 2930 3108 ne
2969 3053 3206 3123 virginea
3234 3067 3462 3123 corpora
3497 3052 3879 3124 proderentur.

2353 3146 2410 3201 5.
2440 3143 2688 3200 Edessam
2712 3146 3003 3216 perveniunt
3025 3144 3200 3200 urbem
3227 3144 3626 3216 Mesopotamia.
3652 3173 3722 3184 —
3742 3145 3874 3200 Per-

2283 3250 2415 3311 gunt
2445 3241 2602 3312 igitur
2618 3239 2684 3294 ad
2714 3239 2898 3294 urbem
2917 3280 2932 3307 ,
2965 3236 3236 3309 Edessam
3273 3241 3522 3304 nomine,
3547 3238 3731 3294 urbem
3755 3251 3883 3310 pcr-

2287 3333 2473 3388 multis
2499 3331 2847 3403 agrestiorem
2875 3331 3115 3401 quidem,
3145 3332 3244 3387 sed
3271 3331 3472 3403 pietate
3497 3330 3881 3402 insignioretu:

2285 3424 2410 3495 quid
2436 3424 2578 3480 enim
2602 3439 2666 3479 ex
2695 3422 2784 3477 illa
2812 3424 2946 3479 urbe
2973 3438 3126 3492 atque
3152 3423 3492 3478 commodum
3513 3423 3882 3488 censuissent,

2239 3524 2445 3589 “atque
2519 3527 2577 3572 ut
2647 3517 2701 3572 in
2756 3526 2901 3572 tanta
2957 3517 3189 3587 procella
3241 3516 3538 3588 perfugium
3596 3518 3879 3572 nancisce-

2289 3618 2475 3666 rentur
2496 3651 2511 3675 ,
2565 3617 2623 3664 et
2666 3609 2721 3664 in
2751 3609 2845 3664 tali
2898 3618 3214 3680 tempestate
3239 3620 3452 3679 portum
3484 3607 3781 3662 haberent?
3812 3608 3882 3662 Et

2287 3701 2499 3770 excepit
2529 3700 2716 3756 civitas
2745 3701 3076 3771 peregrinas,
3111 3699 3421 3770 peregrinas
3446 3698 3661 3769 quidem
3695 3708 3875 3759 terrm,

2287 3793 2434 3848 cives
2479 3792 2990 3868 autemcaalornm,
3028 3802 3418 3862 exceptumque
3453 3790 3753 3860 depositum
3778 3805 3879 3844 cn-

2289 3883 2527 3942 stodivit.
2554 3884 2722 3939 Nemo
2747 3892 2925 3939 autem
2947 3883 3200 3938 mulieres
3233 3881 3612 3938 imbecillitatis
3640 3890 3880 3948 accuset,

2289 3977 2432 4048 quod
2461 3976 2693 4047 fugerint
2721 3991 2736 4030 :
2769 3986 3095 4047 praeceptum
3133 3975 3277 4030 enim
3318 3974 3650 4030 Dominicum
3692 3972 3879 4042 imple-

2289 4074 2439 4139 bant,
2470 4070 2612 4143 quod
2665 4071 2738 4125 ita
2778 4087 2838 4126 se
2879 4069 3076 4135 habet,
3125 4067 3251 4123 Cum
3296 4077 3652 4138 persequentur
3679 4081 3784 4129 eos,
3815 4079 3884 4120 ex

2291 4167 2491 4220 civitate
2538 4165 2636 4220 ista
2689 4164 2847 4234 fugite
2873 4163 2926 4215 in
2965 4161 3120 4216 aliam
3148 4159 3167 4230 (
3193 4158 3384 4212 Matth.
3415 4159 3502 4212 10.
3533 4156 3606 4212 25
3632 4156 3701 4226 >ά
3735 4155 3878 4225 quod

2291 4269 2347 4315 et
2371 4259 2487 4314 ista:
2509 4273 2632 4314 cum
2671 4256 2964 4312 audiissent
2985 4294 3002 4320 ,
3034 4252 3330 4324 fugerunt‘,
3357 4258 3412 4305 et
3440 4264 3545 4304 una
3597 4248 3704 4302 illis
3744 4245 3883 4300 intc-

2293 4351 2394 4406 rim
2418 4365 2614 4405 corona
2657 4346 3004 4403 nectebatur:
3033 4329 3300 4414 quasnam
3324 4343 3416 4397 illa
3458 4338 3671 4395 tandem
3699 4338 3724 4390 ἲ
3747 4337 3879 4392 Oni-

2293 4441 2438 4496 nium
2467 4440 2672 4496 scilicet
2711 4436 3056 4509 pnesentium
3106 4448 3287 4489 rerum
3338 4439 3719 4500 contemptus:
3748 4429 3880 4494 Qui-

2294 4549 2502 4603 cumque
2521 4528 2938 4601 cnimreliquert't
2966 4531 3171 4598 fratres,
3203 4535 3250 4579 et
3277 4541 3497 4585 sorores,
3527 4531 3616 4576 aut
3635 4522 3877 4593 patriam,

2293 4633 2380 4677 aut
2407 4623 2610 4676 domum
2639 4661 2656 4688 ,
2687 4629 2774 4674 aut
2794 4619 2984 4674 amicos
3002 4659 3017 4683 ,
3044 4625 3132 4670 aut
3154 4624 3401 4687 cognatos
3425 4655 3439 4677 ,
3475 4613 3771 4682 centuplum
3797 4629 3882 4665 ac-

2293 4717 2472 4785 cipiet,
2501 4714 2690 4785 inquit,
2736 4722 2784 4766 et
2831 4712 2985 4765 uitam
3013 4718 3253 4764 teternam
3277 4702 3567 4776 possidebit
3587 4703 3762 4775 (Matt.
3791 4704 3878 4758 l9.

2291 4807 2420 4874 29-).
2452 4807 2518 4861 Et
2543 4812 2696 4861 erant
2721 4803 2792 4859 ibi
2815 4799 3085 4856 Christum
3125 4797 3383 4853 habentes
3402 4793 3838 4850 contubernalem
3864 4812 3877 4846 :

2291 4902 2334 4954 si
2363 4898 2502 4954 enim
2527 4897 2610 4951 ubi
2640 4892 2890 4950 suntduo
2913 4891 2992 4946 vel
3022 4899 3128 4944 tres
3149 4886 3474 4959 cciigregati,
3509 4887 3559 4939 in
3591 4901 3777 4941 eorum
3799 4894 3881 4938 cst

2293 4991 2468 5046 medio
2520 4984 2955 5059 (Matt.l8.‘20);
2988 4983 3076 5038 ubi
3125 4999 3231 5038 non
3284 4989 3622 5051 congregatae
3677 4988 3878 5032 tantum

2291 5094 2444 5139 erant
2467 5125 2481 5149 ,
2531 5081 2624 5138 sed
2677 5090 2732 5135 et
2788 5087 3006 5150 propter
3031 5092 3223 5132 nomen
3252 5076 3368 5146 ejus
3405 5073 3618 5129 exsules
3644 5114 3658 5138 ,
3701 5089 3880 5126 nonne

2292 5175 2456 5230 multo
2502 5173 2693 5243 potiori
2716 5169 2842 5240 jure
2887 5169 3052 5239 ipsius
3097 5169 3351 5222 auxilium
3397 5163 3883 5237 promerebannir?

2291 5267 2422 5323 Cum
2450 5265 2610 5337 igitur
2631 5264 2740 5318 illic
2766 5262 3019 5317 mulieres
3047 5271 3405 5323 versarentur,
3450 5256 3652 5313 nefaria
3691 5255 3872 5310 confc-

2292 5358 2416 5413 stiin
2469 5357 2641 5412 edicta
2667 5368 3096 5427 quoquoversum
3145 5353 3641 5409 transmittebantur
3669 5392 3685 5416 ,
3714 5349 3877 5404 multa

2293 5449 2576 5521 tyrannide
2598 5463 2661 5505 ac
2693 5447 2971 5503 barbarica
2999 5444 3311 5500 crudelitate
3332 5443 3522 5499 referta
3558 5461 3570 5496 :
3599 5441 3878 5513 propinqui

2292 5541 2434 5596 enim
2463 5541 2806 5611 propinquos,
2839 5538 3027 5608 inquit,
3061 5536 3307 5605 prodant,
3340 5535 3516 5590 mariti
3543 5551 3757 5600 uxores,
3789 5549 3881 5605 pu-

2295 5643 2400 5691 tres
2421 5635 2635 5700 liberos,
2658 5634 2805 5689 liberi
2828 5640 3023 5700 patres,
3051 5631 3239 5684 fratres
3255 5626 3462 5693 fratres,
3477 5629 3632 5683 amici
3661 5627 3878 5685 amicos.

2365 5772 2380 5802 ¹
2417 5770 2555 5822 savil.
2579 5771 2626 5821 in
2650 5782 2822 5834 marg,
2856 5768 2984 5833 quod
3006 5774 3051 5820 ct
3073 5766 3178 5833 istm
3199 5779 3309 5817 cum
3329 5763 3621 5830 nitptessent,
3642 5765 3876 5828 fugarunt.
