4224 6302
417 351 526 408 655

414 467 605 529 τέκνα,
629 466 721 521 καὶ
742 466 932 537 ἀνδρες
954 466 1237 535 γυναῖκας,
1262 465 1354 519 καὶ
1385 466 1561 519 πάντα
1591 464 1658 518 τά
1679 464 1779 535 τῆς
1811 480 2005 532 συγγε-

415 550 568 613 νείας
589 550 840 603 ἐπατεῖτο
861 549 1068 614 δίκαια,
1088 549 1182 602 καὶ
1204 548 1357 602 πᾶσα
1378 548 1412 618 ή
1435 547 1735 618 οἰκουμένη
1766 546 2004 600 ἀνάστα-

415 650 510 697 τος
540 628 632 704 ἦν,
656 633 751 687 καὶ
772 632 950 696 οὐδεὶς
982 631 1173 685 οὐδένα
1194 630 1317 685 τότε
1353 630 1722 699 ἐπεγίνωσκεν
1742 646 1758 662 υ
1783 626 2007 702 ἐκράτει

415 715 528 788 γάρ
554 719 583 770 ό
604 714 852 777 διάϐολος
883 714 1023 785 μετά
1053 714 1253 786 πολλῆς
1278 708 1377 785 τῆς
1403 713 1729 785 ὑπερϐολῆς.
1748 713 1837 766 Ἐν
1864 713 2008 767 ἐκεί-

415 818 497 870 νῳ
544 798 737 861 τοίνυν⁸
772 796 855 868 τῷ
902 796 1119 869 θορύϐῳ
1159 798 1254 852 καὶ
1295 796 1377 869 τῷ
1406 798 1631 868 πολέμῳ
1657 798 1714 851 αἰ
1748 799 2008 867 γυναῖκες

416 878 605 947 αὗται,
637 881 778 951 εἴγε
806 883 1069 952 γυναῖκας
1096 880 1269 944 αὑτάς
1305 881 1414 953 χρὴ
1448 881 1637 935 καλεῖν
1654 896 1668 911 °
1700 879 1928 952 καὶγὰρ
1947 880 2006 933 ἐν

416 968 718 1039 γυναικείῳ
776 966 991 1038 σώματι
1054 966 1274 1037 ἀνδρῶν
1332 966 1675 1034 ἐπεδείξαντο
1730 966 2002 1038 φρόνημα,

420 1054 624 1125 μᾶλλον
667 1052 726 1106 δέ
773 1052 876 1106 οὐκ
920 1050 1132 1122 ἀνδρῶν
1162 1050 1506 1129 ἐπεδείξαντο
1535 1050 1792 1124 φρόνημα
1822 1051 2001 1120 μόνον,

416 1137 557 1192 ἀλλά
581 1137 675 1192 καὶ
698 1136 869 1208 αὐτὴν
897 1133 1247 1207 ὑπερέϐησαν
1277 1134 1379 1205 τήν
1409 1133 1591 1203 φύσιν,
1622 1134 1719 1187 καὶ
1744 1134 1880 1205 πρὸς
1905 1134 2006 1198 τὰς

417 1221 750 1291 ἀσωμάτους
778 1217 1041 1290 δυνάμεις
1065 1218 1164 1289 τὴν
1190 1217 1427 1290 ἅμιλλαν
1461 1217 1646 1272 ἔθεντο
1662 1236 1675 1249 ·
1704 1214 1865 1273 αὗται
1891 1219 2004 1272 τοί-

415 1323 514 1359 νυν
550 1308 608 1360 αἰ
636 1307 894 1375 γυναῖκες
925 1305 1147 1374 ἀφεῖσαι
1173 1303 1325 1359 πόλιν
1355 1304 1449 1358 καὶ
1479 1303 1779 1359 οἰκίανκκαί
1810 1321 2006 1373 συγγε-

416 1391 531 1453 νεῖς
584 1390 723 1461 πρὸς
765 1389 867 1460 τὴν
912 1386 1201 1458 ἀλλοτρίαν
1249 1386 1631 1457 μετετάξαντο.
1659 1384 1831 1441 Ὅταν
1870 1387 2001 1459 γὰρ,

416 1476 607 1546 φησὶν,
633 1478 663 1530 ό
689 1474 925 1547 Χριστὸς
945 1472 1301 1545 άτιμάζηται,
1327 1471 1491 1544 μηδὲν
1514 1474 1648 1544 ἡμῖν
1671 1471 1812 1526 ἔστω
1824 1472 2004 1544 τίμιον

420 1559 559 1630 μηδέ
589 1561 915 1628 ἀναγκαῖον*
943 1557 1033 1611 διά
1064 1556 1223 1611 τοῦτο
1264 1556 1444 1609 πάντα
1486 1554 1709 1625 ἀφεῖσαι
1759 1554 1999 1627 ἐξῆλθον.

417 1643 532 1697 Καὶ
566 1641 816 1713 καθάπερ
844 1640 1023 1704 οἰκίας
1048 1640 1121 1702 ,ἐν
1154 1639 1293 1711 μέσῃ
1326 1639 1482 1695 νυκτὶ
1528 1636 1998 1711 πυρπολουμένης,

415 1727 468 1778 οἰ
511 1724 868 1788 καθεύδοντες
898 1723 1079 1788 ἔνδον,
1119 1721 1342 1775 ἐπειδάν
1373 1720 1667 1774 αἴσθωνται
1703 1719 1799 1773 τοῦ
1838 1720 2001 1792 θορύ-

417 1808 537 1870 ϐου,
573 1809 782 1878 ταχέως
814 1805 1160 1877 ἐξαλλόμενοι
1209 1804 1311 1875 τῆς
1360 1804 1549 1875 κλίνης
1584 1804 1863 1874 ἐκπηδῶσι
1892 1805 2002 1859 τῶν

416 1891 707 1962 προθύρων
740 1890 841 1962 τῆς
865 1890 1064 1953 οἰκίας,
1095 1886 1246 1942 οὐδὲν
1286 1886 1395 1941 τῶν
1432 1886 1580 1940 ἔνδον
1611 1887 1867 1952 λαϐόντες
1890 1904 1905 1920 ’
1941 1886 2002 1942 ἐν

416 1976 528 2047 γὰρ
567 1975 726 2045 μόνον
770 1971 1183 2035 σπουδάζουσιν,
1216 1970 1366 2034 ὅπως
1400 1971 1464 2024 rb
1502 1972 1668 2041 ρῶμα
1701 1972 1763 2025 rb
1792 1972 2001 2027 ἐαυτῶν

416 2057 879 2128 προεξαρπάσωσι
903 2056 1002 2127 τῆς
1034 2054 1249 2124 φλογὸς,
1282 2055 1376 2107 καὶ
1406 2053 1497 2107 τὸν
1522 2052 1671 2125 [ϐω]
1703 2053 1799 2108 τοῦ
1829 2055 1999 2126 πυρὸς

416 2142 668 2211 φθάσωσι
692 2141 890 2212 δρόμον
914 2139 1052 2210 μετά
1078 2137 1276 2208 πολλῆς
1302 2136 1527 2192 ἐπιόντα
1543 2138 1644 2209 τῆς
1664 2138 1966 2210 ταχύτητος
1982 2156 1996 2171 ·

415 2223 563 2277 οὕτω
584 2222 648 2295 δὴ
676 2221 771 2277 καὶ
803 2214 978 2276 αὗται
996 2220 1282 2292 ἐποίησαν.
1299 2218 1527 2274 Ἰδοῦσαι
1554 2220 1663 2293 γὰρ
1689 2223 1789 2293 τὴν
1820 2223 2002 2277 οἰκου-

419 2306 591 2375 μένην
641 2305 860 2359 ἃπασαν
903 2300 1371 2375 ἐμπυριζομένην,
1403 2302 1605 2366 εὐθέως
1636 2303 1996 2376 ἐξεπήδησαν,

417 2390 512 2443 καὶ
539 2381 796 2460 ἐξήλαντο
813 2384 923 2441 τῶν
944 2385 1235 2458 προθύρων
1259 2388 1359 2457 τῆς
1382 2384 1610 2450 πόλεως,
1637 2380 1701 2439 ἐν
1724 2387 1883 2457 μόνον
1904 2386 2001 2459 ζη-

415 2472 631 2534 τοῦσαι,
666 2471 764 2543 τὴν
795 2470 1070 2541 σωτηρίαν
1105 2468 1208 2539 τῆς
1235 2468 1445 2523 ἐαυτῶν
1468 2469 1657 2541 ψυχῆς
1683 2472 1847 2525 παντὶ
1872 2471 2001 2542 τρό-

417 2573 507 2626 πῳ
531 2554 874 2625 διαφυλάξαι.
898 2554 1011 2608 Kal
1026 2552 1151 2636 _7&9
1174 2551 1648 2636 ἐμπρησμὸς-τότε
1676 2548 1998 2636 χαλεπδῗῆν

417 2640 516 2692 καὶ
549 2638 738 2701 σκότος
764 2636 987 2707 ἐκράτει
1018 2634 1173 2705 βαθὺ,
1207 2634 1401 2699 σκότος
1423 2634 1516 2688 τοῦ
1540 2634 1856 2708 νυκτερινοῦ
1882 2635 2000 2690 τού-

416 2737 512 2775 του
550 2719 982 2788 ζοφωδέστεροψ
1011 2718 1106 2771 καὶ
1135 2715 1225 2769 διὰ
1250 2716 1407 2770 τοῦτο
1440 2718 1689 2790 καθάπερ
1724 2721 1783 2770 ἐν
1821 2718 1997 2790 σκότῳ

415 2806 543 2866 τοὺς
570 2802 758 2871 φίλους
782 2801 1010 2871 ἠγνόουν
1035 2800 1084 2853 οἰ
1111 2798 1275 2869 φίλοι,
1306 2797 1404 2852 καὶ
1421 2798 1997 2870 ἀνδρεςπαρεδίδοσαν

414 2888 707 2954 γυναῖκας·
739 2884 829 2938 διά
860 2883 1018 2937 τοῦτο
1059 2884 1187 2945 τοὺς
1222 2882 1321 2952 μέν
1357 2881 1584 2954 ἐχθροὺς
1634 2883 1995 2954 παρέτρεχον,

412 2972 528 3031 τοῖς
556 2967 617 3021 δέ
652 2966 826 3036 φίλοις
857 2965 953 3019 καὶ
984 2964 1096 3027 τοῖς
1124 2963 1342 3027 οἰκείοις
1372 2965 1866 3037 πῳσερρήγνυντο,
1902 2966 1998 3020 καὶ

416 3051 758 3123 νυκτομαχία
786 3068 870 3115 τις
909 3045 978 3121 ἦν
1007 3048 1237 3120 χαλεπὴ,
1278 3049 1374 3102 καὶ
1406 3047 1602 3102 πολλοῦ
1650 3048 1881 3121 θορύϐου
1928 3050 1997 3106 τά

416 3137 717 3207 πράγματα
745 3134 837 3204 ἕγιε
841 3151 929 3206 με.

489 3220 623 3273 Τότε
663 3218 844 3272 τοίνυν
886 3214 1109 3287 ἐξῆλθον
1152 3208 1311 3270 αὗται
1345 3213 1442 3285 την
1473 3214 1707 3285 πατρίδα
1751 3216 1994 3286 ἀφεῖσαι,

415 3302 514 3355 καὶ
556 3301 648 3355 τὸν
692 3300 1039 3373 πατριάρχην
1081 3297 1393 3367 ζηλώσασαι
1424 3296 1517 3351 τὸν
1551 3296 1824 3369 ’Δϐραάμ,
1860 3299 1998 3371 πρὸς

415 3385 477 3437 ὃν
517 3384 736 3455 εἴρητο⁸
773 3382 1029 3457 Ἔξελθε
1068 3381 1137 3435 ἐκ
1171 3379 1282 3448 τῆς
1323 3379 1438 3449 τῆς
1467 3394 1607 3446 σου,
1646 3380 1748 3434 καὶ
1778 3381 1849 3435 ἐκ
1888 3381 1999 3449 τῆς

414 3468 784 3539 συγγενείας
798 3482 936 3522 σου.
961 3468 1074 3520 Kal
1092 3466 1201 3535 γάρ
1224 3465 1318 3518 καὶ
1338 3464 1561 3528 ταύταις
1586 3467 1615 3518 ό
1639 3462 1733 3517 τοῦ
1756 3463 1997 3535 διωγμοῦ

416 3551 613 3623 καιρὸς
635 3549 809 3604 ταῦτα
837 3548 1089 3620 παρῄνει,
1114 3546 1350 3612 ἐξελθεῖν
1373 3547 1438 3600 ἐκ
1456 3546 1557 3615 τῆς
1578 3546 1680 3617 γῆς
1700 3547 1794 3600 καὶ
1813 3548 1876 3600 ἐκ
1897 3550 1999 3611 τῆς

419 3633 761 3701 συγγενείας,
789 3630 934 3684 ὥστε
982 3629 1389 3701 κληρονομῆσαι
1429 3629 1521 3682 τὸν
1554 3629 1998 3701 ούρανόν.Ἐξῄει

420 3717 600 3771 τοίνυν
634 3717 700 3768 ἐκ
732 3715 829 3785 τῆς
861 3713 1037 3777 οἰκίας
1065 3716 1099 3785 ή
1131 3712 1269 3784 γυνὴ
1304 3712 1398 3767 δύο
1432 3714 1551 3784 μεθ’
1576 3715 1775 3785 ἐαυτῆς
1800 3714 1999 3784 ἔχουσα

422 3800 750 3871 θυγατέρας.
781 3798 853 3851 Σὺ
901 3796 959 3850 δὲ
1006 3796 1081 3868 μὴ
1119 3796 1484 3871 παραδράμῃς
1528 3796 1716 3861 ἁπλῶς
1760 3799 1996 3864 ἀκούων,

418 3887 502 3939 ὅτι
533 3882 756 3954 ἐξῆλθον
789 3882 1048 3950 γυναῖκες
1084 3878 1406 3951 ἐλευθερίως
1449 3881 1864 3954 ἀνατραφεῖσαι,
1895 3900 2001 3954 μη-

420 3967 611 4021 δὲποτε
657 3967 852 4032 πεῖραν
888 3962 1148 4016 λαϐοῦσαι
1191 3963 1299 4016 τῶν
1349 3962 1537 4017 δεινῶν
1580 3964 1785 4018 τούτων
1804 4005 1820 4031 ,
1862 3966 1999 4020 ἀλλά

420 4049 735 4116 ἀναλόγισαι
764 4049 829 4119 τῇ
870 4045 1078 4117 διανοίᾳ
1119 4047 1242 4099 ὅσον
1277 4042 1348 4119 ἦν
1394 4046 1455 4099 rb
1499 4048 1689 4113 κακὸν,
1720 4049 1851 4121 ὅσην
1885 4050 1997 4121 ἔχει

420 4134 481 4187 rb
513 4135 748 4204 πρᾶγμα
782 4127 1091 4185 δυσκολίαν.
1129 4129 1193 4182 Εἰ
1230 4128 1341 4201 γὰρ
1382 4128 1660 4202 ἄνθρωποι
1686 4131 1999 4203 σύμμετρον

421 4217 730 4289 ἀποδημίαν
760 4214 1119 4284 στελλόμενοι,
1154 4212 1460 4281 ὑποζυγίων
1488 4214 1863 4286 εὐποροῦντες,
1883 4215 1999 4269 δια-

422 4300 613 4363 κόνους
661 4299 893 4368 ἔχοντες,
937 4297 1076 4367 μετά
1114 4295 1299 4359 ἀδείας
1345 4294 1641 4361 ὁδεύοντες,
1673 4296 1851 4368 κύριοι
1900 4299 2000 4368 τῆς

423 4383 685 4436 ἐπανόδου
722 4379 896 4444 δντες,
931 4378 1141 4433 πολλῶν
1170 4378 1515 4437 αἰσθάνονται
1545 4379 1656 4434 τῶν
1682 4379 1995 4453 μοχθηρῶν,

424 4465 625 4535 πολλὴν
670 4462 1002 4534 ὑπομένουσι
1050 4461 1455 4531 ταλαιπωρίαν*
1499 4462 1635 4516 ὅπου
1681 4464 1842 4534 γυνή,
1906 4464 2000 4517 καί¹

424 4547 707 4621 παρθένοι,
739 4547 833 4600 καὶ
860 4544 1121 4599 διακόνων
1142 4546 1363 4617 ἐρημία,
1395 4544 1492 4599 καὶ
1518 4545 1690 4614 φίλων
1720 4546 1997 4617 προδοσία,

424 4634 519 4687 καὶ
564 4629 813 4704 θόρυϐος,
845 4630 947 4682 καὶ
984 4628 1218 4699 ταραχὴ,
1250 4628 1342 4683 καὶ
1375 4628 1541 4698 φόϐος
1567 4628 1861 4699 ἀφόρητος,
1910 4632 2002 4684 καὶ

425 4715 666 4778 κίνδυνος
692 4715 748 4767 ἐν
782 4713 975 4775 αὑταῖς
1014 4712 1275 4775 ποικίλος,
1312 4710 1409 4765 καὶ
1441 4711 1571 4783 περὶ
1596 4712 1774 4781 ψυχῆς
1806 4714 1836 4766 ὸ
1875 4713 2001 4784 δρός

428 4816 549 4870 μος,
577 4797 672 4850 καὶ
722 4792 1057 4864 παντάχοθεν
1112 4794 1162 4846 οἱ
1207 4792 1479 4865 πολέμιοι,
1530 4797 1683 4858 ποῖος
1726 4793 1883 4863 λόγος
1932 4796 2004 4850 τά

424 4882 782 4952 ἀγωνίσματα
826 4878 935 4932 τῶν
981 4876 1253 4947 γυναικῶν
1300 4876 1647 4948 παραστῆσαι
1692 4877 1999 4950 δυνήσεται,

423 4966 524 5038 τὴν
553 4962 823 5037 ἀνδρείαν,
855 4962 956 5033 τὴν
984 4957 1403 5038 μεγαλοψυχίαν,
1430 4958 1528 5029 τὴν
1560 4960 1770 5025 πίστιν;
1803 4963 1864 5015 Εἰ
1892 4962 2003 5033 γὰρ

428 5037 567 5119 μόνη
592 5044 825 5130 ,ἐξῆλθεν
861 5045 906 5166 δὲ
929 5045 1135 5113 μήτηρ,
1164 5043 1263 5095 οὑκ
1295 5037 1363 5111 ῆν
1409 5042 1503 5094 καὶ
1526 5040 1699 5105 οὕτως
1730 5043 2003 5115 ἀφόρητος

428 5126 454 5166 ὁ
498 5119 679 5166 ἀγων·
729 5116 848 5166 wvl
908 5113 935 5165 ὲ
967 5114 1063 5165 καὶ
1106 5112 1205 5166 τὰς
1248 5110 1554 5166 θυγατέρας
1603 5113 1858 5166 ἐπήγετο.
1911 5116 2003 5166 καὶ

424 5110 454 5171 ὅ
498 5110 698 5185 ἀγῶν·’
729 5116 848 5167 νυνὶ
877 5110 942 5166 δὲ’
967 5110 1073 5183 καῖ
1106 5112 1205 5175 τὰς
1248 5110 1554 5182 θυγατέρας
1603 5110 1858 5183 ἐπήγετο,
1896 5110 2005 5168 ’καὶ

426 5200 630 5263 ταύτας
649 5197 951 5269 παρθένους
971 5209 986 5225 ⁸
1009 5194 1150 5247 ὥστε
1166 5206 1190 5235 ι
1215 5193 1377 5262 διπλῆ
1399 5195 1433 5264 ή
1462 5194 1692 5261 ἀγωνία,
1715 5195 1809 5248 καὶ
1832 5196 2001 5268 πολλὴ

426 5285 528 5355 τῆς
551 5281 831 5355 φροντίδος
856 5282 889 5351 ή
916 5277 1202 5349 προσθήκη
1222 5293 1236 5307 ⁸
1260 5278 1371 5348 ὅσῳ
1397 5277 1507 5348 γὰρ
1534 5278 1677 5347 μέγα
1704 5278 1766 5331 rb
1791 5279 1999 5350 κτῆμα,

426 5366 666 5433 τοσούτῳ
704 5360 1084 5431 δυσκολωτέρα
1126 5363 1158 5431 η
1190 5359 1619 5430 φυλακήοἙξῄει
1652 5360 1829 5415 τοίνυν
1867 5381 2004 5435 παρ·

431 5450 617 5513 θένους
640 5447 858 5518 ἐχουσα,
888 5444 982 5499 καὶ
1008 5444 1109 5497 οὐκ
1134 5444 1331 5514 ἔχουσα
1360 5444 1706 5516 κατακρύψαι
1742 5446 1910 5510 αὑτάς
1942 5450 2001 5501 ὲν

474 5625 501 5653 ⁸
535 5623 690 5686 Ὥστε
710 5622 853 5673 deest
877 5625 926 5671 in
942 5621 1082 5686 _Sa\_1l
1124 5628 1179 5686 el=
1198 5621 1443 5685 Reg.,sed
1464 5636 1561 5673 non
1581 5636 1999 5686 supervacaneum

428 5697 540 5734 esse
566 5685 778 5733 videtur.
806 5709 863 5721 ——
891 5698 909 5730 ι
942 5683 1125 5745 Eadem
1150 5681 1235 5733 lin.
1272 5681 1556 5745 ﬁcﬂpﬂmus
1581 5681 1692 5733 cuin
1726 5686 1877 5735 Savil.
1919 5690 1999 5736 καί

431 5750 600 5801 ταύτας
620 5747 782 5809 πορθ..
800 5746 882 5793 ubi
902 5743 1067 5793 Monlf.
1096 5745 1290 5805 legebat
1308 5743 1390 5802 τάξ
1410 5746 1494 5795 δύο
1511 5748 1650 5811 παρθ.
1683 5767 1707 5791 ιο
1738 5750 1869 5797 Evr.

1509 348 1598 404 DE
1638 348 1743 405 SS.
1784 347 2086 405 BERNICE
2124 348 2214 404 ΕΤ
2254 348 2640 409 Ρῐωδοοοε.

3595 362 3702 419 656

2113 460 2410 535 θαλάμοις·
2443 460 2623 521 καίτοι
2646 464 2781 525 ῐστε.
2804 466 2888 520 ὅτι
2918 466 3014 521 καὶ
3041 466 3273 539 θάλαμοι
3304 469 3395 524 καὶ
3420 489 3696 542 γυναικωο

2106 554 2323 620 νίτιδες,
2373 556 2470 610 καὶ
2518 556 2713 630 θύραι,
2749 559 2844 611 καὶ
2894 560 3105 631 μοχλοὶ,
3156 564 3251 618 καὶ
3293 563 3552 633 φύλακες,
3601 568 3694 620 καὶ

2106 646 2481 718 προφύλακες,
2512 649 2608 702 καὶ
2642 649 3045 721 θεραπαινίδες,
3078 654 3174 706 καὶ
3200 654 3427 726 τιθηνοί,
3466 656 3563 712 καὶ
3597 675 3695 729 μη-

2104 738 2234 809 τρδς
2262 739 2577 812 προσεδρία,
2609 742 2705 794 καὶ
2728 742 2935 814 πατρὸς
2959 730 3209 817 πρόνοια,
3230 748 3328 801 καὶ
3351 747 3519 820 πολλὴ
3544 750 3696 822 παρά

2103 828 2213 884 τῶν
2245 831 2447 899 γονέων
2475 833 2763 905 ἐπιμέλεια
2789 835 3022 903 γίνεται,
3053 836 3195 891 ῶστε
3220 839 3617 911 διατηρηθῆναι
3634 842 3696 895 rb

2105 920 2204 990 τῆς
2251 921 2552 991 παρθενίας
2596 924 2779 991 ἄνθος,
2815 926 2908 980 καὶ
2960 927 3112 1000 μόλις
3143 928 3289 983 οὔτω
3326 931 3691 996 διασώζεται·

2104 1012 2289 1084 ἐκείνη
2317 1014 2374 1067 δέ
2397 1015 2577 1085 πάσης
2597 1016 2803 1089 ταύτης
2818 1019 2917 1089 τῆς
2941 1019 3192 1091 φυλακῆς
3218 1022 3425 1093 ἔρημος
3444 1019 3513 1095 ἦν
3531 1040 3544 1054 ·
3576 1023 3696 1087 πῶς

2103 1099 2198 1157 οὖν
2221 1104 2393 1170 αὐτάς
2416 1104 2681 1161 διασῶσαι
2713 1104 2889 1180 είχενς
2937 1111 3032 1165 Ἐκ
3062 1112 3161 1183 τῆς
3193 1113 3302 1166 τῶν
3337 1115 3497 1168 θείων
3513 1115 3697 1185 νόμων

2106 1193 2375 1267 φυλακῆς.
2403 1198 2521 1277 Οὐκ
2569 1194 2684 1269 εἶχε
2716 1202 2918 1271 στέγην
2948 1203 3398 1272 περιϐάλλουσαν.
3434 1206 3550 1258 ἀλλ’
3579 1206 3695 1277 εἶχε

2102 1287 2202 1359 τὴν
2229 1272 2500 1359 κραταιάν
2529 1294 2689 1365 χεῖρα
2718 1294 2926 1347 ἀνωθεν
2955 1295 3264 1373 σκέπουσαν
3282 1314 3295 1327 ο
3322 1299 3425 1351 οὐκ
3452 1295 3567 1371 εἶχε
3607 1272 3697 1353 θνύι

2104 1398 2207 1452 ραν
2229 1381 2351 1435 οὐδὲ
2379 1382 2600 1453 μοχλὸν,
2630 1384 2745 1437 ἀλλ’
2780 1380 2894 1456 εἶχε
2923 1386 3027 1457 την
3061 1386 3323 1458 ἀληθινὴν
3354 1389 3528 1460 θύραν
3557 1392 3696 1445 ἁπο-

2102 1470 2447 1543 τειχίζουσαν
2490 1474 2590 1546 τὴν
2637 1476 2948 1546 ἐπιϐουλήν.
2981 1477 3091 1530 Kal
3129 1478 3384 1551 καθάπερ
3414 1482 3472 1534 ἐν
3506 1481 3696 1551 μέσοις

2102 1566 2216 1627 τοῖς
2240 1564 2495 1636 Σοδόμοις
2524 1566 2894 1637 ἐπολιορκεῖτο
2929 1569 3027 1639 μέν
3059 1571 3091 1639 ή
3128 1570 3223 1623 τοῦ
3253 1571 3378 1623 Λὼτ
3411 1574 3576 1635 οἰκία,
3602 1575 3695 1626 οὐ·

2101 1653 2188 1707 δέν
2212 1654 2268 1707 δέ
2293 1655 2499 1726 ἔπασχε
2530 1656 2700 1710 δεινόν
2721 1672 2734 1685 ⁸
2764 1657 3029 1725 ἀγγέλους
3053 1660 3163 1731 γὰρ
3186 1656 3331 1731 εἶχεν
3349 1661 3496 1715 ἔνδον
3511 1678 3524 1691 ο
3549 1664 3693 1718 οὕτω

2100 1744 2164 1816 δή
2200 1747 2294 1799 καὶ
2329 1748 2383 1799 αἰ
2414 1748 2689 1819 μάρτυρες
2716 1742 2873 1802 αὗται
2906 1751 3107 1820 μεταξὺ
3143 1752 3390 1823 Σοδόμων
3431 1754 3526 1807 καὶ
3556 1756 3693 1809 πάν-

2100 1852 2209 1889 των
2236 1836 2345 1889 τῶν
2374 1838 2647 1909 πολεμίων
2676 1835 2853 1905 οὖσαι,
2878 1842 2969 1894 καί
2996 1841 3455 1914 πολιορκούμεναι
3485 1864 3689 1899 παντα-

2099 1926 2278 1996 χόθεν,
2318 1929 2471 2011 οῦδὲν
2503 1929 2743 2000 ἔπασχον
2770 1931 2942 1987 δεινόν
2963 1949 2978 1967 ο
3009 1932 3101 1986 τὸν
3132 1932 3285 2006 [6H]
3314 1936 3426 2007 γὰρ
3454 1936 3562 1990 τῶν
3594 1937 3694 2003 ἀγ-

2099 2019 2274 2087 γέλων
2312 2021 2591 2093 Δεσπότην
2623 2018 2770 2094 εἰχον
2810 2027 2870 2079 ἐν
2914 2027 3037 2089 ταῖς
3066 2023 3247 2080 αὐτῶν
3296 2028 3548 2083 οἰκοῦντα
3588 2028 3693 2098 (Im-
3744 2054 3751 2065 θ

2099 2114 2257 2180 χαῖς·
2307 2116 2401 2165 καὶ
2448 2114 2529 2177 εἰς
2576 2114 2675 2182 τὴν
2720 2115 2841 2169 όδδν
2880 2115 3134 2171 ἐλθοῦσαι
3162 2118 3262 2189 τὴν
3290 2117 3498 2190 ἔρημον
3538 2121 3693 2174 οὐδὲν

2098 2200 2328 2254 ἐπαθοψ
2360 2196 2506 2271 εἶχον
2525 2202 2633 2273 γὰρ
2663 2204 2765 2274 τὴν
2788 2203 3050 2276 ἀληθινὴν
3078 2204 3197 2258 όδδν
3223 2205 3323 2275 τήν
3356 2206 3493 2275 πρὸς
3521 2207 3693 2279 ούρα-

2096 2291 2187 2345 νὸν
2220 2292 2390 2356 αὑτὰς
2433 2292 2693 2361 ἄγουσαν.
2734 2293 2833 2348 Διά
2860 2292 3021 2347 τοῦτο
3066 2296 3123 2348 ἐν
3170 2296 3412 2368 τοσούτῳ
3444 2297 3691 2369 πολέμῳ,

2097 2384 2193 2437 καί
2219 2382 2452 2455 θορύϐῳ,
2496 2385 2591 2438 καὶ
2626 2386 2865 2457 κύμασιν
2904 2380 3317 2459 ἀπειλημμέναι
3346 2390 3485 2459 μετά
3517 2390 3696 2459 ἀσφα-

2097 2473 2245 2539 λείας
2266 2475 2510 2541 ἐϐάδιζον
2528 2493 2543 2507 ο
2576 2476 2668 2530 καὶ
2699 2477 2763 2531 rb
2794 2477 3134 2549 θαυμαστὸν,
3160 2478 3243 2533 ὅτι
3264 2478 3354 2532 διὰ
3380 2480 3489 2534 τῶν
3510 2479 3693 2536 λύκων

2095 2566 2166 2619 τὰ
2199 2567 2447 2639 πρόϐατα
2480 2548 2663 2639 ήγετοξ
2691 2569 2779 2623 διὰ
2808 2548 2918 2624 τῶν
2943 2570 3175 2624 λεόντων
3203 2571 3259 2623 αἰ
3292 2572 3531 2642 ἀμνάδες
3555 2571 3694 2643 ἐχώ-

2098 2673 2249 2728 ρουν,
2291 2658 2387 2712 καὶ
2408 2659 2595 2723 οὐδεὶς
2624 2662 2795 2724 αῦτάς
2832 2656 2971 2714 εἶδεν
2995 2660 3330 2726 ἀκολάστοις
3363 2664 3688 2736 ὀφθαλμοῖς,

2096 2747 2212 2799 ἀλλ’
2235 2748 2425 2817 ῶσπερ
2449 2751 2576 2813 τοὺς
2606 2751 2903 2819 Σοδομίτας
2927 2752 3093 2821 ἐγγὺς
3124 2752 3225 2822 τῆς
3256 2752 3430 2823 θύρας
3462 2755 3690 2825 ἑστηκό-

2095 2855 2195 2904 τας
2224 2840 2325 2894 ούκ
2347 2840 2497 2910 ήφίει
2528 2841 2627 2913 τὴν
2655 2842 2861 2897 εἴσοδον
2885 2845 3019 2915 όρᾷν
3045 2845 3074 2897 ό
3100 2843 3255 2909 Θεὸς,
3281 2845 3425 2899 οὕτω
3448 2847 3544 2900 καὶ
3565 2847 3688 2901 τότε

2094 2927 2193 2992 τὰς
2231 2930 2449 2983 πάντων
2485 2931 2795 2999 ἐτύφλωσεν
2838 2933 3013 3003 ὄψεις,
3055 2932 3199 2988 ὥστε
3236 2936 3311 3007 μή
3361 2937 3690 3008 προδοθῆναι

2097 3017 2170 3071 r&
2207 3018 2514 3089 παρθενικά
2550 3019 2801 3091 σώματα.

2166 3118 2228 3166 ε’.
2249 3112 2578 3185 Πορεύονται
2594 3114 2771 3168 τοίνυν
2788 3115 2869 3179 εἰς
2885 3114 3043 3169 πόλιν
3064 3116 3329 3170 Ἔδεσσαν
3346 3115 3647 3188 λεγομένην
3669 3159 3688 3185 ,

2097 3205 2251 3258 πόλιν
2283 3205 2682 3276 άγροικοτέραν
2724 3206 2825 3275 μέν
2868 3206 2978 3259 τῶν
3009 3205 3243 3269 πολλῶν,
3292 3207 3689 3279 εὐσεϐεστέραν

2094 3298 2152 3361 δέ
2171 3313 2185 3327 '
2215 3298 2269 3351 τί
2296 3296 2406 3368 γάρ
2433 3296 2649 3368 ἐκείνης
2673 3298 2773 3369 τῆς
2808 3296 3017 3363 πόλεως
3042 3299 3155 3351 ἰ¹σον
3176 3291 3317 3353 εἶναι
3346 3299 3604 3368 ἐνόμισαν
3631 3301 3691 3352 ἐν

2095 3386 2337 3456 τοσούτῳ
2366 3388 2644 3460 κλυδωνίῳ
2676 3389 3000 3460 καταφυγὴν
3028 3391 3231 3463 εὑρεῖν,
3263 3391 3359 3445 καὶ
3377 3393 3434 3443 ἐν
3463 3391 3689 3460 τοιούτῳ

2097 3481 2328 3552 χειμῶνι
2364 3479 2561 3551 λιμένα
2592 3480 2772 3552 ἐχειν;
2797 3481 2907 3533 Kal
2936 3480 3154 3551 δέχεται
3188 3483 3221 3551 ή
3269 3482 3425 3545 πόλις
3472 3482 3572 3545 τὰς
3604 3480 3691 3545 ξέ·

2078 3590 2214 3637 κνας,
2241 3570 2398 3636 ξένας
2427 3572 2526 3643 μὲν
2580 3571 2682 3642 τῆς
2708 3570 2834 3642 γῆς,
2887 3572 3167 3636 πολίτιδας
3194 3573 3251 3625 δέ
3274 3572 3380 3625 τῶν
3408 3573 3654 3644 οὑρανῶν
3671 3590 3686 3604 ο

2099 3663 2192 3717 καὶ
2213 3662 2481 3735 δεξαμένη
2509 3661 2609 3734 τήν
2629 3662 3107 3735 παρακαταθήκην
3158 3663 3479 3731 ἐφύλαττεν.
3525 3663 3689 3717 Ἀλλά

2103 3754 2291 3827 μηδεὶς
2311 3754 2419 3809 τῶν
2443 3754 2718 3824 γυναικῶν
2744 3753 3033 3809 ἀσθένειαν
3062 3755 3587 3824 καταγιγνωσκέτω,
3604 3756 3687 3809 ὅτι

2098 3846 2298 3916 ἔφυγον
2321 3863 2336 3879 ο
2362 3847 2692 3919 πρόσταγμα
2726 3844 2834 3917 γάρ
2857 3845 3129 3917 ἐπλήρουν
3159 3845 3478 3900 δεσποτικὸν
3504 3846 3566 3899 τὸ
3593 3846 3686 3900 λέ-

2098 3952 2194 4007 γον
2214 3953 2229 3967 ’
2270 3936 2452 3991 Ὅταν
2476 3937 2586 4008 γὰρ
2606 3935 2902 3990 διώκωσιν
2928 3934 3103 4005 ὑμᾶς,
3131 3936 3318 4007 φησὶν,
3342 3937 3411 3990 ἐκ
3444 3936 3556 4005 τῆς
3579 3938 3687 3989 πό.

2097 4030 2250 4092 ,ιεως
2275 4027 2517 4093 ταύτης,
2553 4026 2804 4095 φεύγετε
2839 4027 2924 4091 εἰς
2956 4023 3075 4094 τὴν
3118 4024 3364 4094 ἑτέραν·⁹
3408 4027 3544 4098 ὅπερ
3591 4028 3688 4080 καὶ

2101 4112 2263 4173 αὗται
2284 4118 2589 4172 ἀκούσασαι
2620 4116 2821 4186 ἐφυγον
2843 4115 2893 4181 δ,
2918 4117 3013 4192 κα)
3038 4116 3179 4179 τέως
3198 4111 3279 4181 εἰς
3306 4118 3495 4181 αὑταῖς
3524 4118 3688 4172 ἐπλέ-

2103 4227 2231 4264 κετο
2266 4209 2529 4278 στέφανος
2552 4223 2567 4236 °
2596 4209 2749 4271 ποῖος
2782 4206 2846 4279 δή
2876 4202 3066 4275 οὗτος
3114 4207 3174 4261 '0
3201 4208 3303 4278 τῆς
3336 4208 3444 4263 τῶν
3484 4196 3686 4280 παρόνο

2100 4316 2211 4352 των
2238 4298 2492 4353 ἀπάντων
2518 4298 2837 4369 ὑπεροψίας.
2867 4298 3077 4364 Ὅστις
3104 4297 3214 4370 γὰρ
3244 4297 3475 4367 ἀφῆκεν
3507 4299 3687 4355 ἀδελ-

2101 4389 2257 4464 φοὺς
2282 4389 2382 4443 καί
2412 4388 2701 4458 ἀδελφὰς,
2722 4387 2759 4457 ἣ
2784 4388 3062 4457 πατρίδα,
3079 4389 3117 4458 ἣ
3134 4390 3352 4455 οἰκίαν,
3382 4390 3421 4459 ἢ
3444 4392 3683 4460 φίλους,

2102 4481 2140 4549 ἢ
2170 4478 2506 4549 συγγενεῖς,
2533 4479 3135 4534 ἑκατονταπλασίονα
3182 4478 3473 4549 λήψεται,
3531 4483 3685 4552 φησι,

2104 4569 2202 4622 καὶ
2229 4565 2383 4637 ζωὴν
2421 4565 2664 4623 αίώνιον
2700 4570 3175 4638 κληρονομήσει.
3231 4572 3340 4624 Kal
3390 4568 3531 4643 ἦσαν
3571 4576 3690 4627 ἐκεῖ

2103 4660 2194 4714 τὸν
2227 4658 2462 4730 Χριστὸν
2496 4658 2718 4729 ἔχουσαι
2776 4658 3044 4714 σύνοικον.
3097 4661 3161 4714 Εἰ
3204 4663 3313 4735 γὰρ
3359 4664 3493 4717 ὅπου
3521 4664 3614 4718 δύο
3652 4667 3687 4739 ἢ

2102 4753 2252 4821 τρεῖς
2282 4749 2388 4801 εἰσι
2435 4748 2785 4819 συνηγμένοι,
2841 4749 2899 4800 ἐν
2930 4748 3081 4818 μέσῳ
3121 4750 3303 4802 αὐτῶν
3352 4753 3523 4815 ἐστιν,
3552 4754 3687 4806 ὃπου

2103 4842 2224 4912 οὑχί
2256 4840 2591 4911 συνηγμέναι
2619 4836 2762 4913 ἦσαν
2795 4840 2976 4909 μόνον,
3005 4840 3144 4895 ἀλλά
3203 4842 3293 4895 καὶ
3325 4843 3415 4896 διά
3431 4844 3492 4896 rb
3515 4844 3689 4915 ὄνομα

2104 4932 2268 4987 αὑτοῦ
2300 4931 2621 5002 φεύγουσαι,
2649 4931 2766 4994 πῶς
2794 4930 2855 4983 οὐ
2886 4931 3087 5000 μᾶλλον
3117 4931 3282 4985 αὑτοῦ
3304 4933 3403 5006 τήν
3434 4934 3689 5006 βοήθειαν

2104 5025 2454 5091 ἐπεσπῶντο;
2486 5026 2633 5077 Ἐκεῖ
2651 5023 2831 5077 τοίνυν
2859 5023 3255 5095 διατριϐουσῶν
3272 5027 3383 5079 τῶν
3410 5028 3688 5096 γυναικῶν

2104 5117 2365 5189 ἐξαίφνης
2382 5116 2737 5186 ἐπιτάγματα
2758 5115 2972 5187 πονηρά
3002 5116 3276 5186 πανταχοῦ
3303 5119 3687 5190 κατεπέμπετο

2106 5210 2307 5281 πολλῆς
2335 5209 2573 5279 γέμοντα
2601 5207 2916 5279 τυραννίδος
2966 5208 3060 5261 καὶ⁵
3098 5210 3380 5279 ὠμότητος
3424 5209 3687 5281 papam-

2104 5302 2238 5372 κῆς·
2273 5304 2324 5355 οἱ
2357 5303 2467 5373 γάρ
2509 5304 2701 5355 οἰκεῖοι
2754 5302 2881 5364 τοὺς
2932 5300 3167 5364 οἰκείους
3218 5302 3685 5372 παραδιδότωσαν,

2106 5394 2294 5465 φησὶν,
2317 5394 2508 5465 ἄνδρες
2538 5393 2637 5457 τὰς
2664 5395 2946 5462 γυναῖκας,
2972 5393 3208 5461 πατέρες
3234 5393 3301 5447 τά
3320 5393 3506 5456 τέκνα,
3522 5395 3686 5447 τέκνα

2102 5490 2234 5551 τοὺς
2257 5488 2521 5557 πατέρας,
2549 5486 2768 5554 ἀδελφοὶ
2790 5486 2914 5548 τοὺς
2936 5484 3199 5553 ἀδελφοὺς
3217 5524 3233 5551 ,
3269 5484 3413 5553 φίλοι
3444 5486 3570 5549 τοὺς
3598 5486 3685 5555 φί-

2166 5746 2196 5787 ὶ
2214 5745 2363 5795 Savil.
2390 5747 2440 5795 in
2464 5759 2613 5809 marg.
2630 5747 2745 5811 ὅπερ
2765 5748 2823 5806 δὴ
2844 5749 2960 5797 αὐτὸ
2982 5748 3063 5796 καὶ
3081 5747 3345 5812 πληροῦσλαι
3371 5749 3475 5798 τότε
3500 5749 3682 5811 ἔφυγον.
