4224 6302
655 319 761 375 639

647 438 804 486 unt.
836 423 1279 497 quemadmodum
1318 434 1374 481 et
1417 427 1501 480 illa
1531 427 1711 496 utique
1747 428 2108 497 etbaptizavit
2129 468 2144 490 ,
2173 436 2228 482 et

646 517 896 574 sacer-dos
937 525 1017 571 est
1055 514 1232 570 facta:
1272 516 1530 587 siquidem
1568 518 1810 573 victimas
1856 519 2060 570 ratione
2085 531 2228 586 pne-

646 613 786 667 ditas
809 609 1017 672 obtulit,
1040 617 1095 662 et
1119 608 1277 661 animi
1309 607 1633 677 propositum
1665 609 1737 663 illi
1768 609 2116 662 ordinationis
2147 609 2228 662 lo-

644 721 763 760 eum
782 702 1043 774 supplevit
1063 721 1076 756 :
1093 701 1337 770 quodque
1356 702 1544 755 mirum
1567 711 1668 768 est,
1689 717 1790 755 non
1813 700 2030 770 indiguit
2047 699 2124 754 alt
2140 700 2226 764 iri,

645 811 764 848 cum
793 793 1136 854 sacrificaret,
1159 806 1253 845 nec
1279 787 1455 860 lignis,
1478 808 1575 846 nec
1604 795 1742 861 igne.
1765 806 1861 844 nec
1888 790 2060 860 gladio
2087 808 2100 844 :
2123 790 2226 844 litt-

645 895 764 942 vius
783 888 922 941 enim
942 886 1015 939 illi
1034 885 1269 938 omnium
1293 885 1411 940 loco
1431 886 1544 947 fuit,
1568 895 1623 939 et
1649 885 1851 949 altaris,
1870 896 1923 936 et
1938 884 2224 955 lignorum,

643 991 695 1033 et
735 977 928 1049 gladii.
954 987 1005 1032 et
1037 975 1191 1044 ignis,
1223 985 1277 1029 et
1303 975 1567 1037 sacrificii,
1592 985 1644 1030 et
1675 975 1943 1044 baptismi.
1978 974 2228 1042 baptismi

645 1069 857 1136 quidem
879 1068 1043 1121 multo
1063 1067 1404 1121 cvidentioris
1432 1065 1534 1119 hoc
1559 1066 1872 1133 baptismo‘.
1888 1064 2020 1118 Nam
2038 1065 2106 1118 de
2128 1064 2230 1118 hoc

646 1160 855 1229 quidem
872 1161 946 1213 ait
968 1158 1189 1212 Paulus:
1214 1157 1550 1229 Complantati
1576 1159 1696 1228 facti
1717 1173 1887 1210 sumus
1911 1155 2229 1229 similitudini

645 1228 818 1305 mortis
840 1252 948 1322 ejus
970 1249 1144 1321 (Rom.
1172 1250 1226 1304 6.
1253 1228 1377 1320 5');
1413 1249 1478 1304 de
1499 1249 1760 1318 baptismo
1784 1264 1910 1302 vero
1936 1228 2226 1319 martyrum

646 1345 868 1411 nonjam
888 1341 1217 1397 similitudini
1246 1341 1358 1409 ejus
1385 1341 1477 1406 ait,
1497 1336 1590 1395 s'ed
1609 1339 1927 1409 conligurari
1950 1354 2046 1392 nos
2069 1338 2228 1392 morti

644 1437 760 1501 ejus
809 1433 1062 1506 (Philipp.
1099 1435 1151 1488 3.
1188 1432 1298 1504 10).
1343 1432 1628 1488 lnducebat
1668 1432 1845 1501 itaque
1886 1432 2024 1485 filias
2059 1441 2232 1485 mater

646 1541 750 1579 non
777 1525 926 1594 quasi
955 1525 1006 1578 in
1029 1525 1243 1578 ﬂuvium
1273 1523 1570 1588 inductura,
1598 1523 1691 1577 sed
1712 1523 1864 1592 quasi
1891 1523 1943 1576 in
1968 1521 2229 1576 thalamos

638 1611 756 1670 illas
783 1614 1070 1669 deduceret
1105 1633 1118 1666 :
1153 1614 1437 1668 inducebat
1481 1622 1700 1683 utraque
1743 1629 1807 1668 ex
1849 1622 1998 1682 parte
2041 1621 2228 1666 tenens

644 1706 950 1775 dicensque,
985 1705 1126 1760 Ecce
1147 1719 1245 1775 ego
1267 1713 1323 1760 et
1349 1704 1542 1772 puella:
1573 1718 1737 1766 meae,
1765 1717 1896 1773 quas
1922 1702 2069 1760 dedit
2098 1704 2228 1758 mihi

644 1797 784 1851 Deus
810 1795 962 1860 (ltai.
993 1795 1047 1850 8.
1078 1794 1166 1865 l8)
1208 1813 1222 1848 :
1251 1803 1304 1848 tu
1334 1809 1425 1848 eas
1457 1794 1584 1847 mibi
1613 1794 1842 1861 dedisti,
1873 1795 1964 1849 tibi
1987 1810 2086 1866 ego
2113 1796 2228 1851 illas

645 1885 986 1952 commendo,
1021 1901 1104 1940 res
1129 1897 1277 1938 meas
1298 1894 1352 1940 et
1378 1900 1464 1938 me
1493 1885 1678 1954 ipsam.
1714 1885 1892 1956 Itaque
1913 1886 2104 1954 duplex
2131 1885 2229 1941 fuit

645 1977 882 2032 mulieris
913 1976 1222 2048 martyrium
1245 2017 1259 2039 ,
1291 1978 1397 2029 imo
1423 1991 1551 2031 vero
1576 1977 1765 2046 triplex
1794 1995 1809 2030 :
1844 1991 1964 2030 nam
1995 1993 2090 2046 per
2118 1980 2227 2032 sei-

643 2081 791 2136 psam
817 2068 1006 2132 semel,
1040 2082 1134 2135 per
1157 2065 1291 2120 tilias
1320 2080 1445 2120 suas
1470 2067 1552 2121 bis
1573 2067 1886 2135 martyrium
1915 2082 2066 2136 passa
2097 2075 2180 2122 est
2207 2082 2223 2122 :

641 2167 697 2211 ct
737 2156 1184 2227 quemadmodum
1228 2172 1347 2210 cum
1396 2157 1623 2226 scipsam
1674 2157 1961 2212 immittere
2006 2158 2224 2221 debuit,

641 2250 802 2303 multa
833 2249 906 2303 illi
930 2249 1029 2304 fuit
1049 2264 1183 2319 opus
1212 2249 1491 2303 tolerantia
1521 2265 1535 2302 :
1567 2249 1645 2303 sic
1673 2257 1726 2303 et
1756 2249 1842 2303 ubi
1873 2264 2052 2304 secum
2079 2249 2228 2319 puel-

643 2340 718 2392 las
747 2340 942 2404 traxit,
985 2339 1150 2392 altera
1181 2347 1325 2392 tanta
1357 2336 1580 2408 indiguit
1624 2337 1933 2401 tolerantia,
1967 2338 2072 2391 imo
2098 2352 2226 2392 vero

643 2428 809 2482 ιιιιιῑιο
838 2427 1021 2496 majori
1054 2445 1069 2484 :
1097 2442 1202 2481 non
1226 2427 1367 2481 enim
1391 2425 1525 2480 adeo
1549 2426 1799 2481 mulieres
1823 2427 1993 2480 solent
2021 2425 2224 2493 dolere,

641 2535 762 2573 cum
797 2519 924 2585 ipsa:
953 2519 1222 2573 moritura:
1250 2516 1465 2580 fuerint,
1493 2524 1552 2571 ut
1574 2533 1695 2572 cum
1721 2516 1929 2571 illarum
1958 2516 2080 2570 filia:
2102 2531 2226 2585 pas-

642 2626 717 2662 s:n
745 2608 845 2661 hoc
875 2607 1089 2662 fuerint.
1121 2608 1301 2677 Itaque
1334 2607 1564 2678 graviori
1598 2621 1692 2675 per
1716 2605 1852 2661 ﬁlias
1882 2606 1994 2662 ha‘c
2025 2615 2228 2676 marty-

644 2701 725 2752 rio
751 2700 982 2752 cruciata
1008 2709 1108 2760 est.
1133 2714 1251 2752 cum
1279 2698 1345 2752 ad
1375 2697 1769 2766 reprimendam
1803 2706 2003 2750 natura:
2033 2697 2136 2748 vim
2165 2713 2224 2751 se

642 2789 892 2853 accinxit,
925 2804 1043 2842 cum
1070 2788 1297 2843 materni
1326 2787 1523 2842 amoris
1547 2785 1773 2840 ﬂamma:
1803 2786 1996 2839 resutit
2016 2827 2029 2850 ,
2062 2797 2113 2840 ct
2142 2786 2228 2838 iu-

645 2884 907 2937 tolerabili
941 2885 1201 2936 viscerum
1230 2880 1617 2935 conturbationi
1640 2889 1797 2948 atque
1826 2882 1959 2933 uteri
1988 2894 2226 2933 commo-

647 2973 797 3027 tioni.
825 2973 880 3027 Si
906 2974 1046 3026 enim
1077 2973 1235 3027 filiam
1260 2987 1416 3025 unam
1445 2971 1703 3041 qumpiam
1733 2985 1960 3025 cernens
1989 2971 2224 3024 morien-

646 3073 752 3117 tem
777 3103 790 3124 ,
818 3062 1063 3116 acerbam
1095 3062 1365 3117 existimat
1388 3061 1550 3116 vitam
1577 3075 1724 3114 suam
1747 3102 1760 3124 ,
1797 3061 1909 3113 haec
1932 3059 2062 3112 duas
2091 3059 2226 3115 filias

641 3150 925 3206 confertim
951 3167 1056 3218 non
1079 3151 1289 3205 intuens
1310 3150 1619 3215 morientes,
1647 3150 1740 3204 sed
1761 3149 1825 3204 ad
1850 3159 2072 3204 mortem
2100 3166 2226 3219 pro-

645 3243 755 3313 pria
779 3257 936 3297 manu
967 3242 1201 3307 trahens,
1225 3242 1394 3312 cogita
1416 3257 1532 3309 qua:
1559 3240 1806 3309 martyria
1839 3240 2115 3294 exhiberet
2136 3254 2222 3307 ea,

641 3351 760 3404 qua:
785 3334 836 3388 id
862 3334 1000 3403 quod
1023 3335 1182 3388 etiam
1200 3333 1379 3386 auditu
1402 3331 1610 3386 cmteris
1636 3341 1715 3386 est
1745 3330 2096 3397 intolerabile,
2117 3331 2227 3384 rei-

641 3435 739 3492 psa
766 3423 1044 3493 perferret.
1094 3426 1167 3476 Ac
1192 3422 1386 3476 milites
1413 3422 1624 3491 quidem
1667 3421 1875 3489 penitus
1904 3421 2056 3475 inscii
2085 3429 2224 3474 tam-

641 3531 799 3584 quam
843 3529 1026 3569 rursus
1071 3530 1160 3568 eas
1205 3514 1468 3584 recepturi
1517 3513 1927 3582 exspectabant,
1972 3512 2074 3566 illa:
2101 3526 2228 3566 vero

645 3623 767 3662 cum
812 3606 1011 3661 Christi
1062 3607 1313 3660 militibus
1353 3606 1652 3661 caelestibus
1699 3605 1901 3676 angelis
1953 3606 2060 3674 jam
2116 3613 2226 3658 tum

641 3707 794 3752 erant
814 3698 1004 3776 ;'quod
1032 3696 1280 3752 custodes
1307 3711 1410 3750 non
1440 3695 1687 3750 videbant
1715 3738 1729 3763 ,
1763 3697 1957 3766 quippe
1979 3697 2066 3766 qui
2101 3694 2227 3750 fidei

643 3790 831 3845 oculos
851 3804 956 3844 nou
984 3789 1258 3844 haberent.
1287 3789 1573 3842 Enimvero
1598 3787 1666 3842 de
1691 3796 1861 3842 matre
1889 3787 2057 3857 inquit
2083 3787 2225 3842 Pau-

644 3880 727 3934 lus
751 3920 766 3944 ,
797 3879 1088 3933 Saluabitur
1118 3894 1206 3949 per
1238 3879 1457 3946 ﬁliorum
1489 3879 1860 3948 generationem
1902 3879 1977 3946 (l.
2009 3877 2144 3930 Tim.
2171 3876 2224 3929 2.

641 3971 732 4040 15)
771 3987 785 4021 :
817 3970 904 4025 hic
948 3977 1121 4022 autem
1151 3968 1272 4022 filia:
1297 3982 1395 4037 per
1433 3979 1656 4022 matrem
1702 3968 1861 4022 salva:
1890 3974 2014 4026 sunt
2054 3965 2226 4022 factas.

641 4062 731 4116 Sic
757 4063 1006 4115 nimirum
1035 4075 1223 4129 parcre
1254 4068 1451 4114 matres
1477 4068 1704 4128 oportet.
1750 4059 1845 4113 ilic
1873 4060 2012 4114 enim
2045 4068 2230 4128 partus

644 4153 736 4207 illo
765 4152 927 4222 priori
960 4151 1152 4205 melior
1185 4159 1268 4205 est
1292 4192 1306 4217 ,
1347 4151 1398 4205 in
1430 4165 1536 4220 quo
1563 4151 1778 4204 dolores
1813 4149 2030 4220 quidem
2072 4165 2226 4204 acer-

644 4245 819 4298 biores
842 4253 985 4304 sunt,
1018 4252 1072 4296 at
1095 4243 1264 4310 majus
1292 4242 1493 4296 lucrum
1524 4241 1834 4311 percipitur.
1862 4241 1937 4296 De
1967 4241 2074 4295 illis
2097 4256 2226 4311 par-

644 4347 730 4390 tus
749 4335 1040 4396 doloribus,
1063 4342 1321 4403 quotquot
1341 4341 1535 4386 matres
1555 4331 1782 4397 fuerunt,
1809 4340 2071 4386 noverunt
2091 4345 2226 4400 quos

638 4428 858 4488 dolores
878 4425 1006 4480 illud
1031 4427 1222 4491 inurat,
1245 4439 1362 4479 cum
1388 4425 1520 4478 tilias
1547 4424 1741 4479 videris
1766 4434 1993 4479 mortem
2025 4425 2231 4478 obeun-

643 4530 755 4585 tes;
787 4530 843 4575 ut
868 4530 1042 4574 autem
1071 4520 1182 4588 ipsa
1206 4534 1361 4572 manu
1393 4526 1479 4572 tua
1510 4516 1711 4571 eadem
1739 4527 2037 4587 perpetres,
2063 4533 2226 4588 quam

642 4628 802 4683 grave
829 4613 916 4675 sit,
945 4610 1167 4681 exprimi
1195 4610 1372 4663 verbis
1396 4623 1503 4662 non
1534 4617 1730 4677 potest.

713 4699 766 4750 7.
797 4697 898 4750 Cur
919 4696 1168 4748 Domnina
1185 4695 1435 4764 judicium
1457 4710 1556 4746 non
1576 4693 1952 4762 exspectaverit.
1975 4691 2226 4759 Alfectum

643 4800 862 4841 matrum
887 4805 1004 4857 erga
1026 4787 1166 4854 filiasf
1181 4787 1478 4856 ampliﬁcat.
1507 4815 1576 4826 —
1599 4787 1664 4838 At
1691 4786 1830 4839 enim
1852 4801 1952 4854 qua
1980 4786 2048 4840 de
2067 4800 2224 4840 causa

642 4882 696 4934 in
720 4879 977 4947 judicium
1022 4892 1125 4931 non
1155 4879 1299 4931 venit
1348 4877 1581 4931 mulier?
1612 4876 1789 4929 Voluit
1831 4887 1954 4930 ante
1997 4892 2223 4946 pugnam

644 4983 902 5038 troprum
933 4969 1156 5038 erigere,
1187 4979 1310 5023 ante
1352 4969 1638 5022 certamina
1681 4982 1931 5036 coronam
1959 4969 2221 5036 abripere,

639 5073 764 5115 ante
811 5062 978 5114 luctas
1023 5062 1266 5130 praemia.
1287 5069 1562 5127 reportare
1594 5075 1609 5112 :
1638 5073 1744 5111 non
1776 5058 1916 5127 quod
1965 5068 2223 5112 tormenta

638 5151 1024 5212 reformidaret,
1050 5150 1142 5203 sed
1182 5165 1249 5203 ne
1279 5150 1379 5202 illa:
1408 5149 1574 5203 oculis
1601 5149 1913 5201 lascivorum
1944 5159 2183 5215 paterent
2207 5166 2221 5200 :

637 5257 744 5294 non
775 5242 1064 5306 metuebat,
1115 5255 1181 5294 ne
1207 5242 1325 5309 quis
1358 5240 1520 5293 latera
1573 5239 1672 5310 ipsi
1704 5238 1978 5303 effoderet,
2011 5240 2102 5293 sed
2157 5256 2223 5294 ne

636 5333 754 5400 quis
783 5331 1006 5385 filiarum
1032 5340 1397 5400 corrumperet
1446 5330 1824 5400 virginitatem,
1857 5331 2094 5384 timebat.
2123 5331 2221 5385 At-

638 5440 743 5493 qtte
790 5423 891 5478 hoc
920 5439 1058 5488 eam,
1113 5439 1216 5476 non
1249 5423 1337 5476 illo
1381 5422 1542 5475 fuisse
1593 5422 1782 5474 timore
1823 5431 2140 5490 correptam,
2169 5433 2222 5477 et

641 5515 835 5568 idcirco
877 5516 929 5568 in
970 5514 1224 5584 judicium
1274 5530 1377 5566 non
1424 5513 1663 5568 venisse.
1717 5511 1837 5566 inde
1885 5513 2218 5566 manifestum

636 5610 737 5653 est.
792 5597 951 5651 Multo
979 5599 1247 5666 graviores
1289 5599 1340 5650 in
1386 5595 1599 5650 nurnine
1630 5598 1892 5650 cruciatus
1933 5599 2216 5652 toleravit:

705 5773 717 5804 ¹
744 5772 822 5832 Sic
842 5770 1022 5832 legitur
1046 5773 1094 5820 iu
1115 5771 1254 5820 Savil.
1299 5779 1347 5820 In
1391 5770 1585 5820 Montel‘.
1634 5779 1796 5820 autem
1817 5807 1829 5830 ,
1855 5769 2117 5832 eademque
2141 5785 2220 5825 res

633 5827 928 5884 sacriﬁcium
954 5832 1136 5882 exstitit
1159 5843 1201 5882 ct
1221 5833 1483 5894 buptismns
1507 5834 1767 5882 evidentior
1791 5827 1876 5884 hoc
1898 5827 2150 5892 baptismo.

1358 314 1414 373 S.
1454 314 1731 373 JOANNIS
1754 316 2229 374 CHRYSOSTOMI
2262 319 2581 378 ARClllEP.
2611 323 3143 385 CONSTA'NTINOP.

3826 339 3949 396 6ιο

2341 433 2508 486 multo
2534 436 2675 490 cnim
2705 427 2920 506 gravius
2944 451 3027 496 est
3055 453 3117 502 et,
3135 443 3398 505 acerbius.
3426 455 3480 500 ut
3507 456 3632 502 ante
3655 448 3782 515 dixi,
3812 469 3943 520 pru-

2341 523 2452 591 pria
2482 525 2710 586 viscera.
2744 529 2876 583 tilias
2920 532 3152 599 inquam,
3185 551 3345 590 manu
3391 551 3484 592 sua
3511 538 3842 609 demergere,
3869 558 3940 596 ac

2334 613 2582 669 suffocari
2631 632 2893 685 cernere,
2944 636 3102 690 quam
3170 625 3392 682 lacerari
3440 640 3652 683 carnem
3701 630 3884 684 videre
3915 671 3936 694 ,

2336 706 2618 776 multoque
2648 710 2719 764 illi
2772 713 2961 767 minori
2993 729 3126 783 opus
3153 726 3268 770 erat
3298 717 3652 789 philosophia.
3681 737 3834 790 quam
3862 723 3936 775 ad

2337 801 2600 850 tormenta
2635 799 2930 878 toleranda,
2978 813 3035 857 ut
3064 806 3357 872 puellarum
3391 810 3850 866 tenere’dexteras
3876 823 3938 865 et

2333 884 2399 937 ad
2447 884 2677 942 ﬂttntinis
2704 889 2900 944 ﬂuenta
2950 894 3259 962 pertrahere
3304 911 3485 951 secum
3517 911 3716 966 posset.
3747 897 3938 971 Neque

2333 976 2475 1028 enim
2509 991 2601 1043 jar
2628 979 2692 1032 ad
2722 980 2962 1036 dolorem
2991 985 3305 1039 inurendum
3332 997 3660 1042 momentum
3686 990 3842 1046 aﬂ'ert
3861 993 3939 1048 ab

2333 1066 2449 1121 aliis
2491 1082 2715 1125 cernere
2756 1071 3065 1140 divcxatas,
3097 1086 3150 1130 et
3197 1077 3366 1146 ipsam
3417 1081 3576 1132 morti
3627 1081 3886 1138 inservire
3911 1122 3936 1150 ,

2335 1157 2502 1226 ipsam
2534 1160 2646 1214 fieri
2693 1164 2840 1218 necis
2883 1165 3272 1230 administram,
3305 1170 3471 1238 ipsam
3517 1170 3725 1225 ﬁliabus
3750 1175 3936 1228 cami-

2334 1250 2451 1304 firis
2499 1253 2641 1306 vices
2667 1254 2816 1309 obire
2849 1273 2861 1308 :
2894 1257 2986 1310 sed
3019 1257 3119 1312 hoc
3163 1261 3332 1314 multo
3379 1261 3468 1316 illo
3513 1263 3733 1332 gravius
3767 1275 3850 1318 est
3876 1275 3939 1320 et

2333 1341 2738 1400 intolerabilius.
2772 1347 2902 1403 lluic
2931 1351 3156 1404 orationi
3187 1366 3320 1406 mea:
3347 1355 3710 1410 testimonium
3737 1356 3934 1413 dicetis

2331 1449 2543 1498 omnes.
2571 1447 2832 1507 quotquot
2861 1449 3058 1494 matres
3104 1441 3295 1505 fuistis,
3322 1460 3442 1513 qua:
3489 1456 3670 1514 partus
3715 1447 3934 1505 dolores

2331 1536 2566 1595 expertae
2591 1529 2740 1596 estis,
2769 1544 2832 1585 ac
2875 1531 3012 1586 filias
3042 1535 3375 1603 suscepistis.
3405 1536 3685 1602 Quomodo
3729 1541 3935 1608 puella-

2332 1632 2449 1670 rum
2497 1617 2768 1673 dexteram
2815 1622 3198 1694 arripuit?qui
3246 1628 3358 1681 fieri
3411 1632 3602 1698 potuit,
3637 1639 3693 1685 ut
3739 1647 3932 1686 manus

2332 1724 2438 1762 non
2465 1709 2911 1782 obtorpescerct?
2932 1719 3199 1785 quomodo
3228 1734 3333 1773 non
3365 1721 3585 1774 resoluti
3612 1732 3735 1776 sunt
3756 1726 3933 1778 nervi?

2330 1802 2598 1869 quomodo
2641 1819 2792 1859 mens
2825 1805 2892 1859 de
2920 1814 3059 1860 statu
3087 1807 3288 1876 dejecta
3339 1825 3443 1864 non
3471 1813 3596 1866 est?
3639 1814 3727 1882 qui
3759 1815 3933 1888 potuit

2331 1891 2468 1944 ratio
2511 1891 2573 1946 iis
2613 1908 2732 1961 qua:
2770 1895 3094 1964 gerebantur
3137 1899 3438 1954 inservire?
3467 1902 3746 1956 Sexcentis
3783 1904 3929 1957 enim

2331 1986 2612 2040 tormentis
2634 1987 2838 2043 facinus
2861 1991 2988 2044 illud
3003 1994 3246 2047 acerbius
3267 1994 3382 2060 fuit,
3407 2011 3526 2049 cum
3543 1999 3784 2067 corpqris
3810 1999 3934 2053 loco

2330 2078 2447 2145 ejus
2475 2079 2652 2132 anima
2697 2080 3130 2138 discruciaretur.
3175 2084 3371 2140 Verum
3402 2103 3678 2158 quousque
3709 2091 3922 2144 tandem

2331 2183 2395 2222 ea
2424 2171 2675 2240 persequi
2701 2175 3259 2264 contendemusuqua:
3286 2195 3441 2234 nemo
3469 2183 3682 2250 assequi
3708 2185 3923 2252 potest?

2331 2262 2474 2316 nulla
2521 2264 2718 2334 quippe
2754 2269 3018 2337 passionis
3061 2262 3480 2340 magnitudinem
3526 2275 3701 2328 oratio
3749 2288 3934 2344 posset

2316 2355 2650 2423 exprimere,
2677 2359 2768 2412 sed
2792 2372 2852 2413 ea
2875 2361 3010 2424 sola,
3035 2377 3156 2431 quas
3177 2373 3398 2432 experta
3425 2375 3507 2419 est
3533 2381 3595 2420 ac
3615 2367 3931 2434 decertavit,

2331 2444 2526 2500 mulier
2554 2449 2717 2512 novit,
2745 2449 3043 2518 cujusmodi
3090 2454 3196 2506 sint
3224 2454 3320 2509 ista
3353 2457 3664 2511 certamina.
3699 2458 3934 2514 Audiant

2332 2535 2432 2588 ista
2484 2546 2717 2602 matres,
2762 2541 2982 2595 audiant
3038 2543 3271 2613 virgines
3302 2563 3314 2598 :
3345 2556 3539 2601 matres
3588 2547 3825 2618 quidem,
3876 2559 3935 2604 ut

2332 2626 2468 2680 ﬁlias
2512 2643 2638 2684 suas
2664 2631 2739 2684 sic
2770 2631 3087 2696 instituant;
3122 2637 3357 2704 virgines
3384 2647 3582 2704 autem,
3614 2649 3672 2693 ut
3699 2640 3772 2694 ita
3812 2657 3931 2695 ma-

2334 2718 2503 2772 tribus
2531 2719 2912 2791 obsequantur.
2945 2723 3060 2778 Non
3105 2727 3245 2779 enim
3294 2736 3498 2781 tantum
3557 2729 3773 2784 laudare
3801 2746 3934 2785 con-

2331 2807 2476 2860 venit
2507 2819 2752 2875 matrem,
2785 2827 2904 2880 qua:
2952 2814 3071 2866 talia
3114 2815 3355 2883 jusserit,
3409 2817 3501 2873 sed
3529 2827 3583 2872 et
3611 2819 3746 2874 ﬁlias
3776 2835 3926 2874 com-

2329 2901 2605 2968 mendare,
2657 2919 2775 2972 qua:
2821 2903 2874 2958 in
2921 2906 3181 2973 ejusmodi
3231 2908 3390 2964 rebus
3440 2912 3714 2979 paruerint
3749 2929 3764 2967 :
3794 2929 3921 2968 nam

2333 3008 2507 3062 neque
2556 3004 2724 3048 mater
2749 2995 2975 3049 vinculis
3024 2999 3168 3067 eguit
3197 3000 3264 3053 ad
3313 3000 3512 3054 hostias
3555 3002 3930 3073 victimasque,

2335 3099 2510 3153 neque
2555 3084 2798 3152 juvenem
2825 3086 3153 3152 resilierunt,
3182 3089 3275 3143 sed
3307 3092 3493 3160 aequali
3524 3095 3717 3148 mentis
3742 3095 3932 3150 alacri-

2333 3183 2440 3229 tate
2479 3184 2534 3228 et
2558 3175 2736 3231 animo
2764 3176 2955 3232 eodem
2997 3181 3238 3251 martyrii
3262 3182 3446 3252 jugum
3496 3185 3770 3239 trahentes
3792 3228 3808 3252 ,
3854 3187 3943 3243 sic?

2331 3264 2550 3321 ﬂuvium
2604 3278 2728 3323 sunt
2771 3267 3049 3339 ingressae,
3080 3271 3458 3327 calceamentis
3498 3287 3647 3330 extra
3691 3275 3928 3332 fluminis

2335 3356 2504 3425 ripam
2537 3357 2806 3414 derelictis
2839 3377 2852 3412 :
2883 3360 3024 3429 quod
3071 3361 3192 3415 ideo
3238 3361 3496 3429 fecerunt,
3529 3373 3584 3418 ut
3623 3366 3935 3421 custodibus

2332 3449 2463 3516 ipsis
2491 3450 2833 3503 consulerent
2859 3466 2874 3510 ;
2909 3454 3052 3505 tanta
3082 3461 3201 3506 erat
3233 3464 3534 3507 sanctarum
3567 3455 3776 3510 illarum
3810 3471 3935 3526 pro-

2334 3540 2585 3593 videntia.
2620 3540 2918 3594 Studebaut
2958 3542 3164 3597 scilicet
3207 3544 3310 3598 illis
3339 3544 3664 3600 defensionis
3693 3547 3745 3601 in
3784 3547 3928 3616 judi-

2331 3630 2414 3684 cio
2445 3646 2626 3684 ansam
2650 3632 2952 3701 relinquere
2979 3649 2995 3687 :
3022 3649 3087 3688 nc
3113 3635 3343 3689 crudelis
3368 3637 3452 3690 ille
3477 3652 3540 3691 ac
3565 3654 3740 3692 saevus
3757 3640 3928 3708 judcx

2331 3735 2426 3774 eos
2460 3722 2772 3789 proditionis
2802 3733 3099 3785 accusaret,
3133 3734 3226 3778 aut
3267 3726 3405 3794 quod
3440 3728 3661 3794 pecunia
3691 3736 3930 3798 corrupti

2333 3813 2586 3867 mulieres
2631 3814 3003 3878 dimisisscnt;
3055 3817 3252 3870 idcirco
3292 3818 3654 3873 calceamenta
3700 3820 3935 3890 relique-

2333 3915 2480 3970 runt,
2514 3921 2633 3974 qua:
2676 3907 2902 3959 militum
2949 3909 3289 3982 conscientia!
3323 3911 3759 3976 tcstiiicarentur,
3787 3914 3934 3982 quod

2335 4011 2441 4050 non
2474 3997 2578 4050 illis
2608 3997 2836 4050 consciis
2858 4039 2872 4061 ,
2899 3980 2991 4053 sed
3019 3999 3384 4068 ignorantibus
3412 4002 3462 4055 in
3493 4002 3690 4058 ilumcn
3740 3980 3934 4074 sponte

2339 4086 2714 4154 prosiliisscnt.
2767 4088 3018 4143 Fortasse
3071 4106 3174 4143 non
3231 4092 3488 4146 mediocri
3539 4110 3664 4164 erga
3720 4106 3935 4151 sanctas

2337 4177 2454 4232 illas
2477 4194 2658 4247 amore
2684 4180 2962 4234 exarsistis
2992 4198 3004 4240 :
3039 4195 3159 4235 cum
3189 4183 3291 4238 hoc
3334 4185 3491 4254 igitur
3515 4191 3707 4241 ardore
3745 4203 3932 4243 coram

2337 4269 2572 4339 ipsarum
2600 4271 2838 4341 reliquiis
2867 4273 3230 4340 procidamns,
3267 4277 3494 4343 ipsarum
3515 4281 3763 4347 capsulas
3783 4297 3937 4336 corn-

2337 4364 2630 4432 plet-tamur
2663 4382 2676 4428 ;
2709 4367 2929 4419 multam
2977 4369 3118 4421 enim
3154 4380 3377 4437 possunt
3422 4373 3667 4427 virtutem
3701 4378 3937 4443 capsula:

2337 4466 2628 4525 martyrum
2647 4455 2908 4521 obtinere,
2937 4458 3386 4526 quemadmodum
3408 4469 3461 4514 et
3482 4477 3601 4516 ossa
3630 4475 3928 4536 martyrum

2336 4546 2441 4598 vim
2472 4562 2714 4617 magnam
2736 4545 2971 4604 habent.
2997 4550 3178 4620 Neque
3204 4550 3292 4606 die
3318 4561 3519 4607 tantum
3548 4554 3704 4631 hujus
3733 4555 3937 4611 festivi-

2336 4640 2479 4705 tatis,
2517 4639 2612 4694 sed
2639 4640 2757 4695 aliis
2783 4642 2942 4694 etiam
2974 4641 3161 4696 diebus
3191 4643 3254 4696 iis
3281 4644 3634 4712 assidcamus,
3655 4661 3746 4700 eas
3770 4647 3937 4702 obse-

2334 4745 2569 4797 cremus,
2602 4732 2956 4796 obtestemur,
2986 4743 3042 4788 ut
3062 4744 3300 4803 patrona:
3326 4736 3433 4790 sint
3456 4745 3687 4797 nostrae;
3712 4739 3935 4796 multam

2334 4822 2476 4875 enim
2504 4821 2746 4876 fiduciam
2773 4823 3015 4878 obtinent
3033 4841 3137 4879 non
3160 4827 3399 4881 viventes
3420 4827 3600 4892 modo,
3617 4828 3710 4882 sed
3726 4839 3782 4883 et
3797 4846 3934 4885 mor.

2336 4921 2461 4976 tum;
2487 4913 2762 4982 multoque
2802 4915 2970 4984 magis
2990 4931 3111 4970 cum
3126 4926 3248 4971 sunt
3268 4928 3512 4972 mortuae.
3533 4918 3648 4973 Jam
3671 4920 3812 4974 enim
3835 4922 3931 4976 sti-

2331 5015 2506 5071 gmata
2535 5005 2712 5058 ferunt
2741 5004 2970 5069 Christi;
2996 5023 3114 5061 cum
3139 5017 3312 5064 autem
3336 4987 3581 5077 stigmata
3606 5009 3718 5063 lucc
3743 5021 3930 5064 os'ten-

2331 5094 2527 5158 derint,
2552 5097 2729 5149 omnia
2760 5097 2886 5166 licgi
2912 5109 3131 5167 possunt
3161 5099 3500 5166 persuadere.
3531 5100 3753 5166 Quando
3771 5101 3932 5171 igitur

2334 5192 2476 5239 tanta
2509 5186 2612 5239 illtc
2642 5188 2833 5241 virtute
2857 5189 3078 5256 pollent,
3105 5197 3351 5259 tantaque
3372 5191 3510 5260 apud
3532 5207 3652 5245 eum
3670 5193 3934 5261 amicitia,

2331 5290 2452 5329 cum
2474 5278 2723 5332 continua
2741 5280 2886 5332 velut
2904 5279 3213 5334 obsessione
3234 5297 3295 5335 ac
3314 5292 3566 5352 perpetua
3586 5283 3790 5336 illarum
3811 5285 3930 5338 visi-

2332 5369 2532 5423 tatione
2567 5369 2986 5425 familiaritatem
3040 5387 3138 5427 nos
3191 5375 3403 5428 illarum
3459 5375 3930 5444 insinuaverimus,

2332 5461 2566 5532 ipsarum
2595 5478 2753 5532 opera
2787 5464 2879 5519 Dei
2911 5465 3325 5521 misericordiam
3359 5468 3736 5536 impetremus;
3761 5484 3929 5539 quam

2330 5554 2481 5608 nobis
2502 5556 2751 5610 omnibus
2778 5558 2988 5627 assequi
3005 5559 3297 5629 contingat,
3326 5560 3492 5629 gratia
3519 5559 3723 5613 Domini
3751 5563 3927 5617 nostri

2327 5643 2454 5699 Jesu
2481 5644 2703 5710 Christi,
2735 5661 2830 5714 per
2861 5662 3021 5718 quem
3048 5657 3246 5704 etcum
3275 5664 3382 5720 quo
3411 5649 3552 5704 Patri
3595 5649 3782 5720 gloria,
3815 5667 3926 5705 una

2327 5751 2446 5791 cum
2490 5745 2677 5792 sancto
2715 5738 2940 5807 Spiritu,
2984 5755 3123 5798 nunc
3169 5752 3222 5799 et
3269 5757 3505 5816 semper,
3546 5742 3679 5798 et‘in
3723 5743 3923 5799 secula

2329 5830 2663 5886 toculorum.
2697 5832 2888 5887 Amen.
