4246 6320
1445 455 1508 510 ΙΝ
1553 454 2115 523 Ου.ὶτηιῐ)ιῖΑΝῐῖΜ
2157 452 2514 510 ιΑΖΑιητιι

402 1107 510 1174 AC
552 1107 661 1169 DE
699 1103 1034 1168 SANCTIS
1069 1097 1601 1163 MARTYRIBUS
1638 1096 2046 1169 DOMNINA,
2089 1079 2438 1155 BERNICE
2471 1085 2574 1152 ET
2607 1082 3032 1151 PROSDOCE
3077 1078 3570 1196 ADMONlTlO.

341 1527 654 1586 inaccessas
678 1524 851 1582 fuisse
889 1523 1161 1595 virgines;
1197 1518 1349 1593 quod
1373 1518 1563 1589 utique
1590 1518 1718 1573 licet
1738 1517 1968 1573 sileatur
1999 1517 2054 1573 in
2091 1515 2295 1586 priore,
2327 1509 2581 1581 congruit
2610 1517 2794 1564 tamen
2823 1521 2948 1596 curn
2977 1504 3058 1560 eis
3103 1520 3224 1576 qua;
3277 1520 3430 1558 uina.
3453 1502 3484 1556 7
3528 1501 3618 1560 di—

338 1651 541 1696 cuntur
567 1661 580 1696 :
608 1640 700 1697 ubi
735 1653 986 1711 quaerens
1023 1635 1454 1707 Chrysostomus
1483 1647 1584 1688 cur
1617 1630 1890 1686 Domnina
1927 1627 2201 1700 judicium
2229 1624 2588 1698 praverterit,
2621 1632 2672 1680 et
2707 1631 3001 1692 antequam
3029 1626 3156 1673 ante
3185 1616 3428 1688 iudicem
3457 1615 3621 1672 siste-

337 1767 498 1812 retur
533 1771 658 1812 eum
703 1755 920 1812 filiabus
948 1767 1068 1810 sese
1102 1746 1158 1807 in
1185 1749 1384 1807 flumen
1413 1746 1860 1822 praecipitaverit,
1887 1744 2180 1817 respondet
2209 1743 2262 1800 id
2297 1737 2518 1810 fecisse,
2566 1757 2634 1796 ne
2667 1739 2794 1812 quis
2827 1735 3066 1791 ﬁliarum
3111 1742 3488 1804 corrumperet
3513 1734 3623 1786 vir-

340 1879 626 1953 ginitatem
664 1897 679 1933 :
719 1895 831 1951 quo
880 1878 1126 1934 innuitur
1152 1873 1394 1946 iudicem
1432 1888 1530 1928 seu
1563 1884 1856 1945 tyrannum
1892 1869 2176 1926 Domnina:
2211 1867 2432 1924 tiliabns
2463 1864 2779 1936 cupiditatis
2824 1863 3014 1918 oculos
3047 1861 3347 1932 adjeeisse.
3375 1858 3450 1913 De
3482 1871 3630 1912 anno

341 1997 509 2067 hujus
549 1995 744 2052 babltze
770 1993 1055 2050 concionis
1082 1993 1215 2047 nihil
1241 1990 1421 2046 adhuc
1451 1989 1723 2061 expiscari
1757 1988 2064 2061 potuimus.

420 2151 556 2208 llnic
580 2149 645 2209 de
671 2149 874 2207 sanctis
911 2149 1232 2204 mulieribus
1281 2146 1524 2204 sermoni
1554 2146 1837 2218 praemittit
1874 2145 2305 2218 Chrysostomus
2342 2140 2626 2200 concionis
2653 2141 2946 2212 prater-ita:
2971 2138 3252 2209 reliquias,
3293 2137 3383 2191 ubi
3425 2134 3627 2206 quassi-

343 2278 464 2326 tum
493 2268 669 2325 fuerat
688 2283 788 2323 cur
807 2267 1049 2325 Joannes
1077 2267 1229 2326 solus
1256 2266 1729 2339 Evangelistarum
1755 2266 1823 2321 de
1848 2263 2058 2319 Lazaro
2080 2261 2454 2333 quatriduano
2481 2260 2747 2352 loquutus
2777 2266 2926 2315 esset
2951 2273 2973 2322 :_
3000 2265 3290 2326 postquam
3323 2267 3451 2309 vero
3481 2267 3619 2306 cau-

345 2401 468 2442 sam
502 2384 704 2452 attulit,
729 2384 798 2439 de
843 2363 1053 2439 Lazaro
1091 2399 1200 2440 non
1232 2397 1408 2454 pauca
1443 2381 1608 2439 solito
1641 2381 1781 2454 ston
1817 2378 2197 2450 orationisque
2231 2389 2431 2450 genere
2464 2376 2710 2433 disserit.
2747 2372 2822 2429 Ex
2854 2381 3098 2444 tempore
3146 2380 3328 2427 autem
3370 2379 3626 2439 pronum

346 2501 484 2556 tiata
515 2500 685 2556 fuisse
713 2499 927 2557 videtur
953 2498 1069 2563 haec
1096 2497 1314 2565 concio,
1347 2506 1408 2553 ut
1439 2507 1493 2554 et
1522 2498 1644 2553 aliae
1678 2512 2018 2567 non‘paucm,
2058 2510 2180 2566 qua:
2201 2494 2349 2566 paris
2383 2502 2516 2550 sunt
2547 2491 2857 2549 brevitatis.

1873 2773 2149 2784 w
2161 2776 2286 2782 —-———

1117 2999 1237 3082 IN
1281 2947 2263 3109 QUATRIDUANUM
2303 2997 2907 3101 LAZARUM,

883 3181 964 3224 ετ
1008 3181 1092 3225 ne
1135 3181 1224 3224 ss.
1270 3179 1705 3234 IABTYRIBUS,
1753 3141 2068 3231 Donatus,
2114 3175 2389 3218 nmmos
2435 3177 2516 3219 ετ
2559 3177 2886 3221 pnosnocs
2931 3163 3033 3237 (η).

1684 3303 2305 3383 WOW

414 3459 517 3517 Cur
543 3460 880 3532 Erangelisla:
903 3476 1003 3513 non
1017 3459 1191 3512 eadem
1208 3473 1403 3528 semper
1428 3472 1600 3509 omnes
1631 3453 1934 3507 describant.

337 3552 529 3608 Lauri
566 3553 864 3609 resurrectio
895 3550 1081 3607 Christi
1108 3551 1461 3606 resurrectioni
1500 3549 1656 3618 ﬁdem
1697 3549 1839 3619 facit.
1867 3576 1937 3586 —-

337 3641 542 3713 Nuper,
584 3643 798 3707 dilecti,
837 3642 1078 3697 ﬂoridam
1115 3641 1260 3697 veris
1303 3641 1318 3673 ⁸
1359 3655 1613 3696 coronam
1656 3639 1808 3694 vobis
1846 3653 1942 3693 ne-

336 3745 582 3802 ctentes,
610 3745 664 3791 et
693 3736 816 3790 anni
865 3743 1236 3803 tempestatem
1263 3749 1362 3789 ceu
1391 3733 1442 3787 in
1474 3732 1646 3786 tabula
1676 3731 1942 3786 sermonis

339 3828 677 3883 deliueantes
702 3868 716 3893 ,
760 3841 866 3880 non
902 3825 1062 3881 modo
1098 3840 1316 3879 nemora
1346 3825 1508 3880 ramis
1538 3831 1723 3878 ornata
1744 3864 1760 3888 ,
1788 3831 1940 3892 prata

342 3920 587 3976 ﬂorentia
624 3930 676 3975 et
725 3935 888 3975 auras
915 3919 981 3974 ad
1011 3919 1173 3973 vitam
1217 3928 1536 3973 revocantes
1556 3916 1939 3981 exhibuimus;

342 4013 440 4069 sed
475 4023 717 4069 naturam
743 4030 960 4086 quoque
987 4024 1226 4070 nostram
1259 4015 1362 4070 hoc
1410 4025 1652 4084 tempore
1693 4029 1939 4070 resurre-

344 4100 542 4160 ctionis
566 4106 807 4177 symbolo
834 4115 1045 4161 nactam
1077 4105 1415 4161 ostendimus
1439 4122 1452 4158 :
1475 4100 1943 4176 atqueargumen-

345 4206 459 4250 tum
524 4199 748 4266 tempori
810 4211 1111 4267 congruens
1171 4197 1542 4268 perquirentes
1571 4237 1587 4263 ,
1646 4196 1939 4251 redivivum

343 4287 606 4344 Lazarum
633 4291 968 4346 attraximus.
1003 4290 1198 4347 Verum
1230 4307 1349 4348 cum
1383 4291 1642 4360 promissa
1669 4291 1944 4361 complere

345 4395 454 4435 non
486 4395 764 4449 possemus
794 4423 809 4448 ,
851 4382 904 4437 in
935 4383 1107 4453 primo
1134 4392 1332 4438 conatu
1362 4383 1620 4438 orationis
1651 4387 1940 4440 terminum

347 4473 662 4544 posuimus;
702 4465 766 4530 ac
807 4491 929 4530 cum
955 4476 1126 4545 primo
1152 4477 1271 4531 loco
1297 4477 1732 4547 quassivissemus
1751 4517 1766 4542 ,
1791 4492 1888 4532 cur
1912 4492 1944 4532 a

343 4565 556 4619 caneris
580 4566 920 4636 evangelistis
949 4567 1343 4636 praetermissus
1382 4567 1637 4635 Lazarus,
1669 4583 1699 4621 a
1726 4568 1939 4624 Joanne

345 4655 464 4711 solo
493 4666 819 4713 memoratus
839 4657 1027 4714 fuisset
1048 4657 1236 4730 (Joan.
1273 4659 1331 4714 ll
1355 4657 1400 4730 ),
1424 4659 1889 4730 respondebamus
1919 4700 1937 4727 ,

346 4748 605 4818 Spiritum
630 4759 872 4805 sanctum
901 4792 918 4816 ,
955 4760 1014 4805 ut
1039 4752 1328 4806 commenti
1364 4752 1723 4822 suspicionem
1753 4753 1945 4823 preci-

345 4841 539 4907 deret,
578 4842 896 4914 permisisse
938 4853 998 4898 ut
1046 4843 1388 4914 evangelista:
1432 4860 1554 4914 quae
1582 4843 1650 4898 ad
1681 4844 1939 4900 miracula

344 4932 648 4990 Servatoris
689 4935 1021 5005 pertinerent
1061 4931 1485 4990 concordissime
1525 4929 1938 5002 describerent;

345 5038 567 5079 curasse
602 5032 778 5080 tamen
826 5033 883 5079 ut
925 5025 1059 5080 alius
1100 5025 1242 5080 aliud
1276 5025 1549 5096 quidpiam
1598 5027 1937 5096 praeteriret:

345 5115 491 5186 quod
531 5114 741 5186 signum
772 5125 915 5171 esset
957 5116 1299 5187 perspicuum
1330 5118 1474 5188 ipsos
1502 5133 1678 5189 neque
1706 5119 1900 5175 callide
1924 5160 1940 5188 ,

343 5205 634 5276 dedimque
654 5222 818 5276 opera
844 5249 858 5271 ,
891 5223 1064 5262 unove
1094 5223 1361 5264 consensu
1387 5251 1402 5276 ,
1429 5224 1602 5280 neque
1626 5209 1693 5264 ad
1716 5210 1941 5280 gratiam

346 5297 636 5368 Evangelia
659 5298 944 5369 scripsisse
968 5341 982 5364 ,
1013 5301 1082 5353 ita
1107 5309 1164 5355 ut
1185 5301 1364 5355 omnia
1391 5341 1407 5368 ,
1439 5316 1561 5357 cum
1586 5302 1858 5374 quidpiam
1887 5304 1943 5358 in

343 5387 529 5458 aliquo
559 5386 773 5443 deesset
798 5430 816 5456 ,
870 5388 1150 5444 veritatem
1198 5391 1315 5444 sine
1341 5389 1464 5447 fuco
1483 5391 1845 5448 declararent.
1873 5396 1944 5450 At

343 5491 470 5533 eum
505 5477 618 5532 haec
649 5487 820 5533 tunca
848 5479 1003 5535 nobis
1018 5481 1149 5535 satis
1174 5491 1494 5550 pertractata
1526 5482 1742 5548 fuerint,
1773 5485 1942 5556 insipi-

343 5570 553 5626 ciamus
579 5586 824 5640 quaenam
852 5586 917 5626 ex
959 5572 1060 5627 hoc
1084 5573 1226 5629 circa
1265 5572 1531 5630 Lazarum
1563 5575 1822 5631 miraculo
1856 5577 1940 5633 di-

411 5791 432 5854 ξ
464 5785 659 5854 ttontef.
685 5787 832 5854 legit,
855 5789 1002 5849 aeris,
1027 5790 1157 5854 quod
1180 5791 1444 5854 absurdum
1471 5793 1680 5846 videtur.

411 5850 489 5910 (α)
521 5856 585 5900 Bx
603 5850 771 5902 Codice
792 5850 1162 5904 Eminentts'simi
1178 5853 1438 5908 Cardinalis
1459 5859 1700 5907 Ottoboni.

2044 3448 2264 3517 scipulis
2293 3448 2494 3503 utilitas
2521 3457 2822 3518 promanet.
2871 3449 3034 3506 Multa
3067 3451 3135 3508 de
3171 3455 3420 3523 passione
3445 3471 3540 3513 sua
3564 3459 3657 3514 (Ιί-
3759 3450 3763 3452 ’

2046 3541 2264 3611 scipulis
2293 3555 2437 3611 saepe
2454 3541 2706 3611 loquutus
2728 3541 3002 3610 Serv-ator,
3023 3552 3297 3615 torpentes
3331 3548 3452 3603 illos
3472 3552 3652 3605 anim-

2048 3633 2368 3689 advertebat
2401 3675 2416 3699 ,
2461 3634 2532 3688 ob
2570 3633 2731 3690 talem
2760 3635 3121 3692 narrationem
3161 3639 3465 3708 horrentes,
3491 3652 3653 3713 atque

2052 3726 2378 3782 infirmitatis
2416 3727 2593 3797 potius
2619 3767 2636 3795 ,
2660 3743 2820 3798 quam
2848 3729 3165 3786 meonomim
3188 3771 3204 3796 ,
3234 3735 3650 3802 praenuntiatam

2051 3821 2356 3889 passionem
2400 3835 2522 3876 esse
2574 3821 2912 3892 suspicantes
2937 3864 2952 3889 ,
2982 3831 3168 3894 utpote
3198 3823 3446 3880 humanis
3475 3827 3652 3884 adhuc

2050 3911 2348 3966 ratiociniis
2392 3912 2620 3982 agitatos
2668 3927 2733 3968 ac
2779 3920 3092 3970 trementes.
3139 3915 3479 3989 Quapmpter
3525 3935 3648 3977 cum

2043 4001 2155 4072 jam
2187 4004 2411 4060 instaret
2434 4005 2696 4075 passionis
2725 4013 2953 4076 tempus,
2983 4017 3038 4063 et
3057 4007 3169 4078 jam
3187 4012 3486 4080 proximum
3507 4027 3654 4075 esset

2051 4105 2111 4151 ut
2137 4111 2269 4152 crux
2300 4096 2658 4168 deligeretur,
2700 4097 2960 4155 Lazarum
2992 4110 3264 4158 mortuum
3292 4106 3517 4160 suscitat
3543 4147 3560 4174 ,
3591 4117 3650 4161 ut

2049 4202 2213 4258 opere
2242 4189 2533 4260 discipulos
2561 4189 2774 4257 doceat,
2806 4207 2910 4246 non
2941 4192 3267 4249 infirmitatis
3292 4211 3414 4252 esse
3443 4200 3652 4268 passio-

2051 4297 2173 4337 nem
2202 4291 2259 4337 et
2295 4296 2552 4350 crucem;
2595 4292 2653 4337 ut
2679 4285 3034 4354 praesentibus
3059 4285 3218 4341 fidem
3258 4286 3457 4356 faciat,
3501 4304 3560 4344 se
3598 4299 3654 4347 et

2052 4374 2212 4429 morti
2242 4374 2506 4445 imperare
2529 4416 2545 4443 ,
2567 4383 2625 4431 et
2649 4377 2881 4432 terrenis
2901 4378 3126 4434 vinculis
3154 4380 3385 4436 solutam
3415 4383 3650 4440 animam

2050 4479 2308 4522 revocare
2335 4474 2533 4538 :atque
2570 4468 2867 4523 secundum
2897 4470 3130 4539 aliquem
3177 4487 3396 4542 scopum
3427 4483 3654 4545 sponta-

2051 4571 2211 4611 neam
2239 4566 2472 4613 mortem
2519 4573 2673 4614 suam
2723 4561 3013 4630 proponit,
3055 4560 3300 4632 forteque
3345 4564 3399 4620 in
3447 4565 3653 4624 Lazaro

2050 4663 2205 4705 suam
2233 4652 2366 4723 post
2386 4651 2620 4708 triduum
2650 4654 3099 4710 resurrectionem
3124 4656 3271 4725 prius
3292 4656 3568 4729 describit,
3589 4676 3653 4719 ac

2050 4739 2118 4796 de
2159 4741 2477 4798 brevissimo
2519 4744 2613 4799 illo
2655 4755 2896 4814 tempore
2920 4761 3028 4816 quo
3051 4745 3153 4802 sub
3174 4756 3315 4803 terra
3337 4760 3653 4810 versaturus

2050 4848 2166 4894 erat
2195 4837 2491 4894 imbecilles
2516 4837 2698 4893 animo
2718 4838 3063 4894 consolatur:
3095 4849 3254 4913 atque
3289 4842 3344 4897 in
3379 4846 3560 4900 crucis
3587 4845 3654 4902 li-

2053 4933 2199 4987 mine
2219 4930 2605 5002 discipnlorum
2630 4939 2831 4986 metum
2860 4940 3159 5002 opportune
3185 4933 3364 5002 solvit,
3389 4935 3652 5009 docetque

2053 5038 2114 5076 se
2144 5023 2314 5088 illam,
2363 5037 2522 5092 quam
2551 5022 2706 5077 alteri
2735 5021 3010 5093 impertit,
3041 5024 3266 5093 gratiam
3310 5024 3411 5082 sibi
3453 5027 3551 5096 ipsi
3577 5030 3653 5083 fa-

2051 5117 2156 5171 cile
2207 5123 2611 5185 procuraturum
2668 5129 2790 5171 esse
2822 5132 2838 5171 :
2871 5115 3109 5185 ipsisque
3156 5118 3410 5187 operibus
3460 5119 3654 5180 dubios

2051 5209 2214 5263 animi
2258 5207 2717 5274 commonefacit,
2761 5206 2923 5264 rebus
2969 5209 3138 5280 gestis
3179 5226 3365 5266 vocem
3393 5213 3652 5284 quodam.

2051 5299 2215 5355 modo
2241 5299 2524 5372 adaptans,
2550 5299 2773 5370 ipsoque
2792 5297 2935 5355 facto
2961 5302 3042 5356 sic
3063 5316 3228 5373 prope
3252 5302 3513 5374 loquens:
3548 5284 3665 5362 Asl.

2049 5402 2320 5463 sumptam
2391 5391 2779 5447 humanitatem
2825 5391 3002 5446 divina
3057 5394 3372 5463 operatione
3428 5413 3651 5453 vacuam

2051 5499 2339 5553 numquam
2387 5483 2619 5555 reliqui;
2650 5498 2837 5540 verum
2876 5500 3018 5540 nunc
3065 5493 3122 5540 ut
3167 5485 3329 5543 homo
3357 5529 3373 5556 ,
3421 5505 3566 5546 nunc
3596 5503 3653 5547 ut

2053 5576 2214 5643 Deus,
2235 5592 2357 5632 cum
2384 5588 2626 5632 naturam
2658 5577 3002 5634 subindicans
3029 5620 3046 5646 ,
3075 5589 3187 5634 tum
3214 5584 3533 5638 oeconomiae
3578 5587 3645 5638 tl-

2050 5668 2174 5725 dem
2205 5667 2408 5724 faciens
2431 5711 2446 5735 ,
2473 5669 2783 5741 docensque
2810 5671 3092 5726 humiliora
3118 5672 3186 5727 ad
3215 5673 3599 5731 humanitatem
3626 5720 3644 5745 ,

2053 5761 2363 5816 sublimiora
2392 5777 2520 5818 rero
2547 5762 2614 5818 ad
2644 5762 2977 5820 divinitatem
3008 5764 3282 5820 referenda
3310 5781 3430 5823 esse
3449 5807 3466 5836 ,
3490 5781 3649 5842 atque

2057 5868 2152 5921 per
2200 5853 2515 5924 inmqualem
2571 5855 2709 5911 hanc
2745 5869 2968 5925 operum
2997 5857 3474 5928 tetnpcrationem,
3515 5865 3641 5917 ine-
