4224 6302
663 388 764 451 843

657 540 866 597 qualem
895 527 1200 576 naturarum
1232 512 1479 567 unionem
1507 509 1860 577 interpretans
1881 548 1895 571 ,
1924 520 1986 560 ac
2008 519 2103 604 per
2135 518 2232 573 po-

660 624 902 674 testatem
953 612 1007 666 in
1053 608 1368 678 passiones,
1415 598 1741 654 voluntarias
1792 609 1913 651 esse
1963 598 2239 664 passiones

661 721 806 764 meas
832 703 1144 764 declarans;
1181 705 1237 750 ut
1285 695 1426 749 Deus
1471 706 1566 760 per
1597 688 1857 759 jejunium
1907 693 1962 740 et
2009 682 2237 738 inediam

659 793 1008 867 quadraginta
1057 789 1260 843 dierum
1301 791 1542 837 naturam
1588 777 1848 834 refrenavi
1875 793 1890 842 ;
1917 773 2034 867 sed“
2057 781 2238 843 postea

664 864 721 944 ut
749 889 908 944 homo
929 881 1244 951 defatigatus
1268 875 1464 931 esurivi
1487 892 1500 926 :
1533 873 1712 942 utique
1730 879 1786 923 ut
1801 869 1938 922 Deus
1959 864 2236 921 efferatum

661 996 806 1034 mare
836 976 1046 1038 scdavi;
1090 983 1149 1026 ut
1195 970 1356 1024 homo
1397 982 1425 1020 a
1462 963 1676 1019 diabolo
1720 968 1951 1015 tentatus
1986 970 2143 1010 sum:
2180 963 2237 1007 ut

665 1072 805 1126 Deus
834 1069 1103 1124 dmmonas
1132 1062 1352 1131 expuli;
1382 1069 1438 1112 ut
1470 1057 1630 1111 homo
1663 1069 1762 1136 pro.
1793 1049 2097 1105 hominibus
2121 1063 2238 1102 sum

661 1175 912 1233 passurus
936 1176 948 1213 :
976 1173 1154 1213 verum
1181 1172 1247 1208 ne
1269 1150 1610 1222 suspiccmini
1657 1145 1707 1200 id
1745 1160 1838 1215 per
1875 1142 2235 1198 inﬁrmitatem

660 1255 902 1309 accidere
922 1293 936 1317 ,
969 1251 1273 1320 priusquam
1306 1259 1450 1297 mors
1475 1238 1758 1302 adveniat,
1790 1252 1817 1288 a
1849 1242 2022 1292 morte
2049 1233 2241 1287 deten-

660 1356 768 1400 tum
810 1343 875 1397 ad
916 1343 1078 1395 vitam
1117 1351 1345 1393 revoco:
1373 1348 1436 1388 ac
1479 1340 1754 1402 postjuam
1803 1326 2093 1380 divinitatis
2135 1323 2240 1376 vim

658 1438 1132 1506 operationemque
1150 1427 1434 1489 declaravi,
1461 1433 1587 1478 tunc
1609 1419 1948 1474 humanitatis
1963 1417 2238 1485 antiquum

658 1528 898 1582 debitum
934 1526 1179 1593 depono;
1207 1527 1480 1589 postquam
1500 1512 1705 1566 vincula
1728 1511 1884 1578 solvi,
1913 1519 2036 1564 tunc
2055 1509 2242 1562 vincu-

661 1621 724 1673 iis
749 1618 939 1687 alligor
965 1633 976 1668 :
1009 1612 1166 1682 atque
1194 1611 1351 1665 rebus
1383 1607 1510 1676 ipsis
1531 1605 1862 1668 demonstro,
1897 1615 1983 1655 me
2010 1606 2242 1669 potesta-

661 1723 768 1767 tcm
811 1710 1008 1764 habere
1054 1703 1283 1776 ponendi
1322 1702 1552 1756 animam
1602 1712 1774 1753 meam
1808 1703 1898 1761 ,et
1927 1703 2242 1763 potestatem

661 1803 858 1857 habere
883 1801 1071 1856 iterum
1096 1781 1336 1852 sumendi
1369 1809 1485 1848 eam
1515 1791 1705 1862 (Joau.
1732 1789 1817 1842 10.
1849 1787 1913 1841 l8
1935 1786 1976 1857 ).
2013 1787 2133 1838 lianc
2162 1792 2245 1837 est

659 1891 958 1948 Servatoris
988 1889 1225 1944 doctrina
1253 1885 1378 1956 ipsis
1405 1881 1654 1952 operibus
1684 1878 1914 1934 exhibita
1940 1892 1953 1930 :
1981 1875 2078 1929 nisi
2100 1874 2243 1929 enim

661 1985 763 2040 hoc
793 1991 954 2048 esset,
983 1995 1046 2035 ac
1081 1980 1181 2034 nisi
1216 1976 1444 2048 quadam
1495 1971 1700 2026 ratione
1745 1986 1898 2024 suum
1944 1968 1992 2020 in
2041 1967 2245 2020 Lazaro

660 2076 973 2131 miraculum
1018 2071 1426 2134 concinnasset,
1458 2079 1793 2136 nequaquam
1827 2061 2063 2115 miutiata
2104 2058 2240 2121 sibi,

660 2169 787 2223 dum
819 2169 918 2221 iter
941 2174 1155 2235 ageret,
1194 2159 1376 2215 Lazari
1406 2157 1748 2212 inﬁrmitate:
1781 2154 2032 2207 Misereat
2058 2150 2199 2205 enim
2226 2189 2242 2212 ,

661 2260 754 2324 ait,
775 2274 971 2312 sorores
988 2257 1094 2325 ejus
1117 2254 1182 2304 ad
1207 2251 1502 2312 Dominum,
1522 2248 1760 2311 dicentes,
1788 2244 1919 2297 Ecce
1934 2260 2079 2314 quem
2105 2257 2245 2294 amas

663 2351 954 2418 inﬁrmatur
982 2344 1156 2414 (Joan.
1189 2343 1273 2396 11.
1307 2339 1391 2412 5);
1435 2351 1766 2408 nequaquam
1795 2351 1924 2390 sane
1968 2342 2086 2404 post
2109 2348 2241 2385 nun-

663 2443 794 2497 tium
838 2436 1140 2508 hujusmodi
1169 2444 1446 2489 cunctatus
1472 2439 1653 2494 esset;
1683 2427 1775 2482 sed
1798 2423 2242 2496 quemadmodum

663 2549 786 2603 erga
812 2531 1175 2588 centurionem
1213 2537 1265 2582 et
1293 2523 1758 2595 Symphmuissam
1799 2535 1856 2574 se
1885 2519 2047 2590 gessit
2077 2561 2091 2584 ,
2125 2533 2246 2570 cum

664 2627 806 2681 illius
827 2622 1061 2677 absentis
1095 2620 1257 2672 filium
1279 2657 1292 2682 ,
1325 2623 1380 2671 et
1411 2614 1563 2684 hujus
1593 2615 1791 2684 pariter
1823 2611 2055 2666 absentis
2085 2610 2245 2663 filiam

664 2717 907 2772 sanavit:
939 2715 1016 2769 sic
1053 2723 1106 2768 et
1155 2725 1278 2780 erga
1328 2707 1584 2762 Martham
1632 2705 1811 2760 fratris
1839 2705 2079 2758 morbum
2107 2702 2248 2756 indi-

663 2820 872 2866 cantem
915 2822 976 2862 se
1017 2805 1289 2876 gessisset.
1327 2802 1474 2856 Nune.
1501 2815 1633 2854 vero
1682 2797 1748 2853 de
1789 2797 2047 2851 industria
2076 2796 2248 2849 donec

665 2903 924 2959 moriatur
951 2904 1241 2968 exspectat,
1270 2895 1328 2949 lit
1355 2908 1500 2948 mora
1528 2891 1755 2960 longior,
1785 2899 1837 2944 et
1864 2904 1929 2943 ex
1957 2887 2249 2957 providen-

667 2998 738 3051 tia
762 2994 1046 3049 adventum
1085 3005 1239 3044 suum
1283 2987 1505 3052 differt,
1553 2992 1611 3038 ut
1653 2982 1928 3038 victoriam
1969 2981 2035 3035 de
2075 2992 2249 3035 morte

630 3106 635 3112 '
668 3095 989 3158 reportatam
1041 3082 1123 3136 vel
1154 3089 1278 3134 ante
1315 3076 1506 3132 mortis
1547 3083 1818 3129 certamen
1847 3071 2122 3127 ostendat:
2148 3073 2248 3126 tri-

669 3181 871 3249 busque
894 3176 1081 3231 diebus
1111 3181 1375 3235 moratur,
1407 3177 1465 3224 ut
1494 3168 1681 3222 mortis
1709 3167 1904 3220 veritas
1931 3164 2103 3234 palam
2137 3163 2248 3217 fiat.

667 3271 866 3327 Judmis
893 3283 1018 3321 vero
1040 3262 1390 3336 praesentibus
1418 3259 1612 3330 aperiri
1640 3257 1938 3327 sepulcrum
1973 3255 2126 3324 jubet
2150 3295 2165 3318 ,
2197 3264 2254 3309 ut

668 3373 834 3418 testes
875 3356 1112 3413 miraculi
1159 3353 1403 3409 redderet
1433 3366 1525 3406 eos
1551 3391 1564 3414 ,
1607 3349 1692 3419 qui
1731 3363 1789 3402 se
1822 3347 2123 3416 pellebant:
2158 3360 2254 3415 per

668 3453 964 3509 orationem
1009 3453 1187 3501 autem
1238 3452 1290 3499 et
1336 3442 1506 3497 Patris
1557 3439 1944 3495 invocationem
1991 3436 2251 3492 Lazarum

669 3546 934 3609 suscitat,
982 3556 1051 3595 ne
1081 3537 1351 3593 videretur
1377 3534 1646 3589 Creatoris
1685 3531 1889 3601 legibus
1932 3545 2250 3599 repugnare.

672 3641 751 3693 Ac
778 3634 898 3688 vide
925 3631 1052 3686 mihi
1084 3644 1195 3684 rem
1225 3628 1377 3695 plane
1403 3622 1717 3691 stupendam
1747 3638 1763 3677 :
1794 3637 1900 3674 non
1936 3619 2107 3683 dixit,
2147 3619 2252 3673 La-

672 3743 796 3782 zare
817 3766 831 3788 ,
852 3722 1148 3784 reviviscc;
1181 3716 1275 3772 sed
1300 3715 1423 3784 quid
1447 3714 1469 3767 ’ἔ
1493 3712 1689 3765 Lazare
1719 3752 1733 3774 ,
1766 3712 1875 3764 veni
1893 3710 2068 3781 foras(
2093 3708 2252 3762 Joan.

675 3819 763 3873 ll.
793 3813 884 3887 ιδ)
917 3830 931 3878 ;
963 3822 1019 3867 ut
1045 3811 1265 3866 doceret
1296 3813 1583 3876 prmseutes
1603 3843 1617 3867 ,
1643 3803 1813 3872 ipsum
1845 3818 1964 3856 esse
1991 3802 2079 3871 qui
2103 3811 2257 3856 vocat

674 3923 736 3963 ea
768 3922 887 3977 qua:
907 3919 1013 3958 non
1037 3911 1180 3962 sunt,
1208 3909 1264 3952 ut
1293 3912 1354 3950 ea
1375 3911 1493 3965 qua:
1518 3905 1641 3948 sunt
1666 3910 1680 3958 ;
1713 3901 1772 3946 ut
1795 3892 2101 3947 ostenderet
2123 3906 2258 3961 prte-

677 3998 920 4055 sentibus
940 4037 955 4060 ,
985 3994 1158 4063 ipsum
1180 4003 1298 4044 esse
1329 3988 1496 4041 Deum
1527 3985 1768 4038 vivorum
1794 3993 1847 4037 et
1876 3998 1982 4036 non
2011 3992 2256 4036 mortuo-

677 4106 834 4153 rum;
867 4096 924 4142 ut
962 4085 1355 4140 demonstraret
1394 4077 1629 4132 divinum
1670 4085 1993 4146 praeceptum
2037 4092 2069 4128 a
2113 4074 2260 4129 nullo

680 4197 839 4255 posse
862 4179 1013 4234 obice
1039 4174 1269 4239 tardari,
1291 4171 1557 4241 simulque
1588 4168 1936 4240 prmsemihus
1963 4169 2017 4221 in
2059 4182 2262 4223 memo-

682 4277 812 4331 riam
854 4275 1132 4326 revocaret
1149 4279 1270 4320 eum
1302 4261 1393 4334 qui
1421 4260 1667 4316 dicebat:
1708 4257 1828 4312 Fiat
1870 4259 2263 4328 ﬁrmamentum.

683 4368 1055 4437 Congrcgentur
1069 4371 1215 4428 aqua
1229 4357 1279 4409 in
1301 4353 1638 4409 collectionem
1659 4368 1830 4406 unam.
1855 4349 2109 4405 Germinet
2131 4360 2266 4404 terra

685 4458 888 4512 herbam
926 4451 1069 4520 farti.
1101 4447 1333 4502 Educant
1371 4459 1518 4514 aqua
1563 4443 1762 4513 reptilia
1788 4443 2076 4496 animarum
2099 4443 2268 4496 uicen-

685 4551 813 4603 tium
889 4529 2044 4622 (Gen.l.6.9.ll.20).Lasare,ueniforas:
2091 4534 2268 4590 ethoc

686 4641 753 4695 ad
788 4637 1044 4708 majorem
1089 4641 1143 4688 et
1182 4630 1470 4686 ﬁrmiorem
1497 4628 1929 4682 concurrentium
1957 4626 2116 4682 ﬁdem
2151 4667 2167 4694 ,
2211 4635 2270 4680 ut

690 4730 901 4786 habitus
926 4735 981 4781 et
999 4723 1175 4779 fascia:
1203 4729 1432 4775 mortem
1461 4717 1871 4772 testiﬁcarentur
1894 4758 1908 4781 ,
1938 4728 2097 4788 atque
2135 4717 2270 4772 obe-

689 4821 890 4879 dientia
915 4819 1032 4874 sine
1054 4829 1221 4879 mora,
1255 4820 1536 4880 metusque
1563 4824 1594 4863 a
1621 4809 1768 4863 nullo
1791 4809 2057 4865 cohibitus
2085 4811 2270 4865 Domi-

693 4915 866 4970 nicam
894 4907 1262 4965 auctoritatem
1288 4902 1657 4973 praedicarent.
1703 4898 1903 4955 Lazare
1924 4942 1938 4961 ,
1960 4902 2073 4955 ueni
2102 4905 2274 4972 foras:

692 5016 746 5062 et
770 5004 976 5060 solutus
994 4998 1315 5067 erigebatur,
1343 5004 1398 5051 et
1430 4993 1674 5064 putridus
1700 4995 1964 5050 sentiebat
1989 5036 2004 5062 ,
2033 5005 2276 5051 mortuus

693 5095 978 5154 obediebat
1004 5131 1020 5158 ,
1052 5089 1261 5144 vinctus
1285 5085 1572 5152 currebat,
1602 5084 1693 5155 qui
1714 5083 2011 5140 deﬂebatur
2026 5086 2273 5142 saltabat.

694 5190 803 5245 Cur
830 5186 1068 5241 clamore
1106 5193 1246 5235 nunc
1279 5178 1445 5232 utitur
1468 5175 1762 5232 Servatur?
1783 5176 1858 5231 ait
1882 5178 2079 5248 quippe
2107 5193 2276 5232 evan-

697 5280 885 5350 gelista
913 5290 929 5331 :
959 5272 1084 5328 Hec
1113 5287 1227 5325 cum
1256 5269 1486 5334 dixisset,
1517 5284 1634 5322 voce
1649 5283 1836 5338 magna
1865 5268 2101 5322 clamauit
2124 5311 2139 5336 ,
2171 5266 2278 5322 La-

700 5389 836 5441 sare,
858 5372 969 5427 ueni
999 5373 1137 5442 foras
1166 5365 1362 5438 (Joan.
1391 5366 1478 5419 ll.
1510 5361 1638 5434 ιδ).
1671 5362 1834 5418 Forte
1866 5376 1960 5431 per
1988 5363 2276 5418 clamorem

703 5469 931 5523 futuram
962 5463 1411 5520 resurrectionem
1456 5456 1840 5512 subiudicavit:
1873 5470 1995 5510 nam
2029 5454 2167 5509 Tuba
2195 5472 2282 5509 ca-

713 5571 814 5625 net,
843 5559 1030 5630 inquit,
1061 5566 1106 5610 et
1127 5555 1310 5609 mortui
1339 5559 1597 5621 resurgant
1628 5549 1718 5620 (l.
1739 5549 1858 5604 Cor.
1891 5550 1979 5604 Ιὸ.
2008 5549 2120 5622 52).
2151 5549 2281 5605 Cum

706 5651 869 5707 multa
907 5649 1036 5705 mihi
1068 5647 1134 5702 de
1158 5647 1260 5701 hoc
1288 5650 1598 5714 argumento
1628 5641 1850 5697 dicenda
1877 5649 2194 5711 suppetant,
2217 5642 2283 5696 ad

708 5742 848 5800 aliud
865 5739 1157 5812 pertrahor,
1171 5748 1223 5793 et
1236 5754 1261 5792 a
1279 5736 1519 5801 sepulcro
1531 5734 1580 5788 in
1597 5734 1896 5803 sepulcrum
1912 5732 2090 5787 venire
2105 5748 2282 5804 cogor.

783 5834 1032 5900 Loquimr
1072 5831 1134 5886 de
1178 5830 1282 5889 SS,
1326 5824 1649 5896 Martyribus
1679 5826 1962 5895 Domnina,
1996 5822 2203 5880 Bernice
2242 5837 2286 5879 et

1417 375 1470 432 S.
1514 370 1787 429 JOANNIS
1816 365 2296 426 CIIRYSOSTOMI
2337 360 2650 422 ARCHIEP.
2693 361 3216 420 CONSTANTINOP.

3841 366 3946 423 σςι

2347 500 2620 556 Prosdoce.
2651 533 2722 542 --
2747 504 3114 574 Opportunum
3141 515 3224 559 est
3248 504 3432 562 Lazari
3479 511 3785 579 sepulcrum
3813 531 3939 567 cum

2344 593 2461 645 aliis
2501 594 2760 662 sepulcris
2789 605 3158 663 comparatum
3191 613 3204 660 ;
3240 612 3409 666 neque
3453 601 3806 670 iuopportuua
3829 645 3845 667 ,
3884 617 3941 657 ut

2345 681 2575 747 videtur,
2603 694 2686 737 est
2709 697 2853 737 mors
2877 684 3159 739 mulierum
3187 686 3251 741 ad
3276 688 3445 756 ipsum
3473 691 3770 759 sepulcrum
3799 696 3944 747 cele-

2347 774 2516 829 brata.
2549 777 2657 832 Illic
2684 778 3009 846 sepulcrum,
3042 790 3096 834 et
3125 779 3208 834 hic
3234 797 3445 851 quoque
3473 785 3814 852 sepulcrum;
3842 786 3942 839 sed

2347 865 2534 921 Lazari
2561 868 2861 938 sepulcrum
2883 879 3123 939 apertum
3149 871 3344 925 Christi
3367 873 3658 941 potentiam
3678 875 3938 940 declarat,

2347 958 2632 1012 mulierum
2657 974 2782 1013 vero
2804 960 3108 1029 sepulcrum
3141 961 3377 1014 clausum
3405 972 3459 1016 et
3486 974 3660 1018 tamen
3685 982 3939 1035 operms,

2347 1047 2543 1102 Chrisu
2574 1050 2796 1118 gratiam
2845 1051 3100 1119 prardicat
3131 1069 3144 1105 :
3179 1053 3287 1106 illic
3319 1063 3557 1108 mortuus
3588 1070 3746 1125 supra
3783 1068 3943 1112 uatu-

2349 1155 2463 1194 ram
2491 1156 2558 1194 ex
2587 1141 2836 1211 sepulcro
2865 1143 3050 1209 currit,
3083 1143 3169 1199 hic
3199 1146 3450 1199 mulieres
3481 1157 3672 1214 praeter
3696 1159 3940 1204 naturam

2349 1231 2415 1285 ad
2441 1233 2685 1300 sepulcra
2711 1244 2996 1288 accurrunt
3026 1252 3040 1287 :
3075 1234 3180 1290 illic
3208 1235 3401 1289 divina:
3430 1238 3678 1305 potentia:
3706 1240 3942 1308 signum,

2350 1321 2437 1376 hic
2480 1325 2724 1392 generosi
2773 1325 2937 1379 animi
2988 1335 3358 1394 argumentum
3398 1344 3411 1379 :
3445 1328 3552 1381 illic
3598 1327 3829 1384 Lazarus
3874 1347 3944 1384 ex

2351 1417 2518 1485 portis
2554 1418 2741 1470 mortis
2781 1417 3088 1486 egreditur,
3124 1416 3208 1471 hic
3239 1417 3529 1473 femineum
3559 1423 3739 1489 genus‘
3760 1432 3948 1490 portas

2351 1508 2541 1560 mortis
2566 1509 2820 1562 audacter
2847 1509 2958 1562 adit
2987 1527 3000 1560 :
3032 1509 3141 1563 illic
3169 1519 3292 1580 post
3329 1520 3553 1564 mortem
3586 1513 3909 1567 resurrectio
3931 1553 3948 1576 ,

2351 1596 2437 1652 hic
2464 1599 2570 1652 vita
2601 1617 2614 1651 :
2646 1599 2753 1654 illic
2779 1615 2921 1654 mors
2943 1602 3204 1655 violenter
3235 1601 3498 1668 prmdatur
3517 1641 3536 1668 ,
3561 1604 3646 1658 hic
3672 1619 3815 1657 mors
3844 1619 3951 1674 pa-

2352 1691 2458 1745 lam
2481 1691 2716 1745 calcatur
2742 1709 2754 1743 :
2789 1693 2936 1745 illum
2962 1708 3109 1747 mors
3131 1704 3315 1747 mutuo
3345 1703 3619 1763 acceptum
3647 1697 3768 1750 vitae
3791 1696 3950 1750 festi-

2355 1790 2544 1835 nantcr
2566 1783 2838 1847 restituit;
2873 1785 2980 1837 imo
3013 1786 3188 1853 potius
3208 1825 3220 1847 ,
3252 1786 3582 1855 Acceperunt,
3614 1787 3801 1858 inquit,
3827 1805 3948 1842 mu-

2353 1875 2496 1928 lieres
2526 1873 2586 1927 de
2609 1877 2970 1928 resurrectione
2997 1886 3220 1931 mortuos
3247 1895 3363 1931 suos
3398 1878 3576 1949 (Hebr.
3611 1882 3695 1935 Η.
3727 1881 3838 1952 35),
3874 1884 3949 1936 ita

2346 1964 2569 2033 jubeme
2596 1965 2705 2018 Deo
2731 1983 2745 2031 ;
2789 1967 2869 2019 hm
2899 1981 3028 2020 vero
3053 1983 3117 2022 cx
3164 1978 3508 2038 temporanea
3551 1971 3655 2024 vita
3681 1973 3748 2026 ad
3781 1977 3949 2028 vitam

2352 2067 2664 2126 perpetuam
2698 2057 3083 2123 transilierunt,
3120 2073 3290 2115 mater
3316 2070 3371 2116 ct
3401 2063 3545 2128 ﬁlim,
3577 2080 3697 2133 quae
3727 2080 3823 2120 nos
3851 2066 3953 2120 ho-

2353 2147 2438 2200 die
2461 2159 2916 2217 congregaverunt
2939 2167 2951 2202 :
2976 2161 3151 2205 mater
3171 2153 3277 2222 pia,
3302 2168 3419 2222 qua:
3443 2166 3650 2222 partum
3672 2158 3950 2219 sustinuit,

2353 2250 2405 2294 et
2435 2242 2555 2296 lilia:
2585 2252 2770 2312 partus
2796 2255 3044 2314 expertes
3074 2262 3087 2297 :
3121 2257 3292 2301 mater
3310 2263 3428 2317 qum
3454 2250 3807 2318 virginitatem
3832 2253 3950 2305 sol-

2356 2334 2428 2387 vit
2456 2335 2521 2387 ad
2556 2347 2764 2404 partum
2803 2338 3088 2408 virginum,
3124 2349 3293 2394 mater
3322 2357 3440 2409 qua:
3466 2343 3758 2396 castitatem
3790 2361 3956 2413 pepe-

2355 2429 2456 2492 rit,
2490 2438 2662 2483 mater
2691 2445 2810 2498 qua:
2840 2431 3134 2485 secundum
3179 2433 3348 2501 legem
3382 2436 3674 2489 naturalem
3717 2436 3955 2504 virgines

2354 2520 2509 2573 enixa
2531 2529 2632 2574 est.
2662 2520 2761 2585 Qui
2792 2522 2890 2590 piis
2918 2521 3114 2592 ubique
3141 2523 3338 2578 bellum
3369 2525 3527 2580 infert
3557 2537 3832 2597 tyrannus,
3855 2529 3952 2598 qui

2357 2611 2630 2667 barbarica
2661 2613 2806 2668 crede
2849 2615 2901 2668 in
2939 2615 3315 2670 contribulium
3358 2619 3670 2686 sanguinem
3710 2619 3952 2688 gladium

2355 2703 2651 2767 convertit;
2694 2713 2950 2774 tyrannus
2981 2705 3070 2759 ille
3100 2708 3188 2775 qui
3234 2705 3503 2762 Christum
3531 2750 3545 2774 ,
3579 2725 3737 2778 quem
3770 2712 3959 2779 nequit

2358 2792 2560 2853 videre,
2595 2795 2972 2863 persequitur;
3005 2805 3259 2865 tyrannus
3293 2800 3379 2866 qui
3411 2814 3504 2866 per
3527 2800 3668 2854 ovile
3693 2816 3751 2854 se
3777 2815 3965 2870 pasm-

2357 2899 2469 2938 rem
2505 2884 2676 2953 ipsum
2720 2883 3020 2955 deprmdari
3065 2901 3221 2954 posse
3264 2887 3527 2955 conlidit;
3571 2899 3825 2960 tyrannus
3858 2893 3954 2960 qui

2355 2986 2541 3031 contra
2569 2976 2759 3030 caelum
2787 2977 3012 3046 jaculari
3045 2987 3234 3046 tentat,
3263 2980 3351 3049 qui
3378 2979 3600 3036 dilatato
3626 2979 3824 3037 Christi
3854 2999 3951 3038 re-

2356 3082 2462 3136 gno
2503 3068 2703 3121 invidet
2741 3086 2754 3121 :
2785 3077 3043 3139 tyrannus
3071 3079 3187 3124 erat
3231 3071 3276 3125 is
3320 3073 3408 3140 qui
3454 3074 3872 3144 persequebatur
3898 3084 3961 3128 et

2358 3157 2557 3212 czelebs
2580 3198 2594 3220 ,
2620 3159 2906 3213 inaccessa:
2943 3175 3071 3214 vero
3095 3161 3332 3231 virgines
3357 3204 3371 3226 ,
3401 3178 3520 3231 qua:
3553 3166 3955 3221 concertabant.

2361 3249 2606 3304 Pecuniae
2631 3251 3041 3321 diripiebantur,
3071 3253 3242 3322 patria
3269 3254 3669 3324 relinquebatur
3697 3273 3710 3309 :
3738 3271 3830 3311 eas
3859 3272 3963 3326 pu-

2360 3341 2554 3394 dicitia:
2585 3351 2639 3395 et
2674 3342 2953 3397 modestia;
2980 3353 3223 3398 amantes
3253 3343 3533 3399 trahebant
3558 3348 3756 3402 milites
3777 3389 3795 3415 ,
3835 3363 3961 3402 mu-

2363 3451 2542 3490 rorum
2588 3437 2909 3504 ell'ossores,
2953 3439 3042 3508 qui
3069 3438 3606 3494 Nabuchodonosoris
3637 3440 3916 3508 imaginem
3941 3483 3962 3507 ,

2363 3527 2657 3582 secundum
2707 3530 3034 3600 intelligendi
3079 3532 3380 3597 rationem,
3425 3531 3652 3586 adorare
3699 3532 3967 3602 cogebant

2363 3617 2542 3688 (Dan.
2573 3618 2668 3689 5).
2698 3622 2804 3675 Sed
2831 3621 2974 3692 quod
3017 3622 3337 3694 Babylonica
3379 3621 3565 3677 fornax
3597 3638 3720 3693 erga
3751 3633 3963 3694 marty-

2316 3731 2320 3734 ν
2362 3724 2481 3763 rum
2505 3709 2648 3763 illam
2676 3710 2898 3766 triadem
2925 3711 3124 3777 eﬂ‘ecit,
3156 3713 3242 3767 hic
3265 3728 3476 3784 quoque
3501 3715 3744 3784 corporis
3765 3725 3818 3770 et
3840 3717 3964 3769 ani-

2365 3814 2467 3853 mm
2496 3799 2707 3854 vincula
2739 3802 2978 3867 solvens,
3011 3803 3220 3856 animas
3245 3803 3443 3857 liberas
3467 3814 3528 3858 ut
3552 3803 3617 3858 ad
3645 3803 3836 3858 calum
3869 3821 3967 3858 vo.

2363 3892 2537 3947 larent
2561 3893 2781 3947 dimisit.
2814 3893 2946 3950 Rem
2986 3894 3223 3965 suscepit
3247 3909 3470 3964 serpens
3511 3895 3600 3950 ille
3621 3935 3638 3959 ,
3675 3896 3763 3966 qui
3796 3895 3964 3951 Evam

2367 3983 2420 4037 ln
2449 3981 2694 4052 paradiso
2717 3993 3070 4054 persequutus
3090 3994 3192 4052 est,
3215 3986 3306 4056 qui
3332 3985 3603 4055 simplices
3623 3985 3967 4042 innocentes.

2367 4091 2472 4145 que
2493 4089 2672 4129 mores
2699 4076 3052 4132 circumvenit
3081 4093 3096 4132 :
3129 4077 3213 4131 hic
3241 4093 3362 4132 cum
3392 4076 3608 4132 ﬂuvium
3635 4089 3883 4134 cerneret
3908 4080 3963 4135 in

2371 4166 2569 4221 lavacri
2615 4166 2873 4237 piscinam
2916 4182 3150 4234 versum,
3197 4176 3252 4223 et
3288 4168 3502 4224 alveum
3542 4168 3724 4223 divino
3765 4170 3966 4239 Spiritu

2373 4255 2666 4328 perfusum,
2699 4273 2868 4329 usque
2892 4258 2959 4314 ad
2990 4260 3161 4330 ipsum
3191 4259 3408 4315 ﬂuvium
3434 4259 3619 4314 beatas
3644 4259 3764 4316 illas
3784 4275 3970 4332 persc-

2372 4362 2567 4424 quutus
2587 4393 2603 4418 ,
2632 4353 2700 4407 ab
2729 4353 2881 4423 aquis
2907 4351 3012 4407 illis
3051 4367 3174 4406 cum
3210 4352 3334 4422 igne
3372 4352 3634 4421 spirituali
3659 4354 3971 4409 commixtis

2374 4450 2619 4520 repulsus
2657 4457 2775 4513 est;
2819 4455 2982 4516 atque
3023 4445 3215 4500 fastum
3253 4461 3410 4500 suum
3437 4446 3616 4500 animo
3643 4447 3927 4503 revolvens
3952 4491 3971 4514 ,

2378 4551 2617 4599 veterum
2645 4540 3011 4595 machinarum
3038 4553 3254 4592 suarum
3281 4552 3465 4593 casum
3486 4537 3802 4608 deplorabat
3831 4555 3845 4593 :
3875 4541 3972 4596 fal-

2377 4635 2526 4692 laciis
2546 4643 2880 4707 opportunas
2908 4632 3386 4703 formidolosasque
3407 4633 3535 4687 olim
3565 4633 3837 4702 mulieres,
3857 4634 3972 4703 jam

2377 4729 2630 4784 audacter
2649 4737 2837 4783 contra
2864 4735 3092 4780 mortem
3122 4725 3459 4781 decertantes
3483 4725 3754 4791 cernebat,
3785 4737 3839 4782 et
3862 4727 3978 4782 cal-

2378 4834 2625 4886 eaneum,
2655 4833 2815 4890 quem
2845 4817 3190 4887 supplantare
3208 4816 3457 4884 volebat,
3483 4831 3513 4870 a
3536 4825 3676 4872 terra
3701 4816 3755 4872 in
3779 4816 3974 4872 caelum

2381 4911 2702 4968 insilientem
2729 4909 2963 4965 videbat.
2987 4907 3182 4964 Verum
3213 4918 3491 4980 postquam
3525 4919 3728 4979 tropaea
3752 4920 3983 4980 gestan-

2382 5003 2511 5056 tium
2542 5001 2824 5056 mulierum
2865 4999 3052 5054 laudes
3092 5008 3175 5053 sat
3214 5000 3524 5070 prosequuti
3563 5015 3783 5068 sumus,
3814 5011 3979 5073 atque

2382 5101 2698 5164 argumento
2725 5092 2876 5147 utilia
2906 5090 3131 5146 subinde
3157 5089 3538 5146 admiscuimus
3555 5132 3573 5159 ,
3603 5103 3866 5170 vetusque
3892 5110 3981 5150 se-

2384 5185 2626 5254 pulcrum
2668 5198 2811 5238 novo
2847 5181 3092 5251 sepulcro
3129 5183 3545 5246 exornavimus,
3587 5192 3749 5253 atque
3787 5184 3980 5239 miram

2385 5274 2832 5330 resurrectionem
2857 5288 2978 5328 cum
3010 5282 3358 5342 permanente
3381 5284 3553 5330 morte
3573 5275 3869 5343 junxinms,
3895 5279 3984 5332 vi-

2387 5367 2460 5421 ris
2481 5380 2613 5420 vero
2635 5375 2796 5435 atque
2824 5365 3137 5419 mulieribus
3160 5364 3402 5436 exempla
3433 5365 3500 5422 ad
3526 5366 3773 5421 virtutem
3796 5376 3851 5423 et
3871 5370 3989 5438 pie-

2389 5467 2550 5514 tatem
2581 5457 2958 5528 prOposuimus
2979 5497 2993 5521 ,
3035 5467 3315 5526 postquam
3360 5458 3624 5513 celebrem
3654 5459 3858 5513 obitum
3887 5503 3903 5523 ,
3931 5471 3992 5515 et

2390 5551 2744 5606 desideratam
2775 5549 3221 5605 resurrectionem
3253 5550 3608 5618 ostendimus,
3637 5553 3833 5620 gratias
3861 5567 3993 5622 aga-

2393 5658 2510 5696 mus
2532 5641 2767 5705 Christo,
2793 5642 2880 5710 qui
2907 5650 3222 5711 potestatem
3253 5640 3410 5694 habet
3437 5644 3556 5695 vitte
3583 5651 3634 5696 et
3657 5643 3844 5696 mortis
3865 5659 3879 5695 :
3903 5646 3996 5698 cui

2395 5734 2562 5805 gloria
2591 5742 2644 5787 et
2672 5735 2973 5802 imperium,
3003 5750 3107 5787 una
3133 5749 3253 5787 cum
3279 5733 3432 5786 Patre
3460 5750 3513 5787 ct
3539 5746 3723 5791 sancto
3752 5732 3998 5792 viviﬁoo-

2400 5841 2501 5896 que
2529 5823 2750 5894 Spiritu,
2775 5827 2824 5879 iu
2852 5826 3043 5880 sa‘cula
3071 5823 3407 5880 srecularum.
3440 5827 3629 5882 Amen.
