4246 6320
359 305 464 361 ωε

1394 300 1478 365 DE
1516 306 1806 368 SANCTIS
1837 306 2297 365 MABTYRIBUS
2335 300 2588 360 SERMO.

3524 301 3634 354 διδ

371 519 3614 556 W

359 938 464 999 ET
512 937 592 998 IN
642 935 813 998 EAM
858 935 1094 1034 CUIUS
1145 931 1718 996 ARGUMENTUM
1761 931 1934 1009 EST,
1966 931 2135 994 NON
2169 930 2361 994 ESSE
2391 930 2499 992 AD
2541 928 2919 991 GRATIALI
2952 927 3619 994 CONCIONANDUM‘.
3693 961 3698 968 -

352 1359 498 1415 ricos
526 1366 844 1414 sanctorum
877 1371 1158 1414 sermones
1187 1372 1295 1414 non
1346 1357 1635 1433 pertineat,
1675 1358 1866 1430 religio
1903 1357 2008 1414 fuit
2043 1375 2163 1419 eam
2198 1373 2230 1413 a
2259 1358 2585 1430 praecedenti
2625 1358 2892 1415 concione
2946 1359 3288 1432 disjungcre,
3323 1364 3452 1434 quia
3515 1378 3623 1422 οω-

350 1480 501 1540 piam
523 1469 590 1526 de
619 1469 839 1542 indigne
865 1470 1408 1530 commnnicantihus
1445 1473 1788 1545 hypothesim
1821 1488 1884 1530 ca
1915 1488 2080 1545 quam
2128 1473 2367 1531 diximus
2394 1472 2686 1530 occasione
2722 1473 2921 1535 ductus
2962 1473 3050 1530 hic
3089 1477 3462 1546 prosequitur.
3483 1477 3627 1544 Quo

347 1601 497 1641 anno
518 1594 806 1657 utramque
836 1587 1085 1644 habuerit
1112 1588 1392 1645 homiliam
1431 1587 1881 1662 Chrysostomus,
1929 1605 1997 1646 ne
2024 1591 2336 1662 conjectura
2375 1591 2595 1663 quidem
2639 1590 2861 1662 assequi
2896 1589 3184 1647 valemus:
3214 1589 3316 1646 hoc
3339 1600 3608 1646 unnm'es

347 1702 589 1759 secunda
619 1703 864 1770 homilia,
893 1704 978 1761 cui
1015 1705 1228 1771 titulus,
1261 1703 1388 1762 Non
1422 1723 1533 1763 esse
1560 1706 1631 1761 ad
1661 1709 1889 1779 gratiam
1914 1707 2359 1776 concinentium,
2389 1707 2662 1778 expiscari
2700 1721 2864 1778 posse
2901 1707 3171 1771 videmur,
3209 1721 3402 1778 nempe
3447 1707 3604 1763 habi-

345 1827 460 1873 tam
509 1828 799 1892 utramque
828 1819 1002 1878 fuisse
1033 1832 1157 1893 post
1207 1821 1501 1880 Homiliam
1549 1824 1617 1881 de
1653 1822 1861 1880 Lazaro
1893 1841 1907 1878 :
1939 1824 2072 1880 dicit
2120 1824 2266 1880 enim
2299 1794 2358 1879 S.
2386 1823 2581 1880 doctor
2606 1839 2760 1879 num.
2792 1824 2826 1879 5
2855 1823 2923 1879 de
2961 1821 3170 1880 Lazaro
3211 1823 3444 1895 loquens
3473 1843 3488 1880 :
3527 1822 3596 1880 Et

341 1934 474 2006 quid
510 1951 640 2005 opus
671 1945 750 1991 est
775 1924 1283 2008 parabolant'totam
1314 1941 1659 2009 percurrere?
1689 1939 1893 2012 Quippe
1922 1940 2090 1996 nostis
2121 1939 2402 1993 historiam
2423 1954 2650 2007 omnem,
2679 1937 3049 1993 crudelitatem
3075 1937 3278 2003 divitis,
3303 1954 3404 2009 quo
3445 1949 3606 2009 pacto

346 2050 648 2106 mendicum
672 2053 984 2122 participem
1011 2068 1204 2108 mense
1230 2069 1333 2107 non
1355 2053 1577 2122 faceret,
1608 2064 1890 2126 egestatem
1926 2055 2073 2111 illius
2104 2070 2165 2108 ac
2194 2053 2416 2124 famem,
2443 2069 2563 2108 cum
2590 2069 2697 2123 qua
2720 2061 2969 2124 perpetuo
2997 2052 3430 2122 conﬂictabatur.
3467 2053 3602 2119 Qum

343 2179 480 2219 sane
509 2164 760 2224 videntur
789 2175 914 2237 post
932 2145 1214 2224 sermones
1236 2150 1303 2222 de
1342 2163 1552 2222 Lazaro
1575 2165 1740 2234 dicta,
1772 2168 1900 2224 licet
1929 2168 1984 2224 id
2005 2167 2277 2224 afﬁrmare
2307 2182 2417 2226 non
2442 2168 2644 2226 ausim.
2676 2165 2798 2236 Quo
2827 2173 3014 2224 autem
3041 2181 3188 2224 anno
3217 2182 3503 2225 sermones
3534 2147 3602 2228 de

343 2275 557 2331 lauro
584 2273 715 2331 dicti
747 2274 974 2344 fuerint,
1006 2277 1214 2349 pariter
1254 2279 1548 2347 incertum,
1580 2286 1640 2334 ut
1673 2277 1914 2338 vidimus
1939 2279 1996 2335 in
2017 2278 2236 2337 ‘Monito
2261 2280 2331 2337 ad
2357 2279 2606 2338 eosdem.

417 2408 714 2485 Utriusque
739 2413 1242 2485 interpretationem
1273 2414 1521 2472 Latinam
1557 2415 1729 2474 edidit
1757 2415 1964 2474 Fronto
1997 2414 2247 2474 Ducaeus.

352 2991 484 3037 CUI
529 2987 858 3034 EPISCOPUS
899 2985 1255 3047 MARTYIUH
1297 2983 1459 3027 ωειι
1502 2982 1655 3024 ROB!
1699 2977 2023 3023 CELEBMT

1935 2977 2121 3021 ATU]!
2165 2979 2466 3036 ABIISSET,
2513 2982 2787 3029 BABITUS
2832 2984 2948 3028 EST
2984 2985 3046 3032 IN
3095 2988 3261 3036 URBE
3303 2990 3510 3047 θεαιιο
3552 2994 3612 3040 III

983 3085 1343 3141 κητηεε,
1389 3085 1472 3128 ΕΤ
1513 3085 1596 3127 ΒΕ
1640 3079 2129 3127 ροιίιιῠιιοτιοκις
2172 3079 2397 3126 0011018
2439 3083 2520 3127 ΕΤ
2567 3084 2660 3133 ει]

1329 3112 1343 3141 ,
1389 3085 1472 3128 ΕΤ
1513 3085 1596 3127 ΒΕ
1640 3079 2129 3127 COMPUNC‘NONB
2172 3079 2397 3126 CORDIS
2439 3083 2520 3127 ΕΤ
2567 3084 3006 3134 ΕιΒΕΜΟΒΥΝΔ.

1807 3245 2126 3304 διείρεαι-ιο

416 3421 474 3476 1.
514 3419 637 3475 ﬂeri
661 3426 949 3488 martyrum
969 3415 1083 3470 dies
1114 3413 1231 3480 fuit,
1261 3411 1354 3467 sed
1381 3420 1435 3465 ct
1455 3410 1612 3465 hodie
1635 3397 1931 3481 martyrum

348 3511 466 3567 dies
493 3518 572 3564 est
604 3527 617 3564 :
646 3517 805 3580 atque
832 3506 1032 3562 utinam
1063 3518 1276 3573 semper
1303 3502 1443 3557 diem
1470 3509 1761 3572 martyrum
1786 3499 1931 3554 cele-

347 3602 649 3656 braremus.
677 3598 735 3654 Si
766 3596 908 3653 enim
937 3595 1011 3652 illi
1031 3638 1045 3662 ,
1072 3595 1161 3664 qui
1187 3594 1375 3648 insano
1401 3590 1726 3647 theatrorum
1748 3604 1932 3645 amore

348 3694 616 3770 ducuntur
633 3731 650 3757 ,
677 3697 732 3745 et
757 3689 1026 3743 circenses
1057 3673 1209 3741 ludos
1233 3684 1301 3740 ad
1330 3693 1603 3754 stuporem
1633 3696 1800 3753 usque
1824 3681 1931 3735 mi-

349 3791 557 3847 rantur,
581 3795 867 3852 numquam
894 3778 1138 3849 turpihus
1164 3777 1269 3832 illis
1288 3775 1604 3848 spectaculis
1625 3773 1882 3829 satiantur
1913 3791 1928 3827 :

352 3875 521 3930 multo
546 3873 748 3942 aequius
773 3879 873 3936 est,
903 3880 962 3925 ut
989 3878 1289 3923 sanctorum
1319 3865 1616 3922 festivitatis
1640 3864 1930 3920 celebratio

349 3966 504 4022 nobis
529 3965 827 4019 satietatem
866 3971 922 4017 et
965 3960 1234 4016 fastidium
1274 3971 1560 4027 numquam
1591 3955 1780 4026 pariat.
1818 3953 1930 4009 Illic

347 4069 542 4128 pompa
572 4062 654 4108 est
693 4053 951 4108 diabolica
976 4092 992 4118 ,
1021 4051 1108 4105 hic
1151 4047 1406 4103 festivitas
1444 4046 1745 4101 Christiana
1776 4063 1791 4100 :
1823 4045 1930 4100 illic

348 4147 615 4202 exsultant
640 4143 912 4199 daemones
931 4183 946 4206 ,
979 4142 1065 4197 hic
1088 4139 1263 4210 angeli
1292 4138 1520 4193 choreas
1550 4135 1788 4192 ducunt:
1818 4135 1929 4191 illic

349 4238 648 4294 animarum
688 4234 987 4307 pernicies,
1018 4234 1104 4289 hic
1147 4233 1290 4288 salus
1317 4245 1502 4286 eorum
1531 4229 1765 4284 omnium
1791 4269 1805 4292 ,
1838 4227 1928 4297 qui

348 4336 759 4400 congregantur.
790 4330 858 4381 At
900 4325 1098 4380 habent
1137 4324 1222 4378 illa
1251 4321 1533 4393 quamdam
1559 4319 1929 4390 voluptatum?

348 4421 466 4477 Non
494 4436 622 4477 sane
653 4429 851 4475 tantam
877 4461 892 4486 ,
916 4419 1168 4488 quantam
1196 4416 1315 4472 ista.
1345 4417 1474 4484 Quae
1499 4416 1638 4469 enim
1662 4454 1677 4479 ,
1710 4427 1890 4482 qua-so
1909 4454 1924 4479 ,

347 4512 594 4582 voluptas
640 4521 841 4566 temere
887 4517 942 4565 et
983 4522 1197 4579 quoquo
1238 4505 1397 4562 modo
1445 4513 1723 4560 currentes
1763 4517 1929 4572 equos

347 4599 612 4658 cernere?
656 4599 744 4654 hic
771 4613 901 4654 vero
929 4613 1036 4653 non
1075 4598 1260 4668 jugum
1297 4596 1574 4652 brutorum
1619 4592 1926 4646 animalium

346 4700 558 4762 spectas
583 4732 599 4756 ,
640 4689 732 4745 sed
773 4697 1066 4761 martyrum
1106 4687 1252 4742 mille
1291 4699 1518 4752 currus,
1549 4692 1603 4739 et
1642 4685 1806 4738 Deum
1836 4683 1926 4753 qui

347 4784 595 4840 curribus
622 4782 738 4838 istis
758 4781 1016 4853 praesidet
1039 4823 1054 4845 ,
1076 4781 1241 4850 ‘atque
1279 4779 1330 4832 in
1361 4778 1549 4834 caelum
1578 4778 1679 4831 iter
1703 4776 1830 4846 agit.
1859 4775 1929 4832 Ut

347 4877 494 4932 enim
525 4876 790 4946 intelligas
827 4882 1131 4930 sanctorum
1163 4871 1367 4926 animas
1407 4869 1502 4925 Dei
1531 4873 1744 4923 currum
1771 4881 1891 4922 esse
1911 4908 1925 4931 ,

347 4967 472 5023 audi
502 4965 812 5041 prophetam
835 4966 1099 5034 dicentem
1133 4981 1147 5016 :
1180 4962 1368 5018 Curras
1395 4958 1490 5014 Dei
1515 4959 1684 5014 decem
1708 4956 1929 5012 millibus

347 5059 634 5129 multiplex,
660 5057 821 5112 millia
833 5055 1115 5112 latantinm
1141 5052 1310 5126 (Psal.
1341 5053 1428 5107 67.
1459 5050 1526 5106 18
1545 5051 1585 5120 ).
1613 5048 1763 5116 Quod
1784 5048 1927 5103 enim

346 5149 595 5218 supernis
621 5141 903 5203 virtutibus
925 5145 1067 5202 dono
1093 5145 1255 5206 dedit,
1289 5145 1390 5198 hoc
1416 5151 1469 5197 et
1509 5147 1710 5196 natura:
1734 5149 1928 5195 nostra:

347 5241 569 5310 largitus
590 5248 692 5294 est.
713 5239 885 5308 Super
901 5235 1185 5292 Cherubim
1213 5234 1383 5300 sedet,
1411 5233 1548 5288 sicut
1576 5231 1651 5286 ait
1671 5231 1925 5302 psalmus,

347 5331 584 5387 Ascendit
615 5345 762 5401 super
789 5328 1054 5384 Cherubin:
1085 5336 1129 5381 et
1158 5325 1337 5381 volavit
1371 5323 1552 5396 (Psal.
1586 5322 1672 5378 l7.
1703 5321 1800 5393 ii)
1833 5339 1845 5376 :
1875 5330 1930 5376 ct

343 5437 562 5487 rursus,
596 5421 695 5487 Qui
719 5423 859 5476 sedes
895 5438 1046 5493 super
1070 5418 1332 5493 Clternbim
1358 5459 1373 5485 ,
1405 5425 1450 5471 et
1489 5415 1698 5470 intueris
1725 5413 1929 5484 abyssos

349 5514 370 5580 (
395 5514 532 5568 Dan.
562 5514 614 5567 5.
644 5513 773 5586 55).
805 5511 916 5567 Hoc
952 5511 1109 5567 ctiam
1150 5509 1302 5565 nobis
1341 5521 1529 5563 rursus
1554 5505 1776 5561 contulit
1802 5522 1816 5557 :
1843 5518 1927 5559 se-

345 5603 438 5661 det
465 5617 622 5675 super
650 5605 765 5660 illos
790 5645 802 5670 ,
832 5603 883 5658 in
930 5601 1081 5659 nobis
1107 5599 1308 5657 habitat
1349 5617 1363 5656 :
1397 5595 1695 5652 lnhabitabo
1723 5595 1855 5652 enim
1880 5603 1927 5653 et

2025 3407 2347 3462 inambulabo
2374 3410 2426 3462 in
2469 3409 2603 3464 vobis
2632 3410 2788 3483 (Lee.
2819 3411 2909 3466 26.
2959 3412 3025 3468 12
3050 3425 3097 3468 et
3135 3416 3192 3469 2.
3233 3417 3352 3472 Cor.
3394 3419 3446 3475 6.
3479 3421 3549 3479 16
3563 3423 3607 3494 ).

2030 3498 2111 3553 liii
2136 3497 2261 3553 facti
2288 3507 2415 3554 sunt
2439 3514 2647 3566 currus,
2683 3517 2781 3558 nos
2812 3505 3064 3573 templum
3096 3506 3300 3563 (lamus.
3337 3509 3497 3567 Vides
3523 3529 3617 3570 co-

2027 3590 2332 3660 gnationem
2359 3591 2623 3646 honoris?
2650 3592 2828 3662 vides,
2861 3611 2966 3665 quo
2993 3607 3146 3666 pacto
3176 3601 3467 3671 paclllcarit
3493 3621 3614 3676 qua

2028 3680 2082 3735 in
2108 3682 2254 3736 caelis
2291 3691 2446 3749 sunt,
2474 3692 2528 3739 et
2563 3699 2683 3753 qum
2722 3686 2773 3739 in
2807 3694 2946 3740 terra
2977 3686 3123 3760 (Col.
3168 3692 3220 3744 i.
3261 3692 3398 3766 20)?
3429 3693 3612 3767 itaque

2028 3771 2161 3825 nihil
2191 3772 2260 3827 ab
2297 3773 2500 3842 angelis
2537 3773 2830 3831 diil‘erimus
2850 3819 2864 3841 ,
2893 3778 2937 3830 si
2977 3778 3234 3833 velimus:
3253 3781 3357 3838 Sed
3386 3787 3528 3854 quod
3558 3789 3612 3845 in

2026 3861 2250 3917 exordio
2285 3865 2550 3920 sermonis
2592 3864 2855 3933 dicebam,
2890 3867 3003 3923 heri
3047 3880 3337 3942 martyrum
3375 3875 3490 3931 dies
3515 3921 3530 3944 ,
3558 3891 3615 3935 et

2029 3951 2186 4007 hodie
2213 3962 2504 4026 martyrum
2529 3954 2676 4020 dies,
2712 3971 2818 4039 non
2845 3973 3027 4034 eorum
3053 3960 3143 4029 qui
3168 3961 3307 4031 apud
3331 3978 3427 4020 nos
3450 3977 3604 4032 sunt.

2027 4045 2121 4100 sed
2159 4061 2348 4103 eorum
2378 4049 2467 4117 qui
2508 4048 2561 4103 in
2597 4049 2723 4103 villa
2755 4067 2769 4104 :
2803 4051 2911 4104 imo
2958 4065 3086 4106 vero
3119 4052 3194 4106 illi
3224 4068 3435 4125 quoque
3471 4059 3612 4127 apud

2028 4155 2128 4196 nos
2156 4149 2301 4194 sunt.
2342 4138 2473 4195 Nam
2513 4139 2565 4194 in
2602 4139 2944 4195 saecularibus
2979 4142 3194 4213 quidem
3232 4147 3459 4217 negotiis
3497 4164 3525 4203 a
3554 4167 3614 4207 se

2028 4233 2254 4288 invicem
2280 4230 2542 4287 dissident
2565 4231 2753 4285 civitas
2791 4241 2844 4288 et
2883 4232 3043 4297 vilia;
3084 4233 3136 4288 in
3181 4233 3245 4288 iis
3287 4246 3464 4292 autem
3489 4255 3610 4309 qua:

2028 4323 2093 4379 ad
2135 4324 2446 4394 religionem
2491 4323 2795 4394 pertinent,
2827 4325 3221 4380 communicant
3263 4334 3317 4380 et
3355 4330 3612 4386 uniuntur

2027 4415 2166 4470 inter
2191 4429 2251 4471 se
2291 4414 2538 4470 invicem.
2571 4412 2688 4468 Noli
2728 4415 2871 4469 enim
2915 4415 3193 4469 barbaram
3234 4416 3468 4487 ipsorum
3501 4418 3607 4475 lin-

2027 4521 2183 4576 guam
2233 4514 2495 4574 spectare,
2546 4504 2640 4560 sed
2690 4505 2924 4559 animum
2977 4505 3214 4574 ipsorum
3265 4507 3606 4580 philosophia

2027 4598 2316 4654 excultum.
2345 4596 2479 4664 Quid
2517 4597 2658 4651 enim
2705 4598 2896 4667 linguas
2933 4599 3237 4656 communio
3276 4602 3530 4672 prodest,
3559 4605 3610 4664 si

2027 4689 2189 4744 animi
2218 4689 2324 4743 sint
2352 4687 2553 4743 divisi?
2578 4686 2702 4758 quid
2730 4703 2857 4742 vero
2882 4688 3162 4744 diversitas
3191 4691 3384 4763 lingua:
3416 4709 3566 4753 nocet
3587 4743 3604 4762 ,

2026 4780 2070 4834 si
2103 4778 2206 4834 tlde
2229 4779 2549 4848 jungamur‘l
2579 4777 2688 4832 liae
2730 4776 2935 4833 ratione
2976 4792 3150 4849 neque
3177 4780 3296 4835 villa
3324 4781 3611 4840 deterioris

2024 4870 2344 4927 conditionis
2370 4885 2528 4940 quam
2557 4869 2742 4924 civitas
2760 4910 2774 4936 ,
2811 4883 2934 4924 cum
2963 4869 3018 4924 in
3041 4883 3108 4925 eo
3129 4909 3146 4937 ,
3174 4871 3317 4942 quod
3343 4873 3612 4927 bonorum

2023 4971 2183 5034 caput
2218 4972 2301 5018 est
2326 5006 2340 5027 ,
2370 4962 2628 5032 aequalem
2668 4961 2926 5016 honorem
2970 4961 3280 5018 sortiantur.
3316 4963 3606 5035 Propterea

2024 5071 2234 5128 quoque
2266 5055 2521 5110 Dominus
2564 5062 2748 5109 noster
2771 5051 2930 5109 Jews
2965 5050 3210 5110 Christus
3241 5069 3359 5114 non.
3378 5053 3432 5111 in
3459 5056 3606 5128 πω.

2025 5122 2124 5204 bus
2152 5122 2483 5213 versabatur,
2510 5156 2563 5201 et
2589 5145 2739 5200 villas
2765 5159 2961 5200 vacuas
2985 5160 3048 5201 ac
3073 5145 3312 5202 desertas
3339 5122 3609 5219 relinque;

2024 5239 2116 5295 bat
2136 5282 2151 5305 ,
2182 5239 2274 5296 sed
2315 5236 2628 5309 peragrabat
2667 5238 2910 5294 civitates
2945 5245 2999 5291 et
3027 5236 3244 5293 castella
3265 5278 3281 5304 ,
3311 5238 3609 5308 pradicans

2024 5324 2448 5397 Evangelinmet
2477 5342 2669 5382 sanans
2711 5343 2924 5384 omnem
2965 5327 3274 5396 languorem
3309 5338 3361 5384 et
3389 5344 3603 5385 omnem

2023 5420 2380 5475 infirmitatem
2426 5415 2593 5488 (Luc.
2635 5419 2684 5473 7.
2725 5416 2791 5471 21
2837 5436 2854 5484 ς
2900 5417 3085 5473 Matth.
3126 5420 3180 5474 4.
3211 5416 3338 5492 ει).
3371 5418 3524 5475 Hunc
3553 5431 3606 5477 et

2021 5512 2317 5570 communis
2356 5519 2538 5580 pastor
2577 5521 2759 5565 noster
2801 5526 2864 5567 ac
2906 5510 3094 5568 doctor
3124 5511 3204 5582 (a)
3234 5511 3466 5570 imitatus
3504 5527 3604 5572 nos

2084 5625 2158 5688 (al
2191 5634 2257 5676 De
2280 5623 2497 5674 Flaviano
2517 5622 2741 5686 loquitur.
