4246 6320
650 336 746 391 647

647 454 903 517 deseruit,
933 462 981 505 et
1016 450 1080 505 ad
1112 450 1231 504 illos
1260 450 1527 521 profectus
1552 459 1668 513 est;
1702 451 1808 503 imo
1838 466 1962 506 vero
1993 467 2095 505 non
2124 450 2220 506 de-

645 548 811 599 st-ruit
839 557 955 608 nos,
984 556 1104 595 cum
1138 540 1200 594 ad
1230 541 1347 594 illos
1386 539 1511 594 abiit
1538 580 1554 605 ,
1586 541 1780 610 quippe
1821 541 1911 610 qui
1937 540 2006 595 ad
2032 540 2223 597 fratres

645 643 855 686 nostros
875 631 1087 685 abierit.
1111 630 1177 685 Et
1197 629 1640 701 quemadmodum
1662 646 1783 685 eum
1809 631 2220 687 Maccabazorum

647 724 835 779 festum
862 722 1247 787 celebraretur,
1277 722 1327 775 in
1352 720 1538 777 urbem
1569 723 1686 777 villa
1714 723 1886 777 omnis
1909 722 2073 777 effusa
2101 736 2181 779 est
2207 745 2220 780 :

645 818 715 871 ita
742 831 865 871 cum
893 825 1201 886 martyrum,
1233 814 1320 883 qui
1351 814 1459 869 illic
1483 814 1781 884 quiescunt,
1817 813 2005 868 festum
2035 830 2222 885 agere-

645 917 753 973 tur,
780 921 920 961 nunc
949 905 1132 960 urbem
1161 912 1324 958 totam
1342 904 1407 959 ad
1429 904 1546 959 illos
1565 905 1791 974 oportuit
1828 920 1885 959 se
1912 905 2219 962 transferre.

645 1000 929 1069 Propterea
962 1012 1188 1069 namque
1220 1013 1324 1051 non
1365 998 1416 1051 in
1457 996 1677 1052 urbibus
1716 1006 1917 1073 tantum
1946 986 2225 1054 collocarit

646 1100 905 1161 martyres
928 1088 1089 1152 Deus,
1117 1087 1211 1142 sed
1238 1086 1397 1142 etiam
1433 1088 1484 1140 in
1515 1087 1652 1142 villis
1679 1086 1827 1157 ipsis,
1863 1095 1920 1140 ut
1947 1103 2011 1143 ex
2039 1088 2224 1143 diebus

647 1178 797 1235 festis
822 1177 1132 1234 commercii
1160 1186 1216 1233 et
1237 1176 1487 1245 colloquii
1518 1178 1815 1231 necessaria
1843 1178 1995 1232 nobis
2018 1180 2225 1233 occasio

643 1275 798 1326 detur
826 1288 840 1323 :
873 1279 1030 1339 atque
1051 1269 1183 1324 adeo
1214 1269 1390 1339 plures
1422 1270 1472 1323 iu
1500 1267 1659 1334 villis,
1688 1285 1845 1338 quam
1876 1270 1926 1324 in
1954 1270 2100 1325 urbe.
2136 1269 2222 1323 lu-

644 1363 825 1418 feriori
854 1364 995 1417 enim
1027 1360 1462 1416 abundantiorem
1511 1360 1765 1415 honorem
1808 1362 2059 1430 impertiit
2088 1364 2225 1417 Deus

649 1454 727 1528 (Ι.
753 1454 869 1511 Cor.
905 1455 990 1518 i2.
1017 1455 1119 1525 25)
1143 1496 1163 1522 ,
1187 1453 1325 1523 quod
1350 1452 1662 1507 imbecillior
1687 1454 1754 1507 sit
1782 1469 1903 1523 pars
1934 1454 2019 1508 illa
2054 1472 2065 1507 :
2099 1470 2224 1525 pro-

648 1558 827 1617 pterea
870 1546 1055 1615 majori
1094 1560 1213 1600 eam
1256 1544 1492 1599 subsidio
1537 1546 1789 1615 cultuque
1837 1546 2083 1615 dignatus
2119 1557 2221 1600 est.

651 1639 783 1693 Nam
812 1638 843 1693 ii
872 1638 1081 1708 quidem
1122 1637 1210 1707 qui
1239 1636 1397 1691 urbes
1437 1636 1707 1702 incolunt,
1737 1637 1943 1691 assidua
1982 1636 2226 1691 doctrina

648 1731 929 1792 fruuntur;
976 1738 1029 1783 at
1054 1729 1142 1800 qui
1170 1727 1367 1798 degunt
1397 1728 1447 1781 in
1480 1727 1638 1797 agris,
1673 1741 1775 1781 non
1816 1735 1957 1781 tanta
1985 1727 2227 1798 largitate

653 1822 944 1889 potiuntur.

726 1911 975 1980 Martyres
1014 1928 1126 1963 cum
1155 1910 1437 1965 doctoribus
1475 1910 1819 1979 conferuntur.
1857 1907 1984 1965 Plus
2012 1926 2222 1981 persua-

659 2005 775 2057 dent
812 2004 946 2072 fncta
973 2020 1121 2072 quam
1152 2003 1305 2055 dicta.
1332 2033 1401 2041 ——-
1429 2001 1607 2070 Itaque
1630 2000 1908 2055 doctorum
1954 2002 2225 2070 penuriatu

647 2105 937 2165 martyrum
968 2094 1289 2148 abundantia
1329 2092 1528 2147 solatus
1557 2101 1637 2147 est
1669 2092 1827 2155 Deus,
1854 2102 1907 2145 et
1947 2092 2015 2145 ita
2044 2091 2225 2161 dispo—

646 2186 769 2247 suit,
800 2194 856 2238 ut
898 2184 1077 2253 plures
1112 2183 1249 2253 apud
1290 2183 1408 2236 illos
1448 2192 1710 2253 martyres
1748 2182 2111 2252 sepelirentur.
2152 2183 2224 2236 Illi

646 2276 923 2331 doctorum
972 2275 1183 2345 quidem
1238 2274 1469 2345 linguam
1525 2284 1782 2345 perpetuo
1832 2289 1936 2329 non
1984 2274 2222 2340 audiunt,

650 2368 745 2422 sed
769 2376 1061 2437 martyrum
1086 2381 1270 2421 vocem
1300 2382 1331 2420 e
1360 2366 1607 2436 sepulcro
1634 2376 1973 2421 resonantem
2001 2376 2055 2421 et
2084 2367 2227 2437 ipsos

644 2459 1027 2529 adloquentem,
1059 2474 1179 2530 qua:
1208 2458 1377 2512 multo
1410 2458 1596 2528 majori
1622 2460 1816 2514 virtute
1846 2459 2021 2529 pollet.
2055 2460 2227 2529 Atque

647 2560 702 2605 ut
733 2550 1036 2621 iutelligatis
1066 2550 1254 2621 majori
1304 2549 1505 2620 pollere
1536 2553 1733 2605 virtute
1778 2560 2037 2622 martyres
2066 2552 2225 2606 etiam

645 2642 885 2710 silentes,
917 2658 1073 2713 quam
1102 2656 1199 2696 nos
1228 2643 1315 2711 qui
1346 2642 1613 2712 IOquimur
1643 2660 1655 2696 :
1688 2643 1835 2696 multi
1863 2658 2229 2713 saepenumero

649 2735 775 2788 dum
800 2732 938 2801 apud
964 2731 1159 2787 multos
1187 2732 1254 2787 de
1277 2716 1470 2786 virtute
1499 2732 1655 2786 verba
1684 2733 1899 2798 faciunt,
1937 2733 2065 2787 nihil
2108 2748 2229 2803 pro-

650 2828 919 2890 fecerunt;
946 2825 1033 2880 alii
1062 2839 1189 2879 vero
1204 2825 1363 2877 etiam
1396 2832 1630 2878 tacentes
1646 2823 1714 2877 ob
1734 2823 1853 2877 vita:
1874 2824 2225 2893 integritatem

651 2927 704 2971 et
732 2914 1069 2987 splendorem
1099 2915 1260 2971 multa
1289 2915 1500 2985 egregia
1528 2914 1758 2968 facinora
1783 2924 2055 2984 patrarunt
2078 2935 2089 2970 :
2124 2917 2223 2969 ita-

612 3025 624 3041 ν
646 3024 748 3077 que
769 3008 1178 3075 multoamplius
1204 3017 1465 3085 martyres
1487 3006 1587 3061 hoc
1608 3006 1865 3073 fecerunt,
1886 3023 1989 3061 non
2009 3009 2226 3077 quidem

647 3100 823 3169 lingua
854 3099 1181 3154 efformatam
1214 3113 1396 3154 vocem
1422 3100 1710 3164 mittentes,
1736 3098 1827 3153 sed
1852 3099 1993 3152 illam
2017 3115 2133 3170 quae
2160 3116 2227 3154 ex

650 3192 813 3245 rebus
864 3189 992 3260 ipsis
1040 3190 1205 3245 multo
1255 3189 1452 3244 clarius
1498 3199 1730 3254 resonat,
1759 3206 1917 3259 quam
1967 3207 2085 3261 qua:
2134 3206 2228 3246 ore

650 3282 937 3349 profertur,
970 3296 1072 3351 qua
1104 3280 1348 3334 nimiru’m
1382 3288 1545 3333 totum
1572 3295 1739 3349 genus
1767 3279 2055 3334 humanum
2096 3282 2225 3335 allo-

648 3382 901 3440 quuntur,
931 3370 1016 3425 his
1041 3371 1215 3425 verbis
1244 3378 1490 3424 utentes:
1522 3368 1789 3438 Respicite
1822 3370 1871 3423 in
1904 3386 2019 3436 uos,
2052 3371 2221 3438 qualia

647 3464 791 3533 passi
824 3449 1076 3517 fuerimus
1108 3462 1265 3517 mala.
1294 3461 1429 3529 Quid
1470 3462 1610 3516 enim
1641 3462 1781 3531 passi
1809 3478 2009 3528 sumus,
2041 3464 2126 3533 qui
2158 3463 2223 3516 ad

649 3564 871 3609 mortem
901 3553 1131 3606 damnati
1180 3567 1387 3617 sumus,
1420 3566 1482 3605 ac
1537 3552 1698 3605 vitam
1752 3560 2004 3606 a-ternam
2050 3552 2224 3621 adepti

648 3643 871 3698 sumus?
925 3642 1073 3711 Digni
1120 3642 1283 3695 habiti
1327 3656 1529 3707 sumus,
1578 3642 1663 3711 qui
1697 3652 1909 3711 prepter
1953 3642 2224 3697 Christum

651 3751 873 3805 corpora
896 3749 1215 3804 poneremus
1237 3753 1251 3789 :
1274 3733 1413 3803 quod
1440 3734 1484 3787 si
1515 3749 1652 3788 nunc
1676 3734 1779 3789 illis
1805 3749 1901 3789 nos
1922 3750 2025 3789 non
2052 3737 2229 3790 exuis~

650 3844 853 3893 senius,
888 3827 1045 3896 paulo
1095 3835 1214 3896 post
1257 3827 1415 3880 etiam
1466 3826 1617 3880 inviti
1662 3828 2032 3896 temporariam
2091 3828 2227 3883 hanc

648 3919 862 3972 illorum
904 3916 1357 3983 vitamamissuri
1389 3930 1619 3971 eramus.
1665 3916 1719 3971 Si
1767 3933 1871 3970 non
1921 3918 2228 3973 advenisset

649 4007 992 4076 martyrium,
1039 4019 1207 4073 eaque
1255 4006 1406 4058 nobis
1456 4004 1776 4068 abstulisset,
1825 4013 1880 4057 at
1931 4007 2228 4062 communis

650 4107 861 4150 natura:
882 4104 1075 4149 nostra:
1106 4109 1250 4149 mors
1282 4110 1377 4147 nos
1408 4094 1703 4158 invasisset,
1738 4109 1907 4163 eaque
1936 4096 2088 4165 plane
2114 4098 2227 4151 dis-

654 4190 917 4243 solvisset.
953 4186 1235 4255 Propterea
1270 4185 1376 4239 Deo
1401 4186 1598 4256 gratias
1628 4201 1783 4255 agere
1805 4200 1907 4241 non
1933 4202 2223 4254 cessamus,

652 4279 789 4347 quod
817 4278 932 4346 ejus
971 4276 1229 4330 beneficio
1277 4275 1429 4329 nobis
1475 4275 1772 4345 contigerit,
1803 4285 1859 4329 ut
1893 4288 2084 4344 morte,
2112 4296 2228 4347 quae

653 4370 868 4422 omnino
899 4367 1048 4421 nobis
1078 4366 1373 4435 oppetenda
1402 4374 1535 4430 erat,
1566 4367 1631 4420 ad
1664 4377 1961 4421 nostrarum
2001 4370 2228 4423 salutem

652 4462 945 4515 animarum
990 4469 1279 4522 uteremur,
1309 4457 1553 4528 quodque
1599 4474 1711 4513 rem
1752 4462 2051 4516 necessario
2082 4462 2229 4516 delii-

656 4562 759 4605 tam
791 4560 1061 4619 tamquam
1084 4548 1277 4601 donum
1304 4548 1537 4617 aliquod,
1566 4563 1627 4603 ac
1656 4553 1845 4603 summi
1877 4566 2041 4620 genus
2063 4552 2231 4607 hono-

657 4645 732 4697 ris
762 4659 789 4696 a
820 4642 971 4697 nobis
1000 4641 1281 4711 acceperit.
1308 4642 1374 4694 At
1394 4640 1536 4694 enim
1566 4642 1784 4696 molesta
1812 4653 1933 4697 sunt
1959 4653 2011 4697 et
2038 4646 2228 4699 acerba

659 4742 936 4787 tormenta.
955 4731 1061 4785 Sed
1089 4731 1231 4784 brevi
1256 4732 1508 4800 temporis
1532 4742 1801 4785 momento
1822 4733 2089 4789 feruntur:
2112 4750 2230 4805 qua:

659 4844 787 4880 vero
816 4841 906 4895 per
935 4825 1024 4877 illa
1052 4824 1293 4891 voluptas
1322 4823 1628 4891 acquiritur,
1663 4825 1997 4893 sempiternis
2024 4827 2233 4879 smculis

656 4932 837 4973 eoneva
869 4916 1060 4979 durat;
1109 4914 1215 4967 imo
1262 4928 1387 4968 vero
1414 4931 1481 4967 ne
1525 4914 1669 4969 brevi
1719 4915 1928 4983 quidem
1980 4918 2235 4987 temporis

658 5013 927 5063 momento
955 5004 1175 5060 molesta
1216 5014 1337 5058 sunt
1365 5004 1625 5059 tor‘menta
1663 5005 1785 5071 illis,
1813 5005 1899 5075 qui
1940 5006 2110 5060 futura
2144 5025 2231 5063 re-

661 5099 911 5169 spiciunt,
941 5104 995 5150 et
1014 5096 1077 5148 ad
1108 5095 1414 5149 certaminis
1454 5096 1736 5164 przesidem
1774 5111 1834 5150 ac
1864 5109 2229 5154 remunerato—

666 5206 774 5245 rem
802 5187 1053 5258 aspirarit.
1080 5185 1349 5251 Siquidem
1379 5187 1562 5239 beatus
1584 5187 1748 5242 etiam
1770 5187 2087 5255 Stephanus,
2110 5192 2231 5260 quia

660 5280 929 5335 Christum
951 5277 1116 5331 oculis
1139 5274 1259 5329 fidei
1280 5274 1551 5344 spectabat
1579 5276 1717 5344 (Act.
1739 5277 1791 5329 7.
1820 5275 1931 5345 55),
1956 5288 2231 5347 propterea

663 5370 893 5441 lapidum
943 5368 1139 5423 imbres
1185 5382 1289 5421 non
1340 5368 1677 5437 respiciebat,
1728 5368 1819 5423 sed
1865 5369 2072 5425 illorum
2117 5373 2233 5426 loco

663 5462 879 5533 praemia
907 5473 1233 5527 coronasque
1276 5458 1605 5512 numerabat.
1658 5457 1742 5513 Tu
1790 5460 1945 5529 igitur
1991 5477 2023 5514 a
2076 5462 2237 5517 rebus

661 5568 868 5623 quoque
899 5550 1241 5621 praesentibus
1276 5549 1460 5602 oculos
1504 5559 1623 5605 tuos
1648 5550 1714 5605 ad
1755 5551 1927 5607 futura
1964 5563 2232 5621 converte,

663 5660 723 5700 ac
754 5659 819 5697 ne
843 5643 1053 5696 brevem
1079 5638 1289 5710 quidem
1313 5639 1488 5707 capies
1509 5655 1723 5695 sensum
1757 5642 2037 5697 malorum.

731 5737 786 5789 ἲ.
828 5732 953 5788 Haec
1000 5741 1049 5785 et
1095 5729 1175 5783 liis
1219 5727 1367 5797 plttra
1414 5729 1593 5786 dicunt
1642 5744 1916 5805 martyres,
1967 5734 2235 5805 multoque

1345 334 1402 389 S.
1442 333 1719 390 JOANNIS
1758 331 2227 390 ClthSOS'l'Olfl
2269 331 2581 387 Αιιαιιιίρ.
2623 330 3154 390 CONSTANUSOP.

3809 309 3911 363 638

2333 445 2543 510 melius,
2585 462 2742 517 quam
2774 462 2892 512 nos,
2924 447 3265 517 persuadent.
3294 447 3425 505 Nam
3452 464 3551 521 ego
3598 448 3815 521 quidem
3860 450 3908 505 si

2331 536 2459 593 nihil
2502 536 2693 593 habere
2724 539 2985 593 molestia:
3015 549 3333 594 tormentum
3373 541 3565 607 dicam,
3590 546 3695 595 fide
3717 544 3909 609 dignus

2330 630 2547 685 minime
2576 630 2921 706 videondum
2947 632 3018 685 ita
3050 632 3241 703 loquor
3268 651 3281 686 :
3315 633 3443 688 nihil
3474 637 3670 704 quippe
3691 633 3908 688 difficile

2331 722 2504 777 verbis
2548 722 2649 778 hoc.
2693 734 2845 794 pacto
2874 723 3277 795 philosophari;
3309 734 3362 780 at
3389 742 3455 781 ex
3487 728 3613 797 ipsis
3656 728 3907 795 Operibus

2330 824 2696 883 erumpentem
2728 830 2912 869 vocem
2942 825 3145 886 martyr
3185 819 3431 871 emitteus
3452 859 3467 881 ,
3497 820 3761 873 neminem
3812 819 3906 869 ha-

2332 904 2439 971 bet,
2479 906 2568 974 qui
2609 906 2953 960 contradicat.
3006 907 3069 961 Et
3112 908 3557 977 quemadmodum
3610 909 3721 963 fieri
3774 910 3911 964 solet

2331 994 2473 1048 iutus
2507 994 2559 1048 iu
2598 996 2819 1061 balneis,
2858 997 2944 1050 uhi
2982 998 3270 1051 calidarum
3298 1012 3552 1067 aquarum
3574 998 3740 1054 fervet
3761 1001 3907 1054 lava-

2329 1099 2516 1149 erum,
2569 1100 2669 1140 nec
2715 1085 3362 1158 descendere'quisquam
3410 1088 3607 1154 audet;
3656 1090 3909 1160 quamdiu

2328 1176 2541 1243 quidem
2587 1190 2646 1230 se
2674 1176 2897 1231 invicem
2942 1179 3115 1233 verbis
3157 1180 3519 1248 cohortantur,
3548 1183 3636 1252 qui
3663 1183 3727 1237 ad
3758 1198 3908 1237 oram

2328 1264 2500 1320 balnei
2529 1267 2735 1334 sedent,
2779 1269 2977 1322 nemini
3024 1279 3197 1323 tamen
3247 1272 3597 1340 persuadent;
3652 1274 3739 1327 ubi
3781 1290 3911 1327 vero

2328 1358 2587 1428 quiSpiam
2616 1375 2681 1413 ex
2731 1360 2835 1415 illis
2880 1370 2971 1415 aut
3017 1378 3229 1416 manum
3260 1362 3555 1430 demiserit,
3596 1377 3685 1421 aut
3735 1366 3911 1421 laxato

2331 1447 2465 1517 pede
2511 1457 2676 1503 totum
2720 1464 2911 1519 corpus
2954 1450 3282 1507 confidenter
3328 1454 3627 1522 immiserit,
3670 1458 3912 1524 quamvis

2334 1548 2516 1593 tacens
2548 1540 2714 1594 multo
2740 1534 2932 1595 melius
2958 1558 3114 1611 quam
3141 1542 3231 1612 qui
3273 1543 3435 1597 multa
3462 1544 3622 1599 verba
3652 1545 3907 1611 facerent,

2330 1645 2423 1684 eos
2453 1632 2541 1700 qui
2570 1633 2831 1701 superiori
2860 1631 2981 1687 loco
3003 1634 3190 1688 sedent
3215 1635 3462 1703 adducet,
3482 1647 3539 1691 ut
3559 1638 3610 1691 in
3640 1639 3909 1693 lavacrum
3940 1702 3947 1708 _

2329 1723 2556 1778 audeant
2602 1724 2801 1780 iusilire
2834 1745 2847 1781 :
2882 1728 2958 1781 sic
3004 1728 3161 1781 etiam
3208 1727 3265 1783 fit
3307 1730 3359 1784 in
3413 1732 3781 1803 martyribus:
3827 1733 3911 1787 hic

2329 1815 2469 1867 enim
2498 1814 2614 1869 loco
2641 1814 2831 1871 lavacri
2855 1832 3005 1887 aqua:
3032 1820 3333 1888 propositus
3354 1830 3435 1876 est
3457 1838 3634 1891 rogus.
3661 1823 3800 1893 Ergo
3819 1825 3911 1893 qui

2330 1904 2459 1960 foris
2480 1907 2848 1973 circumstant,
2875 1909 2998 1963 licet
3027 1911 3320 1965 innumeris
3351 1912 3523 1981 verbis
3544 1913 3910 1977 cohortentur.

2332 2013 2434 2051 non
2481 1998 2764 2053 admodum
2809 2009 3185 2066 commovent;
3235 2002 3321 2055 ubi
3373 2018 3503 2057 vero
3549 2015 3751 2073 martyr
3777 2020 3914 2067 unus

2333 2104 2435 2142 non
2467 2089 2675 2158 pedem,
2697 2106 2800 2143 nou
2831 2106 3041 2144 manum
3069 2102 3271 2145 tantum
3299 2092 3595 2159 demiserit,
3618 2095 3710 2148 sed
3744 2104 3911 2148 totum

2331 2195 2526 2251 corpus
2555 2182 2812 2250 injecerit,
2845 2191 2954 2236 ttuu
3007 2183 3116 2249 ipsa
3164 2192 3341 2237 rerum
3384 2186 3707 2253 experientia
3748 2185 3913 2239 vehe-

2330 2272 2559 2325 mentius
2598 2287 2755 2341 quam
2797 2273 3163 2327 cohortatione
3204 2273 3287 2327 vel
3331 2275 3555 2329 consilio
3595 2277 3780 2345 quovis
3811 2277 3912 2329 im-

2335 2361 2509 2428 pellit,
2555 2371 2608 2415 et
2658 2377 2722 2417 ex
2773 2362 2969 2417 auintis
3010 2363 3466 2418 circumstantium
3519 2368 3765 2422 timerent
3814 2383 3909 2424 es-

2336 2449 2501 2518 pellit.

2406 2541 2693 2612 Martyrum
2737 2545 2963 2615 reliquie
2989 2561 3081 2599 sua
3124 2549 3389 2617 praesentia
3429 2549 3551 2619 quid
3597 2550 3913 2619 mitium.—

2333 2630 2561 2699 Videtis,
2591 2643 2649 2687 ut
2688 2637 2953 2703 potentior
2984 2636 3052 2691 sit
3080 2642 3320 2708 quamvis
3361 2640 3644 2693 tacentiutu
3677 2655 3778 2694 vox
3816 2641 3913 2695 ista

2336 2724 2689 2792 martyrum?‘
2716 2724 3001 2795 Propterea
3043 2728 3193 2782 nobis
3238 2727 3443 2782 illorum
3474 2743 3696 2798 corpora
3720 2731 3914 2785 dereli-

2332 2813 2445 2880 quit
2499 2813 2680 2868 Deus:
2715 2825 2995 2884 propterea
3044 2833 3164 2871 cum
3213 2819 3340 2871 olim
3396 2818 3637 2885 vicerint,
3688 2820 3913 2874 necdum

2334 2911 2511 2957 tamen
2558 2917 2982 2969 resurrexerunt,
3016 2907 3107 2965 sed
3152 2908 3443 2969 certamina
3491 2910 3703 2977 quidem
3748 2927 3775 2963 a
3810 2921 3912 2972 tam

2334 2992 2500 3047 multo
2532 3004 2769 3063 tempore
2813 2995 3109 3062 subierunt,
3142 3000 3584 3053 resurrectionem
3622 3015 3750 3053 vero
3778 3016 3912 3053 tton-

2330 3085 2454 3138 dum
2485 3095 2605 3140 sunt
2633 3088 2964 3157 consequuti,
2996 3088 3230 3143 nondum
3260 3102 3480 3158 propter
3508 3100 3576 3155 te,
3604 3106 3669 3144 ae
3700 3103 3913 3160 propter

2340 3191 2479 3232 tuam
2509 3178 2813 3241 utilitatem,
2842 3191 2893 3233 ut
2924 3195 3044 3234 cum
3075 3181 3219 3234 illum
3247 3181 3496 3235 athletam
3528 3182 3621 3236 tibi
3643 3194 3764 3237 ante
3791 3198 3914 3237 ocu-

2335 3268 2414 3321 los
2444 3270 2705 3336 posueris,
2732 3270 2795 3323 ad
2826 3270 3070 3324 eumdem
3102 3286 3315 3325 cursum
3354 3271 3625 3326 exciteris.
3661 3273 3789 3326 Nam
3830 3275 3912 3327 isti

2332 3358 2545 3427 quidem
2595 3359 2795 3413 nullum
2828 3360 3203 3415 detrimentum
3235 3377 3297 3415 ex
3331 3361 3587 3416 dilatione
3623 3364 3911 3431 patiuntur,

2331 3459 2386 3501 at
2416 3449 2507 3503 tibi
2538 3453 2822 3504 maximam
2854 3450 2970 3505 inec
2998 3468 3025 3503 c
3074 3451 3209 3506 -asio
3240 3453 3525 3507 utilitatem
3554 3455 3711 3522 parit.
3740 3454 3913 3524 Siqui-

2332 3540 2453 3596 dem
2486 3543 2557 3596 illi
2591 3552 2774 3612 postea
2821 3544 3103 3615 recipient,
3136 3544 3256 3599 licet
3285 3560 3427 3599 nunc
3476 3562 3580 3599 non
3624 3547 3909 3615 recipiant:

2332 3633 2470 3703 quod
2500 3634 2543 3687 si
2583 3650 2674 3688 eos
2718 3634 2783 3688 de
2813 3634 2987 3689 medio
3034 3682 3039 3685 ,
3124 3651 3168 3689 .e
3211 3634 3530 3704 abripuisset
3562 3636 3719 3700 Deus,
3753 3636 3913 3689 multa

2335 3740 2431 3778 nos
2468 3724 2837 3778 eohortatione
2866 3724 3162 3792 solatioque
3206 3725 3483 3793 privasset,
3514 3724 3653 3793 quod
3700 3740 3765 3780 ex
3793 3740 3911 3779 san-

2333 3824 2538 3868 ctorum
2581 3814 2804 3868 istorum
2835 3816 3094 3885 sepulcris
3129 3815 3195 3868 ab
3226 3815 3528 3870 hominibus
3557 3818 3763 3871 cunctis
3789 3834 3911 3887 per-

2334 3905 2547 3973 cipitur.
2578 3907 2751 3973 Atque
2778 3920 2839 3959 ea
2871 3921 2987 3973 quae
3015 3904 3257 3971 dicimus,
3282 3922 3375 3960 vos
3399 3917 3575 3961 vestro
3604 3910 3910 3967 testimonio

2332 3994 2709 4061 comprobatis.
2750 3993 2901 4061 Saepe
2930 4011 3157 4065 namque
3182 3998 3523 4066 quantumvis
3568 3998 3909 4063 utinaremur.

2334 4086 2709 4151 blandiremur,
2760 4097 3082 4142 terreremus
3107 4130 3119 4152 ,
3152 4088 3584 4153 cohortaremur,
3634 4106 3738 4145 non
3772 4100 3912 4147 tanta

2339 4178 2465 4230 estis
2492 4178 2555 4229 ad
2585 4177 2843 4231 orandum
2874 4180 3033 4231 animi
3060 4180 3332 4233 alacritate
3361 4182 3613 4235 commoti
3648 4196 3745 4234 nec
3774 4186 3914 4236 exci-

2336 4268 2461 4331 tati;
2495 4283 2611 4321 cum
2646 4283 2771 4322 vero
2817 4268 2881 4321 ad
2933 4278 3223 4339 martyrum
3270 4270 3552 4323 ecclesiam
3596 4286 3690 4324 vos
3727 4283 3914 4325 contu—

2335 4358 2489 4421 listis,
2528 4360 2740 4412 nemine
2768 4358 3101 4425 consulente,
3141 4360 3253 4413 solo
3293 4371 3597 4414 sanctorum
3629 4372 3912 4430 conspecto

2335 4452 2600 4519 supulcro,
2642 4453 2887 4521 copiosos
2934 4452 3284 4523 lacryntarum
3330 4453 3501 4508 fontes
3548 4453 3827 4519 effudistis,
3862 4466 3913 4509 et

2338 4542 2471 4593 inter
2501 4542 2756 4595 orandum
2786 4542 2993 4596 fervore
3025 4557 3126 4595 non
3157 4543 3408 4596 mediocri
3441 4544 3732 4599 exarsistis.
3756 4547 3913 4613 Atqui

2338 4644 2513 4688 mutus
2544 4649 2753 4687 summo
2791 4651 2909 4687 cum
2944 4634 3156 4688 silentio
3178 4635 3320 4702 jacet
3360 4646 3561 4707 martyr
3590 4654 3602 4690 :
3635 4638 3758 4706 qttid
3789 4654 3914 4707 ergo

2339 4725 2545 4778 tandem
2576 4734 2675 4789 est,
2700 4724 2840 4795 quod
2877 4724 3256 4779 conscientiam
3304 4727 3511 4794 pungit,
3542 4725 3831 4795 efficitque,
3860 4741 3914 4781 ut

2338 4817 2684 4886 lacrymarum
2717 4816 2973 4871 scatebra:
3019 4824 3283 4884 tamquam
3333 4832 3395 4870 ex
3430 4816 3574 4872 fonte
3607 4820 3914 4886 prosiliant?

2338 4907 2485 4974 Quod
2515 4908 2761 4961 nimirum
2788 4918 3047 4978 martyres
3080 4917 3262 4962 mente
3291 4908 3532 4971 Versetis,
3564 4919 3618 4962 et
3644 4925 3823 4963 rerum
3848 4910 3913 4965 ab

2339 4999 2439 5051 illis
2464 5008 2728 5068 gestarum
2762 4997 2912 5051 vobis
2958 4998 3209 5051 memoria
3240 4998 3536 5052 refrieetur.
3566 4999 3695 5052 Nam
3726 5016 3912 5069 quem-

2338 5089 2619 5144 admodum
2669 5102 2951 5157 pauperes,
2980 5088 3065 5142 ubi
3095 5089 3282 5143 divites
3313 5090 3447 5163 alios
3476 5090 3704 5143 viderint
3745 5092 3795 5144 in
3839 5091 3914 5146 di-

2338 5182 2624 5251 gnitatibus
2652 5183 2993 5244 constitutos,
3021 5183 3269 5236 satellitio
3320 5183 3563 5251 stipatos,
3590 5183 3767 5237 multis
3818 5184 3915 5237 lto-

2340 5271 2556 5325 noribus
2600 5271 2667 5325 ab
2697 5270 3021 5341 lmperatore
3046 5272 3362 5338 cumulatos,
3390 5274 3516 5327 dum
3566 5273 3753 5328 melius
3794 5289 3913 5343 ego-

2340 5372 2528 5417 statem
2576 5377 2723 5416 suam
2772 5378 2836 5417 ex
2893 5363 3116 5417 aliorum
3171 5366 3519 5434 prosperitate
3570 5376 3912 5431 cognoscunt,

2341 5454 2687 5525 ingemiseunt
2724 5473 2738 5509 :
2780 5455 2851 5510 ita
2900 5470 2997 5509 nos
3048 5470 3257 5526 quoque
3303 5456 3430 5510 dum
3475 5466 3728 5525 quautam
3780 5457 3913 5527 apud

2343 5548 2708 5601 Universorum
2741 5546 2940 5616 Regem
2987 5546 3149 5601 Deum
3200 5546 3443 5600 fiduciam
3497 5547 3728 5603 habeant
3773 5564 3909 5603 mar-

2343 5653 2508 5713 tyres,
2541 5644 2906 5707 recordamur,
2950 5651 3253 5714 quantoque
3299 5641 3581 5713 splendore
3628 5652 3683 5696 et
3727 5651 3911 5711 quanta

2346 5738 2509 5806 gloria
2552 5736 2803 5808 fulgeant,
2839 5745 3124 5807 nostraque
3153 5735 3304 5791 nobis
3354 5736 3409 5795 in
3452 5735 3763 5792 memoriam
3797 5748 3907 5809 νέες
