4246 6320
373 320 479 376 649

355 443 474 490 cata
501 431 756 503 redeunt,
778 428 906 487 dum
935 427 1210 500 penuriam
1237 436 1476 483 nostram
1507 422 1698 486 melius
1721 441 1794 482 ex
1821 426 1946 484 illo-

355 541 479 581 rum
522 523 714 595 opibus
756 520 1250 585 animadvertimus,
1291 518 1536 578 dolemus
1581 510 1651 573 ei
1680 519 1945 589 angimur,

359 616 486 670 ilum
531 612 901 684 intelligimus,
930 621 1130 680 quanto
1160 611 1228 666 ab
1257 609 1362 666 illis
1409 609 1694 666 intervallo
1721 625 1946 696 separe-

360 723 480 763 ntur
523 723 538 760 :
585 716 749 776 atque
799 702 904 760 hoc
943 712 1045 770 est,
1074 700 1216 774 quod
1265 701 1420 758 nobis
1469 701 1733 775 lacrymas
1777 703 1943 758 elicit.

356 798 645 869 Propterea
693 796 848 857 nobis
895 795 981 851 hic
1026 808 1254 865 corpora
1298 792 1517 864 reliquit
1565 793 1743 861 Deus,
1792 801 1851 848 ut
1898 795 1945 850 si

349 891 568 961 quando
617 889 953 960 negotiorum
999 885 1175 952 turba,
1219 899 1577 956 curarumque
1604 884 1943 944 saecularium

351 982 637 1038 multitudo
666 981 830 1039 menti
859 987 1060 1036 nostra:
1085 977 1370 1049 caliginem
1400 978 1624 1054 multam
1670 977 1939 1046 oﬂ'uderit,

348 1073 466 1131 sive
506 1087 576 1130 ex
615 1069 922 1130 domesticis
961 1069 1075 1124 sive
1106 1066 1338 1138 publicis
1382 1082 1452 1124 ex
1482 1068 1731 1139 negotiis,
1767 1070 1941 1140 qualia

348 1165 519 1224 multa
546 1165 697 1223 nasci
739 1163 915 1220 solent
957 1161 1340 1232 impedimenta
1369 1177 1384 1216 :
1426 1169 1537 1218 tum
1568 1160 1753 1222 relicta
1781 1160 1943 1219 domo

340 1272 416 1326 es
468 1258 601 1318 urbe
634 1257 870 1328 egressi,
919 1255 1005 1314 his
1050 1254 1366 1312 tumultibus
1422 1253 1542 1311 vale
1587 1252 1829 1314 dicentes
1873 1253 1940 1309 ad

345 1360 640 1422 martyrum
670 1347 978 1410 ecclesiam.
1004 1359 1106 1405 nos
1128 1344 1488 1413 coniciamus,
1515 1359 1645 1404 aura
1697 1344 1786 1411 illa
1831 1345 1940 1415 spi—

344 1441 522 1497 rituali
563 1440 826 1505 fruamur.
873 1438 1162 1498 multarum
1207 1438 1614 1508 oceupationum
1660 1436 1939 1494 oblivisca-

341 1549 485 1598 mur,
514 1533 695 1603 quiete
735 1546 837 1587 nos
861 1531 1216 1598 oblectamus,
1244 1544 1366 1590 eum
1408 1530 1610 1590 sanctis
1636 1545 1934 1599 versemur,

338 1639 443 1695 pro
470 1625 642 1682 salute
661 1632 844 1683 nostra
873 1622 1156 1695 praesidem
1185 1622 1539 1678 certaminum
1587 1623 1827 1693 ipsorum
1872 1638 1937 1680 ac

336 1724 734 1773 tnui-emtorem
764 1731 1002 1783 oremus,
1019 1714 1214 1774 multas
1240 1728 1424 1784 preces
1452 1713 1753 1781 fundamus,
1770 1723 1934 1786 atque

335 1805 806 1864 horumomnium
854 1821 1016 1876 opera
1044 1820 1166 1866 cum
1212 1819 1350 1860 onus
1375 1805 1723 1862 conscientia:
1764 1806 1932 1876 depoo

341 1899 637 1962 suerirnus,
665 1897 830 1958 multa
852 1911 974 1958 cum
999 1895 1166 1956 animi
1205 1899 1472 1967 voluptate
1495 1896 1713 1954 domum
1739 1896 1931 1955 iterum

334 1999 696 2052 revertamur.

406 2079 534 2135 Cum
562 2081 806 2151 portubus
834 2089 881 2135 et
907 2080 1130 2152 fontibus
1152 2090 1516 2153 comparantur
1538 2082 1766 2152 reliquias
1787 2080 1933 2136 Har—

333 2179 500 2240 tyrnm
523 2187 544 2236 ;
568 2189 647 2226 res
685 2172 973 2242 spirituales
1011 2171 1363 2253 distributione
1405 2182 1678 2239 crescunt;
1722 2173 1929 2247 indigne

332 2265 765 2320 conmunicantes
797 2265 1060 2335 puniendi.
1089 2295 1163 2305 —
1187 2263 1326 2319 Nihil
1357 2265 1502 2320 aliud
1546 2274 1671 2321 sunt
1721 2275 1918 2336 marty-

328 2371 449 2415 rum
475 2358 726 2426 capsula,
760 2372 920 2427 quam
945 2357 1118 2413 securi
1148 2367 1354 2428 portus,
1382 2372 1446 2413 ac
1464 2357 1819 2430 spiritualium
1851 2360 1927 2415 la-

328 2447 494 2502 ticum
521 2449 691 2503 tentes
712 2488 727 2512 ,
757 2448 992 2503 inviolati
1022 2463 1182 2517 opum
1212 2447 1448 2505 thesauri
1472 2491 1486 2514 ,
1515 2451 1604 2520 qui
1630 2465 1925 2522 numquam

327 2537 733 2594 exhauriuntur.
782 2539 846 2594 Et
867 2538 1319 2610 quemadmodum
1349 2548 1536 2610 portus
1581 2540 1708 2598 dum
1739 2541 1923 2596 multis

327 2627 578 2686 ﬂuctibus
601 2627 951 2684 circumfusas
976 2643 1142 2684 naves
1172 2629 1465 2700 excipiunt,
1495 2629 1547 2686 in
1568 2638 1680 2685 tuto
1701 2645 1793 2686 eas
1813 2631 1920 2688 col-

323 2717 502 2772 locant
527 2735 541 2772 :
567 2718 645 2773 sic
691 2718 940 2773 nimirum
970 2728 1024 2774 et
1050 2727 1342 2789 martyrum
1363 2720 1616 2790 capsulze,
1647 2720 1775 2776 dum
1810 2736 1918 2777 ste-

322 2807 595 2863 cularibus
621 2809 846 2879 negotiis
885 2808 1233 2864 circumfusas
1267 2811 1471 2869 animas
1509 2821 1732 2870 nostras.
1768 2813 1919 2869 exci-

320 2896 510 2969 piunt,
542 2897 595 2952 in
625 2899 791 2954 multa
813 2898 930 2954 illas
956 2899 1337 2969 tranquillitate
1368 2915 1432 2955 ac
1472 2902 1756 2958 securitate
1782 2919 1918 2960 con-

318 2987 586 3042 stituunt:
617 2996 672 3042 et
722 2987 1170 3058 quemadmodum
1212 2988 1512 3059 gelidorum
1545 2990 1718 3047 fontes
1746 3007 1918 3062 aqua-

318 3091 438 3130 rum
481 3075 676 3132 amicta
722 3077 991 3134 laboribus
1033 3085 1089 3133 et
1128 3077 1307 3133 calore
1339 3077 1547 3134 defessa
1574 3096 1798 3152 corpora
1825 3099 1915 3142 re-

316 3178 534 3224 creant:
564 3169 641 3225 sic
671 3170 921 3227 nimirum
943 3179 1000 3225 et
1045 3170 1159 3226 istm
1188 3172 1365 3241 pravis
1393 3170 1746 3228 inﬂammatas
1786 3174 1917 3230 ειπε-

318 3260 497 3315 ctibus
521 3259 728 3315 animas
755 3259 1091 3331 refrigerant,
1115 3269 1170 3316 et
1197 3260 1506 3317 obscaenum
1528 3257 1875 3333 cupiditatem
1893 3307 1910 3335 ,

316 3351 568 3407 invidiam
591 3351 935 3418 caedentem,
969 3353 1209 3422 iramque
1254 3351 1547 3409 ferventem
1575 3395 1591 3423 ,
1616 3363 1671 3411 et
1713 3356 1757 3409 si
1785 3357 1912 3426 quid

315 3443 458 3498 aliud
481 3443 746 3513 ejusmodi
775 3445 1046 3516 negotium
1068 3443 1304 3511 facessit,
1333 3445 1448 3500 solo
1473 3457 1719 3516 aspectus
1748 3447 1911 3503 edant

314 3543 381 3607 et
395 3535 760 3606 exstinguunt.
791 3534 1075 3590 Enimvero
1101 3535 1368 3591 thesauris
1415 3538 1573 3591 etiam
1600 3537 1757 3609 longe
1785 3549 1911 3595 sunt

314 3623 551 3693 potiores
576 3640 589 3678 :
621 3623 884 3694 siquidem
928 3625 1275 3694 pecuniarum
1305 3624 1541 3680 thesauri
1561 3628 1724 3681 multa
1755 3628 1860 3683 illis
1889 3670 1904 3695 ,

313 3729 343 3768 a
374 3714 568 3786 quibus
611 3715 810 3769 inventi
856 3714 1083 3782 fuerint,
1131 3725 1314 3772 creant
1359 3718 1632 3786 pericula,
1677 3734 1906 3791 cumque

313 3807 509 3862 multas
527 3805 681 3861 divisi
709 3807 760 3861 in
786 3817 964 3876 partes
993 3807 1209 3876 fuerint,
1238 3808 1500 3866 divisione
1547 3811 1856 3869 minuuntur
1886 3833 1902 3870 :

314 3897 403 3950 hic
430 3912 561 3952 vero
581 3897 713 3951 nihil
736 3898 841 3953 tale
865 3907 969 3966 est,
1001 3897 1096 3953 sed
1126 3912 1324 3968 erpers
1353 3901 1576 3970 periculi
1612 3910 1696 3958 est
1722 3903 1905 3959 inven-

316 3987 428 4052 tio;
461 4002 634 4057 neque
679 3988 1086 4044 diminutionem
1138 3975 1294 4044 aﬂ‘ert
1350 3990 1581 4059 divisio,
1641 3993 1902 4066 planeque

314 4077 642 4132 contrarium
670 4079 867 4144 evenit,
900 4080 1042 4149 quod
1093 4081 1371 4136 sensilium
1401 4098 1581 4137 rerum
1612 4083 1896 4142 thesauris.

316 4169 447 4225 Nam
479 4171 553 4226 illi
584 4173 819 4243 quidem,
855 4183 912 4229 ut
953 4183 1079 4230 ante
1117 4175 1246 4239 dixi,
1297 4176 1342 4229 si
1369 4177 1562 4231 multas
1587 4177 1802 4236 dissecti
1845 4182 1898 4236 in

315 4270 493 4331 partes
522 4262 741 4332 fuerint,
771 4266 1007 4322 minores
1035 4266 1200 4332 fiunt;
1234 4267 1321 4321 isti
1363 4283 1492 4323 vero
1521 4283 1641 4324 cum
1671 4271 1724 4326 in
1753 4273 1895 4327 mul-

312 4361 395 4406 tos
423 4351 616 4407 fuerint
659 4354 923 4410 distributi
949 4364 1128 4423 ,.tum
1159 4341 1309 4411 suam
1353 4358 1520 4428 magis
1571 4360 1894 4429 opulentiam

308 4443 613 4497 ostendunt.
647 4443 791 4500 Talis
841 4445 1037 4527 quippe
1067 4461 1245 4502 rerum
1288 4456 1372 4502 est
1416 4447 1771 4518 spiritualium
1797 4469 1895 4507 na-

310 4541 422 4586 tura
447 4549 463 4598 ;
496 4533 868 4590 distributione
896 4537 1111 4602 crescit,
1135 4537 1465 4593 etdivisione
1491 4539 1892 4610 multiplicatur.

307 4623 420 4679 Non
458 4625 526 4678 ita
573 4641 672 4681 nos
717 4635 866 4697 prata
921 4627 1228 4694 delectant,
1266 4627 1392 4683 dum
1439 4644 1589 4685 rosas
1621 4631 1896 4702 violasque

304 4715 626 4783 spectandas
673 4717 1056 4786 suppeditant,
1095 4735 1159 4774 ac
1203 4731 1495 4791 martyrum
1525 4722 1732 4788 tumuli,
1765 4723 1891 4780 dum

303 4820 591 4877 numquam
622 4819 1040 4865 marcescentem
1085 4819 1141 4866 et
1173 4811 1594 4868 indissolubilem
1615 4824 1892 4886 spectato-

300 4909 418 4951 rum
449 4898 645 4953 animis
675 4899 907 4956 atferunt
937 4901 1284 4972 voluptatem.

372 4986 427 5042 5.
485 4987 697 5044 Tbecas
725 4991 884 5061 igitur
936 4981 1057 5063 illas
1103 5008 1224 5048 cum
1274 4992 1379 5049 ﬁde
1430 4995 1886 5066 complectamur,

302 5076 702 5134 inardescatnus
753 5088 951 5145 mente,
1000 5084 1227 5151 gemitus
1283 5082 1688 5152 profundamus.
1725 5085 1888 5143 Multa

302 5175 426 5221 sunt
451 5183 482 5221 a
517 5169 670 5224 nobis
701 5169 933 5226 admissa
962 5171 1182 5238 delicta,
1223 5182 1278 5228 et
1307 5188 1499 5245 magna
1527 5185 1656 5234 sunt
1704 5188 1888 5233 nostra

302 5269 516 5329 peccata
541 5277 554 5315 :
578 5271 858 5332 propterea
887 5263 1049 5340 multa
1081 5263 1366 5331 medicina,
1406 5275 1460 5320 et
1489 5264 1728 5337 diligenti
1757 5283 1888 5323 cou-

302 5347 533 5408 fessione
585 5353 908 5425 indigemus.
960 5353 1276 5411 Eﬂuderunt
1335 5359 1650 5428 sanguinem
1714 5364 1884 5420 sancti

299 5449 566 5513 martyres
588 5484 603 5505 ,
629 5443 771 5498 oculi
797 5444 872 5498 tui
901 5443 1168 5517 lacrymas
1196 5445 1291 5502 tibi
1318 5445 1595 5504 etl’undant
1620 5467 1634 5505 :
1664 5460 1887 5520 possunt

301 5539 353 5586 et
379 5531 630 5604 lacrymze
655 5542 997 5604 peccatorum
1029 5551 1215 5608 rogum
1242 5540 1618 5609 exstinguere;
1654 5541 1883 5600 lacerata

304 5622 514 5678 fuerunt
540 5623 645 5680 illis
665 5624 851 5693 latera,
874 5627 1153 5683 carnifices
1170 5628 1416 5685 videbant
1441 5631 1846 5690 circumstantes
1866 5654 1878 5689 :

307 5713 534 5786 idipsnm
563 5725 619 5772 tu
645 5732 857 5790 quoque
879 5718 1136 5777 adversus
1169 5730 1309 5778 tuam
1339 5723 1718 5782 conscientiam
1741 5742 1880 5800 prte-

1393 291 1483 366 n'r:
1521 308 1809 373 sanans
1847 309 2294 381 NABTYRIBUS
2331 308 2588 381 sentio.

3549 315 3654 376 650

2056 430 2140 477 sta
2173 439 2188 477 :
2214 428 2473 489 rationem
2499 434 2771 498 tamquam
2789 425 3153 500 incorruptum
3176 429 3411 500 judiecm
3437 430 3491 488 in
3518 433 3657 489 solio

2049 513 2254 582 mentis
2278 514 2514 582 colloca,
2546 517 2619 573 et
2643 533 2761 589 qua:
2788 532 2818 575 a
2866 528 2918 575 te
2965 522 3249 577 commissa
3300 531 3447 588 sunt,
3473 525 3655 582 omnia

2049 604 2238 680 profer
2265 609 2316 662 in
2353 607 2590 665 medium
2621 650 2638 676 ,
2687 624 2904 666 severas
2939 622 3003 667 ac
3032 612 3299 670 terribiles
3351 615 3654 686 praeficiens

2053 698 2405 770 cogitationes
2431 703 2683 772 peccatis,
2708 701 2994 763 obscmnos
3027 704 3193 763 animi
3221 695 3654 779 motus-castiga,

2053 802 2118 842 ex
2151 789 2344 860 quibus
2373 802 2587 863 peccata
2601 785 2735 867 sunt
2755 801 2900 860 nata,
2928 803 2983 851 et
3004 796 3200 851 acriter
3217 788 3518 868 acerbeque
3541 810 3655 855 tor-

2050 889 2335 948 queantur.
2359 879 2416 937 Si
2443 897 2543 939 nos
2562 881 2634 940 ita
2654 881 2720 938 ad
2731 881 2991 954 judicium
3021 885 3079 941 in
3103 886 3467 958 nosmetipsos
3485 905 3651 946 exer-

2049 970 2278 1027 cendum
2308 987 2704 1048 comparemus,
2735 976 3070 1037 tremendum
3113 978 3241 1033 illud
3266 979 3499 1037 tribunal
3528 982 3652 1036 evi-

2051 1060 2304 1122 tabimus.
2333 1063 2404 1120 Ut
2444 1067 2590 1127 enim
2614 1067 2756 1127 scias
2772 1083 2918 1137 eum,
2951 1069 3040 1141 qui
3071 1071 3308 1140 seipsum
3340 1086 3484 1153 nunc
3504 1072 3649 1142 judi-

2047 1163 2154 1223 cat,
2174 1165 2228 1212 et
2254 1155 2613 1225 admissprum
2640 1169 2982 1233 peccatorum
3012 1176 3259 1221 severam
3293 1178 3325 1221 a
3377 1179 3437 1222 se
3483 1166 3648 1243 ratith

2049 1260 2171 1301 nem
2193 1247 2377 1322 exigit,
2409 1264 2598 1322 pmnas
2624 1250 2677 1306 in
2704 1250 2939 1308 futurum
2972 1253 3194 1311 minime
3216 1253 3488 1323 daturum,
3519 1256 3646 1314 audi

2049 1329 2329 1397 test-antem
2357 1341 2412 1398 id
2443 1336 2798 1408 Apostolum:
2824 1345 2886 1402 Si
2912 1347 3046 1405 enim
3074 1346 3406 1420 nosmetipsos
3435 1349 3648 1420 judica-

2043 1448 2232 1500 rennts,
2261 1450 2363 1489 non
2382 1436 2552 1504 utique
2580 1452 2612 1491 a
2641 1434 2864 1496 Domino
2895 1439 3249 1512 judicaremur
3277 1438 3357 1511 (1.
3389 1437 3511 1497 Cor.
3549 1440 3640 1496 ll.

2043 1521 2157 1594 3i).
2182 1521 2610 1594 .Repreltendens
2634 1529 2779 1582 enim
2806 1542 2923 1593 eos,
2969 1529 3059 1599 qui
3109 1529 3324 1600 indigne
3354 1529 3639 1600 mysterio-

2042 1629 2161 1670 rum
2189 1614 2386 1670 liebant
2409 1616 2718 1689 participes,
2762 1617 2834 1672 ita
2864 1617 3076 1674 dicebat
3109 1636 3123 1672 :
3160 1618 3261 1687 Qui
3285 1618 3561 1675 manducet
3589 1631 3642 1675 et

2040 1704 2164 1759 bibit
2192 1707 2419 1779 indigne,
2461 1725 2577 1764 reus
2620 1710 2714 1763 erit
2758 1712 2985 1781 corporis
3024 1721 3072 1765 et
3098 1713 3362 1782 sanguinis
3406 1711 3638 1769 Domini.

2039 1794 2170 1865 Ejus
2219 1807 2416 1856 autem
2476 1800 2758 1858 verborum
2811 1801 2898 1856 hic
2954 1816 3143 1864 sensus
3212 1814 3295 1857 est
3328 1802 3641 1873 :Quemad—

2039 1887 2256 1942 modum
2293 1889 2390 1956 illi,
2434 1891 2522 1960 qui
2560 1890 2743 1946 Jcsum
2775 1876 3193 1960 cruciﬁxerunt,
3226 1894 3429 1968 inquit,
3462 1897 3541 1952 sic
3587 1908 3642 1954 et

2039 1977 2112 2032 illi
2145 1978 2238 2048 qui
2271 1979 2486 2050 indigne
2512 1982 2646 2037 fiunt
2671 1968 3051 2056 mysteriorum
3108 1985 3416 2056 participes,
3453 2003 3640 2058 ptenas

2035 2067 2256 2125 dabunt.
2287 2070 2470 2142 Neque
2496 2089 2621 2130 vero
2646 2077 2987 2132 severitatem
3010 2058 3268 2132 orationis
3299 2078 3443 2135 illius
3477 2081 3632 2151 quis-

2034 2175 2193 2230 quam
2241 2162 2586 2218 condemnet.
2643 2164 2805 2239 Regia
2835 2167 3005 2222 vestis
3029 2175 3115 2224 est
3160 2179 3355 2237 corpus
3387 2169 3628 2226 Diimini-

2034 2267 2155 2306 cum
2191 2271 2204 2306 :
2235 2269 2396 2324 porro
2417 2264 2471 2311 et
2499 2257 2589 2328 qui
2631 2259 2831 2330 regiam
2866 2275 3156 2331 purpuram
3203 2260 3539 2329 dilaceravit,
3581 2275 3636 2319 et

2032 2345 2124 2414 qui
2155 2346 2401 2401 manibus
2452 2348 2743 2405 immundis
2773 2349 3105 2420 inquinavit,
3155 2353 3270 2421 pari
3301 2365 3421 2408 eam
3447 2364 3641 2409 contu.

2034 2436 2189 2490 mella
2221 2437 2549 2508 alfecerunt;
2582 2441 2931 2511 quamobrem
2977 2453 3028 2501 et
3061 2443 3178 2516 pari
3205 2445 3471 2514 sitpplicio
3511 2446 3634 2516 ple-

2029 2536 2250 2582 ctuntur
2281 2546 2295 2585 :
2328 2529 2400 2584 ita
2439 2531 2498 2586 fit
2525 2539 2579 2589 ct
2607 2531 2661 2586 in
2706 2546 2935 2602 corpore
2967 2533 3189 2590 Christi.
3221 2533 3393 2591 Judaei
3417 2537 3634 2607 quidem

2028 2615 2158 2672 illud
2184 2618 2350 2675 clavis
2379 2621 2432 2675 in
2459 2635 2619 2682 cruce
2645 2622 3013 2696 disruperunt,
3033 2633 3090 2682 tu
3115 2641 3242 2682 vero
3263 2625 3390 2681 dum
3423 2627 3475 2682 in
3503 2643 3634 2698 pec-

2029 2709 2164 2763 catis
2193 2717 2250 2765 et
2303 2712 2580 2769 immunda
2621 2715 2800 2785 lingua
2848 2729 2912 2770 ac
2960 2727 3142 2772 mente
3171 2717 3520 2788 viviszquam
3561 2720 3631 2773 ob

2027 2810 2243 2854 causam
2265 2809 2320 2856 et
2347 2801 2490 2857 idem
2534 2802 2624 2860 tibi
2654 2803 2976 2875 supplicium
2999 2805 3283 2864 imminere
3308 2806 3443 2861 dixit
3488 2808 3629 2863 Pau-

2024 2887 2108 2946 lus
2129 2930 2146 2956 ,
2173 2898 2227 2945 et
2255 2890 2441 2963 adjicit
2468 2893 2653 2952 dicens
2682 2911 2696 2948 :
2721 2878 2860 2950 ‘Ideo
2897 2895 3028 2949 inter
3053 2911 3139 2950 vos
3156 2897 3301 2950 multi
3324 2896 3518 2966 inﬁrmi
3533 2938 3551 2962 ,
3579 2911 3628 2955 et

2023 2983 2314 3052 imbecilles,
2346 2994 2394 3038 et
2417 2985 2676 3040 dormiunt
2700 2987 2870 3042 multi;
2898 2987 3120 3056 Deinde,
3149 2996 3205 3043 ut
3224 2991 3472 3048 ostendat
3487 2993 3620 3056 fore.

2022 3083 2081 3128 ut
2109 3075 2198 3144 qui
2221 3085 2564 3145 peccatorum
2601 3077 2919 3137 rationema
2954 3079 3148 3150 seipsis
3171 3081 3390 3152 exigunt
3433 3083 3485 3137 in
3519 3084 3622 3138 hac

2019 3167 2150 3233 vita,
2180 3176 2234 3221 et
2256 3167 2306 3220 in
2335 3182 2429 3222 sua
2456 3167 2651 3223 delicta
2666 3168 2926 3238 judicium
2948 3182 3226 3238 exercent,
3256 3188 3361 3230 nec
3387 3174 3620 3244 amplius

2019 3259 2074 3316 in
2100 3258 2290 3314 eadem
2320 3259 2587 3328 recidunt,
2614 3259 2774 3317 facile
2800 3262 3009 3332 possint
3034 3265 3368 3320 tremendam
3387 3266 3532 3322 illam
3563 3277 3619 3323 et

2022 3348 2415 3419 implacabilem
2461 3353 2782 3407 sententiam
2827 3353 3060 3410 futuram
3091 3357 3343 3424 evadere,
3373 3358 3618 3431 adjtutttit

2015 3439 2200 3498 dicens
2229 3460 2242 3496 :
2273 3441 2480 3498 Etenim
2502 3443 2546 3496 si
2590 3446 2920 3517 nosmetipsos
2937 3449 3313 3519 judicaremus,
3363 3470 3463 3509 non
3510 3457 3615 3510 uti-

2012 3549 2110 3602 que
2121 3533 2479 3603 judicaremur
2506 3551 2527 3593 :
2551 3553 2688 3592 nunc
2737 3548 2904 3594 autem
2929 3539 3049 3596 dum
3089 3545 3409 3614 judicamur,
3438 3563 3469 3602 a
3496 3549 3613 3604 Do-

2013 3624 2150 3678 mino
2175 3626 2502 3696 corripiatur,
2524 3637 2581 3682 ut
2607 3644 2707 3683 non
2755 3647 2870 3684 cum
2912 3635 3103 3688 mundo
3147 3636 3467 3694 damnentur.
3498 3641 3608 3697 No-

2011 3721 2178 3772 otram
2204 3714 2364 3786 igitur
2379 3725 2611 3773 mentem
2625 3727 2990 3790 torqueamus,
3013 3723 3242 3782 lascivas
3258 3729 3610 3799 cogitationes

2009 3805 2348 3875 castigemus,
2375 3809 2616 3864 maculas
2657 3820 2867 3866 nostras
2896 3813 3149 3886 lacrymis
3179 3817 3551 3890 abstergamus
3583 3842 3597 3878 :

2008 3910 2232 3967 magnus
2258 3898 2522 3968 ejusmodi
2547 3901 2853 3970 planctuum
2879 3903 3084 3962 fructus
3104 3916 3460 3981 est,magnum
3484 3916 3611 3970 sub-

2006 3987 2200 4044 sidium
2231 3999 2286 4045 et
2311 3991 2579 4047 solatium.
2613 3992 2685 4053 Ut
2704 3995 2847 4050 enim
2876 3997 3006 4052 risui
3033 4013 3096 4053 ac
3124 3998 3327 4057 deliciis
3346 4018 3604 4076 intagnunt

2005 4081 2320 4150 supplicium
2348 4083 2609 4152 imminet,
2641 4087 2721 4142 sic
2740 4097 2793 4143 et
2814 4091 3063 4161 perennis
3090 4091 3332 4161 planctus
3357 4096 3605 4153 solatium

2007 4172 2146 4240 parit
2170 4189 2183 4224 :
2210 4171 2356 4226 Beati
2380 4175 2598 4246 quippe,
2623 4178 2709 4246 qui
2733 4178 2926 4250 lugent,
2944 4183 3184 4251 quoniam
3209 4186 3603 4243 consolabuntur

2006 4259 2223 4330 (Matth.
2256 4265 2310 4318 5.
2342 4264 2419 4335 5).
2456 4263 2546 4320 γω
2571 4267 2673 4321 illis
2701 4269 2786 4337 qui
2815 4269 2998 4334 rident,
3021 4274 3262 4341 quoniam
3289 4276 3387 4346 ipsi
3411 4279 3604 4347 ﬂebunt

2006 4349 2159 4420 (Luc.
2187 4352 2240 4408 6.
2270 4352 2386 4426 25).
2414 4353 2618 4412 idcirco
2647 4359 2807 4412 etiam
2837 4359 3032 4415 Paulus
3062 4365 3272 4418 tametsi
3298 4362 3496 4422 nullius
3524 4372 3604 4425 si-

2003 4430 2054 4497 bi
2083 4446 2331 4501 conscius
2353 4448 2555 4516 peccati
2579 4459 2743 4517 esset,
2775 4451 2828 4506 in
2851 4453 3104 4525 lacrymis
3134 4465 3187 4512 et
3215 4459 3362 4514 luctu
3391 4471 3602 4534 tempus

2001 4549 2162 4592 omne
2193 4537 2527 4595 traducebat.
2571 4541 2703 4610 Quis
2749 4543 2855 4600 hoc
2889 4545 3063 4602 dicit?
3107 4548 3198 4605 ille
3221 4551 3334 4624 ipse
3364 4555 3444 4610 vir
3471 4557 3601 4612 beas

2002 4634 2087 4684 tus
2114 4644 2128 4680 :
2153 4626 2258 4682 Per
2285 4630 2592 4700 triennium,
2638 4633 2849 4705 inquit,
2893 4648 3038 4693 nocte
3079 4649 3126 4693 et
3160 4643 3241 4695 die
3264 4659 3364 4698 non
3411 4651 3602 4703 cessavi

1999 4733 2118 4774 cum
2165 4717 2403 4792 lacrymis
2433 4737 2641 4778 monens
2666 4741 3070 4798 unumquemque
3094 4741 3310 4787 uestrum
3335 4733 3469 4807 (Act.
3501 4739 3600 4798 20.

1998 4808 2112 4880 51).
2133 4807 2228 4865 llle
2247 4825 2341 4880 per
2367 4811 2674 4881 triennium,
2705 4831 2804 4872 nos
2829 4818 3018 4874 saltem
3050 4820 3116 4876 ad
3135 4838 3373 4880 mensem
3395 4843 3556 4884 unum
3583 4850 3600 4887 :

1998 4901 2089 4957 ille
2118 4912 2276 4958 nocte
2301 4913 2355 4959 et
2378 4903 2485 4972 die,
2514 4907 2605 4964 ille
2625 4919 2848 4980 propter
2867 4900 3041 4970 aliena
3066 4925 3308 4986 peccata,
3342 4935 3441 4975 nos
3490 4926 3599 4979 sal-

1998 5002 2105 5050 tem
2169 5004 2390 5066 propter
2433 5008 2616 5058 nostra
2669 5000 2862 5057 delicta
2893 5019 2912 5057 :
2965 5006 3056 5064 ille
3087 5068 3092 5072 ,
3120 5008 3320 5065 nullius
3368 5012 3446 5067 rei
3489 5015 3600 5072 sibi

1995 5085 2249 5148 conscius
2276 5128 2292 5156 ,
2339 5102 2437 5146 nos
2501 5090 2695 5147 saltem
2765 5101 2825 5150 ut
2891 5107 3135 5154 nostram
3208 5102 3602 5165 conscientiam

1994 5191 2160 5235 Onere
2210 5194 2448 5249 pressam
2494 5179 2754 5239 levemus.
2807 5184 2921 5254 Qua
2964 5201 3092 5244 vero
3146 5189 3215 5245 de
3281 5208 3441 5250 causa
3477 5197 3599 5266 plo-

1995 5269 2121 5325 rat?
2167 5284 2264 5326 cur
2313 5286 2420 5327 non
2471 5272 2630 5331 docet
2677 5284 2733 5332 et
2781 5275 3037 5334 admonet
3085 5289 3332 5349 tantum,
3387 5285 3482 5341 sed
3537 5300 3596 5345 et

1993 5361 2265 5451 lacrymas
2287 5363 2566 5437 adjungit?
2591 5366 3054 5436 Quemadmodum
3103 5383 3253 5444 pater
3281 5377 3592 5451 indulgens,

1992 5455 2085 5526 qui
2129 5447 2300 5512 lilium
2349 5456 2510 5515 habet
2561 5461 2894 5532 unigenitum
2963 5465 3154 5522 morbo
3236 5447 3586 5542 correpiutn,

1992 5544 2386 5606 medicamenta
2448 5564 2558 5605 non
2605 5549 2976 5610 admittentem
3010 5596 3024 5622 ,
3071 5557 3167 5612 sed
3227 5559 3582 5630 rejicieutem,

1990 5637 2234 5698 assidens
2311 5639 2389 5696 illi
2449 5641 2750 5714 blanditur,
2803 5646 3165 5715 deosculatur,
3243 5652 3582 5720 amplectitur

1992 5729 2244 5802 omnique
2288 5745 2484 5804 genere
2531 5734 2913 5798 blanditiarum
2955 5740 3174 5802 ﬂectere
3215 5751 3463 5812 conatur,
3514 5759 3584 5797 ac
