  <div class='ocr_page' id='page_1' title='image "/cluster/home/n/w/nwhite01/storage/ocr_20150623/50/pst.000005712496/247.png"; bbox 0 0 4246 6320; ppageno 0'>
   <div class='ocr_carea' id='block_1_1' title="bbox 679 367 768 423">
    <p class='ocr_par' dir='ltr' id='par_1_1' title="bbox 679 367 768 423">
     <span class='ocr_line' id='line_1_1' title="bbox 679 367 768 423; baseline 0.011 -1"><span class='ocrx_word' id='word_1_1' title='bbox 679 367 768 423; x_wconf 72' lang='grc'><strong>651</strong></span> 
     </span>
    </p>
   </div>
   <div class='ocr_carea' id='block_1_2' title="bbox 682 453 2264 550">
    <p class='ocr_par' dir='ltr' id='par_1_2' title="bbox 682 453 2264 550">
     <span class='ocr_line' id='line_1_2' title="bbox 682 453 2264 550; baseline -0.016 -17"><span class='ocrx_word' id='word_1_2' title='bbox 682 479 1042 550; x_wconf 62' lang='lat' dir='ltr'><strong>&#39;n-i&#39;suaderc,</strong></span> <span class='ocrx_word' id='word_1_3' title='bbox 1101 482 1160 527; x_wconf 89' lang='lat' dir='ltr'><strong>ut</strong></span> <span class='ocrx_word' id='word_1_4' title='bbox 1215 469 1491 525; x_wconf 78' lang='lat' dir='ltr'><strong>medicina:</strong></span> <span class='ocrx_word' id='word_1_5' title='bbox 1539 463 1788 519; x_wconf 88' lang='lat' dir='ltr'><strong>remediis</strong></span> <span class='ocrx_word' id='word_1_6' title='bbox 1838 459 2081 515; x_wconf 84' lang='lat' dir='ltr'><strong>morbum</strong></span> <span class='ocrx_word' id='word_1_7' title='bbox 2140 453 2264 509; x_wconf 93' lang='lat' dir='ltr'><strong>velit</strong></span> 
     </span>
    </p>
   </div>
   <div class='ocr_carea' id='block_1_3' title="bbox 680 552 2261 641">
    <p class='ocr_par' dir='ltr' id='par_1_3' title="bbox 680 552 2261 641">
     <span class='ocr_line' id='line_1_3' title="bbox 680 552 2261 641; baseline -0.018 -16"><span class='ocrx_word' id='word_1_8' title='bbox 680 571 949 641; x_wconf 71' lang='lat' dir='ltr'><strong>depellere</strong></span> <span class='ocrx_word' id='word_1_9' title='bbox 976 586 988 620; x_wconf 88' lang='lat'><strong>:</strong></span> <span class='ocrx_word' id='word_1_10' title='bbox 1014 568 1091 622; x_wconf 88' lang='lat' dir='ltr'><strong>sic</strong></span> <span class='ocrx_word' id='word_1_11' title='bbox 1114 574 1168 620; x_wconf 90' lang='lat' dir='ltr'><strong>et</strong></span> <span class='ocrx_word' id='word_1_12' title='bbox 1195 562 1388 618; x_wconf 78' lang='lat' dir='ltr'><strong>Paulus</strong></span> <span class='ocrx_word' id='word_1_13' title='bbox 1418 569 1527 613; x_wconf 89' lang='lat' dir='ltr'><strong>toto</strong></span> <span class='ocrx_word' id='word_1_14' title='bbox 1552 555 1825 624; x_wconf 87' lang='lat' dir='ltr'><strong>dispersos</strong></span> <span class='ocrx_word' id='word_1_15' title='bbox 1844 552 1973 607; x_wconf 83' lang='lat' dir='ltr'><strong>orbe</strong></span> <span class='ocrx_word' id='word_1_16' title='bbox 2003 556 2261 603; x_wconf 79' lang='lat' dir='ltr'><strong>terrarum</strong></span> 
     </span>
    </p>
   </div>
   <div class='ocr_carea' id='block_1_4' title="bbox 685 640 2261 729">
    <p class='ocr_par' dir='ltr' id='par_1_4' title="bbox 685 640 2261 729">
     <span class='ocr_line' id='line_1_4' title="bbox 685 640 2261 729; baseline -0.018 -12"><span class='ocrx_word' id='word_1_17' title='bbox 685 640 864 717; x_wconf 80' lang='lat' dir='ltr'><strong>lideles</strong></span> <span class='ocrx_word' id='word_1_18' title='bbox 881 668 1144 729; x_wconf 87' lang='lat' dir='ltr'><strong>tamquam</strong></span> <span class='ocrx_word' id='word_1_19' title='bbox 1158 641 1484 723; x_wconf 71' lang='lat' dir='ltr'><strong>unigenitum</strong></span> <span class='ocrx_word' id='word_1_20' title='bbox 1500 648 1663 701; x_wconf 87' lang='lat' dir='ltr'><strong>lilium</strong></span> <span class='ocrx_word' id='word_1_21' title='bbox 1681 658 1864 699; x_wconf 88' lang='lat' dir='ltr'><strong>amore</strong></span> <span class='ocrx_word' id='word_1_22' title='bbox 1879 640 2261 710; x_wconf 80' lang='lat' dir='ltr'><strong>complectens,</strong></span> 
     </span>
    </p>
   </div>
   <div class='ocr_carea' id='block_1_5' title="bbox 681 729 2262 819">
    <p class='ocr_par' dir='ltr' id='par_1_5' title="bbox 681 729 2262 819">
     <span class='ocr_line' id='line_1_5' title="bbox 681 729 2262 819; baseline -0.017 -12"><span class='ocrx_word' id='word_1_23' title='bbox 681 767 800 807; x_wconf 86' lang='lat' dir='ltr'><strong>cum</strong></span> <span class='ocrx_word' id='word_1_24' title='bbox 828 749 1087 819; x_wconf 77' lang='lat' dir='ltr'><strong>plurimos</strong></span> <span class='ocrx_word' id='word_1_25' title='bbox 1113 745 1313 812; x_wconf 87' lang='lat' dir='ltr'><strong>videret</strong></span> <span class='ocrx_word' id='word_1_26' title='bbox 1341 742 1393 797; x_wconf 89' lang='lat' dir='ltr'><strong>in</strong></span> <span class='ocrx_word' id='word_1_27' title='bbox 1427 748 1641 809; x_wconf 87' lang='lat' dir='ltr'><strong>peccata</strong></span> <span class='ocrx_word' id='word_1_28' title='bbox 1669 735 1963 807; x_wconf 78' lang='lat' dir='ltr'><strong>prolapsos,</strong></span> <span class='ocrx_word' id='word_1_29' title='bbox 1990 738 2044 784; x_wconf 90' lang='lat' dir='ltr'><strong>et</strong></span> <span class='ocrx_word' id='word_1_30' title='bbox 2074 729 2262 783; x_wconf 89' lang='lat' dir='ltr'><strong>imme-</strong></span> 
     </span>
    </p>
   </div>
   <div class='ocr_carea' id='block_1_6' title="bbox 680 818 2265 907">
    <p class='ocr_par' dir='ltr' id='par_1_6' title="bbox 680 818 2265 907">
     <span class='ocr_line' id='line_1_6' title="bbox 680 818 2265 907; baseline -0.018 -8"><span class='ocrx_word' id='word_1_31' title='bbox 680 818 993 897; x_wconf 81' lang='lat' dir='ltr'><strong>dicabilibus</strong></span> <span class='ocrx_word' id='word_1_32' title='bbox 1015 838 1177 907; x_wconf 85' lang='lat' dir='ltr'><strong>animi</strong></span> <span class='ocrx_word' id='word_1_33' title='bbox 1206 833 1407 890; x_wconf 83' lang='lat' dir='ltr'><strong>morbis</strong></span> <span class='ocrx_word' id='word_1_34' title='bbox 1432 838 1729 900; x_wconf 87' lang='lat' dir='ltr'><strong>correptos,</strong></span> <span class='ocrx_word' id='word_1_35' title='bbox 1759 823 1949 881; x_wconf 84' lang='lat' dir='ltr'><strong>deinde</strong></span> <span class='ocrx_word' id='word_1_36' title='bbox 1978 818 2265 891; x_wconf 78' lang='lat' dir='ltr'><strong>reprelien-</strong></span> 
     </span>
    </p>
   </div>
   <div class='ocr_carea' id='block_1_7' title="bbox 679 905 2264 998">
    <p class='ocr_par' dir='ltr' id='par_1_7' title="bbox 679 905 2264 998">
     <span class='ocr_line' id='line_1_7' title="bbox 679 905 2264 998; baseline -0.018 -10"><span class='ocrx_word' id='word_1_37' title='bbox 679 932 849 987; x_wconf 85' lang='lat' dir='ltr'><strong>sionis</strong></span> <span class='ocrx_word' id='word_1_38' title='bbox 871 939 923 985; x_wconf 90' lang='lat' dir='ltr'><strong>et</strong></span> <span class='ocrx_word' id='word_1_39' title='bbox 948 905 1312 998; x_wconf 71' lang='lat' dir='ltr'><strong>castigationis</strong></span> <span class='ocrx_word' id='word_1_40' title='bbox 1343 920 1601 977; x_wconf 78' lang='lat' dir='ltr'><strong>medelam</strong></span> <span class='ocrx_word' id='word_1_41' title='bbox 1646 933 1751 972; x_wconf 91' lang='lat' dir='ltr'><strong>non</strong></span> <span class='ocrx_word' id='word_1_42' title='bbox 1802 913 2117 974; x_wconf 74' lang='lat' dir='ltr'><strong>admittere,</strong></span> <span class='ocrx_word' id='word_1_43' title='bbox 2167 905 2264 962; x_wconf 88' lang='lat' dir='ltr'><strong>sed</strong></span> 
     </span>
    </p>
   </div>
   <div class='ocr_carea' id='block_1_8' title="bbox 681 997 2262 1091">
    <p class='ocr_par' dir='ltr' id='par_1_8' title="bbox 681 997 2262 1091">
     <span class='ocr_line' id='line_1_8' title="bbox 681 997 2262 1091; baseline -0.02 -10"><span class='ocrx_word' id='word_1_44' title='bbox 681 1021 981 1091; x_wconf 85' lang='lat' dir='ltr'><strong>repudiare,</strong></span> <span class='ocrx_word' id='word_1_45' title='bbox 1011 1032 1075 1073; x_wconf 88' lang='lat' dir='ltr'><strong>ac</strong></span> <span class='ocrx_word' id='word_1_46' title='bbox 1097 997 1325 1080; x_wconf 85' lang='lat' dir='ltr'><strong>resilire,</strong></span> <span class='ocrx_word' id='word_1_47' title='bbox 1351 1010 1599 1083; x_wconf 82' lang='lat' dir='ltr'><strong>lacrymis</strong></span> <span class='ocrx_word' id='word_1_48' title='bbox 1626 1021 1720 1063; x_wconf 86' lang='lat' dir='ltr'><strong>eos</strong></span> <span class='ocrx_word' id='word_1_49' title='bbox 1748 997 2040 1068; x_wconf 86' lang='lat' dir='ltr'><strong>detinebat,</strong></span> <span class='ocrx_word' id='word_1_50' title='bbox 2070 1008 2126 1053; x_wconf 88' lang='lat' dir='ltr'><strong>ut</strong></span> <span class='ocrx_word' id='word_1_51' title='bbox 2140 1012 2262 1053; x_wconf 89' lang='lat' dir='ltr'><strong>cum</strong></span> 
     </span>
    </p>
   </div>
   <div class='ocr_carea' id='block_1_9' title="bbox 677 1087 2264 1182">
    <p class='ocr_par' dir='ltr' id='par_1_9' title="bbox 677 1087 2264 1182">
     <span class='ocr_line' id='line_1_9' title="bbox 677 1087 2264 1182; baseline -0.016 -14"><span class='ocrx_word' id='word_1_52' title='bbox 677 1087 977 1182; x_wconf 74' lang='lat' dir='ltr'><strong>gementem</strong></span> <span class='ocrx_word' id='word_1_53' title='bbox 1022 1122 1085 1162; x_wconf 92' lang='lat' dir='ltr'><strong>ac</strong></span> <span class='ocrx_word' id='word_1_54' title='bbox 1142 1108 1409 1176; x_wconf 77' lang='lat' dir='ltr'><strong>lugentem</strong></span> <span class='ocrx_word' id='word_1_55' title='bbox 1452 1101 1600 1156; x_wconf 89' lang='lat' dir='ltr'><strong>illum</strong></span> <span class='ocrx_word' id='word_1_56' title='bbox 1645 1101 1951 1157; x_wconf 87' lang='lat' dir='ltr'><strong>cernerent,</strong></span> <span class='ocrx_word' id='word_1_57' title='bbox 1999 1092 2116 1161; x_wconf 89' lang='lat' dir='ltr'><strong>ipso</strong></span> <span class='ocrx_word' id='word_1_58' title='bbox 2140 1087 2264 1158; x_wconf 83' lang='lat' dir='ltr'><strong>ejus</strong></span> 
     </span>
    </p>
   </div>
   <div class='ocr_carea' id='block_1_10' title="bbox 681 1180 2263 1272">
    <p class='ocr_par' dir='ltr' id='par_1_10' title="bbox 681 1180 2263 1272">
     <span class='ocr_line' id='line_1_10' title="bbox 681 1180 2263 1272; baseline -0.016 -14"><span class='ocrx_word' id='word_1_59' title='bbox 681 1180 898 1272; x_wconf 76' lang='lat' dir='ltr'><strong>aspectu</strong></span> <span class='ocrx_word' id='word_1_60' title='bbox 954 1198 1206 1255; x_wconf 91' lang='lat' dir='ltr'><strong>commoti</strong></span> <span class='ocrx_word' id='word_1_61' title='bbox 1264 1194 1580 1251; x_wconf 88' lang='lat' dir='ltr'><strong>medicinam</strong></span> <span class='ocrx_word' id='word_1_62' title='bbox 1639 1189 1877 1253; x_wconf 77' lang='lat' dir='ltr'><strong>terrent,</strong></span> <span class='ocrx_word' id='word_1_63' title='bbox 1926 1198 1991 1239; x_wconf 88' lang='lat' dir='ltr'><strong>ac</strong></span> <span class='ocrx_word' id='word_1_64' title='bbox 2045 1180 2263 1252; x_wconf 88' lang='lat' dir='ltr'><strong>depulsa</strong></span> 
     </span>
    </p>
   </div>
   <div class='ocr_carea' id='block_1_11' title="bbox 634 1280 2265 1364">
    <p class='ocr_par' dir='ltr' id='par_1_11' title="bbox 634 1280 2265 1364">
     <span class='ocr_line' id='line_1_11' title="bbox 634 1280 2265 1364; baseline -0.016 -15"><span class='ocrx_word' id='word_1_65' title='bbox 634 1312 653 1319; x_wconf 74' lang='grc'><strong>-</strong></span> <span class='ocrx_word' id='word_1_66' title='bbox 680 1290 997 1364; x_wconf 64' lang='lat' dir='ltr'><strong>aegritudine</strong></span> <span class='ocrx_word' id='word_1_67' title='bbox 1029 1289 1301 1360; x_wconf 89' lang='lat' dir='ltr'><strong>pristinam</strong></span> <span class='ocrx_word' id='word_1_68' title='bbox 1323 1283 1679 1339; x_wconf 74' lang='lat' dir='ltr'><strong>valetudinem</strong></span> <span class='ocrx_word' id='word_1_69' title='bbox 1704 1280 2115 1347; x_wconf 81' lang='lat' dir='ltr'><strong>recuperarent:</strong></span> <span class='ocrx_word' id='word_1_70' title='bbox 2143 1283 2265 1342; x_wconf 87' lang='lat' dir='ltr'><strong>pro-</strong></span> 
     </span>
    </p>
   </div>
   <div class='ocr_carea' id='block_1_12' title="bbox 682 1371 1781 1454">
    <p class='ocr_par' dir='ltr' id='par_1_12' title="bbox 682 1371 1781 1454">
     <span class='ocr_line' id='line_1_12' title="bbox 682 1371 1781 1454; baseline -0.009 -20"><span class='ocrx_word' id='word_1_71' title='bbox 682 1396 862 1454; x_wconf 83' lang='lat' dir='ltr'><strong>pterea</strong></span> <span class='ocrx_word' id='word_1_72' title='bbox 888 1396 1110 1435; x_wconf 89' lang='lat' dir='ltr'><strong>monens</strong></span> <span class='ocrx_word' id='word_1_73' title='bbox 1139 1391 1351 1446; x_wconf 82' lang='lat' dir='ltr'><strong>semper</strong></span> <span class='ocrx_word' id='word_1_74' title='bbox 1377 1371 1781 1444; x_wconf 84' lang='lat' dir='ltr'><strong>lacrymabatur.</strong></span> 
     </span>
    </p>
   </div>
   <div class='ocr_carea' id='block_1_13' title="bbox 752 1449 2261 1528">
    <p class='ocr_par' dir='ltr' id='par_1_13' title="bbox 752 1449 2261 1528">
     <span class='ocr_line' id='line_1_13' title="bbox 752 1449 2261 1528; baseline -0.017 -1"><span class='ocrx_word' id='word_1_75' title='bbox 752 1472 981 1528; x_wconf 70' lang='lat' dir='ltr'><strong>Tristitia</strong></span> <span class='ocrx_word' id='word_1_76' title='bbox 1016 1468 1291 1525; x_wconf 79' lang='lat' dir='ltr'><strong>secundum</strong></span> <span class='ocrx_word' id='word_1_77' title='bbox 1322 1464 1502 1519; x_wconf 83' lang='lat' dir='ltr'><strong>Deum.</strong></span> <span class='ocrx_word' id='word_1_78' title='bbox 1530 1490 1602 1501; x_wconf 89' lang='lat'><strong><em>—</em></strong></span> <span class='ocrx_word' id='word_1_79' title='bbox 1629 1457 1780 1526; x_wconf 83' lang='lat' dir='ltr'><strong>Quod</strong></span> <span class='ocrx_word' id='word_1_80' title='bbox 1809 1455 1853 1511; x_wconf 91' lang='lat' dir='ltr'><strong>si</strong></span> <span class='ocrx_word' id='word_1_81' title='bbox 1901 1461 2101 1509; x_wconf 84' lang='lat' dir='ltr'><strong>tantam</strong></span> <span class='ocrx_word' id='word_1_82' title='bbox 2127 1449 2261 1504; x_wconf 87' lang='lat' dir='ltr'><strong>alie-</strong></span> 
     </span>
    </p>
   </div>
   <div class='ocr_carea' id='block_1_14' title="bbox 682 1548 2262 1637">
    <p class='ocr_par' dir='ltr' id='par_1_14' title="bbox 682 1548 2262 1637">
     <span class='ocr_line' id='line_1_14' title="bbox 682 1548 2262 1637; baseline -0.018 -15"><span class='ocrx_word' id='word_1_83' title='bbox 682 1582 873 1622; x_wconf 86' lang='lat' dir='ltr'><strong>norum</strong></span> <span class='ocrx_word' id='word_1_84' title='bbox 900 1570 1241 1637; x_wconf 80' lang='lat' dir='ltr'><strong>peccatorum</strong></span> <span class='ocrx_word' id='word_1_85' title='bbox 1290 1571 1472 1611; x_wconf 87' lang='lat' dir='ltr'><strong>curam</strong></span> <span class='ocrx_word' id='word_1_86' title='bbox 1524 1552 1664 1625; x_wconf 84' lang='lat' dir='ltr'><strong>gerit</strong></span> <span class='ocrx_word' id='word_1_87' title='bbox 1696 1548 1914 1611; x_wconf 83' lang='lat' dir='ltr'><strong>Paulus,</strong></span> <span class='ocrx_word' id='word_1_88' title='bbox 1938 1552 2137 1616; x_wconf 90' lang='lat' dir='ltr'><strong>quanto</strong></span> <span class='ocrx_word' id='word_1_89' title='bbox 2163 1553 2262 1595; x_wconf 87' lang='lat' dir='ltr'><strong>nos</strong></span> 
     </span>
    </p>
   </div>
   <div class='ocr_carea' id='block_1_15' title="bbox 680 1630 2262 1722">
    <p class='ocr_par' dir='ltr' id='par_1_15' title="bbox 680 1630 2262 1722">
     <span class='ocr_line' id='line_1_15' title="bbox 680 1630 2262 1722; baseline -0.016 -14"><span class='ocrx_word' id='word_1_90' title='bbox 680 1655 843 1710; x_wconf 81' lang='lat' dir='ltr'><strong>animi</strong></span> <span class='ocrx_word' id='word_1_91' title='bbox 871 1651 1049 1708; x_wconf 81' lang='lat' dir='ltr'><strong>studio</strong></span> <span class='ocrx_word' id='word_1_92' title='bbox 1075 1666 1170 1722; x_wconf 88' lang='lat' dir='ltr'><strong>par</strong></span> <span class='ocrx_word' id='word_1_93' title='bbox 1199 1646 1366 1705; x_wconf 87' lang='lat' dir='ltr'><strong>estad</strong></span> <span class='ocrx_word' id='word_1_94' title='bbox 1395 1654 1697 1698; x_wconf 88' lang='lat' dir='ltr'><strong>nostrorum</strong></span> <span class='ocrx_word' id='word_1_95' title='bbox 1721 1636 2148 1696; x_wconf 83' lang='lat' dir='ltr'><strong>emendationem</strong></span> <span class='ocrx_word' id='word_1_96' title='bbox 2175 1630 2262 1685; x_wconf 90' lang='lat' dir='ltr'><strong>in-</strong></span> 
     </span>
    </p>
   </div>
   <div class='ocr_carea' id='block_1_16' title="bbox 679 1723 2260 1812">
    <p class='ocr_par' dir='ltr' id='par_1_16' title="bbox 679 1723 2260 1812">
     <span class='ocr_line' id='line_1_16' title="bbox 679 1723 2260 1812; baseline -0.015 -13"><span class='ocrx_word' id='word_1_97' title='bbox 679 1743 983 1799; x_wconf 79' lang='lat' dir='ltr'><strong>cumbere?</strong></span> <span class='ocrx_word' id='word_1_98' title='bbox 1022 1743 1208 1812; x_wconf 79' lang='lat' dir='ltr'><strong>Magna</strong></span> <span class='ocrx_word' id='word_1_99' title='bbox 1250 1739 1392 1793; x_wconf 90' lang='lat' dir='ltr'><strong>cnim</strong></span> <span class='ocrx_word' id='word_1_100' title='bbox 1446 1736 1526 1789; x_wconf 93' lang='lat' dir='ltr'><strong>vis</strong></span> <span class='ocrx_word' id='word_1_101' title='bbox 1573 1742 1655 1788; x_wconf 90' lang='lat' dir='ltr'><strong>est</strong></span> <span class='ocrx_word' id='word_1_102' title='bbox 1702 1730 1928 1785; x_wconf 69' lang='lat' dir='ltr'><strong>tristitia:</strong></span> <span class='ocrx_word' id='word_1_103' title='bbox 1968 1723 2260 1781; x_wconf 78' lang='lat' dir='ltr'><strong>secundum</strong></span> 
     </span>
    </p>
   </div>
   <div class='ocr_carea' id='block_1_17' title="bbox 686 1812 2263 1903">
    <p class='ocr_par' dir='ltr' id='par_1_17' title="bbox 686 1812 2263 1903">
     <span class='ocr_line' id='line_1_17' title="bbox 686 1812 2263 1903; baseline -0.015 -13"><span class='ocrx_word' id='word_1_104' title='bbox 686 1837 872 1900; x_wconf 89' lang='lat' dir='ltr'><strong>Deum,</strong></span> <span class='ocrx_word' id='word_1_105' title='bbox 906 1833 1225 1903; x_wconf 76' lang='lat' dir='ltr'><strong>prodestque</strong></span> <span class='ocrx_word' id='word_1_106' title='bbox 1254 1828 1536 1898; x_wconf 89' lang='lat' dir='ltr'><strong>plurimum</strong></span> <span class='ocrx_word' id='word_1_107' title='bbox 1563 1841 1576 1877; x_wconf 92' lang='lat'><strong>:</strong></span> <span class='ocrx_word' id='word_1_108' title='bbox 1606 1814 1747 1892; x_wconf 81' lang='lat' dir='ltr'><strong>quod</strong></span> <span class='ocrx_word' id='word_1_109' title='bbox 1769 1834 1890 1873; x_wconf 91' lang='lat' dir='ltr'><strong>cum</strong></span> <span class='ocrx_word' id='word_1_110' title='bbox 1920 1815 2073 1870; x_wconf 88' lang='lat' dir='ltr'><strong>nobis</strong></span> <span class='ocrx_word' id='word_1_111' title='bbox 2102 1812 2263 1868; x_wconf 85' lang='lat' dir='ltr'><strong>Isaias</strong></span> 
     </span>
    </p>
   </div>
   <div class='ocr_carea' id='block_1_18' title="bbox 682 1905 2264 1990">
    <p class='ocr_par' dir='ltr' id='par_1_18' title="bbox 682 1905 2264 1990">
     <span class='ocr_line' id='line_1_18' title="bbox 682 1905 2264 1990; baseline -0.012 -14"><span class='ocrx_word' id='word_1_112' title='bbox 682 1925 844 1979; x_wconf 82' lang='lat' dir='ltr'><strong>vellet</strong></span> <span class='ocrx_word' id='word_1_113' title='bbox 894 1937 1192 1990; x_wconf 89' lang='lat' dir='ltr'><strong>exponere,</strong></span> <span class='ocrx_word' id='word_1_114' title='bbox 1224 1920 1296 1973; x_wconf 90' lang='lat' dir='ltr'><strong>ita</strong></span> <span class='ocrx_word' id='word_1_115' title='bbox 1339 1915 1585 1978; x_wconf 73' lang='lat' dir='ltr'><strong>dicebat,</strong></span> <span class='ocrx_word' id='word_1_116' title='bbox 1638 1912 1718 1964; x_wconf 90' lang='lat' dir='ltr'><strong>vel</strong></span> <span class='ocrx_word' id='word_1_117' title='bbox 1769 1908 1942 1979; x_wconf 86' lang='lat' dir='ltr'><strong>potius</strong></span> <span class='ocrx_word' id='word_1_118' title='bbox 1991 1905 2131 1960; x_wconf 86' lang='lat' dir='ltr'><strong>Deus</strong></span> <span class='ocrx_word' id='word_1_119' title='bbox 2167 1918 2264 1973; x_wconf 91' lang='lat' dir='ltr'><strong>per</strong></span> 
     </span>
    </p>
   </div>
   <div class='ocr_carea' id='block_1_19' title="bbox 682 1984 2263 2081">
    <p class='ocr_par' dir='ltr' id='par_1_19' title="bbox 682 1984 2263 2081">
     <span class='ocr_line' id='line_1_19' title="bbox 682 1984 2263 2081; baseline -0.015 -13"><span class='ocrx_word' id='word_1_120' title='bbox 682 2015 871 2069; x_wconf 80' lang='lat' dir='ltr'><strong>Isaiam</strong></span> <span class='ocrx_word' id='word_1_121' title='bbox 898 2031 909 2065; x_wconf 91' lang='lat'><strong>:</strong></span> <span class='ocrx_word' id='word_1_122' title='bbox 945 2012 1161 2081; x_wconf 78' lang='lat' dir='ltr'><strong>Propter</strong></span> <span class='ocrx_word' id='word_1_123' title='bbox 1184 2018 1440 2079; x_wconf 72' lang='lat' dir='ltr'><strong>peccaturo</strong></span> <span class='ocrx_word' id='word_1_124' title='bbox 1472 2004 1539 2058; x_wconf 88' lang='lat' dir='ltr'><strong>ad</strong></span> <span class='ocrx_word' id='word_1_125' title='bbox 1560 2002 1812 2057; x_wconf 83' lang='lat' dir='ltr'><strong>modicum</strong></span> <span class='ocrx_word' id='word_1_126' title='bbox 1838 1984 2125 2051; x_wconf 75' lang='lat' dir='ltr'><strong>contristari</strong></span> <span class='ocrx_word' id='word_1_127' title='bbox 2147 2010 2263 2048; x_wconf 85' lang='lat' dir='ltr'><strong>eum</strong></span> 
     </span>
    </p>
   </div>
   <div class='ocr_carea' id='block_1_20' title="bbox 683 2086 2263 2174">
    <p class='ocr_par' dir='ltr' id='par_1_20' title="bbox 683 2086 2263 2174">
     <span class='ocr_line' id='line_1_20' title="bbox 683 2086 2263 2174; baseline -0.012 -18"><span class='ocrx_word' id='word_1_128' title='bbox 683 2105 835 2174; x_wconf 77' lang='lat' dir='ltr'><strong>(Isai.</strong></span> <span class='ocrx_word' id='word_1_129' title='bbox 860 2105 949 2158; x_wconf 84' lang='lat'><strong>57.</strong></span> <span class='ocrx_word' id='word_1_130' title='bbox 984 2103 1096 2172; x_wconf 81' lang='grc' dir='ltr'><strong>Π).</strong></span> <span class='ocrx_word' id='word_1_131' title='bbox 1123 2099 1201 2156; x_wconf 80' lang='lat' dir='ltr'><strong>Ne</strong></span> <span class='ocrx_word' id='word_1_132' title='bbox 1224 2115 1317 2169; x_wconf 85' lang='lat' dir='ltr'><strong>pro</strong></span> <span class='ocrx_word' id='word_1_133' title='bbox 1337 2096 1538 2151; x_wconf 84' lang='lat' dir='ltr'><strong>meritis</strong></span> <span class='ocrx_word' id='word_1_134' title='bbox 1558 2092 1789 2164; x_wconf 77' lang='lat' dir='ltr'><strong>quidem,</strong></span> <span class='ocrx_word' id='word_1_135' title='bbox 1820 2088 2009 2158; x_wconf 85' lang='lat' dir='ltr'><strong>inquit,</strong></span> <span class='ocrx_word' id='word_1_136' title='bbox 2037 2086 2263 2140; x_wconf 86' lang='lat' dir='ltr'><strong>delicto-</strong></span> 
     </span>
    </p>
   </div>
   <div class='ocr_carea' id='block_1_21' title="bbox 682 2176 2262 2262">
    <p class='ocr_par' dir='ltr' id='par_1_21' title="bbox 682 2176 2262 2262">
     <span class='ocr_line' id='line_1_21' title="bbox 682 2176 2262 2262; baseline -0.012 -13"><span class='ocrx_word' id='word_1_137' title='bbox 682 2210 801 2249; x_wconf 82' lang='lat' dir='ltr'><strong>rum</strong></span> <span class='ocrx_word' id='word_1_138' title='bbox 828 2194 894 2247; x_wconf 88' lang='lat' dir='ltr'><strong>ab</strong></span> <span class='ocrx_word' id='word_1_139' title='bbox 931 2208 997 2248; x_wconf 89' lang='lat' dir='ltr'><strong>eo</strong></span> <span class='ocrx_word' id='word_1_140' title='bbox 1026 2205 1210 2262; x_wconf 65' lang='lat' dir='ltr'><strong>pinnas</strong></span> <span class='ocrx_word' id='word_1_141' title='bbox 1237 2188 1406 2257; x_wconf 84' lang='lat' dir='ltr'><strong>exegi.</strong></span> <span class='ocrx_word' id='word_1_142' title='bbox 1438 2186 1567 2239; x_wconf 77' lang='lat' dir='ltr'><strong>Nam</strong></span> <span class='ocrx_word' id='word_1_143' title='bbox 1600 2184 1651 2238; x_wconf 91' lang='lat' dir='ltr'><strong>in</strong></span> <span class='ocrx_word' id='word_1_144' title='bbox 1680 2190 1827 2237; x_wconf 87' lang='lat' dir='ltr'><strong>recte</strong></span> <span class='ocrx_word' id='word_1_145' title='bbox 1861 2178 2011 2232; x_wconf 91' lang='lat' dir='ltr'><strong>factis</strong></span> <span class='ocrx_word' id='word_1_146' title='bbox 2048 2176 2262 2246; x_wconf 81' lang='lat' dir='ltr'><strong>quidem</strong></span> 
     </span>
    </p>
   </div>
   <div class='ocr_carea' id='block_1_22' title="bbox 687 2268 2260 2349">
    <p class='ocr_par' dir='ltr' id='par_1_22' title="bbox 687 2268 2260 2349">
     <span class='ocr_line' id='line_1_22' title="bbox 687 2268 2260 2349; baseline -0.013 -9"><span class='ocrx_word' id='word_1_147' title='bbox 687 2284 1092 2341; x_wconf 83' lang='lat' dir='ltr'><strong>remunerandis</strong></span> <span class='ocrx_word' id='word_1_148' title='bbox 1136 2282 1276 2337; x_wconf 86' lang='lat' dir='ltr'><strong>Deus</strong></span> <span class='ocrx_word' id='word_1_149' title='bbox 1323 2276 1552 2349; x_wconf 65' lang='lat' dir='ltr'><strong>praemiis</strong></span> <span class='ocrx_word' id='word_1_150' title='bbox 1582 2275 1693 2329; x_wconf 90' lang='lat' dir='ltr'><strong>suis</strong></span> <span class='ocrx_word' id='word_1_151' title='bbox 1745 2272 1961 2327; x_wconf 89' lang='lat' dir='ltr'><strong>modum</strong></span> <span class='ocrx_word' id='word_1_152' title='bbox 2011 2268 2260 2333; x_wconf 79' lang='lat' dir='ltr'><strong>excedit;</strong></span> 
     </span>
    </p>
   </div>
   <div class='ocr_carea' id='block_1_23' title="bbox 684 2358 2261 2444">
    <p class='ocr_par' dir='ltr' id='par_1_23' title="bbox 684 2358 2261 2444">
     <span class='ocr_line' id='line_1_23' title="bbox 684 2358 2261 2444; baseline -0.013 -12"><span class='ocrx_word' id='word_1_153' title='bbox 684 2394 804 2432; x_wconf 84' lang='lat' dir='ltr'><strong>cum</strong></span> <span class='ocrx_word' id='word_1_154' title='bbox 836 2388 1013 2432; x_wconf 89' lang='lat' dir='ltr'><strong>autem</strong></span> <span class='ocrx_word' id='word_1_155' title='bbox 1046 2384 1257 2444; x_wconf 86' lang='lat' dir='ltr'><strong>peccata</strong></span> <span class='ocrx_word' id='word_1_156' title='bbox 1286 2368 1589 2439; x_wconf 79' lang='lat' dir='ltr'><strong>castiganda</strong></span> <span class='ocrx_word' id='word_1_157' title='bbox 1618 2376 1737 2420; x_wconf 91' lang='lat' dir='ltr'><strong>sunt</strong></span> <span class='ocrx_word' id='word_1_158' title='bbox 1768 2406 1784 2431; x_wconf 92' lang='lat'><strong>,</strong></span> <span class='ocrx_word' id='word_1_159' title='bbox 1832 2379 1938 2433; x_wconf 80' lang='lat' dir='ltr'><strong>pra:</strong></span> <span class='ocrx_word' id='word_1_160' title='bbox 1979 2358 2137 2414; x_wconf 85' lang='lat' dir='ltr'><strong>nimia</strong></span> <span class='ocrx_word' id='word_1_161' title='bbox 2167 2373 2261 2413; x_wconf 91' lang='lat' dir='ltr'><strong>sua</strong></span> 
     </span>
    </p>
   </div>
   <div class='ocr_carea' id='block_1_24' title="bbox 685 2450 2263 2540">
    <p class='ocr_par' dir='ltr' id='par_1_24' title="bbox 685 2450 2263 2540">
     <span class='ocr_line' id='line_1_24' title="bbox 685 2450 2263 2540; baseline -0.013 -15"><span class='ocrx_word' id='word_1_162' title='bbox 685 2470 1010 2540; x_wconf 71' lang='lat' dir='ltr'><strong>benignitate</strong></span> <span class='ocrx_word' id='word_1_163' title='bbox 1038 2465 1247 2521; x_wconf 89' lang='lat' dir='ltr'><strong>modico</strong></span> <span class='ocrx_word' id='word_1_164' title='bbox 1273 2462 1534 2533; x_wconf 85' lang='lat' dir='ltr'><strong>supplicio</strong></span> <span class='ocrx_word' id='word_1_165' title='bbox 1580 2458 1773 2513; x_wconf 88' lang='lat' dir='ltr'><strong>delicta</strong></span> <span class='ocrx_word' id='word_1_166' title='bbox 1818 2454 2079 2508; x_wconf 79' lang='lat' dir='ltr'><strong>vindicat:</strong></span> <span class='ocrx_word' id='word_1_167' title='bbox 2105 2450 2263 2519; x_wconf 83' lang='lat' dir='ltr'><strong>idque</strong></span> 
     </span>
    </p>
   </div>
   <div class='ocr_carea' id='block_1_25' title="bbox 684 2543 2261 2619">
    <p class='ocr_par' dir='ltr' id='par_1_25' title="bbox 684 2543 2261 2619">
     <span class='ocr_line' id='line_1_25' title="bbox 684 2543 2261 2619; baseline -0.013 -5"><span class='ocrx_word' id='word_1_168' title='bbox 684 2574 740 2615; x_wconf 87' lang='lat' dir='ltr'><strong>ut</strong></span> <span class='ocrx_word' id='word_1_169' title='bbox 774 2562 872 2615; x_wconf 93' lang='lat' dir='ltr'><strong>hoc</strong></span> <span class='ocrx_word' id='word_1_170' title='bbox 904 2560 1021 2615; x_wconf 91' lang='lat' dir='ltr'><strong>loco</strong></span> <span class='ocrx_word' id='word_1_171' title='bbox 1043 2558 1304 2619; x_wconf 85' lang='lat' dir='ltr'><strong>innueret,</strong></span> <span class='ocrx_word' id='word_1_172' title='bbox 1336 2552 1487 2617; x_wconf 84' lang='lat' dir='ltr'><strong>dixit,</strong></span> <span class='ocrx_word' id='word_1_173' title='bbox 1525 2549 1743 2619; x_wconf 78' lang='lat' dir='ltr'><strong>Propter</strong></span> <span class='ocrx_word' id='word_1_174' title='bbox 1776 2543 2120 2617; x_wconf 76' lang='lat' dir='ltr'><strong>peccaturum!</strong></span> <span class='ocrx_word' id='word_1_175' title='bbox 2150 2556 2261 2595; x_wconf 90' lang='lat' dir='ltr'><strong>mo-</strong></span> 
     </span>
    </p>
   </div>
   <div class='ocr_carea' id='block_1_26' title="bbox 683 2637 2261 2709">
    <p class='ocr_par' dir='ltr' id='par_1_26' title="bbox 683 2637 2261 2709">
     <span class='ocr_line' id='line_1_26' title="bbox 683 2637 2261 2709; baseline -0.013 -5"><span class='ocrx_word' id='word_1_176' title='bbox 683 2654 853 2705; x_wconf 84' lang='lat' dir='ltr'><strong>dicum</strong></span> <span class='ocrx_word' id='word_1_177' title='bbox 881 2647 1169 2703; x_wconf 71' lang='lat' dir='ltr'><strong>contristari</strong></span> <span class='ocrx_word' id='word_1_178' title='bbox 1204 2661 1317 2700; x_wconf 82' lang='lat' dir='ltr'><strong>eum</strong></span> <span class='ocrx_word' id='word_1_179' title='bbox 1348 2661 1367 2699; x_wconf 88' lang='lat'><strong><em>:</em></strong></span> <span class='ocrx_word' id='word_1_180' title='bbox 1395 2652 1442 2698; x_wconf 88' lang='lat' dir='ltr'><strong>et</strong></span> <span class='ocrx_word' id='word_1_181' title='bbox 1465 2641 1565 2695; x_wconf 74' lang='lat' dir='ltr'><strong>vidi</strong></span> <span class='ocrx_word' id='word_1_182' title='bbox 1591 2681 1604 2703; x_wconf 89' lang='lat'><strong>,</strong></span> <span class='ocrx_word' id='word_1_183' title='bbox 1636 2639 1754 2709; x_wconf 82' lang='lat' dir='ltr'><strong>quin</strong></span> <span class='ocrx_word' id='word_1_184' title='bbox 1780 2637 2101 2691; x_wconf 69' lang='lat' dir='ltr'><strong>contristatur</strong></span> <span class='ocrx_word' id='word_1_185' title='bbox 2147 2641 2220 2686; x_wconf 82' lang='lat' dir='ltr'><strong>est</strong></span> <span class='ocrx_word' id='word_1_186' title='bbox 2246 2673 2261 2698; x_wconf 87' lang='lat'><strong>,</strong></span> 
     </span>
    </p>
   </div>
   <div class='ocr_carea' id='block_1_27' title="bbox 681 2722 2119 2802">
    <p class='ocr_par' dir='ltr' id='par_1_27' title="bbox 681 2722 2119 2802">
     <span class='ocr_line' id='line_1_27' title="bbox 681 2722 2119 2802; baseline -0.015 -5"><span class='ocrx_word' id='word_1_187' title='bbox 681 2753 728 2797; x_wconf 79' lang='lat' dir='ltr'><strong>et</strong></span> <span class='ocrx_word' id='word_1_188' title='bbox 756 2739 1026 2795; x_wconf 77' lang='lat' dir='ltr'><strong>auibulavit</strong></span> <span class='ocrx_word' id='word_1_189' title='bbox 1052 2738 1225 2801; x_wconf 83' lang='lat' dir='ltr'><strong>tristis,</strong></span> <span class='ocrx_word' id='word_1_190' title='bbox 1251 2745 1297 2789; x_wconf 82' lang='lat' dir='ltr'><strong>et</strong></span> <span class='ocrx_word' id='word_1_191' title='bbox 1326 2734 1430 2788; x_wconf 75' lang='lat' dir='ltr'><strong>vias</strong></span> <span class='ocrx_word' id='word_1_192' title='bbox 1470 2732 1577 2802; x_wconf 82' lang='lat' dir='ltr'><strong>ejus</strong></span> <span class='ocrx_word' id='word_1_193' title='bbox 1601 2728 1774 2784; x_wconf 67' lang='lat' dir='ltr'><strong>sanari</strong></span> <span class='ocrx_word' id='word_1_194' title='bbox 1809 2724 1859 2797; x_wconf 84' lang='grc'><strong>(1</strong></span> <span class='ocrx_word' id='word_1_195' title='bbox 1866 2728 1913 2779; x_wconf 92' lang='lat' dir='ltr'><strong>b.</strong></span> <span class='ocrx_word' id='word_1_196' title='bbox 1938 2741 1985 2777; x_wconf 85' lang='grc' dir='ltr'><strong>υ.</strong></span> <span class='ocrx_word' id='word_1_197' title='bbox 2005 2722 2119 2795; x_wconf 73' lang='grc'><strong>18).</strong></span> 
     </span>
    </p>
   </div>
   <div class='ocr_carea' id='block_1_28' title="bbox 756 2812 2260 2889">
    <p class='ocr_par' dir='ltr' id='par_1_28' title="bbox 756 2812 2260 2889">
     <span class='ocr_line' id='line_1_28' title="bbox 756 2812 2260 2889; baseline -0.014 -2"><span class='ocrx_word' id='word_1_198' title='bbox 756 2834 808 2887; x_wconf 72' lang='grc'><strong>4.</strong></span> <span class='ocrx_word' id='word_1_199' title='bbox 839 2830 996 2887; x_wconf 81' lang='lat' dir='ltr'><strong>Vides</strong></span> <span class='ocrx_word' id='word_1_200' title='bbox 1024 2840 1078 2885; x_wconf 91' lang='lat' dir='ltr'><strong>ut</strong></span> <span class='ocrx_word' id='word_1_201' title='bbox 1108 2825 1386 2883; x_wconf 87' lang='lat' dir='ltr'><strong>celerrima</strong></span> <span class='ocrx_word' id='word_1_202' title='bbox 1416 2824 1505 2889; x_wconf 86' lang='lat' dir='ltr'><strong>sit,</strong></span> <span class='ocrx_word' id='word_1_203' title='bbox 1533 2830 1586 2877; x_wconf 87' lang='lat' dir='ltr'><strong>et</strong></span> <span class='ocrx_word' id='word_1_204' title='bbox 1625 2832 1832 2875; x_wconf 89' lang='lat' dir='ltr'><strong>summa</strong></span> <span class='ocrx_word' id='word_1_205' title='bbox 1863 2816 2057 2871; x_wconf 82' lang='lat' dir='ltr'><strong>utilitas</strong></span> <span class='ocrx_word' id='word_1_206' title='bbox 2090 2812 2260 2883; x_wconf 64' lang='lat' dir='ltr'><strong>pinni-</strong></span> 
     </span>
    </p>
   </div>
   <div class='ocr_carea' id='block_1_29' title="bbox 686 2906 2264 2992">
    <p class='ocr_par' dir='ltr' id='par_1_29' title="bbox 686 2906 2264 2992">
     <span class='ocr_line' id='line_1_29' title="bbox 686 2906 2264 2992; baseline -0.015 -12"><span class='ocrx_word' id='word_1_207' title='bbox 686 2922 901 2980; x_wconf 69' lang='lat' dir='ltr'><strong>lentim?</strong></span> <span class='ocrx_word' id='word_1_208' title='bbox 924 2922 1056 2978; x_wconf 88' lang='lat' dir='ltr'><strong>Cum</strong></span> <span class='ocrx_word' id='word_1_209' title='bbox 1082 2933 1368 2992; x_wconf 88' lang='lat' dir='ltr'><strong>parumper</strong></span> <span class='ocrx_word' id='word_1_210' title='bbox 1391 2932 1509 2972; x_wconf 89' lang='lat' dir='ltr'><strong>eum</strong></span> <span class='ocrx_word' id='word_1_211' title='bbox 1534 2920 1750 2984; x_wconf 84' lang='lat' dir='ltr'><strong>propter</strong></span> <span class='ocrx_word' id='word_1_212' title='bbox 1772 2916 1985 2980; x_wconf 84' lang='lat' dir='ltr'><strong>peccata</strong></span> <span class='ocrx_word' id='word_1_213' title='bbox 2012 2906 2264 2976; x_wconf 87' lang='lat' dir='ltr'><strong>castigas-</strong></span> 
     </span>
    </p>
   </div>
   <div class='ocr_carea' id='block_1_30' title="bbox 682 3001 2262 3085">
    <p class='ocr_par' dir='ltr' id='par_1_30' title="bbox 682 3001 2262 3085">
     <span class='ocr_line' id='line_1_30' title="bbox 682 3001 2262 3085; baseline -0.012 -13"><span class='ocrx_word' id='word_1_214' title='bbox 682 3034 821 3080; x_wconf 83' lang='lat' dir='ltr'><strong>sein,</strong></span> <span class='ocrx_word' id='word_1_215' title='bbox 852 3014 1041 3085; x_wconf 84' lang='lat' dir='ltr'><strong>inquit,</strong></span> <span class='ocrx_word' id='word_1_216' title='bbox 1074 3012 1321 3082; x_wconf 87' lang='lat' dir='ltr'><strong>quoniam</strong></span> <span class='ocrx_word' id='word_1_217' title='bbox 1350 3018 1599 3063; x_wconf 70' lang='lat' dir='ltr'><strong>incestum</strong></span> <span class='ocrx_word' id='word_1_218' title='bbox 1640 3006 1784 3060; x_wconf 91' lang='lat' dir='ltr'><strong>illum</strong></span> <span class='ocrx_word' id='word_1_219' title='bbox 1823 3016 1885 3055; x_wconf 92' lang='lat' dir='ltr'><strong>ae</strong></span> <span class='ocrx_word' id='word_1_220' title='bbox 1913 3001 2114 3055; x_wconf 85' lang='lat' dir='ltr'><strong>tristem</strong></span> <span class='ocrx_word' id='word_1_221' title='bbox 2142 3013 2262 3053; x_wconf 88' lang='lat' dir='ltr'><strong>esse</strong></span> 
     </span>
    </p>
   </div>
   <div class='ocr_carea' id='block_1_31' title="bbox 685 3089 2261 3174">
    <p class='ocr_par' dir='ltr' id='par_1_31' title="bbox 685 3089 2261 3174">
     <span class='ocr_line' id='line_1_31' title="bbox 685 3089 2261 3174; baseline -0.013 -10"><span class='ocrx_word' id='word_1_222' title='bbox 685 3108 881 3164; x_wconf 63' lang='lat' dir='ltr'><strong>factum</strong></span> <span class='ocrx_word' id='word_1_223' title='bbox 911 3106 1037 3174; x_wconf 89' lang='lat' dir='ltr'><strong>vidi,</strong></span> <span class='ocrx_word' id='word_1_224' title='bbox 1070 3105 1226 3160; x_wconf 88' lang='lat' dir='ltr'><strong>etiam</strong></span> <span class='ocrx_word' id='word_1_225' title='bbox 1248 3102 1511 3157; x_wconf 86' lang='lat' dir='ltr'><strong>modicam</strong></span> <span class='ocrx_word' id='word_1_226' title='bbox 1530 3098 1672 3153; x_wconf 90' lang='lat' dir='ltr'><strong>illam</strong></span> <span class='ocrx_word' id='word_1_227' title='bbox 1694 3109 1906 3166; x_wconf 77' lang='lat' dir='ltr'><strong>ptenam</strong></span> <span class='ocrx_word' id='word_1_228' title='bbox 1934 3089 2261 3146; x_wconf 81' lang='lat' dir='ltr'><strong>condonavi:</strong></span> 
     </span>
    </p>
   </div>
   <div class='ocr_carea' id='block_1_32' title="bbox 685 3182 2265 3273">
    <p class='ocr_par' dir='ltr' id='par_1_32' title="bbox 685 3182 2265 3273">
     <span class='ocr_line' id='line_1_32' title="bbox 685 3182 2265 3273; baseline -0.013 -19"><span class='ocrx_word' id='word_1_229' title='bbox 685 3202 819 3257; x_wconf 88' lang='lat' dir='ltr'><strong>adeo</strong></span> <span class='ocrx_word' id='word_1_230' title='bbox 844 3208 1122 3273; x_wconf 89' lang='lat' dir='ltr'><strong>promptus</strong></span> <span class='ocrx_word' id='word_1_231' title='bbox 1150 3212 1213 3252; x_wconf 87' lang='lat' dir='ltr'><strong>ac</strong></span> <span class='ocrx_word' id='word_1_232' title='bbox 1234 3204 1447 3266; x_wconf 87' lang='lat' dir='ltr'><strong>paratus</strong></span> <span class='ocrx_word' id='word_1_233' title='bbox 1476 3198 1558 3246; x_wconf 91' lang='lat' dir='ltr'><strong>est</strong></span> <span class='ocrx_word' id='word_1_234' title='bbox 1585 3197 1641 3243; x_wconf 90' lang='lat' dir='ltr'><strong>ut</strong></span> <span class='ocrx_word' id='word_1_235' title='bbox 1684 3184 2057 3242; x_wconf 86' lang='lat' dir='ltr'><strong>reconcilietur</strong></span> <span class='ocrx_word' id='word_1_236' title='bbox 2088 3182 2265 3238; x_wconf 72' lang='lat' dir='ltr'><strong>nobis~</strong></span> 
     </span>
    </p>
   </div>
   <div class='ocr_carea' id='block_1_33' title="bbox 684 3272 2263 3358">
    <p class='ocr_par' dir='ltr' id='par_1_33' title="bbox 684 3272 2263 3358">
     <span class='ocr_line' id='line_1_33' title="bbox 684 3272 2263 3358; baseline -0.015 -11"><span class='ocrx_word' id='word_1_237' title='bbox 684 3309 804 3347; x_wconf 88' lang='lat' dir='ltr'><strong>cum</strong></span> <span class='ocrx_word' id='word_1_238' title='bbox 846 3272 1005 3355; x_wconf 88' lang='lat' dir='ltr'><strong>Deus,</strong></span> <span class='ocrx_word' id='word_1_239' title='bbox 1033 3297 1087 3344; x_wconf 86' lang='lat' dir='ltr'><strong>et</strong></span> <span class='ocrx_word' id='word_1_240' title='bbox 1114 3285 1448 3358; x_wconf 71' lang='lat' dir='ltr'><strong>perexiguam</strong></span> <span class='ocrx_word' id='word_1_241' title='bbox 1481 3288 1682 3336; x_wconf 80' lang='lat' dir='ltr'><strong>tantum</strong></span> <span class='ocrx_word' id='word_1_242' title='bbox 1712 3276 2047 3339; x_wconf 80' lang='lat' dir='ltr'><strong>occasionem</strong></span> <span class='ocrx_word' id='word_1_243' title='bbox 2082 3272 2263 3342; x_wconf 84' lang='lat' dir='ltr'><strong>requi-</strong></span> 
     </span>
    </p>
   </div>
   <div class='ocr_carea' id='block_1_34' title="bbox 688 3365 2257 3446">
    <p class='ocr_par' dir='ltr' id='par_1_34' title="bbox 688 3365 2257 3446">
     <span class='ocr_line' id='line_1_34' title="bbox 688 3365 2257 3446; baseline -0.014 -9"><span class='ocrx_word' id='word_1_244' title='bbox 688 3384 774 3437; x_wconf 88' lang='lat' dir='ltr'><strong>rit.</strong></span> <span class='ocrx_word' id='word_1_245' title='bbox 800 3375 1136 3437; x_wconf 77' lang='lat' dir='ltr'><strong>Praebeamus</strong></span> <span class='ocrx_word' id='word_1_246' title='bbox 1163 3373 1402 3446; x_wconf 87' lang='lat' dir='ltr'><strong>igiturilli</strong></span> <span class='ocrx_word' id='word_1_247' title='bbox 1426 3371 1759 3427; x_wconf 85' lang='lat' dir='ltr'><strong>occasionem</strong></span> <span class='ocrx_word' id='word_1_248' title='bbox 1778 3365 1975 3421; x_wconf 88' lang='lat' dir='ltr'><strong>amoris</strong></span> <span class='ocrx_word' id='word_1_249' title='bbox 1992 3379 2116 3433; x_wconf 87' lang='lat' dir='ltr'><strong>erga</strong></span> <span class='ocrx_word' id='word_1_250' title='bbox 2139 3377 2257 3428; x_wconf 91' lang='lat' dir='ltr'><strong>nos,</strong></span> 
     </span>
    </p>
   </div>
   <div class='ocr_carea' id='block_1_35' title="bbox 684 3452 2264 3541">
    <p class='ocr_par' dir='ltr' id='par_1_35' title="bbox 684 3452 2264 3541">
     <span class='ocr_line' id='line_1_35' title="bbox 684 3452 2264 3541; baseline -0.013 -14"><span class='ocrx_word' id='word_1_251' title='bbox 684 3483 739 3527; x_wconf 85' lang='lat' dir='ltr'><strong>ct</strong></span> <span class='ocrx_word' id='word_1_252' title='bbox 765 3488 794 3526; x_wconf 88' lang='lat' dir='ltr'><strong>a</strong></span> <span class='ocrx_word' id='word_1_253' title='bbox 818 3470 1050 3541; x_wconf 88' lang='lat' dir='ltr'><strong>peccatis</strong></span> <span class='ocrx_word' id='word_1_254' title='bbox 1078 3484 1175 3523; x_wconf 90' lang='lat' dir='ltr'><strong>nos</strong></span> <span class='ocrx_word' id='word_1_255' title='bbox 1198 3468 1464 3521; x_wconf 82' lang='lat' dir='ltr'><strong>immunes</strong></span> <span class='ocrx_word' id='word_1_256' title='bbox 1487 3474 1808 3517; x_wconf 85' lang='lat' dir='ltr'><strong>conservare</strong></span> <span class='ocrx_word' id='word_1_257' title='bbox 1838 3456 2067 3511; x_wconf 88' lang='lat' dir='ltr'><strong>nitamur</strong></span> <span class='ocrx_word' id='word_1_258' title='bbox 2090 3472 2102 3507; x_wconf 89' lang='lat'>:</span> <span class='ocrx_word' id='word_1_259' title='bbox 2122 3452 2264 3524; x_wconf 90' lang='lat' dir='ltr'><strong>quod</strong></span> 
     </span>
    </p>
   </div>
   <div class='ocr_carea' id='block_1_36' title="bbox 687 3548 2267 3631">
    <p class='ocr_par' dir='ltr' id='par_1_36' title="bbox 687 3548 2267 3631">
     <span class='ocr_line' id='line_1_36' title="bbox 687 3548 2267 3631; baseline -0.013 -12"><span class='ocrx_word' id='word_1_260' title='bbox 687 3568 731 3619; x_wconf 83' lang='lat' dir='ltr'><strong>si</strong></span> <span class='ocrx_word' id='word_1_261' title='bbox 762 3566 897 3618; x_wconf 81' lang='lat' dir='ltr'><strong>forte</strong></span> <span class='ocrx_word' id='word_1_262' title='bbox 919 3558 1245 3631; x_wconf 84' lang='lat' dir='ltr'><strong>supplantati</strong></span> <span class='ocrx_word' id='word_1_263' title='bbox 1276 3556 1535 3611; x_wconf 81' lang='lat' dir='ltr'><strong>fuerimus</strong></span> <span class='ocrx_word' id='word_1_264' title='bbox 1561 3548 1866 3622; x_wconf 86' lang='lat' dir='ltr'><strong>aliquando,</strong></span> <span class='ocrx_word' id='word_1_265' title='bbox 1889 3549 1996 3602; x_wconf 90' lang='lat' dir='ltr'><strong>cito</strong></span> <span class='ocrx_word' id='word_1_266' title='bbox 2045 3562 2267 3600; x_wconf 51' lang='lat' dir='ltr'><strong>consurn</strong></span> 
     </span>
    </p>
   </div>
   <div class='ocr_carea' id='block_1_37' title="bbox 686 3638 2267 3719">
    <p class='ocr_par' dir='ltr' id='par_1_37' title="bbox 686 3638 2267 3719">
     <span class='ocr_line' id='line_1_37' title="bbox 686 3638 2267 3719; baseline -0.01 -14"><span class='ocrx_word' id='word_1_267' title='bbox 686 3669 895 3719; x_wconf 71' lang='lat' dir='ltr'><strong>gamus,</strong></span> <span class='ocrx_word' id='word_1_268' title='bbox 928 3667 991 3707; x_wconf 90' lang='lat' dir='ltr'><strong>ac</strong></span> <span class='ocrx_word' id='word_1_269' title='bbox 1018 3651 1208 3706; x_wconf 87' lang='lat' dir='ltr'><strong>delicta</strong></span> <span class='ocrx_word' id='word_1_270' title='bbox 1250 3657 1429 3703; x_wconf 86' lang='lat' dir='ltr'><strong>nostra</strong></span> <span class='ocrx_word' id='word_1_271' title='bbox 1478 3643 1825 3700; x_wconf 85' lang='lat' dir='ltr'><strong>vehementer</strong></span> <span class='ocrx_word' id='word_1_272' title='bbox 1862 3638 2137 3707; x_wconf 82' lang='lat' dir='ltr'><strong>lugeamus</strong></span> <span class='ocrx_word' id='word_1_273' title='bbox 2161 3678 2176 3702; x_wconf 93' lang='lat'><strong>,</strong></span> <span class='ocrx_word' id='word_1_274' title='bbox 2209 3644 2267 3713; x_wconf 78' lang='lat' dir='ltr'><strong>ut</strong></span> 
     </span>
    </p>
   </div>
   <div class='ocr_carea' id='block_1_38' title="bbox 688 3706 2265 3816">
    <p class='ocr_par' dir='ltr' id='par_1_38' title="bbox 688 3706 2265 3816">
     <span class='ocr_line' id='line_1_38' title="bbox 688 3706 2265 3816; baseline -0.01 -21"><span class='ocrx_word' id='word_1_275' title='bbox 688 3743 935 3816; x_wconf 72' lang='lat' dir='ltr'><strong>gaudium</strong></span> <span class='ocrx_word' id='word_1_276' title='bbox 967 3740 1258 3798; x_wconf 87' lang='lat' dir='ltr'><strong>sccnndmu</strong></span> <span class='ocrx_word' id='word_1_277' title='bbox 1308 3737 1469 3791; x_wconf 89' lang='lat' dir='ltr'><strong>Deum</strong></span> <span class='ocrx_word' id='word_1_278' title='bbox 1500 3744 1909 3801; x_wconf 87' lang='lat' dir='ltr'><strong>consequamur.</strong></span> <span class='ocrx_word' id='word_1_279' title='bbox 1938 3728 1993 3783; x_wconf 89' lang='lat' dir='ltr'><strong>Si</strong></span> <span class='ocrx_word' id='word_1_280' title='bbox 2019 3727 2177 3782; x_wconf 52' lang='lat' dir='ltr'><strong>enim‘</strong></span> <span class='ocrx_word' id='word_1_281' title='bbox 2199 3706 2265 3781; x_wconf 84' lang='lat' dir='ltr'><strong>eo</strong></span> 
     </span>
    </p>
   </div>
   <div class='ocr_carea' id='block_1_39' title="bbox 688 3817 2262 3904">
    <p class='ocr_par' dir='ltr' id='par_1_39' title="bbox 688 3817 2262 3904">
     <span class='ocr_line' id='line_1_39' title="bbox 688 3817 2262 3904; baseline -0.013 -15"><span class='ocrx_word' id='word_1_282' title='bbox 688 3836 828 3904; x_wconf 80' lang='lat' dir='ltr'><strong>quod</strong></span> <span class='ocrx_word' id='word_1_283' title='bbox 855 3834 1195 3888; x_wconf 87' lang='lat' dir='ltr'><strong>contristatus</strong></span> <span class='ocrx_word' id='word_1_284' title='bbox 1212 3836 1371 3890; x_wconf 81' lang='lat' dir='ltr'><strong>esset,</strong></span> <span class='ocrx_word' id='word_1_285' title='bbox 1398 3836 1452 3879; x_wconf 88' lang='lat' dir='ltr'><strong>et</strong></span> <span class='ocrx_word' id='word_1_286' title='bbox 1478 3822 1771 3878; x_wconf 88' lang='lat' dir='ltr'><strong>ambularet</strong></span> <span class='ocrx_word' id='word_1_287' title='bbox 1800 3829 2020 3897; x_wconf 53' lang='lat' dir='ltr'><strong>maestus</strong></span> <span class='ocrx_word' id='word_1_288' title='bbox 2039 3860 2054 3884; x_wconf 93' lang='lat'><strong>,</strong></span> <span class='ocrx_word' id='word_1_289' title='bbox 2098 3817 2262 3871; x_wconf 89' lang='lat' dir='ltr'><strong>Deum</strong></span> 
     </span>
    </p>
   </div>
   <div class='ocr_carea' id='block_1_40' title="bbox 690 3908 2265 3985">
    <p class='ocr_par' dir='ltr' id='par_1_40' title="bbox 690 3908 2265 3985">
     <span class='ocr_line' id='line_1_40' title="bbox 690 3908 2265 3985; baseline -0.011 -7"><span class='ocrx_word' id='word_1_290' title='bbox 690 3926 788 3979; x_wconf 68' lang='lat' dir='ltr'><strong>sibi</strong></span> <span class='ocrx_word' id='word_1_291' title='bbox 819 3921 1182 3977; x_wconf 89' lang='lat' dir='ltr'><strong>reconciliavit</strong></span> <span class='ocrx_word' id='word_1_292' title='bbox 1214 3938 1226 3971; x_wconf 89' lang='lat'><strong>:</strong></span> <span class='ocrx_word' id='word_1_293' title='bbox 1256 3918 1343 3985; x_wconf 89' lang='lat' dir='ltr'><strong>qni</strong></span> <span class='ocrx_word' id='word_1_294' title='bbox 1369 3916 1529 3971; x_wconf 88' lang='lat' dir='ltr'><strong>etiam</strong></span> <span class='ocrx_word' id='word_1_295' title='bbox 1564 3913 1829 3981; x_wconf 86' lang='lat' dir='ltr'><strong>lacrymas</strong></span> <span class='ocrx_word' id='word_1_296' title='bbox 1847 3908 2012 3973; x_wconf 87' lang='lat' dir='ltr'><strong>addit,</strong></span> <span class='ocrx_word' id='word_1_297' title='bbox 2037 3922 2265 3975; x_wconf 88' lang='lat' dir='ltr'><strong>eumque</strong></span> 
     </span>
    </p>
   </div>
   <div class='ocr_carea' id='block_1_41' title="bbox 692 4000 2265 4071">
    <p class='ocr_par' dir='ltr' id='par_1_41' title="bbox 692 4000 2265 4071">
     <span class='ocr_line' id='line_1_41' title="bbox 692 4000 2265 4071; baseline -0.013 0"><span class='ocrx_word' id='word_1_298' title='bbox 692 4016 919 4071; x_wconf 84' lang='lat' dir='ltr'><strong>maxima</strong></span> <span class='ocrx_word' id='word_1_299' title='bbox 946 4028 1066 4067; x_wconf 87' lang='lat' dir='ltr'><strong>cum</strong></span> <span class='ocrx_word' id='word_1_300' title='bbox 1092 4009 1252 4064; x_wconf 90' lang='lat' dir='ltr'><strong>animi</strong></span> <span class='ocrx_word' id='word_1_301' title='bbox 1283 4006 1622 4062; x_wconf 89' lang='lat' dir='ltr'><strong>contentione</strong></span> <span class='ocrx_word' id='word_1_302' title='bbox 1643 4013 1813 4065; x_wconf 82' lang='lat' dir='ltr'><strong>vocat,</strong></span> <span class='ocrx_word' id='word_1_303' title='bbox 1846 4000 1969 4069; x_wconf 89' lang='lat' dir='ltr'><strong>quid</strong></span> <span class='ocrx_word' id='word_1_304' title='bbox 1999 4014 2102 4052; x_wconf 92' lang='lat' dir='ltr'><strong>non</strong></span> <span class='ocrx_word' id='word_1_305' title='bbox 2126 4014 2265 4067; x_wconf 82' lang='lat' dir='ltr'><strong>pra:-</strong></span> 
     </span>
    </p>
   </div>
   <div class='ocr_carea' id='block_1_42' title="bbox 688 4094 2269 4163">
    <p class='ocr_par' dir='ltr' id='par_1_42' title="bbox 688 4094 2269 4163">
     <span class='ocr_line' id='line_1_42' title="bbox 688 4094 2269 4163; baseline -0.012 -1"><span class='ocrx_word' id='word_1_306' title='bbox 688 4104 889 4163; x_wconf 73' lang='lat' dir='ltr'><strong>t-tabit?</strong></span> <span class='ocrx_word' id='word_1_307' title='bbox 922 4106 1043 4161; x_wconf 87' lang='lat' dir='ltr'><strong>Scio</strong></span> <span class='ocrx_word' id='word_1_308' title='bbox 1068 4112 1297 4157; x_wconf 86' lang='lat' dir='ltr'><strong>vestram</strong></span> <span class='ocrx_word' id='word_1_309' title='bbox 1320 4108 1551 4154; x_wconf 90' lang='lat' dir='ltr'><strong>mentem</strong></span> <span class='ocrx_word' id='word_1_310' title='bbox 1571 4094 1948 4149; x_wconf 80' lang='lat' dir='ltr'><strong>inﬂammatam</strong></span> <span class='ocrx_word' id='word_1_311' title='bbox 1979 4105 2129 4153; x_wconf 89' lang='lat' dir='ltr'><strong>esse;</strong></span> <span class='ocrx_word' id='word_1_312' title='bbox 2178 4104 2269 4143; x_wconf 89' lang='lat' dir='ltr'><strong>ve-</strong></span> 
     </span>
    </p>
   </div>
   <div class='ocr_carea' id='block_1_43' title="bbox 691 4182 2264 4264">
    <p class='ocr_par' dir='ltr' id='par_1_43' title="bbox 691 4182 2264 4264">
     <span class='ocr_line' id='line_1_43' title="bbox 691 4182 2264 4264; baseline -0.015 -9"><span class='ocrx_word' id='word_1_313' title='bbox 691 4217 808 4255; x_wconf 88' lang='lat' dir='ltr'><strong>rum</strong></span> <span class='ocrx_word' id='word_1_314' title='bbox 837 4209 892 4253; x_wconf 90' lang='lat' dir='ltr'><strong>ut</strong></span> <span class='ocrx_word' id='word_1_315' title='bbox 915 4199 1053 4252; x_wconf 82' lang='lat' dir='ltr'><strong>foras</strong></span> <span class='ocrx_word' id='word_1_316' title='bbox 1073 4193 1303 4264; x_wconf 82' lang='lat' dir='ltr'><strong>egreSsis</strong></span> <span class='ocrx_word' id='word_1_317' title='bbox 1324 4190 1476 4245; x_wconf 79' lang='lat' dir='ltr'><strong>nobis</strong></span> <span class='ocrx_word' id='word_1_318' title='bbox 1504 4188 1660 4242; x_wconf 88' lang='lat' dir='ltr'><strong>ardor</strong></span> <span class='ocrx_word' id='word_1_319' title='bbox 1678 4186 1776 4240; x_wconf 88' lang='lat' dir='ltr'><strong>iste</strong></span> <span class='ocrx_word' id='word_1_320' title='bbox 1807 4199 1909 4237; x_wconf 92' lang='lat' dir='ltr'><strong>non</strong></span> <span class='ocrx_word' id='word_1_321' title='bbox 1935 4182 2264 4248; x_wconf 82' lang='lat' dir='ltr'><strong>refrigescat,</strong></span> 
     </span>
    </p>
   </div>
   <div class='ocr_carea' id='block_1_44' title="bbox 690 4270 2269 4347">
    <p class='ocr_par' dir='ltr' id='par_1_44' title="bbox 690 4270 2269 4347">
     <span class='ocr_line' id='line_1_44' title="bbox 690 4270 2269 4347; baseline -0.016 1"><span class='ocrx_word' id='word_1_322' title='bbox 690 4294 783 4347; x_wconf 81' lang='lat' dir='ltr'><strong>sed</strong></span> <span class='ocrx_word' id='word_1_323' title='bbox 830 4294 881 4346; x_wconf 92' lang='lat' dir='ltr'><strong>in</strong></span> <span class='ocrx_word' id='word_1_324' title='bbox 931 4290 1083 4345; x_wconf 88' lang='lat' dir='ltr'><strong>nobis</strong></span> <span class='ocrx_word' id='word_1_325' title='bbox 1133 4286 1277 4339; x_wconf 89' lang='lat' dir='ltr'><strong>illum</strong></span> <span class='ocrx_word' id='word_1_326' title='bbox 1306 4282 1582 4337; x_wconf 85' lang='lat' dir='ltr'><strong>foveamus</strong></span> <span class='ocrx_word' id='word_1_327' title='bbox 1606 4318 1622 4343; x_wconf 89' lang='lat'><strong>,</strong></span> <span class='ocrx_word' id='word_1_328' title='bbox 1658 4278 1757 4330; x_wconf 90' lang='lat' dir='ltr'><strong>hoc</strong></span> <span class='ocrx_word' id='word_1_329' title='bbox 1786 4286 2020 4344; x_wconf 83' lang='lat' dir='ltr'><strong>agamus.</strong></span> <span class='ocrx_word' id='word_1_330' title='bbox 2057 4270 2269 4324; x_wconf 87' lang='lat' dir='ltr'><strong>Fertilis</strong></span> 
     </span>
    </p>
   </div>
   <div class='ocr_carea' id='block_1_45' title="bbox 690 4360 2265 4452">
    <p class='ocr_par' dir='ltr' id='par_1_45' title="bbox 690 4360 2265 4452">
     <span class='ocr_line' id='line_1_45' title="bbox 690 4360 2265 4452; baseline -0.017 -13"><span class='ocrx_word' id='word_1_331' title='bbox 690 4396 771 4439; x_wconf 75' lang='lat' dir='ltr'><strong>est</strong></span> <span class='ocrx_word' id='word_1_332' title='bbox 800 4399 926 4452; x_wconf 85' lang='lat' dir='ltr'><strong>ager</strong></span> <span class='ocrx_word' id='word_1_333' title='bbox 952 4380 1143 4435; x_wconf 84' lang='lat' dir='ltr'><strong>mentis</strong></span> <span class='ocrx_word' id='word_1_334' title='bbox 1166 4383 1351 4431; x_wconf 72' lang='lat' dir='ltr'><strong>vestrae</strong></span> <span class='ocrx_word' id='word_1_335' title='bbox 1376 4413 1389 4437; x_wconf 92' lang='lat'><strong>,</strong></span> <span class='ocrx_word' id='word_1_336' title='bbox 1420 4372 1618 4425; x_wconf 84' lang='lat' dir='ltr'><strong>semina</strong></span> <span class='ocrx_word' id='word_1_337' title='bbox 1659 4366 1879 4434; x_wconf 85' lang='lat' dir='ltr'><strong>suscipit</strong></span> <span class='ocrx_word' id='word_1_338' title='bbox 1906 4373 1961 4418; x_wconf 90' lang='lat' dir='ltr'><strong>et</strong></span> <span class='ocrx_word' id='word_1_339' title='bbox 1985 4360 2265 4417; x_wconf 85' lang='lat' dir='ltr'><strong>confestim</strong></span> 
     </span>
    </p>
   </div>
   <div class='ocr_carea' id='block_1_46' title="bbox 692 4454 2264 4544">
    <p class='ocr_par' dir='ltr' id='par_1_46' title="bbox 692 4454 2264 4544">
     <span class='ocr_line' id='line_1_46' title="bbox 692 4454 2264 4544; baseline -0.017 -14"><span class='ocrx_word' id='word_1_340' title='bbox 692 4478 867 4544; x_wconf 86' lang='lat' dir='ltr'><strong>spicas</strong></span> <span class='ocrx_word' id='word_1_341' title='bbox 895 4470 1158 4543; x_wconf 88' lang='lat' dir='ltr'><strong>producit,</strong></span> <span class='ocrx_word' id='word_1_342' title='bbox 1193 4481 1298 4520; x_wconf 91' lang='lat' dir='ltr'><strong>non</strong></span> <span class='ocrx_word' id='word_1_343' title='bbox 1352 4462 1549 4531; x_wconf 79' lang='lat' dir='ltr'><strong>indiget</strong></span> <span class='ocrx_word' id='word_1_344' title='bbox 1588 4458 1837 4512; x_wconf 85' lang='lat' dir='ltr'><strong>dilatione</strong></span> <span class='ocrx_word' id='word_1_345' title='bbox 1879 4454 1958 4508; x_wconf 85' lang='lat' dir='ltr'><strong>vel</strong></span> <span class='ocrx_word' id='word_1_346' title='bbox 1993 4464 2264 4522; x_wconf 87' lang='lat' dir='ltr'><strong>tempore:</strong></span> 
     </span>
    </p>
   </div>
   <div class='ocr_carea' id='block_1_47' title="bbox 692 4549 1671 4620">
    <p class='ocr_par' dir='ltr' id='par_1_47' title="bbox 692 4549 1671 4620">
     <span class='ocr_line' id='line_1_47' title="bbox 692 4549 1671 4620; baseline -0.022 1"><span class='ocrx_word' id='word_1_347' title='bbox 692 4565 787 4620; x_wconf 81' lang='lat' dir='ltr'><strong>sed</strong></span> <span class='ocrx_word' id='word_1_348' title='bbox 816 4562 1082 4616; x_wconf 88' lang='lat' dir='ltr'><strong>inimicum</strong></span> <span class='ocrx_word' id='word_1_349' title='bbox 1110 4564 1341 4609; x_wconf 86' lang='lat' dir='ltr'><strong>vestrum</strong></span> <span class='ocrx_word' id='word_1_350' title='bbox 1361 4549 1671 4605; x_wconf 83' lang='lat' dir='ltr'><strong>reformido.</strong></span> 
     </span>
    </p>
   </div>
   <div class='ocr_carea' id='block_1_48' title="bbox 767 4633 2272 4711">
    <p class='ocr_par' dir='ltr' id='par_1_48' title="bbox 767 4633 2272 4711">
     <span class='ocr_line' id='line_1_48' title="bbox 767 4633 2272 4711; baseline -0.017 -2"><span class='ocrx_word' id='word_1_351' title='bbox 767 4655 1009 4709; x_wconf 82' lang='lat' dir='ltr'><strong>Diabolus</strong></span> <span class='ocrx_word' id='word_1_352' title='bbox 1046 4649 1301 4704; x_wconf 78' lang='lat' dir='ltr'><strong>ecclesiam</strong></span> <span class='ocrx_word' id='word_1_353' title='bbox 1346 4661 1445 4698; x_wconf 81' lang='lat' dir='ltr'><strong>non</strong></span> <span class='ocrx_word' id='word_1_354' title='bbox 1488 4639 1783 4711; x_wconf 75' lang='lat' dir='ltr'><strong>ingreditur.</strong></span> <span class='ocrx_word' id='word_1_355' title='bbox 1834 4635 2064 4688; x_wconf 81' lang='lat' dir='ltr'><strong>Lucerna</strong></span> <span class='ocrx_word' id='word_1_356' title='bbox 2093 4633 2272 4685; x_wconf 80' lang='lat' dir='ltr'><strong>mentis</strong></span> 
     </span>
    </p>
   </div>
   <div class='ocr_carea' id='block_1_49' title="bbox 697 4727 2269 4805">
    <p class='ocr_par' dir='ltr' id='par_1_49' title="bbox 697 4727 2269 4805">
     <span class='ocr_line' id='line_1_49' title="bbox 697 4727 2269 4805; baseline -0.019 0"><span class='ocrx_word' id='word_1_357' title='bbox 697 4743 1197 4805; x_wconf 68' lang='lat' dir='ltr'><strong>doctrinm—Extra</strong></span> <span class='ocrx_word' id='word_1_358' title='bbox 1218 4738 1497 4794; x_wconf 76' lang='lat' dir='ltr'><strong>ecclesiam</strong></span> <span class='ocrx_word' id='word_1_359' title='bbox 1540 4741 1643 4787; x_wconf 88' lang='lat' dir='ltr'><strong>stat</strong></span> <span class='ocrx_word' id='word_1_360' title='bbox 1677 4730 1933 4793; x_wconf 81' lang='lat' dir='ltr'><strong>diabolus,</strong></span> <span class='ocrx_word' id='word_1_361' title='bbox 1960 4727 2153 4796; x_wconf 85' lang='lat' dir='ltr'><strong>quippe</strong></span> <span class='ocrx_word' id='word_1_362' title='bbox 2180 4739 2269 4777; x_wconf 84' lang='lat' dir='ltr'><strong>sa-</strong></span> 
     </span>
    </p>
   </div>
   <div class='ocr_carea' id='block_1_50' title="bbox 695 4816 2268 4895">
    <p class='ocr_par' dir='ltr' id='par_1_50' title="bbox 695 4816 2268 4895">
     <span class='ocr_line' id='line_1_50' title="bbox 695 4816 2268 4895; baseline -0.017 -1"><span class='ocrx_word' id='word_1_363' title='bbox 695 4856 843 4895; x_wconf 90' lang='lat' dir='ltr'><strong>crum</strong></span> <span class='ocrx_word' id='word_1_364' title='bbox 893 4835 1032 4890; x_wconf 75' lang='lat' dir='ltr'><strong>istud</strong></span> <span class='ocrx_word' id='word_1_365' title='bbox 1088 4834 1141 4886; x_wconf 91' lang='lat' dir='ltr'><strong>in</strong></span> <span class='ocrx_word' id='word_1_366' title='bbox 1199 4829 1335 4883; x_wconf 89' lang='lat' dir='ltr'><strong>ovile</strong></span> <span class='ocrx_word' id='word_1_367' title='bbox 1378 4843 1482 4881; x_wconf 91' lang='lat' dir='ltr'><strong>non</strong></span> <span class='ocrx_word' id='word_1_368' title='bbox 1533 4822 1691 4876; x_wconf 91' lang='lat' dir='ltr'><strong>audet</strong></span> <span class='ocrx_word' id='word_1_369' title='bbox 1729 4816 2077 4874; x_wconf 74' lang='lat' dir='ltr'><strong>intrarezubi</strong></span> <span class='ocrx_word' id='word_1_370' title='bbox 2127 4816 2268 4869; x_wconf 84' lang='lat' dir='ltr'><strong>enim</strong></span> 
     </span>
    </p>
   </div>
   <div class='ocr_carea' id='block_1_51' title="bbox 698 4905 2267 4995">
    <p class='ocr_par' dir='ltr' id='par_1_51' title="bbox 698 4905 2267 4995">
     <span class='ocr_line' id='line_1_51' title="bbox 698 4905 2267 4995; baseline -0.019 -8"><span class='ocrx_word' id='word_1_371' title='bbox 698 4928 890 4987; x_wconf 87' lang='lat' dir='ltr'><strong>Christi</strong></span> <span class='ocrx_word' id='word_1_372' title='bbox 919 4941 1044 4995; x_wconf 87' lang='lat' dir='ltr'><strong>grex</strong></span> <span class='ocrx_word' id='word_1_373' title='bbox 1071 4931 1172 4987; x_wconf 87' lang='lat' dir='ltr'><strong>est,</strong></span> <span class='ocrx_word' id='word_1_374' title='bbox 1200 4921 1353 4989; x_wconf 92' lang='lat' dir='ltr'><strong>lupus</strong></span> <span class='ocrx_word' id='word_1_375' title='bbox 1381 4932 1484 4970; x_wconf 90' lang='lat' dir='ltr'><strong>non</strong></span> <span class='ocrx_word' id='word_1_376' title='bbox 1505 4919 1797 4983; x_wconf 86' lang='lat' dir='ltr'><strong>comparet,</strong></span> <span class='ocrx_word' id='word_1_377' title='bbox 1830 4906 1923 4964; x_wconf 90' lang='lat' dir='ltr'><strong>sed</strong></span> <span class='ocrx_word' id='word_1_378' title='bbox 1964 4905 2093 4960; x_wconf 86' lang='lat' dir='ltr'><strong>foris</strong></span> <span class='ocrx_word' id='word_1_379' title='bbox 2120 4914 2223 4959; x_wconf 88' lang='lat' dir='ltr'><strong>stat</strong></span> <span class='ocrx_word' id='word_1_380' title='bbox 2251 4947 2267 4971; x_wconf 91' lang='lat'><strong>,</strong></span> 
     </span>
    </p>
   </div>
   <div class='ocr_carea' id='block_1_52' title="bbox 696 4998 2265 5090">
    <p class='ocr_par' dir='ltr' id='par_1_52' title="bbox 696 4998 2265 5090">
     <span class='ocr_line' id='line_1_52' title="bbox 696 4998 2265 5090; baseline -0.017 -16"><span class='ocrx_word' id='word_1_381' title='bbox 696 5020 835 5090; x_wconf 88' lang='lat' dir='ltr'><strong>quod</strong></span> <span class='ocrx_word' id='word_1_382' title='bbox 880 5026 1141 5087; x_wconf 85' lang='lat' dir='ltr'><strong>pastorem</strong></span> <span class='ocrx_word' id='word_1_383' title='bbox 1169 5007 1496 5066; x_wconf 73' lang='lat' dir='ltr'><strong>reformidet.</strong></span> <span class='ocrx_word' id='word_1_384' title='bbox 1529 5006 1583 5060; x_wconf 88' lang='lat' dir='ltr'><strong>Si</strong></span> <span class='ocrx_word' id='word_1_385' title='bbox 1604 5002 1802 5073; x_wconf 80' lang='lat' dir='ltr'><strong>egressi</strong></span> <span class='ocrx_word' id='word_1_386' title='bbox 1827 5001 1951 5055; x_wconf 88' lang='lat' dir='ltr'><strong>hinc</strong></span> <span class='ocrx_word' id='word_1_387' title='bbox 1977 4998 2230 5052; x_wconf 77' lang='lat' dir='ltr'><strong>fuerimus</strong></span> <span class='ocrx_word' id='word_1_388' title='bbox 2252 5038 2265 5060; x_wconf 92' lang='lat'><strong>,</strong></span> 
     </span>
    </p>
   </div>
   <div class='ocr_carea' id='block_1_53' title="bbox 696 5088 2270 5169">
    <p class='ocr_par' dir='ltr' id='par_1_53' title="bbox 696 5088 2270 5169">
     <span class='ocr_line' id='line_1_53' title="bbox 696 5088 2270 5169; baseline -0.017 -4"><span class='ocrx_word' id='word_1_389' title='bbox 696 5088 764 5165; x_wconf 79' lang='lat' dir='ltr'><strong>ne</strong></span> <span class='ocrx_word' id='word_1_390' title='bbox 794 5108 967 5162; x_wconf 82' lang='lat' dir='ltr'><strong>statim</strong></span> <span class='ocrx_word' id='word_1_391' title='bbox 998 5118 1093 5159; x_wconf 89' lang='lat' dir='ltr'><strong>nos</strong></span> <span class='ocrx_word' id='word_1_392' title='bbox 1118 5102 1182 5156; x_wconf 89' lang='lat' dir='ltr'><strong>ad</strong></span> <span class='ocrx_word' id='word_1_393' title='bbox 1208 5098 1599 5169; x_wconf 75' lang='lat' dir='ltr'><strong>intempestivos</strong></span> <span class='ocrx_word' id='word_1_394' title='bbox 1627 5106 1964 5164; x_wconf 86' lang='lat' dir='ltr'><strong>congressus,</strong></span> <span class='ocrx_word' id='word_1_395' title='bbox 1994 5098 2083 5142; x_wconf 88' lang='lat' dir='ltr'><strong>aut</strong></span> <span class='ocrx_word' id='word_1_396' title='bbox 2103 5088 2270 5141; x_wconf 90' lang='lat' dir='ltr'><strong>otiosa</strong></span> 
     </span>
    </p>
   </div>
   <div class='ocr_carea' id='block_1_54' title="bbox 695 5178 2281 5271">
    <p class='ocr_par' dir='ltr' id='par_1_54' title="bbox 695 5178 2281 5271">
     <span class='ocr_line' id='line_1_54' title="bbox 695 5178 2281 5271; baseline -0.016 -14"><span class='ocrx_word' id='word_1_397' title='bbox 695 5199 959 5271; x_wconf 89' lang='lat' dir='ltr'><strong>colloquia</strong></span> <span class='ocrx_word' id='word_1_398' title='bbox 1008 5208 1063 5253; x_wconf 89' lang='lat' dir='ltr'><strong>et</strong></span> <span class='ocrx_word' id='word_1_399' title='bbox 1106 5193 1318 5249; x_wconf 87' lang='lat' dir='ltr'><strong>inutiles</strong></span> <span class='ocrx_word' id='word_1_400' title='bbox 1346 5190 1717 5269; x_wconf 73' lang='lat' dir='ltr'><strong>occupationes</strong></span> <span class='ocrx_word' id='word_1_401' title='bbox 1760 5183 2135 5243; x_wconf 88' lang='lat' dir='ltr'><strong>traducamus;</strong></span> <span class='ocrx_word' id='word_1_402' title='bbox 2178 5178 2281 5263; x_wconf 39' lang='lat' dir='ltr'><strong>sed.</strong></span> 
     </span>
    </p>
   </div>
   <div class='ocr_carea' id='block_1_55' title="bbox 698 5269 2272 5353">
    <p class='ocr_par' dir='ltr' id='par_1_55' title="bbox 698 5269 2272 5353">
     <span class='ocr_line' id='line_1_55' title="bbox 698 5269 2272 5353; baseline -0.015 -6"><span class='ocrx_word' id='word_1_403' title='bbox 698 5295 822 5347; x_wconf 88' lang='lat' dir='ltr'><strong>dum</strong></span> <span class='ocrx_word' id='word_1_404' title='bbox 856 5269 1043 5346; x_wconf 77' lang='lat' dir='ltr'><strong>recens</strong></span> <span class='ocrx_word' id='word_1_405' title='bbox 1085 5287 1261 5341; x_wconf 89' lang='lat' dir='ltr'><strong>adhuc</strong></span> <span class='ocrx_word' id='word_1_406' title='bbox 1298 5284 1437 5353; x_wconf 83' lang='lat' dir='ltr'><strong>viget</strong></span> <span class='ocrx_word' id='word_1_407' title='bbox 1461 5282 1510 5334; x_wconf 90' lang='lat' dir='ltr'><strong>in</strong></span> <span class='ocrx_word' id='word_1_408' title='bbox 1562 5280 1713 5333; x_wconf 90' lang='lat' dir='ltr'><strong>nobis</strong></span> <span class='ocrx_word' id='word_1_409' title='bbox 1758 5290 1939 5332; x_wconf 89' lang='lat' dir='ltr'><strong>eorum</strong></span> <span class='ocrx_word' id='word_1_410' title='bbox 1969 5288 2087 5343; x_wconf 72' lang='lat' dir='ltr'><strong>qua:</strong></span> <span class='ocrx_word' id='word_1_411' title='bbox 2134 5269 2272 5324; x_wconf 87' lang='lat' dir='ltr'><strong>dicta</strong></span> 
     </span>
    </p>
   </div>
   <div class='ocr_carea' id='block_1_56' title="bbox 697 5376 2274 5446">
    <p class='ocr_par' dir='ltr' id='par_1_56' title="bbox 697 5376 2274 5446">
     <span class='ocr_line' id='line_1_56' title="bbox 697 5376 2274 5446; baseline -0.016 -5"><span class='ocrx_word' id='word_1_412' title='bbox 697 5396 821 5441; x_wconf 88' lang='lat' dir='ltr'><strong>sunt</strong></span> <span class='ocrx_word' id='word_1_413' title='bbox 850 5380 1126 5446; x_wconf 80' lang='lat' dir='ltr'><strong>memoria,</strong></span> <span class='ocrx_word' id='word_1_414' title='bbox 1155 5379 1368 5433; x_wconf 91' lang='lat' dir='ltr'><strong>domum</strong></span> <span class='ocrx_word' id='word_1_415' title='bbox 1394 5384 1758 5444; x_wconf 83' lang='lat' dir='ltr'><strong>prOpercmus,</strong></span> <span class='ocrx_word' id='word_1_416' title='bbox 1783 5376 1979 5423; x_wconf 91' lang='lat' dir='ltr'><strong>etcum</strong></span> <span class='ocrx_word' id='word_1_417' title='bbox 2006 5378 2170 5419; x_wconf 87' lang='lat' dir='ltr'><strong>uxore</strong></span> <span class='ocrx_word' id='word_1_418' title='bbox 2211 5377 2274 5416; x_wconf 91' lang='lat' dir='ltr'><strong>ac</strong></span> 
     </span>
    </p>
   </div>
   <div class='ocr_carea' id='block_1_57' title="bbox 702 5453 2269 5539">
    <p class='ocr_par' dir='ltr' id='par_1_57' title="bbox 702 5453 2269 5539">
     <span class='ocr_line' id='line_1_57' title="bbox 702 5453 2269 5539; baseline -0.019 -6"><span class='ocrx_word' id='word_1_419' title='bbox 702 5480 882 5533; x_wconf 86' lang='lat' dir='ltr'><strong>liberis</strong></span> <span class='ocrx_word' id='word_1_420' title='bbox 901 5476 1094 5531; x_wconf 80' lang='lat' dir='ltr'><strong>sedens</strong></span> <span class='ocrx_word' id='word_1_421' title='bbox 1117 5470 1479 5539; x_wconf 87' lang='lat' dir='ltr'><strong>unusquisque</strong></span> <span class='ocrx_word' id='word_1_422' title='bbox 1513 5470 1756 5517; x_wconf 82' lang='lat' dir='ltr'><strong>accurate</strong></span> <span class='ocrx_word' id='word_1_423' title='bbox 1774 5502 1788 5524; x_wconf 92' lang='lat'><strong>,</strong></span> <span class='ocrx_word' id='word_1_424' title='bbox 1820 5472 1938 5527; x_wconf 65' lang='lat' dir='ltr'><strong>quae</strong></span> <span class='ocrx_word' id='word_1_425' title='bbox 1965 5453 2224 5508; x_wconf 86' lang='lat' dir='ltr'><strong>audiverit</strong></span> <span class='ocrx_word' id='word_1_426' title='bbox 2255 5493 2269 5518; x_wconf 92' lang='lat'><strong>,</strong></span> 
     </span>
    </p>
   </div>
   <div class='ocr_carea' id='block_1_58' title="bbox 706 5543 2276 5631">
    <p class='ocr_par' dir='ltr' id='par_1_58' title="bbox 706 5543 2276 5631">
     <span class='ocr_line' id='line_1_58' title="bbox 706 5543 2276 5631; baseline -0.018 -5"><span class='ocrx_word' id='word_1_427' title='bbox 706 5569 1005 5625; x_wconf 84' lang='lat' dir='ltr'><strong>meditetur.</strong></span> <span class='ocrx_word' id='word_1_428' title='bbox 1058 5561 1209 5631; x_wconf 85' lang='lat' dir='ltr'><strong>Quod</strong></span> <span class='ocrx_word' id='word_1_429' title='bbox 1250 5562 1293 5613; x_wconf 90' lang='lat' dir='ltr'><strong>si</strong></span> <span class='ocrx_word' id='word_1_430' title='bbox 1346 5558 1559 5612; x_wconf 89' lang='lat' dir='ltr'><strong>domum</strong></span> <span class='ocrx_word' id='word_1_431' title='bbox 1616 5550 1821 5622; x_wconf 79' lang='lat' dir='ltr'><strong>regredi</strong></span> <span class='ocrx_word' id='word_1_432' title='bbox 1872 5546 2047 5601; x_wconf 87' lang='lat' dir='ltr'><strong>nolitis</strong></span> <span class='ocrx_word' id='word_1_433' title='bbox 2079 5586 2091 5608; x_wconf 89' lang='lat'><strong>,</strong></span> <span class='ocrx_word' id='word_1_434' title='bbox 2125 5543 2276 5598; x_wconf 87' lang='lat' dir='ltr'><strong>vobis</strong></span> 
     </span>
    </p>
   </div>
   <div class='ocr_carea' id='block_1_59' title="bbox 700 5645 2275 5727">
    <p class='ocr_par' dir='ltr' id='par_1_59' title="bbox 700 5645 2275 5727">
     <span class='ocr_line' id='line_1_59' title="bbox 700 5645 2275 5727; baseline -0.023 -4"><span class='ocrx_word' id='word_1_435' title='bbox 700 5665 900 5722; x_wconf 75' lang='lat' dir='ltr'><strong>amicos</strong></span> <span class='ocrx_word' id='word_1_436' title='bbox 926 5659 1175 5727; x_wconf 82' lang='lat' dir='ltr'><strong>colligite,</strong></span> <span class='ocrx_word' id='word_1_437' title='bbox 1208 5663 1363 5723; x_wconf 90' lang='lat' dir='ltr'><strong>atque</strong></span> <span class='ocrx_word' id='word_1_438' title='bbox 1396 5653 1448 5704; x_wconf 86' lang='lat' dir='ltr'><strong>ir.</strong></span> <span class='ocrx_word' id='word_1_439' title='bbox 1475 5645 1904 5703; x_wconf 85' lang='lat' dir='ltr'><strong>communionem</strong></span> <span class='ocrx_word' id='word_1_440' title='bbox 1943 5653 2126 5693; x_wconf 90' lang='lat' dir='ltr'><strong>eorum</strong></span> <span class='ocrx_word' id='word_1_441' title='bbox 2158 5651 2275 5706; x_wconf 67' lang='lat' dir='ltr'><strong>quae</strong></span> 
     </span>
    </p>
   </div>
   <div class='ocr_carea' id='block_1_60' title="bbox 698 5735 2278 5815">
    <p class='ocr_par' dir='ltr' id='par_1_60' title="bbox 698 5735 2278 5815">
     <span class='ocr_line' id='line_1_60' title="bbox 698 5735 2278 5815; baseline -0.018 -3"><span class='ocrx_word' id='word_1_442' title='bbox 698 5754 971 5813; x_wconf 70' lang='lat' dir='ltr'><strong>audieritis</strong></span> <span class='ocrx_word' id='word_1_443' title='bbox 989 5764 1080 5807; x_wconf 79' lang='lat' dir='ltr'><strong>eos</strong></span> <span class='ocrx_word' id='word_1_444' title='bbox 1105 5755 1349 5805; x_wconf 82' lang='lat' dir='ltr'><strong>vocantes</strong></span> <span class='ocrx_word' id='word_1_445' title='bbox 1374 5741 1615 5815; x_wconf 81' lang='lat' dir='ltr'><strong>privatim</strong></span> <span class='ocrx_word' id='word_1_446' title='bbox 1629 5735 1919 5804; x_wconf 89' lang='lat' dir='ltr'><strong>considcte,</strong></span> <span class='ocrx_word' id='word_1_447' title='bbox 1944 5740 2098 5803; x_wconf 81' lang='lat' dir='ltr'><strong>atque</strong></span> <span class='ocrx_word' id='word_1_448' title='bbox 2116 5744 2278 5785; x_wconf 81' lang='lat' dir='ltr'><strong>unus-</strong></span> 
     </span>
    </p>
   </div>
   <div class='ocr_carea' id='block_1_61' title="bbox 1386 324 3194 411">
    <p class='ocr_par' dir='ltr' id='par_1_61' title="bbox 1386 324 3194 411">
     <span class='ocr_line' id='line_1_61' title="bbox 1386 324 3194 411; baseline -0.014 0"><span class='ocrx_word' id='word_1_449' title='bbox 1386 353 1441 411; x_wconf 90' lang='lat' dir='ltr'><strong>s.</strong></span> <span class='ocrx_word' id='word_1_450' title='bbox 1484 348 1761 408; x_wconf 59' lang='lat' dir='ltr'><strong>JOANNIS</strong></span> <span class='ocrx_word' id='word_1_451' title='bbox 1789 324 2265 403; x_wconf 70' lang='lat' dir='ltr'><strong>cnnrsosron‘t</strong></span> <span class='ocrx_word' id='word_1_452' title='bbox 2306 337 2621 393; x_wconf 64' lang='lat' dir='ltr'><strong>annuae.</strong></span> <span class='ocrx_word' id='word_1_453' title='bbox 2662 332 3194 393; x_wconf 64' lang='lat' dir='ltr'><strong>CONSTANTINOP.</strong></span> 
     </span>
    </p>
   </div>
   <div class='ocr_carea' id='block_1_62' title="bbox 3859 325 3958 382">
    <p class='ocr_par' dir='ltr' id='par_1_62' title="bbox 3859 325 3958 382">
     <span class='ocr_line' id='line_1_62' title="bbox 3859 325 3958 382; baseline -0.01 -1"><span class='ocrx_word' id='word_1_454' title='bbox 3859 325 3958 382; x_wconf 76' lang='grc'><strong>852</strong></span> 
     </span>
    </p>
   </div>
   <div class='ocr_carea' id='block_1_63' title="bbox 2376 442 3960 522">
    <p class='ocr_par' dir='ltr' id='par_1_63' title="bbox 2376 442 3960 522">
     <span class='ocr_line' id='line_1_63' title="bbox 2376 442 3960 522; baseline -0.006 -18"><span class='ocrx_word' id='word_1_455' title='bbox 2376 454 2598 522; x_wconf 83' lang='lat' dir='ltr'><strong>quisque</strong></span> <span class='ocrx_word' id='word_1_456' title='bbox 2629 449 2901 520; x_wconf 81' lang='lat' dir='ltr'><strong>proferens</strong></span> <span class='ocrx_word' id='word_1_457' title='bbox 2925 464 3043 519; x_wconf 68' lang='lat' dir='ltr'><strong>quae</strong></span> <span class='ocrx_word' id='word_1_458' title='bbox 3074 445 3241 517; x_wconf 82' lang='lat' dir='ltr'><strong>potuit</strong></span> <span class='ocrx_word' id='word_1_459' title='bbox 3266 442 3519 500; x_wconf 75' lang='lat' dir='ltr'><strong>memoria</strong></span> <span class='ocrx_word' id='word_1_460' title='bbox 3547 452 3750 508; x_wconf 80' lang='lat' dir='ltr'><strong>lettere,</strong></span> <span class='ocrx_word' id='word_1_461' title='bbox 3776 455 3960 496; x_wconf 68' lang='lat' dir='ltr'><strong>rursus</strong></span> 
     </span>
    </p>
   </div>
   <div class='ocr_carea' id='block_1_64' title="bbox 2372 532 3954 601">
    <p class='ocr_par' dir='ltr' id='par_1_64' title="bbox 2372 532 3954 601">
     <span class='ocr_line' id='line_1_64' title="bbox 2372 532 3954 601; baseline -0.005 -6"><span class='ocrx_word' id='word_1_462' title='bbox 2372 541 2593 597; x_wconf 89' lang='lat' dir='ltr'><strong>alteram</strong></span> <span class='ocrx_word' id='word_1_463' title='bbox 2610 541 2863 597; x_wconf 70' lang='lat' dir='ltr'><strong>doctrinm</strong></span> <span class='ocrx_word' id='word_1_464' title='bbox 2887 554 3053 594; x_wconf 73' lang='lat' dir='ltr'><strong>saera:</strong></span> <span class='ocrx_word' id='word_1_465' title='bbox 3076 538 3355 593; x_wconf 82' lang='lat' dir='ltr'><strong>lectionem</strong></span> <span class='ocrx_word' id='word_1_466' title='bbox 3378 535 3654 601; x_wconf 85' lang='lat' dir='ltr'><strong>instituite,</strong></span> <span class='ocrx_word' id='word_1_467' title='bbox 3671 548 3743 590; x_wconf 83' lang='lat' dir='ltr'><strong>ne</strong></span> <span class='ocrx_word' id='word_1_468' title='bbox 3758 532 3954 588; x_wconf 77' lang='lat' dir='ltr'><strong>frustra</strong></span> 
     </span>
    </p>
   </div>
   <div class='ocr_carea' id='block_1_65' title="bbox 2374 625 3957 696">
    <p class='ocr_par' dir='ltr' id='par_1_65' title="bbox 2374 625 3957 696">
     <span class='ocr_line' id='line_1_65' title="bbox 2374 625 3957 696; baseline -0.008 -7"><span class='ocrx_word' id='word_1_469' title='bbox 2374 635 2461 692; x_wconf 88' lang='lat' dir='ltr'><strong>hic</strong></span> <span class='ocrx_word' id='word_1_470' title='bbox 2483 633 2789 690; x_wconf 82' lang='lat' dir='ltr'><strong>interfuisse</strong></span> <span class='ocrx_word' id='word_1_471' title='bbox 2832 632 3077 688; x_wconf 93' lang='lat' dir='ltr'><strong>concioni</strong></span> <span class='ocrx_word' id='word_1_472' title='bbox 3121 630 3424 685; x_wconf 84' lang='lat' dir='ltr'><strong>videamini.</strong></span> <span class='ocrx_word' id='word_1_473' title='bbox 3472 628 3715 683; x_wconf 85' lang='lat' dir='ltr'><strong>Lucerna</strong></span> <span class='ocrx_word' id='word_1_474' title='bbox 3762 625 3957 696; x_wconf 84' lang='lat' dir='ltr'><strong>quippe</strong></span> 
     </span>
    </p>
   </div>
   <div class='ocr_carea' id='block_1_66' title="bbox 2372 718 3953 793">
    <p class='ocr_par' dir='ltr' id='par_1_66' title="bbox 2372 718 3953 793">
     <span class='ocr_line' id='line_1_66' title="bbox 2372 718 3953 793; baseline -0.008 -12"><span class='ocrx_word' id='word_1_475' title='bbox 2372 737 2497 783; x_wconf 93' lang='lat' dir='ltr'><strong>sunt</strong></span> <span class='ocrx_word' id='word_1_476' title='bbox 2510 726 2605 781; x_wconf 87' lang='lat' dir='ltr'><strong>Dei</strong></span> <span class='ocrx_word' id='word_1_477' title='bbox 2628 725 2871 779; x_wconf 86' lang='lat' dir='ltr'><strong>mandata</strong></span> <span class='ocrx_word' id='word_1_478' title='bbox 2896 740 2911 777; x_wconf 90' lang='lat'><strong>:</strong></span> <span class='ocrx_word' id='word_1_479' title='bbox 2935 723 3197 793; x_wconf 87' lang='lat' dir='ltr'><strong>siquidem</strong></span> <span class='ocrx_word' id='word_1_480' title='bbox 3222 720 3520 774; x_wconf 74' lang='lat' dir='ltr'><strong>Mandatum</strong></span> <span class='ocrx_word' id='word_1_481' title='bbox 3548 719 3675 789; x_wconf 73' lang='lat' dir='ltr'><strong>legis</strong></span> <span class='ocrx_word' id='word_1_482' title='bbox 3690 726 3761 772; x_wconf 82' lang='lat' dir='ltr'><strong>est</strong></span> <span class='ocrx_word' id='word_1_483' title='bbox 3787 718 3953 770; x_wconf 79' lang='lat' dir='ltr'><strong>tacer-</strong></span> 
     </span>
    </p>
   </div>
   <div class='ocr_carea' id='block_1_67' title="bbox 2356 806 3955 897">
    <p class='ocr_par' dir='ltr' id='par_1_67' title="bbox 2356 806 3955 897">
     <span class='ocr_line' id='line_1_67' title="bbox 2356 806 3955 897; baseline -0.009 -24"><span class='ocrx_word' id='word_1_484' title='bbox 2356 835 2459 884; x_wconf 41' lang='lat' dir='ltr'><strong>‘aa,</strong></span> <span class='ocrx_word' id='word_1_485' title='bbox 2475 830 2519 873; x_wconf 83' lang='lat' dir='ltr'><strong>et</strong></span> <span class='ocrx_word' id='word_1_486' title='bbox 2540 818 2631 881; x_wconf 70' lang='lat' dir='ltr'><strong>tua:</strong></span> <span class='ocrx_word' id='word_1_487' title='bbox 2655 828 2704 871; x_wconf 83' lang='lat' dir='ltr'><strong>et</strong></span> <span class='ocrx_word' id='word_1_488' title='bbox 2722 818 2841 882; x_wconf 74' lang='lat' dir='ltr'><strong>vita,</strong></span> <span class='ocrx_word' id='word_1_489' title='bbox 2860 825 2905 869; x_wconf 81' lang='lat' dir='ltr'><strong>et</strong></span> <span class='ocrx_word' id='word_1_490' title='bbox 2920 813 3186 897; x_wconf 76' lang='lat' dir='ltr'><strong>correptio,</strong></span> <span class='ocrx_word' id='word_1_491' title='bbox 3202 820 3247 878; x_wconf 81' lang='lat' dir='ltr'><strong>et</strong></span> <span class='ocrx_word' id='word_1_492' title='bbox 3258 811 3526 879; x_wconf 81' lang='lat' dir='ltr'><strong>disciplina</strong></span> <span class='ocrx_word' id='word_1_493' title='bbox 3548 808 3735 883; x_wconf 74' lang='lat' dir='ltr'><strong>(Prov.</strong></span> <span class='ocrx_word' id='word_1_494' title='bbox 3749 808 3806 863; x_wconf 88' lang='lat'><strong>6.</strong></span> <span class='ocrx_word' id='word_1_495' title='bbox 3820 806 3914 877; x_wconf 72' lang='lat'><strong>23)</strong></span> <span class='ocrx_word' id='word_1_496' title='bbox 3938 820 3955 859; x_wconf 86' lang='lat'><strong>:</strong></span> 
     </span>
    </p>
   </div>
   <div class='ocr_carea' id='block_1_68' title="bbox 2373 897 3957 981">
    <p class='ocr_par' dir='ltr' id='par_1_68' title="bbox 2373 897 3957 981">
     <span class='ocr_line' id='line_1_68' title="bbox 2373 897 3957 981; baseline -0.008 -16"><span class='ocrx_word' id='word_1_497' title='bbox 2373 924 2535 981; x_wconf 91' lang='lat' dir='ltr'><strong>porro</strong></span> <span class='ocrx_word' id='word_1_498' title='bbox 2577 908 2666 979; x_wconf 86' lang='lat' dir='ltr'><strong>qui</strong></span> <span class='ocrx_word' id='word_1_499' title='bbox 2707 908 2978 962; x_wconf 84' lang='lat' dir='ltr'><strong>lucernam</strong></span> <span class='ocrx_word' id='word_1_500' title='bbox 3016 902 3277 971; x_wconf 81' lang='lat' dir='ltr'><strong>accendit,</strong></span> <span class='ocrx_word' id='word_1_501' title='bbox 3327 917 3433 957; x_wconf 85' lang='lat' dir='ltr'><strong>non</strong></span> <span class='ocrx_word' id='word_1_502' title='bbox 3480 900 3533 955; x_wconf 90' lang='lat' dir='ltr'><strong>in</strong></span> <span class='ocrx_word' id='word_1_503' title='bbox 3576 899 3693 955; x_wconf 90' lang='lat' dir='ltr'><strong>foro</strong></span> <span class='ocrx_word' id='word_1_504' title='bbox 3734 897 3957 981; x_wconf 82' lang='lat' dir='ltr'><strong>residet,</strong></span> 
     </span>
    </p>
   </div>
   <div class='ocr_carea' id='block_1_69' title="bbox 2372 978 3955 1067">
    <p class='ocr_par' dir='ltr' id='par_1_69' title="bbox 2372 978 3955 1067">
     <span class='ocr_line' id='line_1_69' title="bbox 2372 978 3955 1067; baseline -0.006 -13"><span class='ocrx_word' id='word_1_505' title='bbox 2372 978 2467 1054; x_wconf 73' lang='lat' dir='ltr'><strong>scd</strong></span> <span class='ocrx_word' id='word_1_506' title='bbox 2510 978 2725 1053; x_wconf 89' lang='lat' dir='ltr'><strong>domum</strong></span> <span class='ocrx_word' id='word_1_507' title='bbox 2783 1004 3075 1067; x_wconf 88' lang='lat' dir='ltr'><strong>properat,</strong></span> <span class='ocrx_word' id='word_1_508' title='bbox 3124 1010 3191 1049; x_wconf 84' lang='lat' dir='ltr'><strong>ne</strong></span> <span class='ocrx_word' id='word_1_509' title='bbox 3235 1003 3511 1049; x_wconf 85' lang='lat' dir='ltr'><strong>ventorum</strong></span> <span class='ocrx_word' id='word_1_510' title='bbox 3568 990 3785 1046; x_wconf 86' lang='lat' dir='ltr'><strong>incursu</strong></span> <span class='ocrx_word' id='word_1_511' title='bbox 3812 978 3955 1061; x_wconf 76' lang='lat' dir='ltr'><strong>ignis</strong></span> 
     </span>
    </p>
   </div>
   <div class='ocr_carea' id='block_1_70' title="bbox 2371 1085 3953 1161">
    <p class='ocr_par' dir='ltr' id='par_1_70' title="bbox 2371 1085 3953 1161">
     <span class='ocr_line' id='line_1_70' title="bbox 2371 1085 3953 1161; baseline -0.004 -14"><span class='ocrx_word' id='word_1_512' title='bbox 2371 1091 2769 1161; x_wconf 85' lang='lat' dir='ltr'><strong>exstinguatur,</strong></span> <span class='ocrx_word' id='word_1_513' title='bbox 2803 1105 2936 1145; x_wconf 86' lang='lat' dir='ltr'><strong>neve</strong></span> <span class='ocrx_word' id='word_1_514' title='bbox 2980 1089 3131 1159; x_wconf 84' lang='lat' dir='ltr'><strong>longa</strong></span> <span class='ocrx_word' id='word_1_515' title='bbox 3170 1102 3317 1142; x_wconf 90' lang='lat' dir='ltr'><strong>mora</strong></span> <span class='ocrx_word' id='word_1_516' title='bbox 3364 1085 3629 1141; x_wconf 77' lang='lat' dir='ltr'><strong>ﬂammam</strong></span> <span class='ocrx_word' id='word_1_517' title='bbox 3673 1085 3953 1140; x_wconf 83' lang='lat' dir='ltr'><strong>absumat:</strong></span> 
     </span>
    </p>
   </div>
   <div class='ocr_carea' id='block_1_71' title="bbox 2372 1167 3957 1246">
    <p class='ocr_par' dir='ltr' id='par_1_71' title="bbox 2372 1167 3957 1246">
     <span class='ocr_line' id='line_1_71' title="bbox 2372 1167 3957 1246; baseline -0.003 -11"><span class='ocrx_word' id='word_1_518' title='bbox 2372 1182 2441 1236; x_wconf 85' lang='lat' dir='ltr'><strong>ita</strong></span> <span class='ocrx_word' id='word_1_519' title='bbox 2471 1181 2721 1245; x_wconf 88' lang='lat' dir='ltr'><strong>nimirum</strong></span> <span class='ocrx_word' id='word_1_520' title='bbox 2746 1189 2801 1237; x_wconf 90' lang='lat' dir='ltr'><strong>et</strong></span> <span class='ocrx_word' id='word_1_521' title='bbox 2836 1195 2933 1235; x_wconf 90' lang='lat' dir='ltr'><strong>nos</strong></span> <span class='ocrx_word' id='word_1_522' title='bbox 2962 1178 3236 1235; x_wconf 84' lang='lat' dir='ltr'><strong>faciamus.</strong></span> <span class='ocrx_word' id='word_1_523' title='bbox 3264 1177 3429 1232; x_wconf 78' lang='lat' dir='ltr'><strong>Nobis</strong></span> <span class='ocrx_word' id='word_1_524' title='bbox 3470 1175 3696 1246; x_wconf 82' lang='lat' dir='ltr'><strong>Spiritus</strong></span> <span class='ocrx_word' id='word_1_525' title='bbox 3740 1167 3957 1231; x_wconf 71' lang='lat' dir='ltr'><strong>sanctus</strong></span> 
     </span>
    </p>
   </div>
   <div class='ocr_carea' id='block_1_72' title="bbox 2370 1268 3955 1341">
    <p class='ocr_par' dir='ltr' id='par_1_72' title="bbox 2370 1268 3955 1341">
     <span class='ocr_line' id='line_1_72' title="bbox 2370 1268 3955 1341; baseline -0.003 -12"><span class='ocrx_word' id='word_1_526' title='bbox 2370 1289 2519 1329; x_wconf 86' lang='lat' dir='ltr'><strong>suam</strong></span> <span class='ocrx_word' id='word_1_527' title='bbox 2559 1274 2855 1329; x_wconf 88' lang='lat' dir='ltr'><strong>doctrinam</strong></span> <span class='ocrx_word' id='word_1_528' title='bbox 2895 1273 3173 1329; x_wconf 89' lang='lat' dir='ltr'><strong>accendit:</strong></span> <span class='ocrx_word' id='word_1_529' title='bbox 3216 1270 3416 1341; x_wconf 79' lang='lat' dir='ltr'><strong>egressi</strong></span> <span class='ocrx_word' id='word_1_530' title='bbox 3441 1284 3570 1340; x_wconf 84' lang='lat' dir='ltr'><strong>ergo</strong></span> <span class='ocrx_word' id='word_1_531' title='bbox 3587 1278 3748 1339; x_wconf 84' lang='lat' dir='ltr'><strong>atque</strong></span> <span class='ocrx_word' id='word_1_532' title='bbox 3773 1268 3955 1324; x_wconf 86' lang='lat' dir='ltr'><strong>auditu</strong></span> 
     </span>
    </p>
   </div>
   <div class='ocr_carea' id='block_1_73' title="bbox 2370 1361 3957 1437">
    <p class='ocr_par' dir='ltr' id='par_1_73' title="bbox 2370 1361 3957 1437">
     <span class='ocr_line' id='line_1_73' title="bbox 2370 1361 3957 1437; baseline -0.004 -16"><span class='ocrx_word' id='word_1_533' title='bbox 2370 1381 2618 1421; x_wconf 89' lang='lat' dir='ltr'><strong>sermone</strong></span> <span class='ocrx_word' id='word_1_534' title='bbox 2639 1365 2848 1437; x_wconf 89' lang='lat' dir='ltr'><strong>repleti,</strong></span> <span class='ocrx_word' id='word_1_535' title='bbox 2878 1365 2989 1421; x_wconf 85' lang='lat' dir='ltr'><strong>sive</strong></span> <span class='ocrx_word' id='word_1_536' title='bbox 3006 1363 3258 1428; x_wconf 81' lang='lat' dir='ltr'><strong>amicum,</strong></span> <span class='ocrx_word' id='word_1_537' title='bbox 3280 1362 3395 1416; x_wconf 89' lang='lat' dir='ltr'><strong>sive</strong></span> <span class='ocrx_word' id='word_1_538' title='bbox 3425 1361 3777 1431; x_wconf 90' lang='lat' dir='ltr'><strong>propinquum</strong></span> <span class='ocrx_word' id='word_1_539' title='bbox 3798 1400 3814 1425; x_wconf 86' lang='lat'><strong>,</strong></span> <span class='ocrx_word' id='word_1_540' title='bbox 3844 1361 3957 1415; x_wconf 78' lang='lat' dir='ltr'><strong>sive</strong></span> 
     </span>
    </p>
   </div>
   <div class='ocr_carea' id='block_1_74' title="bbox 2368 1449 3955 1524">
    <p class='ocr_par' dir='ltr' id='par_1_74' title="bbox 2368 1449 3955 1524">
     <span class='ocr_line' id='line_1_74' title="bbox 2368 1449 3955 1524; baseline -0.004 -13"><span class='ocrx_word' id='word_1_541' title='bbox 2368 1457 2741 1524; x_wconf 84' lang='lat' dir='ltr'><strong>domesticum,</strong></span> <span class='ocrx_word' id='word_1_542' title='bbox 2766 1456 2880 1511; x_wconf 84' lang='lat' dir='ltr'><strong>sive</strong></span> <span class='ocrx_word' id='word_1_543' title='bbox 2922 1455 3083 1509; x_wconf 86' lang='lat' dir='ltr'><strong>alium</strong></span> <span class='ocrx_word' id='word_1_544' title='bbox 3109 1452 3349 1523; x_wconf 86' lang='lat' dir='ltr'><strong>quemvis</strong></span> <span class='ocrx_word' id='word_1_545' title='bbox 3378 1450 3530 1505; x_wconf 87' lang='lat' dir='ltr'><strong>nobis</strong></span> <span class='ocrx_word' id='word_1_546' title='bbox 3554 1449 3833 1504; x_wconf 83' lang='lat' dir='ltr'><strong>videamus</strong></span> <span class='ocrx_word' id='word_1_547' title='bbox 3861 1463 3955 1504; x_wconf 84' lang='lat' dir='ltr'><strong>oc-</strong></span> 
     </span>
    </p>
   </div>
   <div class='ocr_carea' id='block_1_75' title="bbox 2367 1542 3955 1620">
    <p class='ocr_par' dir='ltr' id='par_1_75' title="bbox 2367 1542 3955 1620">
     <span class='ocr_line' id='line_1_75' title="bbox 2367 1542 3955 1620; baseline -0.006 -15"><span class='ocrx_word' id='word_1_548' title='bbox 2367 1566 2608 1617; x_wconf 88' lang='lat' dir='ltr'><strong>currere,</strong></span> <span class='ocrx_word' id='word_1_549' title='bbox 2637 1558 3036 1620; x_wconf 67' lang='lat' dir='ltr'><strong>praetereamus,</strong></span> <span class='ocrx_word' id='word_1_550' title='bbox 3079 1560 3145 1601; x_wconf 90' lang='lat' dir='ltr'><strong>ne</strong></span> <span class='ocrx_word' id='word_1_551' title='bbox 3163 1545 3209 1601; x_wconf 89' lang='lat' dir='ltr'><strong>si</strong></span> <span class='ocrx_word' id='word_1_552' title='bbox 3234 1559 3353 1599; x_wconf 88' lang='lat' dir='ltr'><strong>cum</strong></span> <span class='ocrx_word' id='word_1_553' title='bbox 3380 1543 3472 1598; x_wconf 90' lang='lat' dir='ltr'><strong>illo</strong></span> <span class='ocrx_word' id='word_1_554' title='bbox 3496 1542 3867 1612; x_wconf 85' lang='lat' dir='ltr'><strong>colloquamur</strong></span> <span class='ocrx_word' id='word_1_555' title='bbox 3889 1543 3955 1596; x_wconf 80' lang='lat' dir='ltr'><strong>de</strong></span> 
     </span>
    </p>
   </div>
   <div class='ocr_carea' id='block_1_76' title="bbox 2369 1632 3953 1706">
    <p class='ocr_par' dir='ltr' id='par_1_76' title="bbox 2369 1632 3953 1706">
     <span class='ocr_line' id='line_1_76' title="bbox 2369 1632 3953 1706; baseline -0.008 -8"><span class='ocrx_word' id='word_1_556' title='bbox 2369 1644 2529 1698; x_wconf 84' lang='lat' dir='ltr'><strong>rebus</strong></span> <span class='ocrx_word' id='word_1_557' title='bbox 2562 1640 2833 1705; x_wconf 86' lang='lat' dir='ltr'><strong>inutilibus</strong></span> <span class='ocrx_word' id='word_1_558' title='bbox 2866 1653 2929 1693; x_wconf 90' lang='lat' dir='ltr'><strong>ac</strong></span> <span class='ocrx_word' id='word_1_559' title='bbox 2953 1636 3255 1706; x_wconf 81' lang='lat' dir='ltr'><strong>superﬂuis,</strong></span> <span class='ocrx_word' id='word_1_560' title='bbox 3287 1634 3543 1689; x_wconf 66' lang='lat' dir='ltr'><strong>doctrina:</strong></span> <span class='ocrx_word' id='word_1_561' title='bbox 3564 1632 3719 1688; x_wconf 88' lang='lat' dir='ltr'><strong>nobis</strong></span> <span class='ocrx_word' id='word_1_562' title='bbox 3739 1632 3953 1687; x_wconf 85' lang='lat' dir='ltr'><strong>interim</strong></span> 
     </span>
    </p>
   </div>
   <div class='ocr_carea' id='block_1_77' title="bbox 2369 1723 3952 1804">
    <p class='ocr_par' dir='ltr' id='par_1_77' title="bbox 2369 1723 3952 1804">
     <span class='ocr_line' id='line_1_77' title="bbox 2369 1723 3952 1804; baseline -0.008 -13"><span class='ocrx_word' id='word_1_563' title='bbox 2369 1737 2733 1804; x_wconf 85' lang='lat' dir='ltr'><strong>exstinguatur</strong></span> <span class='ocrx_word' id='word_1_564' title='bbox 2761 1732 2915 1802; x_wconf 86' lang='lat' dir='ltr'><strong>ignis,</strong></span> <span class='ocrx_word' id='word_1_565' title='bbox 2939 1730 3031 1785; x_wconf 90' lang='lat' dir='ltr'><strong>sed</strong></span> <span class='ocrx_word' id='word_1_566' title='bbox 3054 1730 3105 1784; x_wconf 91' lang='lat' dir='ltr'><strong>in</strong></span> <span class='ocrx_word' id='word_1_567' title='bbox 3129 1736 3305 1782; x_wconf 89' lang='lat' dir='ltr'><strong>mente</strong></span> <span class='ocrx_word' id='word_1_568' title='bbox 3325 1735 3594 1795; x_wconf 80' lang='lat' dir='ltr'><strong>tamquam</strong></span> <span class='ocrx_word' id='word_1_569' title='bbox 3618 1726 3669 1779; x_wconf 91' lang='lat' dir='ltr'><strong>in</strong></span> <span class='ocrx_word' id='word_1_570' title='bbox 3690 1723 3856 1780; x_wconf 87' lang='lat' dir='ltr'><strong>domo</strong></span> <span class='ocrx_word' id='word_1_571' title='bbox 3876 1724 3952 1779; x_wconf 85' lang='lat' dir='ltr'><strong>vi-</strong></span> 
     </span>
    </p>
   </div>
   <div class='ocr_carea' id='block_1_78' title="bbox 2369 1814 3953 1896">
    <p class='ocr_par' dir='ltr' id='par_1_78' title="bbox 2369 1814 3953 1896">
     <span class='ocr_line' id='line_1_78' title="bbox 2369 1814 3953 1896; baseline -0.006 -15"><span class='ocrx_word' id='word_1_572' title='bbox 2369 1837 2507 1896; x_wconf 80' lang='lat' dir='ltr'><strong>geat,</strong></span> <span class='ocrx_word' id='word_1_573' title='bbox 2536 1836 2589 1879; x_wconf 90' lang='lat' dir='ltr'><strong>et</strong></span> <span class='ocrx_word' id='word_1_574' title='bbox 2618 1826 2669 1878; x_wconf 88' lang='lat' dir='ltr'><strong>itt</strong></span> <span class='ocrx_word' id='word_1_575' title='bbox 2714 1822 2924 1877; x_wconf 88' lang='lat' dir='ltr'><strong>sublimi</strong></span> <span class='ocrx_word' id='word_1_576' title='bbox 2970 1821 3174 1876; x_wconf 86' lang='lat' dir='ltr'><strong>ratione</strong></span> <span class='ocrx_word' id='word_1_577' title='bbox 3216 1827 3484 1887; x_wconf 87' lang='lat' dir='ltr'><strong>tamquam</strong></span> <span class='ocrx_word' id='word_1_578' title='bbox 3529 1816 3581 1870; x_wconf 89' lang='lat' dir='ltr'><strong>in</strong></span> <span class='ocrx_word' id='word_1_579' title='bbox 3630 1814 3953 1871; x_wconf 74' lang='lat' dir='ltr'><strong>candelabro</strong></span> 
     </span>
    </p>
   </div>
   <div class='ocr_carea' id='block_1_79' title="bbox 2368 1909 3953 1989">
    <p class='ocr_par' dir='ltr' id='par_1_79' title="bbox 2368 1909 3953 1989">
     <span class='ocr_line' id='line_1_79' title="bbox 2368 1909 3953 1989; baseline -0.006 -16"><span class='ocrx_word' id='word_1_580' title='bbox 2368 1918 2594 1989; x_wconf 84' lang='lat' dir='ltr'><strong>quodam</strong></span> <span class='ocrx_word' id='word_1_581' title='bbox 2620 1929 2906 1971; x_wconf 89' lang='lat' dir='ltr'><strong>succensus</strong></span> <span class='ocrx_word' id='word_1_582' title='bbox 2924 1924 3132 1979; x_wconf 90' lang='lat' dir='ltr'><strong>cuneta,</strong></span> <span class='ocrx_word' id='word_1_583' title='bbox 3179 1926 3295 1982; x_wconf 85' lang='lat' dir='ltr'><strong>quae</strong></span> <span class='ocrx_word' id='word_1_584' title='bbox 3319 1909 3462 1965; x_wconf 90' lang='lat' dir='ltr'><strong>domi</strong></span> <span class='ocrx_word' id='word_1_585' title='bbox 3489 1917 3631 1975; x_wconf 87' lang='lat' dir='ltr'><strong>sunt,</strong></span> <span class='ocrx_word' id='word_1_586' title='bbox 3668 1909 3953 1964; x_wconf 86' lang='lat' dir='ltr'><strong>illuminet.</strong></span> 
     </span>
    </p>
   </div>
   <div class='ocr_carea' id='block_1_80' title="bbox 2371 2001 3953 2075">
    <p class='ocr_par' dir='ltr' id='par_1_80' title="bbox 2371 2001 3953 2075">
     <span class='ocr_line' id='line_1_80' title="bbox 2371 2001 3953 2075; baseline -0.005 -9"><span class='ocrx_word' id='word_1_587' title='bbox 2371 2010 2669 2066; x_wconf 81' lang='lat' dir='ltr'><strong>Absurdum</strong></span> <span class='ocrx_word' id='word_1_588' title='bbox 2713 2008 2855 2062; x_wconf 90' lang='lat' dir='ltr'><strong>enim</strong></span> <span class='ocrx_word' id='word_1_589' title='bbox 2896 2018 2976 2063; x_wconf 88' lang='lat' dir='ltr'><strong>est</strong></span> <span class='ocrx_word' id='word_1_590' title='bbox 3004 2007 3049 2060; x_wconf 92' lang='lat' dir='ltr'><strong>si</strong></span> <span class='ocrx_word' id='word_1_591' title='bbox 3085 2006 3300 2061; x_wconf 90' lang='lat' dir='ltr'><strong>domum</strong></span> <span class='ocrx_word' id='word_1_592' title='bbox 3338 2002 3554 2075; x_wconf 87' lang='lat' dir='ltr'><strong>quidem</strong></span> <span class='ocrx_word' id='word_1_593' title='bbox 3584 2001 3792 2073; x_wconf 85' lang='lat' dir='ltr'><strong>vesperi</strong></span> <span class='ocrx_word' id='word_1_594' title='bbox 3837 2002 3953 2058; x_wconf 77' lang='lat' dir='ltr'><strong>sine</strong></span> 
     </span>
    </p>
   </div>
   <div class='ocr_carea' id='block_1_81' title="bbox 2370 2097 3952 2166">
    <p class='ocr_par' dir='ltr' id='par_1_81' title="bbox 2370 2097 3952 2166">
     <span class='ocr_line' id='line_1_81' title="bbox 2370 2097 3952 2166; baseline -0.005 -9"><span class='ocrx_word' id='word_1_595' title='bbox 2370 2103 2583 2158; x_wconf 90' lang='lat' dir='ltr'><strong>lucerna</strong></span> <span class='ocrx_word' id='word_1_596' title='bbox 2609 2112 2661 2156; x_wconf 90' lang='lat' dir='ltr'><strong>et</strong></span> <span class='ocrx_word' id='word_1_597' title='bbox 2691 2101 2891 2155; x_wconf 87' lang='lat' dir='ltr'><strong>lumine</strong></span> <span class='ocrx_word' id='word_1_598' title='bbox 2911 2114 3032 2154; x_wconf 82' lang='lat' dir='ltr'><strong>esse</strong></span> <span class='ocrx_word' id='word_1_599' title='bbox 3061 2097 3199 2152; x_wconf 88' lang='lat' dir='ltr'><strong>ferre</strong></span> <span class='ocrx_word' id='word_1_600' title='bbox 3228 2111 3574 2166; x_wconf 88' lang='lat' dir='ltr'><strong>nequeamus,</strong></span> <span class='ocrx_word' id='word_1_601' title='bbox 3604 2097 3835 2153; x_wconf 85' lang='lat' dir='ltr'><strong>animam</strong></span> <span class='ocrx_word' id='word_1_602' title='bbox 3856 2111 3952 2150; x_wconf 84' lang='lat' dir='ltr'><strong>au-</strong></span> 
     </span>
    </p>
   </div>
   <div class='ocr_carea' id='block_1_82' title="bbox 2371 2190 3953 2266">
    <p class='ocr_par' dir='ltr' id='par_1_82' title="bbox 2371 2190 3953 2266">
     <span class='ocr_line' id='line_1_82' title="bbox 2371 2190 3953 2266; baseline -0.003 -15"><span class='ocrx_word' id='word_1_603' title='bbox 2371 2207 2476 2253; x_wconf 90' lang='lat' dir='ltr'><strong>tem</strong></span> <span class='ocrx_word' id='word_1_604' title='bbox 2520 2194 3081 2266; x_wconf 68' lang='lat' dir='ltr'><strong>expertem-doctrina:</strong></span> <span class='ocrx_word' id='word_1_605' title='bbox 3118 2207 3420 2247; x_wconf 88' lang='lat' dir='ltr'><strong>cernamus.</strong></span> <span class='ocrx_word' id='word_1_606' title='bbox 3448 2190 3579 2245; x_wconf 91' lang='lat' dir='ltr'><strong>llinc</strong></span> <span class='ocrx_word' id='word_1_607' title='bbox 3609 2190 3761 2246; x_wconf 89' lang='lat' dir='ltr'><strong>nobis</strong></span> <span class='ocrx_word' id='word_1_608' title='bbox 3788 2191 3953 2246; x_wconf 85' lang='lat' dir='ltr'><strong>multa</strong></span> 
     </span>
    </p>
   </div>
   <div class='ocr_carea' id='block_1_83' title="bbox 2368 2283 3953 2362">
    <p class='ocr_par' dir='ltr' id='par_1_83' title="bbox 2368 2283 3953 2362">
     <span class='ocr_line' id='line_1_83' title="bbox 2368 2283 3953 2362; baseline -0.006 -16"><span class='ocrx_word' id='word_1_609' title='bbox 2368 2299 2583 2362; x_wconf 89' lang='lat' dir='ltr'><strong>peccata</strong></span> <span class='ocrx_word' id='word_1_610' title='bbox 2615 2299 2926 2353; x_wconf 88' lang='lat' dir='ltr'><strong>nascuntur,</strong></span> <span class='ocrx_word' id='word_1_611' title='bbox 2963 2285 3102 2357; x_wconf 90' lang='lat' dir='ltr'><strong>quod</strong></span> <span class='ocrx_word' id='word_1_612' title='bbox 3140 2300 3244 2340; x_wconf 91' lang='lat' dir='ltr'><strong>non</strong></span> <span class='ocrx_word' id='word_1_613' title='bbox 3290 2284 3536 2339; x_wconf 88' lang='lat' dir='ltr'><strong>celeriter</strong></span> <span class='ocrx_word' id='word_1_614' title='bbox 3558 2283 3749 2337; x_wconf 70' lang='lat' dir='ltr'><strong>anima:</strong></span> <span class='ocrx_word' id='word_1_615' title='bbox 3775 2283 3953 2337; x_wconf 86' lang='lat' dir='ltr'><strong>lucer-</strong></span> 
     </span>
    </p>
   </div>
   <div class='ocr_carea' id='block_1_84' title="bbox 2368 2374 3952 2447">
    <p class='ocr_par' dir='ltr' id='par_1_84' title="bbox 2368 2374 3952 2447">
     <span class='ocr_line' id='line_1_84' title="bbox 2368 2374 3952 2447; baseline -0.004 -10"><span class='ocrx_word' id='word_1_616' title='bbox 2368 2399 2488 2438; x_wconf 88' lang='lat' dir='ltr'><strong>nam</strong></span> <span class='ocrx_word' id='word_1_617' title='bbox 2518 2382 2912 2447; x_wconf 82' lang='lat' dir='ltr'><strong>accendamus;</strong></span> <span class='ocrx_word' id='word_1_618' title='bbox 2950 2380 3073 2433; x_wconf 91' lang='lat' dir='ltr'><strong>hinc</strong></span> <span class='ocrx_word' id='word_1_619' title='bbox 3100 2379 3157 2432; x_wconf 80' lang='lat' dir='ltr'><strong>fit</strong></span> <span class='ocrx_word' id='word_1_620' title='bbox 3198 2387 3254 2432; x_wconf 91' lang='lat' dir='ltr'><strong>ut</strong></span> <span class='ocrx_word' id='word_1_621' title='bbox 3297 2376 3518 2447; x_wconf 75' lang='lat' dir='ltr'><strong>singulis</strong></span> <span class='ocrx_word' id='word_1_622' title='bbox 3559 2375 3752 2431; x_wconf 87' lang='lat' dir='ltr'><strong>diebus</strong></span> <span class='ocrx_word' id='word_1_623' title='bbox 3780 2374 3952 2431; x_wconf 85' lang='lat' dir='ltr'><strong>offen-</strong></span> 
     </span>
    </p>
   </div>
   <div class='ocr_carea' id='block_1_85' title="bbox 2367 2472 3950 2543">
    <p class='ocr_par' dir='ltr' id='par_1_85' title="bbox 2367 2472 3950 2543">
     <span class='ocr_line' id='line_1_85' title="bbox 2367 2472 3950 2543; baseline -0.004 -10"><span class='ocrx_word' id='word_1_624' title='bbox 2367 2480 2591 2543; x_wconf 78' lang='lat' dir='ltr'><strong>damus;</strong></span> <span class='ocrx_word' id='word_1_625' title='bbox 2643 2477 2766 2531; x_wconf 92' lang='lat' dir='ltr'><strong>hine</strong></span> <span class='ocrx_word' id='word_1_626' title='bbox 2813 2476 2872 2530; x_wconf 86' lang='lat' dir='ltr'><strong>lit</strong></span> <span class='ocrx_word' id='word_1_627' title='bbox 2901 2485 2958 2530; x_wconf 92' lang='lat' dir='ltr'><strong>ut</strong></span> <span class='ocrx_word' id='word_1_628' title='bbox 3011 2484 3211 2529; x_wconf 89' lang='lat' dir='ltr'><strong>temere</strong></span> <span class='ocrx_word' id='word_1_629' title='bbox 3259 2482 3315 2529; x_wconf 90' lang='lat' dir='ltr'><strong>et</strong></span> <span class='ocrx_word' id='word_1_630' title='bbox 3376 2472 3734 2543; x_wconf 80' lang='lat' dir='ltr'><strong>perfunctorie</strong></span> <span class='ocrx_word' id='word_1_631' title='bbox 3787 2474 3950 2527; x_wconf 87' lang='lat' dir='ltr'><strong>multa</strong></span> 
     </span>
    </p>
   </div>
   <div class='ocr_carea' id='block_1_86' title="bbox 2368 2564 3954 2639">
    <p class='ocr_par' dir='ltr' id='par_1_86' title="bbox 2368 2564 3954 2639">
     <span class='ocr_line' id='line_1_86' title="bbox 2368 2564 3954 2639; baseline -0.003 -16"><span class='ocrx_word' id='word_1_632' title='bbox 2368 2577 2547 2624; x_wconf 87' lang='lat' dir='ltr'><strong>mente</strong></span> <span class='ocrx_word' id='word_1_633' title='bbox 2589 2568 3140 2639; x_wconf 86' lang='lat' dir='ltr'><strong>comprehendamus,</strong></span> <span class='ocrx_word' id='word_1_634' title='bbox 3184 2566 3323 2637; x_wconf 88' lang='lat' dir='ltr'><strong>quod</strong></span> <span class='ocrx_word' id='word_1_635' title='bbox 3368 2564 3549 2619; x_wconf 86' lang='lat' dir='ltr'><strong>audita</strong></span> <span class='ocrx_word' id='word_1_636' title='bbox 3599 2564 3750 2621; x_wconf 86' lang='lat' dir='ltr'><strong>verbi</strong></span> <span class='ocrx_word' id='word_1_637' title='bbox 3784 2564 3954 2619; x_wconf 87' lang='lat' dir='ltr'><strong>divini</strong></span> 
     </span>
    </p>
   </div>
   <div class='ocr_carea' id='block_1_87' title="bbox 2370 2654 3951 2731">
    <p class='ocr_par' dir='ltr' id='par_1_87' title="bbox 2370 2654 3951 2731">
     <span class='ocr_line' id='line_1_87' title="bbox 2370 2654 3951 2731; baseline -0.006 -13"><span class='ocrx_word' id='word_1_638' title='bbox 2370 2664 2624 2727; x_wconf 86' lang='lat' dir='ltr'><strong>lectione,</strong></span> <span class='ocrx_word' id='word_1_639' title='bbox 2728 2661 3037 2731; x_wconf 88' lang='lat' dir='ltr'><strong>priusquam</strong></span> <span class='ocrx_word' id='word_1_640' title='bbox 3107 2666 3256 2712; x_wconf 89' lang='lat' dir='ltr'><strong>extra</strong></span> <span class='ocrx_word' id='word_1_641' title='bbox 3328 2656 3566 2711; x_wconf 77' lang='lat' dir='ltr'><strong>ecclesia:</strong></span> <span class='ocrx_word' id='word_1_642' title='bbox 3632 2654 3951 2710; x_wconf 83' lang='lat' dir='ltr'><strong>vestibulum</strong></span> 
     </span>
    </p>
   </div>
   <div class='ocr_carea' id='block_1_88' title="bbox 2367 2746 3955 2827">
    <p class='ocr_par' dir='ltr' id='par_1_88' title="bbox 2367 2746 3955 2827">
     <span class='ocr_line' id='line_1_88' title="bbox 2367 2746 3955 2827; baseline -0.005 -17"><span class='ocrx_word' id='word_1_643' title='bbox 2367 2754 2557 2827; x_wconf 85' lang='lat' dir='ltr'><strong>pedem</strong></span> <span class='ocrx_word' id='word_1_644' title='bbox 2588 2752 2893 2817; x_wconf 81' lang='lat' dir='ltr'><strong>eﬂ&#39;eramns,</strong></span> <span class='ocrx_word' id='word_1_645' title='bbox 2923 2767 2981 2805; x_wconf 85' lang='lat' dir='ltr'><strong>ea</strong></span> <span class='ocrx_word' id='word_1_646' title='bbox 3011 2748 3289 2805; x_wconf 87' lang='lat' dir='ltr'><strong>confestim</strong></span> <span class='ocrx_word' id='word_1_647' title='bbox 3311 2746 3644 2817; x_wconf 85' lang='lat' dir='ltr'><strong>abjiciamus,</strong></span> <span class='ocrx_word' id='word_1_648' title='bbox 3674 2756 3729 2802; x_wconf 89' lang='lat' dir='ltr'><strong>et</strong></span> <span class='ocrx_word' id='word_1_649' title='bbox 3753 2748 3955 2804; x_wconf 84' lang='lat' dir='ltr'><strong>exstin-</strong></span> 
     </span>
    </p>
   </div>
   <div class='ocr_carea' id='block_1_89' title="bbox 2368 2841 3431 2905">
    <p class='ocr_par' dir='ltr' id='par_1_89' title="bbox 2368 2841 3431 2905">
     <span class='ocr_line' id='line_1_89' title="bbox 2368 2841 3431 2905; baseline -0.009 0"><span class='ocrx_word' id='word_1_650' title='bbox 2368 2858 2454 2905; x_wconf 88' lang='lat' dir='ltr'><strong>cto</strong></span> <span class='ocrx_word' id='word_1_651' title='bbox 2484 2847 2685 2902; x_wconf 83' lang='lat' dir='ltr'><strong>lumine</strong></span> <span class='ocrx_word' id='word_1_652' title='bbox 2714 2846 2767 2899; x_wconf 94' lang='lat' dir='ltr'><strong>in</strong></span> <span class='ocrx_word' id='word_1_653' title='bbox 2818 2843 3050 2899; x_wconf 87' lang='lat' dir='ltr'><strong>tenebris</strong></span> <span class='ocrx_word' id='word_1_654' title='bbox 3078 2841 3431 2895; x_wconf 88' lang='lat' dir='ltr'><strong>ambulemus.</strong></span> 
     </span>
    </p>
   </div>
   <div class='ocr_carea' id='block_1_90' title="bbox 2442 2916 3956 3001">
    <p class='ocr_par' dir='ltr' id='par_1_90' title="bbox 2442 2916 3956 3001">
     <span class='ocr_line' id='line_1_90' title="bbox 2442 2916 3956 3001; baseline -0.003 -5"><span class='ocrx_word' id='word_1_655' title='bbox 2442 2941 2563 2997; x_wconf 81' lang='lat' dir='ltr'><strong>Non</strong></span> <span class='ocrx_word' id='word_1_656' title='bbox 2592 2938 2771 2993; x_wconf 85' lang='lat' dir='ltr'><strong>domus</strong></span> <span class='ocrx_word' id='word_1_657' title='bbox 2800 2934 3048 3001; x_wconf 85' lang='lat' dir='ltr'><strong>ornanda,</strong></span> <span class='ocrx_word' id='word_1_658' title='bbox 3072 2937 3162 2988; x_wconf 80' lang='lat' dir='ltr'><strong>sed</strong></span> <span class='ocrx_word' id='word_1_659' title='bbox 3188 2916 3375 2986; x_wconf 82' lang='lat' dir='ltr'><strong>anima.</strong></span> <span class='ocrx_word' id='word_1_660' title='bbox 3398 2958 3474 2975; x_wconf 77' lang='grc' dir='ltr'><strong>ι·-</strong></span> <span class='ocrx_word' id='word_1_661' title='bbox 3490 2932 3558 2987; x_wconf 78' lang='lat' dir='ltr'><strong>At</strong></span> <span class='ocrx_word' id='word_1_662' title='bbox 3580 2933 3720 2988; x_wconf 85' lang='lat' dir='ltr'><strong>enim</strong></span> <span class='ocrx_word' id='word_1_663' title='bbox 3746 2934 3792 2989; x_wconf 82' lang='lat' dir='ltr'><strong>si</strong></span> <span class='ocrx_word' id='word_1_664' title='bbox 3818 2933 3956 2991; x_wconf 79' lang='lat' dir='ltr'><strong>forte</strong></span> 
     </span>
    </p>
   </div>
   <div class='ocr_carea' id='block_1_91' title="bbox 2368 3023 3952 3104">
    <p class='ocr_par' dir='ltr' id='par_1_91' title="bbox 2368 3023 3952 3104">
     <span class='ocr_line' id='line_1_91' title="bbox 2368 3023 3952 3104; baseline -0.008 -12"><span class='ocrx_word' id='word_1_665' title='bbox 2368 3033 2685 3104; x_wconf 86' lang='lat' dir='ltr'><strong>contigerint</strong></span> <span class='ocrx_word' id='word_1_666' title='bbox 2713 3028 2896 3083; x_wconf 78' lang='lat' dir='ltr'><strong>istluec</strong></span> <span class='ocrx_word' id='word_1_667' title='bbox 2922 3034 3076 3081; x_wconf 90' lang='lat' dir='ltr'><strong>antea</strong></span> <span class='ocrx_word' id='word_1_668' title='bbox 3098 3067 3112 3092; x_wconf 92' lang='lat'><strong>,</strong></span> <span class='ocrx_word' id='word_1_669' title='bbox 3158 3040 3223 3079; x_wconf 92' lang='lat' dir='ltr'><strong>nc</strong></span> <span class='ocrx_word' id='word_1_670' title='bbox 3248 3024 3496 3095; x_wconf 85' lang='lat' dir='ltr'><strong>deinceps</strong></span> <span class='ocrx_word' id='word_1_671' title='bbox 3524 3023 3752 3094; x_wconf 87' lang='lat' dir='ltr'><strong>amplius</strong></span> <span class='ocrx_word' id='word_1_672' title='bbox 3794 3024 3952 3092; x_wconf 83' lang='lat' dir='ltr'><strong>tiant;</strong></span> 
     </span>
    </p>
   </div>
   <div class='ocr_carea' id='block_1_92' title="bbox 2368 3114 3957 3183">
    <p class='ocr_par' dir='ltr' id='par_1_92' title="bbox 2368 3114 3957 3183">
     <span class='ocr_line' id='line_1_92' title="bbox 2368 3114 3957 3183; baseline -0.008 -1"><span class='ocrx_word' id='word_1_673' title='bbox 2368 3126 2463 3182; x_wconf 88' lang='lat' dir='ltr'><strong>sed</strong></span> <span class='ocrx_word' id='word_1_674' title='bbox 2507 3136 2784 3178; x_wconf 85' lang='lat' dir='ltr'><strong>accensam</strong></span> <span class='ocrx_word' id='word_1_675' title='bbox 2854 3120 2905 3174; x_wconf 92' lang='lat' dir='ltr'><strong>in</strong></span> <span class='ocrx_word' id='word_1_676' title='bbox 2945 3126 3125 3172; x_wconf 91' lang='lat' dir='ltr'><strong>mente</strong></span> <span class='ocrx_word' id='word_1_677' title='bbox 3172 3115 3440 3171; x_wconf 89' lang='lat' dir='ltr'><strong>lucernam</strong></span> <span class='ocrx_word' id='word_1_678' title='bbox 3504 3129 3718 3183; x_wconf 87' lang='lat' dir='ltr'><strong>semper</strong></span> <span class='ocrx_word' id='word_1_679' title='bbox 3761 3114 3957 3171; x_wconf 79' lang='lat' dir='ltr'><strong>habea-</strong></span> 
     </span>
    </p>
   </div>
   <div class='ocr_carea' id='block_1_93' title="bbox 2370 3210 3953 3287">
    <p class='ocr_par' dir='ltr' id='par_1_93' title="bbox 2370 3210 3953 3287">
     <span class='ocr_line' id='line_1_93' title="bbox 2370 3210 3953 3287; baseline -0.008 -9"><span class='ocrx_word' id='word_1_680' title='bbox 2370 3237 2509 3287; x_wconf 89' lang='lat' dir='ltr'><strong>mus,</strong></span> <span class='ocrx_word' id='word_1_681' title='bbox 2559 3230 2614 3276; x_wconf 91' lang='lat' dir='ltr'><strong>et</strong></span> <span class='ocrx_word' id='word_1_682' title='bbox 2651 3218 2881 3272; x_wconf 89' lang='lat' dir='ltr'><strong>animam</strong></span> <span class='ocrx_word' id='word_1_683' title='bbox 2935 3215 3111 3286; x_wconf 87' lang='lat' dir='ltr'><strong>potius</strong></span> <span class='ocrx_word' id='word_1_684' title='bbox 3156 3226 3315 3282; x_wconf 88' lang='lat' dir='ltr'><strong>quam</strong></span> <span class='ocrx_word' id='word_1_685' title='bbox 3345 3210 3563 3265; x_wconf 90' lang='lat' dir='ltr'><strong>domum</strong></span> <span class='ocrx_word' id='word_1_686' title='bbox 3610 3223 3953 3265; x_wconf 85' lang='lat' dir='ltr'><strong>exornemus.</strong></span> 
     </span>
    </p>
   </div>
   <div class='ocr_carea' id='block_1_94' title="bbox 2368 3300 3958 3375">
    <p class='ocr_par' dir='ltr' id='par_1_94' title="bbox 2368 3300 3958 3375">
     <span class='ocr_line' id='line_1_94' title="bbox 2368 3300 3958 3375; baseline -0.009 -4"><span class='ocrx_word' id='word_1_687' title='bbox 2368 3317 2494 3372; x_wconf 55' lang='lat' dir='ltr'><strong>Haec</strong></span> <span class='ocrx_word' id='word_1_688' title='bbox 2511 3314 2652 3370; x_wconf 90' lang='lat' dir='ltr'><strong>enim</strong></span> <span class='ocrx_word' id='word_1_689' title='bbox 2672 3312 2758 3366; x_wconf 89' lang='lat' dir='ltr'><strong>hic</strong></span> <span class='ocrx_word' id='word_1_690' title='bbox 2778 3316 3038 3375; x_wconf 86' lang='lat' dir='ltr'><strong>remanet,</strong></span> <span class='ocrx_word' id='word_1_691' title='bbox 3065 3306 3219 3360; x_wconf 87' lang='lat' dir='ltr'><strong>atilla</strong></span> <span class='ocrx_word' id='word_1_692' title='bbox 3241 3303 3516 3358; x_wconf 91' lang='lat' dir='ltr'><strong>nobiscum</strong></span> <span class='ocrx_word' id='word_1_693' title='bbox 3542 3309 3812 3371; x_wconf 86' lang='lat' dir='ltr'><strong>assumpta</strong></span> <span class='ocrx_word' id='word_1_694' title='bbox 3830 3300 3958 3357; x_wconf 83' lang='lat' dir='ltr'><strong>hinc</strong></span> 
     </span>
    </p>
   </div>
   <div class='ocr_carea' id='block_1_95' title="bbox 2367 3392 3955 3475">
    <p class='ocr_par' dir='ltr' id='par_1_95' title="bbox 2367 3392 3955 3475">
     <span class='ocr_line' id='line_1_95' title="bbox 2367 3392 3955 3475; baseline -0.009 -12"><span class='ocrx_word' id='word_1_695' title='bbox 2367 3405 2690 3475; x_wconf 83' lang='lat' dir='ltr'><strong>discedimus</strong></span> <span class='ocrx_word' id='word_1_696' title='bbox 2720 3421 2730 3454; x_wconf 91' lang='lat'>:</span> <span class='ocrx_word' id='word_1_697' title='bbox 2755 3408 3036 3472; x_wconf 86' lang='lat' dir='ltr'><strong>propterea</strong></span> <span class='ocrx_word' id='word_1_698' title='bbox 3079 3397 3198 3467; x_wconf 90' lang='lat' dir='ltr'><strong>plus</strong></span> <span class='ocrx_word' id='word_1_699' title='bbox 3224 3396 3417 3475; x_wconf 74' lang='lat' dir='ltr'><strong>ineant</strong></span> <span class='ocrx_word' id='word_1_700' title='bbox 3451 3392 3823 3448; x_wconf 82' lang='lat' dir='ltr'><strong>sollicitudinis</strong></span> <span class='ocrx_word' id='word_1_701' title='bbox 3850 3393 3955 3448; x_wconf 88' lang='lat' dir='ltr'><strong>im-</strong></span> 
     </span>
    </p>
   </div>
   <div class='ocr_carea' id='block_1_96' title="bbox 2369 3471 3957 3571">
    <p class='ocr_par' dir='ltr' id='par_1_96' title="bbox 2369 3471 3957 3571">
     <span class='ocr_line' id='line_1_96' title="bbox 2369 3471 3957 3571; baseline -0.009 -17"><span class='ocrx_word' id='word_1_702' title='bbox 2369 3498 2706 3571; x_wconf 86' lang='lat' dir='ltr'><strong>pendendum</strong></span> <span class='ocrx_word' id='word_1_703' title='bbox 2737 3471 2837 3550; x_wconf 86' lang='lat' dir='ltr'><strong>est.</strong></span> <span class='ocrx_word' id='word_1_704' title='bbox 2866 3492 2984 3547; x_wconf 81' lang='lat' dir='ltr'><strong>Jam</strong></span> <span class='ocrx_word' id='word_1_705' title='bbox 3009 3504 3134 3546; x_wconf 87' lang='lat' dir='ltr'><strong>vero</strong></span> <span class='ocrx_word' id='word_1_706' title='bbox 3159 3471 3397 3542; x_wconf 62' lang='lat' dir='ltr'><strong>nonnulli</strong></span> <span class='ocrx_word' id='word_1_707' title='bbox 3418 3492 3541 3539; x_wconf 90' lang='lat' dir='ltr'><strong>sunt</strong></span> <span class='ocrx_word' id='word_1_708' title='bbox 3559 3484 3694 3538; x_wconf 84' lang='lat' dir='ltr'><strong>adeo</strong></span> <span class='ocrx_word' id='word_1_709' title='bbox 3715 3482 3957 3540; x_wconf 82' lang='lat' dir='ltr'><strong>infelices</strong></span> 
     </span>
    </p>
   </div>
   <div class='ocr_carea' id='block_1_97' title="bbox 2368 3573 3950 3649">
    <p class='ocr_par' dir='ltr' id='par_1_97' title="bbox 2368 3573 3950 3649">
     <span class='ocr_line' id='line_1_97' title="bbox 2368 3573 3950 3649; baseline -0.013 -3"><span class='ocrx_word' id='word_1_710' title='bbox 2368 3607 2431 3646; x_wconf 91' lang='lat' dir='ltr'><strong>ac</strong></span> <span class='ocrx_word' id='word_1_711' title='bbox 2457 3592 2652 3644; x_wconf 62' lang='lat' dir='ltr'><strong>misere</strong></span> <span class='ocrx_word' id='word_1_712' title='bbox 2677 3585 2874 3648; x_wconf 78' lang='lat' dir='ltr'><strong>affecti,</strong></span> <span class='ocrx_word' id='word_1_713' title='bbox 2903 3590 2959 3636; x_wconf 91' lang='lat' dir='ltr'><strong>ut</strong></span> <span class='ocrx_word' id='word_1_714' title='bbox 2983 3580 3125 3634; x_wconf 72' lang='lat' dir='ltr'><strong>mdes</strong></span> <span class='ocrx_word' id='word_1_715' title='bbox 3146 3577 3358 3649; x_wconf 87' lang='lat' dir='ltr'><strong>quidem</strong></span> <span class='ocrx_word' id='word_1_716' title='bbox 3383 3574 3557 3629; x_wconf 87' lang='lat' dir='ltr'><strong>aureis</strong></span> <span class='ocrx_word' id='word_1_717' title='bbox 3586 3573 3950 3641; x_wconf 85' lang='lat' dir='ltr'><strong>laquearibus,</strong></span> 
     </span>
    </p>
   </div>
   <div class='ocr_carea' id='block_1_98' title="bbox 2368 3660 3956 3747">
    <p class='ocr_par' dir='ltr' id='par_1_98' title="bbox 2368 3660 3956 3747">
     <span class='ocr_line' id='line_1_98' title="bbox 2368 3660 3956 3747; baseline -0.013 -8"><span class='ocrx_word' id='word_1_718' title='bbox 2368 3694 2419 3739; x_wconf 89' lang='lat' dir='ltr'><strong>et</strong></span> <span class='ocrx_word' id='word_1_719' title='bbox 2446 3681 2720 3738; x_wconf 87' lang='lat' dir='ltr'><strong>tesserulis</strong></span> <span class='ocrx_word' id='word_1_720' title='bbox 2747 3660 3047 3747; x_wconf 59' lang='lat' dir='ltr'><strong>pavimento</strong></span> <span class='ocrx_word' id='word_1_721' title='bbox 3067 3672 3343 3734; x_wconf 90' lang='lat' dir='ltr'><strong>distincto,</strong></span> <span class='ocrx_word' id='word_1_722' title='bbox 3367 3666 3571 3723; x_wconf 80' lang='lat' dir='ltr'><strong>ﬂoridis</strong></span> <span class='ocrx_word' id='word_1_723' title='bbox 3591 3666 3831 3735; x_wconf 89' lang='lat' dir='ltr'><strong>picturis,</strong></span> <span class='ocrx_word' id='word_1_724' title='bbox 3862 3680 3956 3720; x_wconf 57' lang='lat' dir='ltr'><strong>eoo</strong></span> 
     </span>
    </p>
   </div>
   <div class='ocr_carea' id='block_1_99' title="bbox 2370 3757 3952 3840">
    <p class='ocr_par' dir='ltr' id='par_1_99' title="bbox 2370 3757 3952 3840">
     <span class='ocr_line' id='line_1_99' title="bbox 2370 3757 3952 3840; baseline -0.013 -9"><span class='ocrx_word' id='word_1_725' title='bbox 2370 3777 2671 3831; x_wconf 83' lang='lat' dir='ltr'><strong>lamnarum</strong></span> <span class='ocrx_word' id='word_1_726' title='bbox 2698 3768 3003 3840; x_wconf 85' lang='lat' dir='ltr'><strong>splendore,</strong></span> <span class='ocrx_word' id='word_1_727' title='bbox 3027 3766 3252 3833; x_wconf 89' lang='lat' dir='ltr'><strong>aliisque</strong></span> <span class='ocrx_word' id='word_1_728' title='bbox 3276 3760 3481 3816; x_wconf 90' lang='lat' dir='ltr'><strong>cunctis</strong></span> <span class='ocrx_word' id='word_1_729' title='bbox 3519 3766 3800 3821; x_wconf 89' lang='lat' dir='ltr'><strong>exornent,</strong></span> <span class='ocrx_word' id='word_1_730' title='bbox 3834 3757 3952 3811; x_wconf 88' lang='lat' dir='ltr'><strong>ani-</strong></span> 
     </span>
    </p>
   </div>
   <div class='ocr_carea' id='block_1_100' title="bbox 2368 3850 3956 3925">
    <p class='ocr_par' dir='ltr' id='par_1_100' title="bbox 2368 3850 3956 3925">
     <span class='ocr_line' id='line_1_100' title="bbox 2368 3850 3956 3925; baseline -0.011 -4"><span class='ocrx_word' id='word_1_731' title='bbox 2368 3884 2510 3922; x_wconf 88' lang='lat' dir='ltr'><strong>mum</strong></span> <span class='ocrx_word' id='word_1_732' title='bbox 2543 3876 2718 3920; x_wconf 89' lang='lat' dir='ltr'><strong>autem</strong></span> <span class='ocrx_word' id='word_1_733' title='bbox 2751 3864 2800 3916; x_wconf 89' lang='lat' dir='ltr'><strong>in</strong></span> <span class='ocrx_word' id='word_1_734' title='bbox 2827 3860 3076 3916; x_wconf 86' lang='lat' dir='ltr'><strong>deteriori</strong></span> <span class='ocrx_word' id='word_1_735' title='bbox 3115 3865 3257 3912; x_wconf 91' lang='lat' dir='ltr'><strong>statu</strong></span> <span class='ocrx_word' id='word_1_736' title='bbox 3280 3869 3435 3925; x_wconf 82' lang='lat' dir='ltr'><strong>quam</strong></span> <span class='ocrx_word' id='word_1_737' title='bbox 3472 3852 3744 3907; x_wconf 83' lang='lat' dir='ltr'><strong>desertum</strong></span> <span class='ocrx_word' id='word_1_738' title='bbox 3775 3850 3956 3922; x_wconf 87' lang='lat' dir='ltr'><strong>hospi-</strong></span> 
     </span>
    </p>
   </div>
   <div class='ocr_carea' id='block_1_101' title="bbox 2372 3943 3953 4024">
    <p class='ocr_par' dir='ltr' id='par_1_101' title="bbox 2372 3943 3953 4024">
     <span class='ocr_line' id='line_1_101' title="bbox 2372 3943 3953 4024; baseline -0.015 -8"><span class='ocrx_word' id='word_1_739' title='bbox 2372 3964 2503 4016; x_wconf 89' lang='lat' dir='ltr'><strong>tium</strong></span> <span class='ocrx_word' id='word_1_740' title='bbox 2533 3958 2923 4024; x_wconf 83' lang='lat' dir='ltr'><strong>derelinquant.</strong></span> <span class='ocrx_word' id='word_1_741' title='bbox 2953 3953 3086 4013; x_wconf 88' lang='lat' dir='ltr'><strong>luto,</strong></span> <span class='ocrx_word' id='word_1_742' title='bbox 3118 3948 3262 4002; x_wconf 90' lang='lat' dir='ltr'><strong>fumo</strong></span> <span class='ocrx_word' id='word_1_743' title='bbox 3282 3962 3342 3999; x_wconf 89' lang='lat' dir='ltr'><strong>ac</strong></span> <span class='ocrx_word' id='word_1_744' title='bbox 3382 3945 3550 3998; x_wconf 87' lang='lat' dir='ltr'><strong>multo</strong></span> <span class='ocrx_word' id='word_1_745' title='bbox 3588 3943 3777 3997; x_wconf 77' lang='lat' dir='ltr'><strong>ftetore</strong></span> <span class='ocrx_word' id='word_1_746' title='bbox 3802 3957 3953 3995; x_wconf 83' lang='lat' dir='ltr'><strong>com-</strong></span> 
     </span>
    </p>
   </div>
   <div class='ocr_carea' id='block_1_102' title="bbox 2372 4033 3957 4125">
    <p class='ocr_par' dir='ltr' id='par_1_102' title="bbox 2372 4033 3957 4125">
     <span class='ocr_line' id='line_1_102' title="bbox 2372 4033 3957 4125; baseline -0.015 -17"><span class='ocrx_word' id='word_1_747' title='bbox 2372 4056 2589 4125; x_wconf 83' lang='lat' dir='ltr'><strong>pletum,</strong></span> <span class='ocrx_word' id='word_1_748' title='bbox 2634 4050 2896 4120; x_wconf 87' lang='lat' dir='ltr'><strong>planeque</strong></span> <span class='ocrx_word' id='word_1_749' title='bbox 2948 4042 3241 4097; x_wconf 89' lang='lat' dir='ltr'><strong>desertum.</strong></span> <span class='ocrx_word' id='word_1_750' title='bbox 3296 4035 3556 4091; x_wconf 63' lang='lat' dir='ltr'><strong>Caeterum</strong></span> <span class='ocrx_word' id='word_1_751' title='bbox 3603 4034 3723 4088; x_wconf 87' lang='lat' dir='ltr'><strong>ideo</strong></span> <span class='ocrx_word' id='word_1_752' title='bbox 3748 4033 3957 4088; x_wconf 84' lang='lat' dir='ltr'><strong>contiu-</strong></span> 
     </span>
    </p>
   </div>
   <div class='ocr_carea' id='block_1_103' title="bbox 2371 4128 3955 4215">
    <p class='ocr_par' dir='ltr' id='par_1_103' title="bbox 2371 4128 3955 4215">
     <span class='ocr_line' id='line_1_103' title="bbox 2371 4128 3955 4215; baseline -0.015 -16"><span class='ocrx_word' id='word_1_753' title='bbox 2371 4155 2497 4215; x_wconf 86' lang='lat' dir='ltr'><strong>gnnt</strong></span> <span class='ocrx_word' id='word_1_754' title='bbox 2518 4144 2629 4197; x_wconf 75' lang='lat' dir='ltr'><strong>lucc</strong></span> <span class='ocrx_word' id='word_1_755' title='bbox 2670 4140 2867 4201; x_wconf 91' lang='lat' dir='ltr'><strong>omnia,</strong></span> <span class='ocrx_word' id='word_1_756' title='bbox 2896 4134 3034 4205; x_wconf 88' lang='lat' dir='ltr'><strong>quod</strong></span> <span class='ocrx_word' id='word_1_757' title='bbox 3067 4133 3220 4187; x_wconf 91' lang='lat' dir='ltr'><strong>nobis</strong></span> <span class='ocrx_word' id='word_1_758' title='bbox 3240 4128 3495 4185; x_wconf 77' lang='lat' dir='ltr'><strong>doctrina:</strong></span> <span class='ocrx_word' id='word_1_759' title='bbox 3523 4128 3736 4180; x_wconf 87' lang='lat' dir='ltr'><strong>lucerna</strong></span> <span class='ocrx_word' id='word_1_760' title='bbox 3765 4140 3955 4195; x_wconf 86' lang='lat' dir='ltr'><strong>perpe-</strong></span> 
     </span>
    </p>
   </div>
   <div class='ocr_carea' id='block_1_104' title="bbox 2373 4219 3951 4297">
    <p class='ocr_par' dir='ltr' id='par_1_104' title="bbox 2373 4219 3951 4297">
     <span class='ocr_line' id='line_1_104' title="bbox 2373 4219 3951 4297; baseline -0.014 -5"><span class='ocrx_word' id='word_1_761' title='bbox 2373 4248 2462 4292; x_wconf 91' lang='lat' dir='ltr'><strong>tuo</strong></span> <span class='ocrx_word' id='word_1_762' title='bbox 2491 4251 2594 4291; x_wconf 90' lang='lat' dir='ltr'><strong>non</strong></span> <span class='ocrx_word' id='word_1_763' title='bbox 2645 4231 2966 4287; x_wconf 88' lang='lat' dir='ltr'><strong>accendatur</strong></span> <span class='ocrx_word' id='word_1_764' title='bbox 2994 4246 3006 4281; x_wconf 93' lang='lat'><strong>:</strong></span> <span class='ocrx_word' id='word_1_765' title='bbox 3038 4235 3313 4297; x_wconf 81' lang='lat' dir='ltr'><strong>propterea</strong></span> <span class='ocrx_word' id='word_1_766' title='bbox 3355 4237 3473 4291; x_wconf 68' lang='lat' dir='ltr'><strong>qua:</strong></span> <span class='ocrx_word' id='word_1_767' title='bbox 3513 4219 3781 4274; x_wconf 83' lang='lat' dir='ltr'><strong>fructuosa</strong></span> <span class='ocrx_word' id='word_1_768' title='bbox 3807 4227 3951 4283; x_wconf 87' lang='lat' dir='ltr'><strong>sunt,</strong></span> 
     </span>
    </p>
   </div>
   <div class='ocr_carea' id='block_1_105' title="bbox 2372 4307 3953 4389">
    <p class='ocr_par' dir='ltr' id='par_1_105' title="bbox 2372 4307 3953 4389">
     <span class='ocr_line' id='line_1_105' title="bbox 2372 4307 3953 4389; baseline -0.015 -5"><span class='ocrx_word' id='word_1_769' title='bbox 2372 4309 2798 4385; x_wconf 75' lang='lat' dir='ltr'><strong>eontemninius;</strong></span> <span class='ocrx_word' id='word_1_770' title='bbox 2828 4336 2944 4389; x_wconf 67' lang='lat' dir='ltr'><strong>quae</strong></span> <span class='ocrx_word' id='word_1_771' title='bbox 2964 4334 3092 4373; x_wconf 89' lang='lat' dir='ltr'><strong>vero</strong></span> <span class='ocrx_word' id='word_1_772' title='bbox 3114 4314 3307 4370; x_wconf 89' lang='lat' dir='ltr'><strong>nullius</strong></span> <span class='ocrx_word' id='word_1_773' title='bbox 3328 4311 3486 4381; x_wconf 82' lang='lat' dir='ltr'><strong>pretii</strong></span> <span class='ocrx_word' id='word_1_774' title='bbox 3515 4320 3659 4373; x_wconf 86' lang='lat' dir='ltr'><strong>sunt,</strong></span> <span class='ocrx_word' id='word_1_775' title='bbox 3688 4310 3738 4363; x_wconf 88' lang='lat' dir='ltr'><strong>in</strong></span> <span class='ocrx_word' id='word_1_776' title='bbox 3764 4308 3852 4362; x_wconf 88' lang='lat' dir='ltr'><strong>illa</strong></span> <span class='ocrx_word' id='word_1_777' title='bbox 3880 4307 3953 4362; x_wconf 85' lang='lat' dir='ltr'><strong>di-</strong></span> 
     </span>
    </p>
   </div>
   <div class='ocr_carea' id='block_1_106' title="bbox 2374 4400 3953 4490">
    <p class='ocr_par' dir='ltr' id='par_1_106' title="bbox 2374 4400 3953 4490">
     <span class='ocr_line' id='line_1_106' title="bbox 2374 4400 3953 4490; baseline -0.013 -16"><span class='ocrx_word' id='word_1_778' title='bbox 2374 4422 2593 4490; x_wconf 84' lang='lat' dir='ltr'><strong>ligenter</strong></span> <span class='ocrx_word' id='word_1_779' title='bbox 2615 4414 2984 4469; x_wconf 88' lang='lat' dir='ltr'><strong>incumbimus.</strong></span> <span class='ocrx_word' id='word_1_780' title='bbox 3016 4409 3139 4463; x_wconf 78' lang='lat' dir='ltr'><strong>lltre</strong></span> <span class='ocrx_word' id='word_1_781' title='bbox 3166 4422 3269 4460; x_wconf 90' lang='lat' dir='ltr'><strong>non</strong></span> <span class='ocrx_word' id='word_1_782' title='bbox 3299 4404 3366 4459; x_wconf 88' lang='lat' dir='ltr'><strong>ad</strong></span> <span class='ocrx_word' id='word_1_783' title='bbox 3391 4402 3586 4457; x_wconf 84' lang='lat' dir='ltr'><strong>divites</strong></span> <span class='ocrx_word' id='word_1_784' title='bbox 3615 4411 3841 4466; x_wconf 76' lang='lat' dir='ltr'><strong>tantum,</strong></span> <span class='ocrx_word' id='word_1_785' title='bbox 3860 4400 3953 4454; x_wconf 89' lang='lat' dir='ltr'><strong>sed</strong></span> 
     </span>
    </p>
   </div>
   <div class='ocr_carea' id='block_1_107' title="bbox 2376 4493 3953 4577">
    <p class='ocr_par' dir='ltr' id='par_1_107' title="bbox 2376 4493 3953 4577">
     <span class='ocr_line' id='line_1_107' title="bbox 2376 4493 3953 4577; baseline -0.015 -10"><span class='ocrx_word' id='word_1_786' title='bbox 2376 4516 2533 4567; x_wconf 79' lang='lat' dir='ltr'><strong>etiam</strong></span> <span class='ocrx_word' id='word_1_787' title='bbox 2562 4510 2627 4563; x_wconf 86' lang='lat' dir='ltr'><strong>ad</strong></span> <span class='ocrx_word' id='word_1_788' title='bbox 2659 4518 2918 4577; x_wconf 85' lang='lat' dir='ltr'><strong>pauperes</strong></span> <span class='ocrx_word' id='word_1_789' title='bbox 2952 4519 2981 4556; x_wconf 89' lang='lat' dir='ltr'><strong>a</strong></span> <span class='ocrx_word' id='word_1_790' title='bbox 3008 4516 3092 4556; x_wconf 89' lang='lat' dir='ltr'><strong>me</strong></span> <span class='ocrx_word' id='word_1_791' title='bbox 3120 4508 3244 4553; x_wconf 86' lang='lat' dir='ltr'><strong>sunt</strong></span> <span class='ocrx_word' id='word_1_792' title='bbox 3286 4496 3447 4550; x_wconf 86' lang='lat' dir='ltr'><strong>dicta.</strong></span> <span class='ocrx_word' id='word_1_793' title='bbox 3478 4494 3610 4549; x_wconf 84' lang='lat' dir='ltr'><strong>Nam</strong></span> <span class='ocrx_word' id='word_1_794' title='bbox 3639 4503 3693 4547; x_wconf 91' lang='lat' dir='ltr'><strong>et</strong></span> <span class='ocrx_word' id='word_1_795' title='bbox 3730 4493 3805 4547; x_wconf 89' lang='lat' dir='ltr'><strong>illi</strong></span> <span class='ocrx_word' id='word_1_796' title='bbox 3833 4507 3953 4547; x_wconf 79' lang='lat' dir='ltr'><strong>cum</strong></span> 
     </span>
    </p>
   </div>
   <div class='ocr_carea' id='block_1_108' title="bbox 2374 4585 3951 4670">
    <p class='ocr_par' dir='ltr' id='par_1_108' title="bbox 2374 4585 3951 4670">
     <span class='ocr_line' id='line_1_108' title="bbox 2374 4585 3951 4670; baseline -0.016 -9"><span class='ocrx_word' id='word_1_797' title='bbox 2374 4608 2559 4661; x_wconf 91' lang='lat' dir='ltr'><strong>domos</strong></span> <span class='ocrx_word' id='word_1_798' title='bbox 2584 4618 2707 4659; x_wconf 88' lang='lat' dir='ltr'><strong>snas</strong></span> <span class='ocrx_word' id='word_1_799' title='bbox 2732 4616 2825 4670; x_wconf 91' lang='lat' dir='ltr'><strong>pro</strong></span> <span class='ocrx_word' id='word_1_800' title='bbox 2846 4598 2956 4653; x_wconf 88' lang='lat' dir='ltr'><strong>suis</strong></span> <span class='ocrx_word' id='word_1_801' title='bbox 2976 4594 3176 4649; x_wconf 85' lang='lat' dir='ltr'><strong>viribus</strong></span> <span class='ocrx_word' id='word_1_802' title='bbox 3197 4590 3501 4659; x_wconf 85' lang='lat' dir='ltr'><strong>frequenter</strong></span> <span class='ocrx_word' id='word_1_803' title='bbox 3529 4593 3809 4649; x_wconf 77' lang='lat' dir='ltr'><strong>exornent,</strong></span> <span class='ocrx_word' id='word_1_804' title='bbox 3838 4585 3951 4637; x_wconf 84' lang='lat' dir='ltr'><strong>ani-</strong></span> 
     </span>
    </p>
   </div>
   <div class='ocr_carea' id='block_1_109' title="bbox 2375 4678 3953 4762">
    <p class='ocr_par' dir='ltr' id='par_1_109' title="bbox 2375 4678 3953 4762">
     <span class='ocr_line' id='line_1_109' title="bbox 2375 4678 3953 4762; baseline -0.018 -7"><span class='ocrx_word' id='word_1_805' title='bbox 2375 4716 2513 4755; x_wconf 83' lang='lat' dir='ltr'><strong>mam</strong></span> <span class='ocrx_word' id='word_1_806' title='bbox 2552 4712 2702 4751; x_wconf 88' lang='lat' dir='ltr'><strong>suam</strong></span> <span class='ocrx_word' id='word_1_807' title='bbox 2744 4692 3037 4762; x_wconf 71' lang='lat' dir='ltr'><strong>neglectam</strong></span> <span class='ocrx_word' id='word_1_808' title='bbox 3089 4694 3144 4740; x_wconf 88' lang='lat' dir='ltr'><strong>et</strong></span> <span class='ocrx_word' id='word_1_809' title='bbox 3172 4683 3433 4753; x_wconf 88' lang='lat' dir='ltr'><strong>abjcctam</strong></span> <span class='ocrx_word' id='word_1_810' title='bbox 3482 4693 3698 4733; x_wconf 88' lang='lat' dir='ltr'><strong>manere</strong></span> <span class='ocrx_word' id='word_1_811' title='bbox 3738 4678 3953 4746; x_wconf 88' lang='lat' dir='ltr'><strong>permit-</strong></span> 
     </span>
    </p>
   </div>
   <div class='ocr_carea' id='block_1_110' title="bbox 2376 4773 3955 4863">
    <p class='ocr_par' dir='ltr' id='par_1_110' title="bbox 2376 4773 3955 4863">
     <span class='ocr_line' id='line_1_110' title="bbox 2376 4773 3955 4863; baseline -0.019 -13"><span class='ocrx_word' id='word_1_812' title='bbox 2376 4804 2489 4851; x_wconf 89' lang='lat' dir='ltr'><strong>tunt</strong></span> <span class='ocrx_word' id='word_1_813' title='bbox 2525 4812 2537 4847; x_wconf 90' lang='lat'><strong>:</strong></span> <span class='ocrx_word' id='word_1_814' title='bbox 2567 4805 2723 4863; x_wconf 88' lang='lat' dir='ltr'><strong>quam</strong></span> <span class='ocrx_word' id='word_1_815' title='bbox 2751 4789 2818 4841; x_wconf 90' lang='lat' dir='ltr'><strong>ob</strong></span> <span class='ocrx_word' id='word_1_816' title='bbox 2870 4796 3084 4838; x_wconf 84' lang='lat' dir='ltr'><strong>causam</strong></span> <span class='ocrx_word' id='word_1_817' title='bbox 3127 4788 3181 4834; x_wconf 90' lang='lat' dir='ltr'><strong>et</strong></span> <span class='ocrx_word' id='word_1_818' title='bbox 3205 4789 3538 4833; x_wconf 89' lang='lat' dir='ltr'><strong>communem</strong></span> <span class='ocrx_word' id='word_1_819' title='bbox 3570 4773 3810 4839; x_wconf 85' lang='lat' dir='ltr'><strong>utrisque</strong></span> <span class='ocrx_word' id='word_1_820' title='bbox 3835 4783 3955 4839; x_wconf 83' lang='lat' dir='ltr'><strong>pro-</strong></span> 
     </span>
    </p>
   </div>
   <div class='ocr_carea' id='block_1_111' title="bbox 2376 4868 3955 4958">
    <p class='ocr_par' dir='ltr' id='par_1_111' title="bbox 2376 4868 3955 4958">
     <span class='ocr_line' id='line_1_111' title="bbox 2376 4868 3955 4958; baseline -0.016 -19"><span class='ocrx_word' id='word_1_821' title='bbox 2376 4902 2511 4958; x_wconf 86' lang='lat' dir='ltr'><strong>pono</strong></span> <span class='ocrx_word' id='word_1_822' title='bbox 2533 4884 2822 4938; x_wconf 86' lang='lat' dir='ltr'><strong>doctrinam</strong></span> <span class='ocrx_word' id='word_1_823' title='bbox 2851 4887 3197 4932; x_wconf 81' lang='lat' dir='ltr'><strong>commoneas</strong></span> <span class='ocrx_word' id='word_1_824' title='bbox 3213 4868 3623 4935; x_wconf 88' lang='lat' dir='ltr'><strong>consulensque,</strong></span> <span class='ocrx_word' id='word_1_825' title='bbox 3650 4872 3955 4917; x_wconf 89' lang='lat' dir='ltr'><strong>utcontem-</strong></span> 
     </span>
    </p>
   </div>
   <div class='ocr_carea' id='block_1_112' title="bbox 2377 4956 3952 5050">
    <p class='ocr_par' dir='ltr' id='par_1_112' title="bbox 2377 4956 3952 5050">
     <span class='ocr_line' id='line_1_112' title="bbox 2377 4956 3952 5050; baseline -0.018 -17"><span class='ocrx_word' id='word_1_826' title='bbox 2377 4982 2477 5050; x_wconf 88' lang='lat' dir='ltr'><strong>ptis</strong></span> <span class='ocrx_word' id='word_1_827' title='bbox 2522 4977 2678 5045; x_wconf 84' lang='lat' dir='ltr'><strong>hujus</strong></span> <span class='ocrx_word' id='word_1_828' title='bbox 2740 4973 2859 5025; x_wconf 81' lang='lat' dir='ltr'><strong>vita:</strong></span> <span class='ocrx_word' id='word_1_829' title='bbox 2913 4967 3137 5037; x_wconf 82' lang='lat' dir='ltr'><strong>negotiis</strong></span> <span class='ocrx_word' id='word_1_830' title='bbox 3176 4971 3341 5017; x_wconf 86' lang='lat' dir='ltr'><strong>totum</strong></span> <span class='ocrx_word' id='word_1_831' title='bbox 3387 4959 3620 5015; x_wconf 88' lang='lat' dir='ltr'><strong>studium</strong></span> <span class='ocrx_word' id='word_1_832' title='bbox 3674 4956 3728 5011; x_wconf 90' lang='lat' dir='ltr'><strong>in</strong></span> <span class='ocrx_word' id='word_1_833' title='bbox 3778 4971 3952 5009; x_wconf 88' lang='lat' dir='ltr'><strong>rerum</strong></span> 
     </span>
    </p>
   </div>
   <div class='ocr_carea' id='block_1_113' title="bbox 2375 5045 3951 5138">
    <p class='ocr_par' dir='ltr' id='par_1_113' title="bbox 2375 5045 3951 5138">
     <span class='ocr_line' id='line_1_113' title="bbox 2375 5045 3951 5138; baseline -0.019 -13"><span class='ocrx_word' id='word_1_834' title='bbox 2375 5068 2721 5138; x_wconf 69' lang='lat' dir='ltr'><strong>Spit-itualium</strong></span> <span class='ocrx_word' id='word_1_835' title='bbox 2778 5077 2846 5116; x_wconf 89' lang='lat' dir='ltr'><strong>ac</strong></span> <span class='ocrx_word' id='word_1_836' title='bbox 2904 5057 3290 5112; x_wconf 87' lang='lat' dir='ltr'><strong>fructuosarum</strong></span> <span class='ocrx_word' id='word_1_837' title='bbox 3345 5066 3529 5105; x_wconf 86' lang='lat' dir='ltr'><strong>curam</strong></span> <span class='ocrx_word' id='word_1_838' title='bbox 3596 5045 3951 5102; x_wconf 87' lang='lat' dir='ltr'><strong>conferamus.</strong></span> 
     </span>
    </p>
   </div>
   <div class='ocr_carea' id='block_1_114' title="bbox 2376 5135 3957 5224">
    <p class='ocr_par' dir='ltr' id='par_1_114' title="bbox 2376 5135 3957 5224">
     <span class='ocr_line' id='line_1_114' title="bbox 2376 5135 3957 5224; baseline -0.02 -6"><span class='ocrx_word' id='word_1_839' title='bbox 2376 5163 2643 5218; x_wconf 81' lang='lat' dir='ltr'><strong>lntueatur</strong></span> <span class='ocrx_word' id='word_1_840' title='bbox 2671 5168 2871 5224; x_wconf 80' lang='lat' dir='ltr'><strong>pauper</strong></span> <span class='ocrx_word' id='word_1_841' title='bbox 2896 5149 3130 5213; x_wconf 84' lang='lat' dir='ltr'><strong>viduam,</strong></span> <span class='ocrx_word' id='word_1_842' title='bbox 3185 5159 3301 5215; x_wconf 75' lang='lat' dir='ltr'><strong>qua:</strong></span> <span class='ocrx_word' id='word_1_843' title='bbox 3328 5142 3463 5196; x_wconf 88' lang='lat' dir='ltr'><strong>duos</strong></span> <span class='ocrx_word' id='word_1_844' title='bbox 3507 5139 3695 5193; x_wconf 87' lang='lat' dir='ltr'><strong>obolos</strong></span> <span class='ocrx_word' id='word_1_845' title='bbox 3720 5135 3957 5203; x_wconf 80' lang='lat' dir='ltr'><strong>erogavit</strong></span> 
     </span>
    </p>
   </div>
   <div class='ocr_carea' id='block_1_115' title="bbox 2379 5226 3954 5325">
    <p class='ocr_par' dir='ltr' id='par_1_115' title="bbox 2379 5226 3954 5325">
     <span class='ocr_line' id='line_1_115' title="bbox 2379 5226 3954 5325; baseline -0.019 -18"><span class='ocrx_word' id='word_1_846' title='bbox 2379 5255 2525 5325; x_wconf 81' lang='lat' dir='ltr'><strong>(Luc.</strong></span> <span class='ocrx_word' id='word_1_847' title='bbox 2566 5250 2655 5303; x_wconf 72' lang='lat'><strong>2|.</strong></span> <span class='ocrx_word' id='word_1_848' title='bbox 2683 5249 2745 5316; x_wconf 68' lang='lat'><strong>2)</strong></span> <span class='ocrx_word' id='word_1_849' title='bbox 2765 5288 2778 5312; x_wconf 88' lang='lat'><strong>,</strong></span> <span class='ocrx_word' id='word_1_850' title='bbox 2808 5257 2981 5312; x_wconf 78' lang='lat' dir='ltr'><strong>neque</strong></span> <span class='ocrx_word' id='word_1_851' title='bbox 3010 5244 3371 5309; x_wconf 85' lang='lat' dir='ltr'><strong>paupertatem</strong></span> <span class='ocrx_word' id='word_1_852' title='bbox 3402 5231 3689 5284; x_wconf 83' lang='lat' dir='ltr'><strong>arbitretur</strong></span> <span class='ocrx_word' id='word_1_853' title='bbox 3720 5226 3954 5296; x_wconf 81' lang='lat' dir='ltr'><strong>negotia-</strong></span> 
     </span>
    </p>
   </div>
   <div class='ocr_carea' id='block_1_116' title="bbox 2380 5320 3954 5407">
    <p class='ocr_par' dir='ltr' id='par_1_116' title="bbox 2380 5320 3954 5407">
     <span class='ocr_line' id='line_1_116' title="bbox 2380 5320 3954 5407; baseline -0.018 -7"><span class='ocrx_word' id='word_1_854' title='bbox 2380 5320 2506 5400; x_wconf 79' lang='lat' dir='ltr'><strong>tioni</strong></span> <span class='ocrx_word' id='word_1_855' title='bbox 2570 5343 2925 5407; x_wconf 73' lang='lat' dir='ltr'><strong>eleemosynas</strong></span> <span class='ocrx_word' id='word_1_856' title='bbox 2992 5347 3055 5385; x_wconf 89' lang='lat' dir='ltr'><strong>ac</strong></span> <span class='ocrx_word' id='word_1_857' title='bbox 3114 5325 3450 5396; x_wconf 79' lang='lat' dir='ltr'><strong>benignitatis</strong></span> <span class='ocrx_word' id='word_1_858' title='bbox 3519 5320 3954 5390; x_wconf 91' lang='lat' dir='ltr'><strong>impedimentum</strong></span> 
     </span>
    </p>
   </div>
   <div class='ocr_carea' id='block_1_117' title="bbox 2379 5409 3958 5507">
    <p class='ocr_par' dir='ltr' id='par_1_117' title="bbox 2379 5409 3958 5507">
     <span class='ocr_line' id='line_1_117' title="bbox 2379 5409 3958 5507; baseline -0.021 -14"><span class='ocrx_word' id='word_1_859' title='bbox 2379 5439 2632 5507; x_wconf 86' lang='lat' dir='ltr'><strong>ohjiccre.</strong></span> <span class='ocrx_word' id='word_1_860' title='bbox 2661 5432 2850 5487; x_wconf 85' lang='lat' dir='ltr'><strong>.lobum</strong></span> <span class='ocrx_word' id='word_1_861' title='bbox 2880 5424 2978 5479; x_wconf 91' lang='lat' dir='ltr'><strong>sibi</strong></span> <span class='ocrx_word' id='word_1_862' title='bbox 3015 5431 3174 5493; x_wconf 86' lang='lat' dir='ltr'><strong>ponat</strong></span> <span class='ocrx_word' id='word_1_863' title='bbox 3201 5419 3270 5474; x_wconf 91' lang='lat' dir='ltr'><strong>ob</strong></span> <span class='ocrx_word' id='word_1_864' title='bbox 3312 5417 3495 5470; x_wconf 89' lang='lat' dir='ltr'><strong>oculos</strong></span> <span class='ocrx_word' id='word_1_865' title='bbox 3527 5412 3677 5468; x_wconf 89' lang='lat' dir='ltr'><strong>dives</strong></span> <span class='ocrx_word' id='word_1_866' title='bbox 3697 5453 3713 5477; x_wconf 96' lang='lat'><strong>,</strong></span> <span class='ocrx_word' id='word_1_867' title='bbox 3742 5421 3796 5466; x_wconf 90' lang='lat' dir='ltr'><strong>ct</strong></span> <span class='ocrx_word' id='word_1_868' title='bbox 3825 5409 3958 5464; x_wconf 90' lang='lat' dir='ltr'><strong>sicut</strong></span> 
     </span>
    </p>
   </div>
   <div class='ocr_carea' id='block_1_118' title="bbox 2380 5502 3957 5595">
    <p class='ocr_par' dir='ltr' id='par_1_118' title="bbox 2380 5502 3957 5595">
     <span class='ocr_line' id='line_1_118' title="bbox 2380 5502 3957 5595; baseline -0.018 -10"><span class='ocrx_word' id='word_1_869' title='bbox 2380 5531 2469 5585; x_wconf 87' lang='lat' dir='ltr'><strong>ille</strong></span> <span class='ocrx_word' id='word_1_870' title='bbox 2488 5542 2589 5581; x_wconf 89' lang='lat' dir='ltr'><strong>non</strong></span> <span class='ocrx_word' id='word_1_871' title='bbox 2620 5537 2811 5595; x_wconf 69' lang='lat' dir='ltr'><strong>prose,</strong></span> <span class='ocrx_word' id='word_1_872' title='bbox 2832 5533 3013 5574; x_wconf 89' lang='lat' dir='ltr'><strong>verum</strong></span> <span class='ocrx_word' id='word_1_873' title='bbox 3042 5528 3134 5584; x_wconf 92' lang='lat' dir='ltr'><strong>pro</strong></span> <span class='ocrx_word' id='word_1_874' title='bbox 3154 5510 3471 5583; x_wconf 84' lang='lat' dir='ltr'><strong>pauperibus</strong></span> <span class='ocrx_word' id='word_1_875' title='bbox 3492 5505 3671 5561; x_wconf 88' lang='lat' dir='ltr'><strong>omnia</strong></span> <span class='ocrx_word' id='word_1_876' title='bbox 3703 5520 3796 5560; x_wconf 88' lang='lat' dir='ltr'><strong>sua</strong></span> <span class='ocrx_word' id='word_1_877' title='bbox 3824 5502 3957 5558; x_wconf 88' lang='lat' dir='ltr'><strong>bona</strong></span> 
     </span>
    </p>
   </div>
   <div class='ocr_carea' id='block_1_119' title="bbox 2381 5605 3962 5693">
    <p class='ocr_par' dir='ltr' id='par_1_119' title="bbox 2381 5605 3962 5693">
     <span class='ocr_line' id='line_1_119' title="bbox 2381 5605 3962 5693; baseline -0.019 -17"><span class='ocrx_word' id='word_1_878' title='bbox 2381 5618 2702 5693; x_wconf 86' lang='lat' dir='ltr'><strong>possidebat,</strong></span> <span class='ocrx_word' id='word_1_879' title='bbox 2755 5615 2821 5667; x_wconf 83' lang='lat' dir='ltr'><strong>ia</strong></span> <span class='ocrx_word' id='word_1_880' title='bbox 2864 5623 2917 5666; x_wconf 90' lang='lat' dir='ltr'><strong>et</strong></span> <span class='ocrx_word' id='word_1_881' title='bbox 2953 5610 3065 5677; x_wconf 86' lang='lat' dir='ltr'><strong>ipse</strong></span> <span class='ocrx_word' id='word_1_882' title='bbox 3105 5605 3605 5672; x_wconf 79' lang='lat' dir='ltr'><strong>faciatzpropterea</strong></span> <span class='ocrx_word' id='word_1_883' title='bbox 3634 5610 3861 5665; x_wconf 85' lang='lat' dir='ltr'><strong>namque</strong></span> <span class='ocrx_word' id='word_1_884' title='bbox 3904 5606 3962 5647; x_wconf 81' lang='lat' dir='ltr'><strong>se</strong></span> 
     </span>
    </p>
   </div>
   <div class='ocr_carea' id='block_1_120' title="bbox 2385 5695 3962 5786">
    <p class='ocr_par' dir='ltr' id='par_1_120' title="bbox 2385 5695 3962 5786">
     <span class='ocr_line' id='line_1_120' title="bbox 2385 5695 3962 5786; baseline -0.024 -7"><span class='ocrx_word' id='word_1_885' title='bbox 2385 5722 2487 5778; x_wconf 89' lang='lat' dir='ltr'><strong>illis</strong></span> <span class='ocrx_word' id='word_1_886' title='bbox 2516 5712 2706 5786; x_wconf 84' lang='lat' dir='ltr'><strong>privari</strong></span> <span class='ocrx_word' id='word_1_887' title='bbox 2731 5708 2989 5781; x_wconf 82' lang='lat' dir='ltr'><strong>patienter</strong></span> <span class='ocrx_word' id='word_1_888' title='bbox 3011 5704 3148 5770; x_wconf 81' lang='lat' dir='ltr'><strong>tulit,</strong></span> <span class='ocrx_word' id='word_1_889' title='bbox 3178 5698 3317 5771; x_wconf 88' lang='lat' dir='ltr'><strong>quod</strong></span> <span class='ocrx_word' id='word_1_890' title='bbox 3332 5707 3615 5768; x_wconf 81' lang='lat' dir='ltr'><strong>antequam</strong></span> <span class='ocrx_word' id='word_1_891' title='bbox 3646 5695 3817 5763; x_wconf 75' lang='lat' dir='ltr'><strong>reipsa</strong></span> <span class='ocrx_word' id='word_1_892' title='bbox 3837 5702 3962 5765; x_wconf 83' lang='lat' dir='ltr'><strong>spo-</strong></span> 
     </span>
    </p>
   </div>
  </div>
