4246 6320
238 459 354 515 853

243 571 473 626 liaretur
496 585 524 625 a
552 569 766 627 diabolo
789 613 803 634 ,
837 570 1102 641 iacturam
1145 586 1204 626 se
1232 571 1442 627 illorum
1475 586 1632 642 posse
1677 574 1854 629 facere

247 662 539 718 meditatus
565 672 729 718 esset.
754 663 817 717 Et
847 671 900 718 tu
932 664 1090 734 igitur
1112 678 1245 734 epes
1274 673 1582 729 contemne,
1602 663 1729 720 dum
1758 665 1852 721 ad-

246 761 396 816 sunt,
427 761 507 820 ut,
532 769 654 809 cum
680 753 965 824 aliquando
1003 755 1194 810 ablata:
1240 755 1460 822 fuerint,
1515 772 1850 828 nequaquam

247 844 440 900 dolore
484 845 766 916 frangaris.
809 846 1067 916 Expende
1119 849 1237 903 illas
1281 848 1334 903 in
1380 864 1466 904 res
1500 849 1679 917 utiles,
1725 848 1852 904 dum

247 947 566 1008 suppetunt,
594 945 652 992 ut
671 980 688 1006 ,
733 953 855 992 cum
882 949 1080 1010 erepta:
1102 939 1319 1008 fuerint,
1351 940 1550 1010 duplex
1585 941 1676 997 tibi
1706 957 1851 1012 qna:-

246 1039 368 1086 stus
395 1030 667 1097 obveniat,
699 1040 811 1086 tum
836 1033 908 1087 oh
939 1041 1177 1104 paratam
1209 1034 1303 1088 tibi
1347 1034 1675 1101 mercedem,
1710 1033 1852 1106 quod

247 1135 346 1177 eas
371 1123 573 1192 optime
598 1124 936 1192 expenderis,
967 1134 1080 1180 tum
1107 1125 1178 1182 ob
1222 1127 1534 1199 acquisitam
1556 1142 1621 1182 ex
1665 1142 1851 1182 earum

247 1225 565 1287 contemptu
597 1216 992 1288 philosophiam
1009 1227 1066 1274 et
1099 1219 1431 1290 patientiam,
1466 1235 1587 1291 qua!
1610 1219 1710 1278 tibi
1740 1227 1852 1274 tum

250 1308 360 1363 erit
385 1309 524 1375 usui,
550 1323 670 1363 cum
702 1308 808 1363 illis
839 1309 1003 1364 fueris
1044 1310 1349 1367 destitutus.
1382 1310 1668 1384 Pmptcrea
1698 1326 1850 1366 nam-

249 1415 360 1468 que
396 1413 622 1468 χφὴρατα
668 1401 909 1470 pecuniae
953 1411 1246 1470 vocantur,
1288 1413 1347 1458 ut
1373 1403 1479 1458 illis
1521 1411 1753 1468 utamur,
1797 1409 1856 1456 ut

250 1490 430 1552 decet,
453 1505 556 1545 non
577 1500 634 1546 ut
653 1505 746 1546 eas
771 1490 1108 1569 defodiamus
1137 1510 1151 1547 :
1177 1494 1545 1563 possessiones
1565 1502 1852 1565 propterea

252 1580 521 1647 dicuntur,
554 1590 613 1637 ut
639 1597 742 1639 nos
764 1597 858 1638 eas
888 1582 1277 1654 possidemus,
1309 1600 1416 1639 non
1442 1585 1510 1641 ab
1537 1585 1640 1641 illis
1678 1585 1851 1658 possi-

255 1674 504 1730 deamur.
531 1675 784 1731 Dominus
811 1692 872 1732 es
889 1675 1232 1746 pecuniarum
1249 1677 1552 1742 multarum,
1580 1677 1692 1732 noli
1722 1692 1854 1747 ergo

255 1767 362 1822 illis
403 1767 629 1833 servire,
678 1783 905 1838 quorum
953 1769 1227 1824 dominum
1266 1779 1319 1825 te
1356 1771 1632 1826 constituit
1671 1771 1808 1826 Deus
1839 1787 1854 1825 :

351 1895 410 1902 ,ς

419 1895 576 1904 -οα

871 1897 1144 1904 ———————.—

1147 1895 1488 1904 ~——-—..——
1507 1895 1652 1904 -—_..._.

1659 1895 1793 1902 -__——.

1157 458 1293 516 NON
1335 460 1502 516 ESSE
1543 460 1636 516 AD
1676 460 1988 520 GRATIAM
2028 461 2582 524 CONCIONANDUll.

1797 1893 1960 1900 _—~.-

3448 469 3551 528 eiii

1956 591 2062 630 non
2088 579 2290 632 servies
2329 587 2531 647 autem,
2563 579 2626 645 si,
2663 587 2721 634 ut
2767 579 2942 646 dccct,
2977 580 3093 636 illas
3124 580 3417 652 expiandas,
3453 599 3560 636 non

1959 660 2104 722 humi
2132 667 2388 724 defodias.
2413 669 2554 724 Nihil
2582 671 2650 725 ita
2669 669 2932 726 lubricum
2960 681 3064 734 est.
3093 683 3150 726 ut
3171 672 3403 739 divitiae;
3428 673 3558 728 nihil

1959 758 2029 813 ita
2060 759 2316 816 mutabile
2341 770 2444 828 est,
2495 771 2554 816 ut
2598 777 2748 834 opes.
2783 761 3009 831 Quando
3039 763 3200 831 igitur
3225 765 3362 820 adeo
3391 764 3554 820 insta~

1959 849 2081 906 bilis
2111 859 2194 904 est
2221 851 2426 906 illarum
2454 853 2726 922 possessio
2745 893 2760 917 ,
2793 866 2855 907 ac
2884 853 3112 909 celerius
3144 853 3249 909 illic
3271 870 3431 924 quam
3464 872 3510 908 vr
3531 885 3566 900 ο

1959 939 2124 996 lucris
2151 956 2182 996 a
2203 941 2354 997 nobis
2381 943 2617 1009 avolant,
2642 952 2697 999 et
2722 943 2972 1023 injustius
2993 959 3152 1015 quam
3177 947 3424 1016 fugitivus
3445 948 3565 1016 qni—
3611 931 3615 935 ζ

1959 1033 2040 1087 vis
2068 1032 2343 1104 aufugiunt
2374 1051 2390 1089 :
2416 1048 2522 1104 quo
2557 1047 2802 1106 tempore
2842 1035 3045 1090 domini
3095 1034 3306 1090 illarum
3353 1051 3563 1102 sumus,

1958 1125 2062 1179 illis
2085 1134 2318 1193 utamur,
2363 1135 2420 1182 ut
2455 1127 2632 1192 decet,
2687 1142 2796 1199 quo
2833 1129 3100 1198 possimus
3135 1141 3202 1182 ex
3229 1126 3562 1184 instabilibus

1961 1219 2205 1286 pecuniis
2239 1219 2450 1274 stabilia
2488 1217 2643 1275 nobis
2669 1219 2809 1275 bona
2843 1224 3180 1290 comparare,
3207 1235 3271 1276 ac
3313 1221 3565 1276 recondi-

1960 1317 2071 1363 tum
2121 1308 2278 1366 nobis
2320 1310 2373 1365 in
2408 1311 2554 1367 caelis
2583 1311 2898 1368 thesaurum
2945 1313 3244 1384 possidere,
3274 1329 3383 1384 quo
3410 1313 3566 1369 nobis

1958 1401 2206 1457 omnibus
2233 1401 2430 1457 utinam
2457 1404 2614 1474 potiri
2639 1404 2933 1475 contingat,
2965 1406 3134 1474 gratia
3152 1415 3206 1460 et
3232 1405 3559 1477 benignitate

1961 1493 2169 1548 Domini
2195 1496 2360 1566 nostri
2386 1495 2511 1550 Jesu
2535 1495 2754 1561 Christi,
2791 1493 2896 1567 per
2914 1513 3075 1568 quem
3098 1507 3153 1552 et
3180 1514 3302 1553 cum
3330 1514 3441 1570 quo
3467 1499 3568 1553 Pa-

1960 1589 2027 1640 tri
2055 1586 2222 1656 gloria
2273 1587 2538 1658 simulque
2566 1587 2788 1658 Spiritui
2808 1585 3034 1642 Sancto.
3054 1603 3193 1645 nunc
3226 1598 3281 1645 ct
3326 1606 3562 1660 semper,

1959 1685 2012 1732 et
2040 1677 2092 1735 in
2109 1677 2302 1732 saecula
2322 1678 2664 1737 saeculorum.
2691 1684 2886 1736 Amen.

1961 1892 2266 1900 ﬂ

257 1976 396 2018 Ill
441 1975 587 2020 ESSE
632 1961 930 2020 ηιὶουιι
974 1976 1227 2021 PLBNAM
1270 1976 1404 2020 CUI!
1449 1976 1530 2019 IIS
1575 1974 1684 2029 QUI
1730 1972 1868 2016 DICI”.

1975 1999 1990 2028 ,
2036 1971 2172 2015 TUM
2215 1968 2299 2014 HS
2341 1971 2452 2025 ρω
2485 1970 2794 2026 Αυυιυιιτ,
2840 1971 2926 2013 ΔΙ)
2968 1966 3256 2014 ϐιιΑτιηι
3302 1967 3568 2012 (20³010-

501 2073 655 2118 NAR!
700 2077 715 2118 2
763 2075 972 2131 ATQUE
1003 2077 1189 2120 οτιιε
1233 2076 1406 2135 ESSE,
1453 2075 1534 2119 ET
1574 2073 1868 2118 JUSTITIAI

1974 2073 2265 2118 es!!!“
2297 2071 2568 2116 euocata
2611 2071 2922 2116 INCUSARE
2966 2052 3366 2134 necs-raw).

339 2309 390 2363 Ι.
418 2307 593 2375 Satis,
620 2307 813 2379 opinor
833 2333 862 2374 ,-
878 2323 974 2363 vos
1002 2323 1171 2378 nuper
1197 2306 1608 2378 increpavimus,
1635 2323 1698 2362 ac
1732 2323 1858 2378 pro—

261 2397 566 2456 fundiorem
592 2402 798 2472 plagam
821 2399 1111 2455 indiximus
1139 2417 1153 2453 :
1173 2401 1350 2470 itaque
1366 2415 1584 2456 necesse
1600 2411 1684 2455 est
1705 2399 1862 2455 hodie

263 2492 610 2556 medeamur,
639 2508 704 2550 ac
727 2495 938 2549 mitiora
987 2493 1376 2548 medicamenta
1419 2492 1664 2563 quzndam
1692 2507 1861 2563 appo-

262 2599 479 2639 namus.
511 2583 606 2640 llic
650 2585 796 2640 enirn
841 2585 1077 2655 optimus
1123 2593 1206 2640 est
1244 2575 1524 2640 medicinae
1565 2583 1776 2648 modus,
1807 2595 1864 2638 ut

265 2691 374 2730 non
405 2675 566 2730 modo
593 2688 845 2732 secentur
869 2677 1054 2732 ulcera
1077 2717 1094 2742 ,
1122 2691 1308 2732 verum
1333 2677 1491 2732 etiam
1522 2676 1860 2747 obligentur:

264 2766 384 2822 lucc
407 2768 657 2837 praeclara
686 2768 943 2824 doctrina:
969 2769 1052 2822 lex
1073 2776 1172 2832 est,
1198 2777 1255 2822 ut
1271 2784 1380 2822 non
1392 2767 1553 2822 modo
1570 2767 1865 2837 reprehen-

264 2859 464 2914 dantur
490 2859 768 2940 discipuli,
783 2876 969 2916 verum
995 2861 1157 2914 etiarn
1176 2859 1633 2915 cohortationibus
1660 2871 1714 2913 et
1738 2873 1865 2914 con-

266 2951 618 3006 solationibus
680 2953 1018 3021 adjuventur.
1077 2952 1152 3007 Ita
1222 2967 1436 3022 quoque
1499 2952 1694 3006 Paulus
1750 2951 1865 3006 fleri

264 3041 428 3112 jussit
452 3061 465 3096 :
489 3042 676 3113 Argue,
701 3043 927 3120 increpa,
949 3043 1214 3099 erhortare
1243 3042 1318 3116 (ἢ.
1352 3041 1486 3096 Tini.
1518 3043 1572 3098 Δ.
1601 3040 1678 3113 2).
1713 3039 1868 3109 Quod

271 3134 317 3188 si
348 3149 564 3204 semper
590 3133 909 3189 exhortetur
935 3135 1216 3206 quispiam,
1250 3133 1665 3204 negligentiores
1691 3132 1868 3188 reddit

271 3225 639 3280 auditores:si
668 3234 871 3280 tantum
902 3227 1163 3295 increpet,
1191 3225 1491 3295 asperiores
1517 3224 1680 3279 efﬁcit
1704 3243 1718 3278 :
1745 3238 1868 3278 cum

272 3319 420 3372 enim
433 3317 768 3373 assidnarum
791 3331 930 3373 onus
948 3317 1424 3388 reprehensionum
1453 3315 1594 3372 ferre
1620 3329 1726 3370 non
1749 3330 1873 3386 pos-

274 3408 412 3474 sint,
439 3409 721 3464 c0nfestim
763 3408 1078 3464 abscedunt.
1123 3408 1384 3477 Quocirca
1431 3411 1611 3464 varius
1651 3408 1869 3479 quidam

275 3499 609 3556 adhibendus
627 3511 710 3556 est
724 3501 949 3557 docendi
968 3501 1174 3556 modus.
1195 3501 1421 3570 Quando
1435 3501 1593 3572 igitur
1606 3501 1872 3572 superiori

277 3594 498 3649 collecta
544 3594 802 3663 cujusque
837 3601 1071 3648 mentem
1101 3593 1276 3648 acrius
1312 3607 1490 3647 sermo
1519 3594 1869 3662 perstrinxit,

278 3685 470 3742 leniori
510 3701 651 3741 nunc
684 3686 912 3741 docendi
940 3686 1100 3741 modo
1129 3685 1285 3741 nobis
1320 3695 1402 3740 est
1429 3700 1565 3755 Opus
1614 3685 1876 3740 hodierno

278 3776 367 3832 die
390 3817 406 3842 ,
434 3791 497 3832 ac
531 3776 806 3832 doloribus
828 3817 847 3844 ,
873 3792 1006 3847 quos
1039 3777 1486 3846 reprehensiones
1527 3778 1872 3841 inusserunt,

281 3884 503 3924 necesse
525 3879 610 3924 est
630 3880 899 3939 tamquam
926 3870 1102 3923 oleum
1128 3869 1396 3924 lenitatem
1421 3869 1683 3924 sermonis
1701 3868 1876 3922 instil-

282 3962 488 4028 lemus,
515 3963 560 4016 si
605 3964 756 4032 prius
785 3962 936 4016 vobis
971 3963 1023 4017 in
1073 3961 1388 4016 memoriam
1433 3960 1877 4031 reprehensiones

283 4057 429 4127 ipsas
457 4059 904 4113 revocaverimus.

358 4151 465 4205 Lar
486 4149 641 4205 Pauli
661 4153 726 4207 de
747 4154 835 4220 iis,
853 4155 937 4222 qui
957 4153 1162 4223 indigne
1185 4153 1576 4206 communicant.
1593 4175 1668 4193 -ο
1682 4151 1878 4222 Legem

284 4241 436 4297 Pauli
479 4244 633 4299 vobis
673 4260 843 4314 nuper
866 4245 934 4300 de
973 4254 1436 4300 sacramentorum
1473 4245 1878 4314 participatione

282 4336 649 4402 recitarimus,
675 4353 780 4407 qua
807 4337 1009 4404 cuncti,
1034 4337 1124 4408 qui
1156 4338 1425 4408 mysteriis
1479 4336 1667 4391 initiati
1712 4345 1837 4390 sunt
1858 4377 1880 4405 ,

283 4429 706 4499 obstringuntur.
730 4429 858 4485 ιιίιξο
881 4439 1058 4485 autem
1089 4431 1170 4484 lex
1197 4438 1313 4484 erat
1337 4447 1349 4481 :
1379 4429 1510 4484 nihil
1527 4429 1670 4484 enim
1695 4443 1880 4483 rursus

285 4521 431 4574 illam
470 4521 715 4590 prohibet
757 4521 968 4576 recitari
997 4539 1012 4577 :
1045 4519 1230 4574 Probet
1267 4531 1436 4573 autem
1462 4520 1688 4589 seipsum
1718 4532 1880 4572 anus-

285 4613 513 4683 quixque,
552 4620 600 4665 et
641 4615 712 4666 sic
740 4614 804 4667 de
829 4629 958 4683 pane
985 4612 1078 4667 ειιο
1106 4613 1222 4666 edat
1246 4652 1260 4675 ,
1295 4622 1340 4666 et
1367 4615 1430 4665 de
1455 4613 1609 4666 salice
1637 4612 1771 4665 bibat
1794 4611 1880 4681 (ι.

285 4702 406 4759 Cor.
435 4703 660 4777 “.28).
689 4702 895 4771 Sciant,
928 4704 1018 4773 qui
1050 4703 1317 4775 mysteriis
1344 4703 1531 4757 initiati
1557 4712 1677 4757 sunt
1709 4743 1730 4768 ,
1753 4701 1882 4771 quid

285 4797 546 4862 dicamus,
569 4805 623 4852 et
650 4799 774 4867 quis
799 4797 886 4852 hic
912 4797 1063 4868 panis
1085 4797 1187 4862 sit,
1221 4791 1406 4866 quisve
1429 4795 1594 4849 calix.
1621 4794 1721 4862 Qui
1748 4796 1882 4848 enim

285 4889 560 4946 mandunt
585 4901 633 4946 et
661 4891 817 4955 bibit,
852 4891 1023 4960 inquit
1045 4889 1299 4960 ,‘indigne
1337 4887 1557 4941 Domino
1579 4928 1591 4947 .
1623 4902 1738 4940 rcus
1787 4887 1880 4953 erit

285 4984 514 5054 corporis
541 4991 590 5037 et
617 4981 879 5054 sanguinis
910 4980 1114 5036 Domini
1145 4978 1306 5051 (Ibid.
1335 4994 1382 5033 ιγ.
1410 4977 1523 5049 27).
1555 4977 1704 5034 Hanc
1730 4976 1882 5032 vobis

286 5077 460 5144 legem
486 5075 858 5138 recitarimus,
883 5082 937 5127 et
960 5072 1243 5127 verborum
1270 5085 1486 5126 sensum
1515 5070 1879 5138 exposuimus.

286 5166 533 5221 Diximus
553 5164 678 5236 quid
720 5165 790 5219 sit
811 5203 826 5230 ,
857 5163 994 5219 Betis
1031 5165 1123 5217 erit
1159 5161 1384 5230 corporis
1413 5171 1459 5215 et
1485 5162 1749 5230 sanguinis
1775 5158 1884 5213 Do.

287 5259 408 5313 nrini
431 5299 447 5325 ,
477 5257 694 5314 easdem
724 5259 976 5313 nimirum
1005 5270 1194 5326 pinnas
1219 5255 1502 5322 daturum,
1527 5268 1663 5325 qam
1687 5263 1739 5308 et
1766 5253 1883 5321 illi,

284 5352 376 5422 qui
403 5351 674 5408 Christum
717 5348 1032 5407 eruciilxere
1075 5349 1430 5404 sustinebant.
1459 5347 1594 5408 Nam
1621 5345 1883 5418 quemad-

286 5443 505 5500 modum
530 5443 814 5500 homicidio
851 5440 924 5497 illi
970 5444 1053 5498 rei
1077 5442 1199 5498 facti
1220 5451 1346 5498 sunt
1367 5441 1640 5512 sanguinis
1664 5482 1684 5508 ,
1711 5440 1790 5494 sic
1829 5449 1884 5495 et

289 5537 376 5592 isti
402 5536 494 5609 qui
524 5535 874 5591 sacramentis
903 5535 1116 5606 indigne
1139 5534 1538 5590 communicant
1566 5549 1580 5586 :
1611 5533 1713 5586 hoc
1738 5533 1880 5586 enim

289 5636 368 5684 est
389 5670 404 5694 ,
431 5627 567 5683 itm
595 5628 686 5683 erit
715 5629 945 5698 corporis
967 5636 1012 5682 et
1041 5627 1302 5698 sanguinis
1334 5624 1561 5678 Domini.
1591 5622 1884 5678 Videbatur

286 5723 488 5778 dictum
507 5703 637 5778 illud
659 5723 815 5794 plane
841 5723 1062 5776 modum
1082 5720 1369 5782 excedere,
1393 5728 1552 5789 atque
1573 5716 1882 5774 intolerabi-

288 5814 365 5872 les
393 5815 551 5871 mina:
575 5815 932 5872 censebantur
961 5832 973 5870 :
1001 5815 1261 5870 rationem
1289 5813 1632 5882 adjitnxirnns
1669 5809 1882 5866 ductam

346 5931 421 5996 (ο)
444 5930 621 5983 collata
639 5939 754 5982 cura
773 5930 882 5981 cod.
909 5929 1041 5982 colo.
1071 5927 1208 5989 1050.
1247 5928 1332 5991 qui
1355 5933 1453 5979 non
1475 5925 1682 5978 miluo
1708 5925 1884 5984 variat.

1967 2307 2035 2362 ah
2074 2306 2357 2377 exemplo,
2380 2319 2499 2377 qum
2530 2306 2768 2362 zmirilice
2813 2298 3136 2377 quadrabat.
3165 2305 3236 2362 Ut
3263 2306 3408 2362 enim
3457 2308 3571 2364 sive

1966 2402 2087 2470 quis
2114 2400 2314 2472 regiam
2347 2403 2638 2470 purpuram
2663 2398 2949 2465 discindat,
2975 2399 3300 2470 inquiebam,
3326 2400 3438 2455 sive
3461 2400 3572 2454 luto

1967 2491 2299 2560 coinquinet,
2333 2505 2399 2545 ex
2426 2506 2582 2562 :cquo
2609 2505 2814 2561 regem,
2847 2490 2937 2560 qui
2968 2504 3030 2545 ea
3062 2490 3278 2545 indutus
3303 2499 3386 2545 est
3405 2532 3421 2558 ,
3450 2492 3570 2546 afii-

1967 2583 2376 2639 citcontumelia
2396 2599 2411 2636 :
2430 2582 2509 2638 sic
2536 2583 2786 2638 nimirum
2811 2582 2914 2638 hoc
2933 2582 3052 2638 loco
3077 2597 3197 2638 cum
3227 2584 3323 2649 illi,
3352 2585 3442 2655 qui
3468 2585 3573 2639 Do-

1968 2677 2220 2732 minicum
2244 2690 2439 2749 corpus
2465 2685 2742 2740 necarunt,
2763 2687 2874 2731 tum
2896 2676 2987 2747 qui
3009 2675 3281 2732 immunda
3309 2678 3576 2747 recipiunt

1968 2769 2166 2834 anima,
2184 2783 2364 2838 parem
2381 2767 2626 2838 iniuriam
2643 2766 3036 2837 regioinferunt
3049 2767 3388 2823 vestimento.
3404 2768 3576 2822 Disci-

1969 2861 2162 2915 derunt
2185 2860 2400 2931 quidem
2428 2860 2556 2915 illud
2580 2859 2632 2914 in
2655 2875 2816 2915 cruce
2841 2859 3034 2924 Judaei;
3063 2859 3572 2931 coinquinat-autem

1971 2951 2037 3016 is,
2057 2952 2146 3021 qui
2179 2952 2447 3006 immunda
2476 2952 2700 3022 suscipit
2725 2950 2854 3006 illud
2886 2951 3062 3007 anima
3089 2967 3104 3004 :
3132 2951 3312 3029 itaque
3341 2951 3468 3006 licet
3494 2951 3576 3005 di-

1969 3058 2124 3098 versa
2152 3053 2366 3113 peccata
2391 3044 2519 3109 sint,
2538 3051 2715 3098 tamen
2729 3043 2950 3113 aequalis
2961 3051 3044 3097 est
3071 3042 3284 3110 injuria.
3303 3040 3418 3096 Hoc
3437 3042 3576 3096 tnui-

1972 3143 2058 3189 tos
2078 3135 2412 3204 perstrinxit,
2425 3135 2526 3189 hoc
2538 3133 2737 3189 inultos
2758 3135 3107 3203 perturbavit,
3122 3143 3179 3188 et
3191 3133 3573 3189 conscientiam

1971 3219 2275 3280 auditorum
2298 3225 2538 3296 pupugit,
2560 3239 2659 3280 nec
2684 3225 2991 3280 auditarum
3019 3234 3248 3291 tantum,
3264 3224 3357 3279 sed
3375 3239 3577 3291 meam,

1973 3319 2063 3387 qui
2084 3317 2148 3370 ad
2173 3331 2269 3372 vos
2281 3329 2590 3373 sermonm
2608 3315 2795 3384 habeo,
2813 3317 2959 3388 prius
2975 3331 3133 3385 quam
3146 3328 3397 3372 vestram.
3413 3316 3578 3372 Coms

1977 3411 2153 3464 munis
2185 3419 2268 3464 est
2295 3409 2495 3480 quippe
2521 3408 2764 3464 doctrina
2782 3448 2799 3476 ,
2820 3407 3126 3463 communia
3153 3416 3274 3462 sunt
3312 3407 3530 3463 vulnera
3561 3425 3592 3462 :~

1976 3509 2301 3571 quaprOpter
2340 3506 2394 3554 et
2419 3499 2720 3555 communia
2750 3499 2980 3554 adhibeo
3024 3498 3434 3555 medicamenta.
3463 3496 3578 3554 lloc

1976 3590 2172 3645 divina:
2201 3591 2544 3662 benignitatis
2585 3604 2721 3661 opus
2751 3589 2846 3644 luit
2865 3631 2882 3659 ,
2915 3599 3051 3646 utet
3079 3590 3126 3644 is
3151 3589 3245 3662 qui
3272 3606 3579 3650 sermonem

1979 3681 2172 3748 habet,
2220 3692 2274 3739 et
2315 3686 2404 3754 qui
2448 3684 2708 3750 audiunt,
2748 3682 2939 3738 iisdem
2986 3683 3295 3752 subjaceant
3336 3684 3582 3755 legibus,

1978 3775 2216 3846 ejusdem
2237 3776 2522 3846 participes
2541 3777 2648 3830 sint
2668 3786 2893 3841 natura},
2912 3785 2966 3832 et
2994 3777 3192 3847 pariter
3209 3791 3332 3833 reus
3351 3778 3581 3848 quisque

1979 3870 2052 3924 sit
2074 3911 2088 3933 ,
2113 3869 2199 3924 ubi
2234 3879 2594 3940 transgressus
2625 3870 2796 3941 legem
2841 3869 3020 3927 fuerit.
3048 3869 3160 3936 Qua
3191 3871 3260 3925 de
3284 3885 3443 3924 causa
3463 3869 3490 3923 ἲ
3514 3869 3584 3926 Ut

1984 3963 2318 4016 moderatam
2349 3962 2600 4018 adhibeat
2629 3963 3048 4032 increpationem
3072 4002 3090 4028 ,
3120 3971 3179 4015 ut
3217 3961 3579 4032 indulgentior

1983 4054 2074 4108 ilat
2102 4054 2154 4107 in
2183 4069 2278 4109 eos
2305 4055 2395 4125 qui
2424 4063 2667 4124 peccant,
2702 4063 2762 4109 ut
2790 4069 2877 4120 ne,
2909 4055 3139 4124 propria:
3166 4069 3377 4108 memor
3406 4053 3593 4108 imbe-

1980 4150 2238 4215 cillitatis,
2253 4149 2640 4204 intolerandam
2663 4148 2913 4205 adhibeat
2931 4148 3424 4219 reprehensionem.
3453 4147 3592 4202 Pro-

1982 4253 2168 4315 pterea
2199 4257 2307 4296 non
2332 4241 2549 4312 angelos
2579 4255 2612 4297 e
2639 4241 2771 4298 calo
2795 4239 3044 4310 delapsos
3072 4238 3354 4310 magistros
3385 4237 3581 4294 buma-

1983 4353 2066 4392 ηαξ
2093 4348 2296 4393 natura:
2324 4336 2585 4407 prmfecit,
2609 4349 2675 4390 ne
2702 4343 2921 4406 propter
2946 4333 3322 4389 excellentiam
3351 4343 3581 4390 natiirze.

1983 4437 2143 4499 atque
2187 4429 2432 4482 humana:
2488 4426 2819 4481 inﬁrmitatis
2856 4425 3242 4494 ignorationem
3284 4424 3586 4494 asperiores

1984 4520 2430 4590 reprehensiones
2461 4520 2617 4575 nobis
2645 4519 2961 4573 adhiberent
2989 4535 3005 4570 :
3032 4516 3125 4572 sed
3157 4516 3403 4572 homines
3433 4530 3584 4571 mor-

1985 4615 2120 4668 tales
2145 4614 2428 4684 magistros
2453 4627 2516 4667 ac
2540 4611 2845 4666 sacer-deter.
2879 4611 3145 4665 concessit
3164 4649 3179 4674 ,
3211 4609 3456 4663 homines
3498 4610 3589 4662 in-

1987 4707 2238 4762 ﬁmitate
2265 4706 2623 4761 circumdatos
2647 4746 2661 4769 ,
2691 4711 2749 4759 ut
2777 4703 2879 4758 hoc
2906 4703 3024 4772 ipso
3045 4741 3067 4769 ,
3087 4700 3228 4772 quod
3257 4698 3459 4756 eisdem
3484 4700 3588 4755 ob-

1985 4798 2134 4853 noxii
2161 4798 2415 4864 sint,etis
2431 4796 2518 4866 qui
2537 4809 2839 4852 sermonem
2867 4794 3047 4859 habet,
3065 4801 3120 4848 et
3142 4791 3324 4862 illiqui
3340 4790 3588 4859 audiunt,

1985 4890 2378 4946 concionatoris
2407 4889 2599 4959 linguze
2630 4887 2838 4943 frenum
2867 4884 3310 4956 hijiciatur,quod
3339 4897 3462 4937 eum
3481 4897 3593 4939 non

1983 4983 2128 5038 sinat
2151 4983 2288 5038 ultra
2311 4981 2529 5036 modum
2549 4991 2673 5035 suas
2693 4978 3066 5049 castigationes
3082 4973 3405 5031 extendere:
3413 4975 3594 5044 Atque

1988 5076 2091 5131 hoc
2118 5089 2304 5130 veritus
2325 5088 2449 5129 esse
2465 5072 2697 5128 declarat
2723 5069 2940 5134 Paulus,
2963 5067 3056 5136 qui
3081 5067 3249 5136 legem
3272 5065 3417 5119 illam
3444 5065 3592 5130 tulit,

1987 5180 2040 5224 et
2079 5168 2218 5222 hanc
2258 5181 2480 5221 causam
2520 5178 2620 5218 nos
2653 5162 2835 5217 docuit
2862 5159 2946 5213 his
2975 5157 3154 5214 verbis
3178 5166 3336 5212 utens
3365 5174 3379 5211 :
3410 5153 3592 5210 Omnis

1986 5262 2120 5316 enim
2164 5260 2396 5333 pontifex
2421 5274 2487 5312 cz
2516 5253 2803 5310 hminibus
2847 5260 3142 5318 assumptus
3171 5262 3267 5321 pro
3307 5247 3607 5303 honsinibus'

1987 5356 2340 5416 constituitur,
2372 5352 2458 5423 qui
2499 5347 2765 5410 condolere
2793 5346 2948 5416 possit
2987 5345 3052 5398 iis
3071 5382 3087 5407 ,
3113 5343 3201 5409 qui
3240 5342 3480 5412 ignorant
3501 5379 3521 5406 ,
3546 5349 3592 5393 et

1987 5457 2159 5503 errant
2186 5444 2386 5519 (Hebr.
2409 5444 2464 5499 5.
2496 5444 2545 5496 i.
2574 5452 2619 5494 et
2646 5438 2745 5506 (Ξ).
2771 5438 2886 5504 Qua
2915 5435 3196 5490 oceasione
3215 5473 3232 5500 ,
3263 5440 3320 5488 et
3345 5447 3443 5488 cur
3470 5441 3594 5485 tan-

1987 5545 2152 5601 dem?
2169 5541 2423 5610 Quoniam
2441 5547 2487 5592 et
2513 5538 2620 5608 ipse
2645 5533 2986 5589 circumdatus
3010 5539 3082 5585 est
3096 5529 3406 5599 inﬁrmitate.
3429 5524 3592 5581 Vides

1988 5638 2357 5695 infirmitatem
2399 5626 2787 5699 compassionis
2839 5621 3177 5678 occasiunetn
3221 5633 3388 5683 esse,
3420 5632 3594 5686 neque

1989 5730 2167 5785 sinere
2200 5725 2572 5797 cognationem
2623 5727 2848 5780 naturae,
2865 5724 2925 5771 ut
2943 5713 3066 5785 quis
3080 5713 3132 5767 in
3149 5709 3600 5781 reprehendendo

1990 5820 2210 5877 modum
2250 5815 2520 5880 excedat;
2564 5812 2665 5866 etsi
2713 5807 3062 5863 vehementer
3105 5801 3441 5858 contendat?
3483 5799 3593 5853 Sed

1991 5928 2151 5988 quam
2198 5911 2266 5970 ob
2291 5919 2508 5967 causam
2538 5904 2637 5961 iSta
2676 5900 2822 5958 dixi?
2849 5896 2929 5956 Ne
2957 5896 3093 5952 forte
3133 5893 3323 5950 dicatis
3352 5910 3367 5946 :
3394 5890 3476 5946 τυ
3505 5889 3598 5959 qui
