4224 6302
689 357 794 408 (if-'36

686 473 914 526 mundus
940 485 998 525 es
1026 486 1052 522 a
1083 471 1343 540 peccatis,
1369 481 1422 523 et
1453 486 1480 521 a
1511 471 1773 534 molestia,
1797 487 1953 540 quam
1984 471 2272 540 increpatio

685 564 847 632 parit,
875 562 1123 613 immunis
1149 575 1210 613 ac
1238 559 1371 613 liber
1396 575 1474 620 es,
1499 575 1684 629 magna
1715 576 1832 614 cum
1865 569 2122 629 potestate
2152 575 2273 630 pro-

687 655 984 706 uiuidiorem
1045 652 1196 705 nobis
1251 654 1540 706 sectionem
1591 653 1802 721 inﬂigis.
1855 652 2122 722 Siquidem
2176 668 2275 721 ego

690 747 836 816 prior
881 747 1177 800 molestiam
1220 748 1394 800 sentio
1420 788 1434 809 ,
1467 746 1892 815 quandoquidem
1923 755 1976 800 et
2018 747 2128 814 ipse
2176 749 2273 800 ob-

695 837 882 890 noxius
927 852 1046 890 sum
1091 837 1340 905 peccatis.
1384 837 1568 890 Omnes
1612 839 1742 890 enim
1787 838 1837 888 in
1883 838 2277 905 corrrptionibns

691 942 863 980 sumus
883 925 1066 997 (Eccli.
1096 929 1147 981 8.
1175 929 1252 995 6),
1279 937 1351 991 et,
1375 926 1538 981 Nemo
1566 927 1859 998 gloriabitur
1886 937 2076 979 castum
2099 945 2151 979 se
2180 928 2276 978 lm-

689 1017 803 1068 bere
831 1033 916 1068 cor
947 1017 1143 1082 (Prov.
1183 1017 1273 1073 20.
1306 1018 1383 1087 9).
1438 1019 1615 1086 Itaque
1661 1033 1764 1070 non
1811 1018 1948 1086 quod
1994 1019 2045 1070 111
2087 1019 2276 1071 alienis

692 1105 1094 1174 philosopbarer
1115 1107 1285 1172 malis,
1313 1123 1482 1176 neque
1509 1123 1574 1162 ex
1602 1107 1982 1161 inhumanitate
2005 1109 2272 1177 quapiam,

692 1193 786 1245 sed
813 1210 919 1262 pra:
951 1197 1107 1248 nimia
1135 1197 1488 1250 sollicitudine
1520 1199 1961 1266 reprehensiones
1990 1198 2105 1250 illas
2126 1199 2278 1251 adhi-

695 1287 784 1340 bui
838 1287 967 1341 Nam
997 1289 1046 1340 in
1075 1304 1360 1356 corporum
1391 1290 1602 1358 quidem
1633 1290 1926 1354 curatione,
1958 1290 2044 1356 qui
2073 1292 2274 1359 plagam

699 1376 882 1445 inﬂigit
903 1417 916 1440 ,
952 1379 1150 1432 nullum
1182 1380 1344 1449 plaga:
1371 1395 1582 1434 sensum
1611 1382 1770 1449 capit.
1805 1381 1895 1434 sed
1929 1383 2037 1443 ille,
2071 1383 2158 1449 qui
2187 1397 2276 1434 se-

691 1478 866 1531 catur,
882 1471 1029 1524 solus
1047 1470 1320 1524 doloribus
1342 1473 1634 1525 cruciatur:
1660 1485 1708 1524 at
1732 1473 1780 1525 in
1799 1475 2090 1525 animarum
2119 1489 2275 1526 cura-

697 1554 840 1612 tione
869 1576 971 1612 non
1002 1562 1070 1613 ita
1092 1601 1106 1623 ,
1132 1561 1229 1613 nisi
1262 1562 1394 1614 forte
1422 1562 1575 1614 fallar
1598 1605 1612 1626 ,
1643 1562 1768 1616 dttnt
1796 1579 1858 1616 ex
1891 1565 2020 1616 meis
2045 1563 2110 1616 de
2141 1563 2276 1616 alio-

697 1667 814 1703 rum
852 1651 1008 1703 rebus
1029 1651 1210 1720 judico
1231 1669 1246 1718 ;
1271 1653 1362 1706 sed
1391 1655 1502 1722 ipse
1533 1655 1673 1723 prior
1697 1658 1960 1710 cruciatur
1979 1698 1991 1718 ,
2028 1658 2113 1724 qui
2143 1672 2276 1710 con-

695 1742 901 1794 cionem
936 1742 1110 1806 habet,
1141 1744 1353 1812 quando
1380 1754 1602 1798 cmteros
1629 1747 1886 1814 increpat.
1916 1746 2095 1816 Neque
2133 1747 2273 1800 enim

695 1833 772 1884 sic
804 1848 840 1884 ea
881 1834 1088 1886 creteris
1115 1835 1424 1902 reprehensi
1453 1835 1693 1888 dolemus
1715 1876 1729 1898 ,
1763 1851 1822 1888 ac
1849 1836 1890 1889 si
1919 1837 2050 1890 alios
2094 1853 2278 1903 repre-

697 1924 988 1978 hendamus
1015 1925 1084 1978 ob
1111 1937 1344 1994 peccata,
1377 1943 1600 1994 quorum
1634 1929 1730 1996 ipsi
1765 1929 1838 1981 rei
1870 1930 2054 1982 simus.
2089 1930 2274 1982 Statim

698 2015 839 2067 enim
894 2017 1322 2071 concionatorem
1352 2019 1593 2087 objurgat
1645 2021 1965 2074 conscientia
1995 2063 2007 2082 ,
2033 2021 2278 2090 quodque

697 2120 754 2158 se
807 2107 980 2160 videat
1025 2109 1309 2177 magisterii
1351 2109 1609 2178 dignitate
1645 2111 1952 2165 decoratum
1992 2113 2042 2166 in
2091 2113 2277 2166 eadem

687 2212 815 2249 eum
852 2197 1123 2264 discipulis
1165 2210 1377 2265 peccata
1409 2201 1644 2268 prolabi,
1677 2211 1834 2270 atque
1874 2201 2060 2256 iisdem
2091 2218 2278 2271 repre-

698 2287 1038 2341 hensionibus
1062 2289 1312 2358 indigere,
1333 2291 1625 2360 graviorem
1657 2292 2014 2345 concionatori
2039 2292 2278 2346 dolorem

695 2379 880 2432 inurit.

767 2470 822 2522 εν..
868 2471 1032 2524 Mem:
1075 2489 1233 2538 paena:
1277 2484 1476 2540 peccata
1507 2475 1700 2526 minuit.
1728 2505 1794 2513 —
1818 2475 1987 2545 Atque
2022 2476 2133 2529 11ωο
2175 2493 2278 2531 non

694 2562 813 2616 sine
851 2578 1008 2616 causa
1055 2580 1192 2617 nunc
1233 2580 1563 2634 conqueror;
1608 2568 1700 2622 sed
1744 2569 1990 2636 quoniam
2033 2572 2278 2638 permulti

698 2668 881 2705 corum
910 2669 1026 2722 qua:
1058 2654 1195 2708 dicta
1224 2665 1351 2710 sunt
1376 2659 1716 2712 acerbitatem
1749 2677 1851 2713 non
1881 2661 2130 2724 ferentes,
2158 2677 2280 2715 cum

698 2741 821 2794 hinc.
860 2745 1236 2807 recessissent,
1286 2747 1598 2802 accedentes
1638 2749 2042 2818 indignabantur
2084 2761 2136 2806 et
2187 2769 2281 2806 ex-

695 2832 1112 2899 candescehant;
1142 2837 1344 2890 Avocas
1372 2853 1467 2890 nos
1487 2879 1500 2901 ,
1531 2839 1772 2904 aiebant,
1807 2856 1835 2893 a
1865 2856 2014 2893 sacra
2059 2857 2240 2894 mensa
2261 2881 2277 2905 ,

696 2917 766 2974 et'
806 2937 836 2974 a
887 2927 1258 2980 communione
1294 2928 1524 2996 repellis.
1557 2927 1759 2982 Idcirco
1791 2932 1901 2985 lucc
1942 2931 2120 2986 dicere
2161 2947 2277 2985 sum

695 3019 912 3064 coaetus
933 3053 948 3075 ,
977 3022 1031 3065 ut
1068 3013 1371 3082 intelligatis
1412 3033 1497 3070 tne
1543 3033 1645 3070 non
1676 3033 1898 3072 avocare
1922 3062 1935 3082 ,
1969 3021 2059 3074 sed
2104 3023 2279 3090 potius

698 3116 994 3157 convocare
1014 3147 1027 3167 ,
1053 3120 1159 3158 non
1192 3107 1450 3174 repellere
1475 3149 1489 3172 ,
1519 3125 1616 3163 nec
1643 3125 1845 3173 arcere,
1880 3112 1974 3165 sed
2008 3128 2099 3180 per
2139 3114 2280 3182 ipsas

699 3193 1144 3260 reprehensiones
1174 3199 1340 3265 magis
1364 3199 1595 3254 allicere.
1627 3201 1793 3254 Metus
1817 3203 1958 3256 enim
1985 3203 2278 3258 denuntiati

696 3285 962 3351 supplicii,
993 3301 1109 3340 cum
1135 3297 1399 3358 tamquam
1430 3291 1562 3359 ignis
1587 3292 1638 3344 in
1665 3307 1839 3347 ceram
1859 3294 1909 3347 in
1935 3309 2120 3348 corum
2144 3311 2244 3349 con
2262 3328 2277 3337 -

697 3374 970 3427 scientiam
989 3416 1003 3439 ,
1035 3377 1124 3444 qui
1151 3388 1406 3447 peccant,
1438 3381 1697 3448 inciderit,
1731 3383 1919 3436 delicta
1949 3384 2186 3438 dissolvit
2215 3401 2278 3439 ac

695 3466 929 3532 discutit,
950 3468 1073 3521 dum
1093 3484 1301 3539 semper
1319 3471 1576 3538 imminet,
1594 3482 1648 3525 et
1671 3490 1850 3542 puram
1869 3490 1930 3528 ac
1946 3476 2274 3544 splendidam

698 3565 930 3610 tuentem
970 3558 1235 3623 reddens.
1261 3561 1514 3628 majorem
1563 3563 1803 3616 fiduciam
1847 3565 2002 3619 nobis
2044 3565 2271 3620 inserit:

699 3661 857 3713 porro
899 3645 1087 3702 ﬁducia
1135 3661 1388 3719 concepta
1429 3652 1598 3720 major
1622 3654 1860 3707 exoritur
1887 3655 2048 3708 animi
2093 3671 2274 3723 prom-

697 3737 901 3804 ptitudo
937 3740 1002 3792 ad
1042 3738 1368 3810 frequentem
1405 3742 1746 3798 ineffabilium
1776 3760 1840 3799 ac
1878 3747 2274 3802 tremendorum

695 3831 1070 3897 mysteriorum
1095 3835 1522 3888 communionem
1563 3835 1881 3890 obeundum.
1915 3836 1984 3892 Et
2011 3839 2273 3907 quemad-

698 3919 911 3971 modum
937 3921 1024 3986 qui
1053 3923 1241 3976 acerba
1265 3925 1646 3978 medicamenta
1675 3927 1892 3994 porrigit
1918 3927 1982 3980 iis
2005 3969 2021 3994 ,
2047 3929 2136 3997 qui
2163 3939 2274 3982 sto-

696 4011 872 4066 machi
913 4013 1037 4066 vitio
1064 4014 1213 4068 cibos
1241 4017 1548 4081 fastidiunt,
1577 4033 1638 4071 ac
1677 4033 1866 4086 pravos
1893 4029 2150 4090 expurgat
2178 4019 2277 4074 ltu-

695 4119 894 4168 mores,
923 4105 1186 4175 dejeetum
1212 4108 1409 4163 excitat
1431 4111 1754 4180 appetitum,
1780 4120 1831 4165 et
1865 4113 2048 4174 efficit,
2078 4123 2133 4165 nt
2159 4128 2275 4166 ma-

689 4198 794 4264 jori
820 4197 1089 4252 alacritate
1107 4209 1391 4254 consuetos
1419 4201 1568 4255 cibos
1595 4201 1870 4270 degustent
1890 4221 1904 4256 :
1927 4203 2006 4258 sic
2027 4205 2274 4259 nimirum

694 4290 741 4341 is
770 4289 856 4358 qui
888 4289 1075 4343 acerba
1104 4289 1305 4359 profert
1336 4292 1525 4357 verba,
1555 4292 1836 4362 pravisque
1867 4302 2098 4349 mentem
2127 4297 2274 4364 cogi-

693 4380 984 4435 tationibus
1015 4391 1235 4450 purgat,
1265 4391 1318 4435 et
1340 4397 1500 4452 grave
1526 4396 1862 4452 peccatorum
1890 4402 2027 4441 onus
2051 4388 2270 4451 excutit,

690 4471 858 4527 efficit
899 4483 956 4528 ut
984 4475 1306 4530 conscientia
1332 4476 1555 4544 respiret
1583 4493 1646 4531 ac
1670 4479 1833 4533 multa
1858 4495 1976 4534 cum
2003 4481 2274 4550 voluptate

695 4563 1026 4619 Dominicnm
1051 4580 1244 4633 corpus
1271 4565 1531 4636 degustet.
1557 4567 1670 4623 Non
1693 4581 1774 4624 est
1803 4572 1959 4640 igitur
1977 4571 2046 4626 ob
2070 4587 2131 4627 ea
2153 4588 2272 4642 qua:

693 4656 832 4710 dicta
867 4666 993 4711 sunt
1018 4659 1434 4714 suceenscndum
1453 4701 1469 4727 ,
1497 4661 1588 4716 sed
1615 4677 1677 4716 ea
1705 4663 2045 4733 apptobanda
2071 4673 2196 4720 sunt
2218 4675 2274 4721 et

691 4747 840 4803 lauda
849 4749 968 4803 uda.
2011 4787 2018 4791 -

763 4838 1179 4894 Concionatorttm
1199 4841 1432 4912 eiiciam.
1464 4874 1533 4884 —
1555 4843 1706 4910 Quod
1732 4844 1774 4900 si
1801 4845 1936 4902 forte
1963 4847 2274 4903 imbecillio-

691 4945 780 4985 res
822 4931 928 4984 sint
970 4931 1181 5000 quidam
1205 4974 1220 4998 ,
1250 4949 1421 5002 neque
1457 4934 1818 4991 defensionem
1859 4937 1994 4993 hanc
2032 4950 2270 4993 nostram

693 5023 901 5088 ferant,
927 5023 995 5075 ita
1022 5037 1140 5076 cum
1167 5024 1268 5078 illis
1293 5039 1444 5093 agam
1469 5066 1484 5090 ,
1513 5036 1570 5080 ut
1595 5041 1839 5082 moneam
1879 5044 1960 5082 me
1989 5044 2092 5082 non
2122 5046 2152 5084 a
2185 5046 2272 5085 me

695 5112 806 5181 ipso
837 5112 970 5167 latas
999 5113 1141 5184 leges
1164 5128 1451 5186 exponere,
1479 5117 1570 5171 sed
1595 5117 1662 5171 de
1681 5117 1814 5172 cale
1830 5118 2070 5188 delapsas
2092 5121 2272 5176 literas

693 5205 890 5275 legere,
910 5221 972 5258 ac
1004 5206 1222 5274 proinde
1249 5208 1605 5262 necessarium
1632 5224 1770 5274 esse,
1798 5219 1855 5263 ut
1874 5227 1993 5264 eum
2021 5211 2120 5266 hoc
2141 5213 2268 5266 mihi

691 5296 947 5351 creditum
986 5299 1053 5350 sit
1093 5299 1443 5353 ministerium
1470 5341 1484 5365 ,
1511 5311 1603 5354 aut
1643 5317 1762 5370 qua:
1791 5303 2128 5357 continentur
2166 5305 2271 5358 illis

692 5388 1022 5443 confidenter
1048 5404 1109 5442 ac
1140 5390 1306 5444 libere
1329 5401 1517 5446 cuncta
1545 5392 1738 5456 dicam,
1772 5404 1823 5447 et
1853 5395 2126 5448 utilitatem
2153 5396 2269 5448 ubi-

691 5495 812 5546 que,
837 5495 939 5532 non
968 5480 1310 5548 voluptatem,
1336 5499 1566 5549 quzeram
1589 5485 1907 5548 auditorum,
1939 5495 2027 5539 aut
2056 5503 2268 5540 eorum-

689 5569 810 5621 di-m
841 5571 1017 5623 odium
1051 5571 1386 5626 reformident
1409 5614 1422 5636 ,
1451 5584 1505 5627 et
1533 5573 1632 5627 hoc
1663 5575 2033 5643 intempestivo
2069 5577 2268 5630 benefi-

687 5659 773 5712 cio
795 5661 1016 5714 salutem
1051 5679 1220 5718 meam
1252 5665 1405 5726 simul
1447 5675 1498 5719 et
1529 5666 1735 5720 illorum
1774 5669 2012 5737 prodam.
2046 5669 2175 5724 Nam
2216 5681 2267 5723 et

687 5751 1048 5808 concionatori
1070 5755 1224 5810 simul
1247 5768 1297 5811 et
1323 5757 1655 5814 auditoribus
1684 5760 1970 5816 admodum
2002 5763 2262 5832 periculo-

1403 357 1458 412 S.
1501 355 1778 412 JOASNIS
1819 353 2284 411 11111115115111111
2328 353 2648 410 ΑΠΕΙΙΙΈΡ.
2693 352 3228 412 CONSTANTINOP.

3865 353 3974 410 636

2387 485 2502 522 smn
2533 485 2653 524 esse
2677 470 2943 540 quidpiam
2975 487 3039 524 ex
3068 471 3268 540 legibus
3289 466 3482 522 divinis
3506 467 3682 522 celare
3703 508 3715 527 .
3746 480 3809 522 ac
3835 477 3974 519 tam-

2383 576 2538 629 quam
2574 562 2734 616 cmdis
2761 570 2976 630 patratae
3007 560 3384 630 reosjudicarc
3413 560 3682 621 doctores,
3714 558 3813 610 nisi
3846 557 3969 610 ιδεμ

2382 668 2486 720 que
2537 665 2680 706 metu
2725 664 2911 706 cuncta
2955 652 3045 706 Dei
3075 651 3192 719 jura
3236 667 3297 705 ac
3336 651 3547 706 decreta
3595 651 3974 720 promuigent,

2385 746 2531 798 Pauli
2575 746 2727 800 vobis
2758 747 3058 799 testimonio
3086 743 3463 812 comprobabo.
3498 745 3782 812 Propterea
3813 757 3974 794 nam-

2383 852 2484 904 que
2514 837 2564 888 in
2593 837 2837 889 omnibus
2866 837 3022 890 rebus
3051 835 3115 888 ad
3146 836 3350 888 beatam
3384 835 3523 888 illam
3563 836 3796 887 animam
3825 848 3975 900 smpe

2381 926 2659 994 confugio,
2705 927 2844 995 quod
2890 927 3172 981 fructuosa:
3222 925 3462 990 quredam
3509 940 3779 993 sacrasque
3823 925 3974 994 leges

2385 1017 2530 1070 Pauli
2562 1017 2664 1071 sint
2695 1018 2870 1070 verba.
2899 1017 3012 1071 Non
3039 1019 3178 1072 enim
3212 1017 3402 1070 Paulus
3431 1025 3510 1070 est
3531 1057 3545 1079 ,
3577 1018 3665 1084 qui
3696 1017 3936 1081 loquitur
3956 1055 3975 1079 ,

2382 1108 2474 1160 sed
2517 1108 2604 1177 qui
2636 1111 2749 1176 ejus
2779 1109 3007 1160 animant
3054 1118 3234 1162 movet
3263 1107 3535 1164 Christus.
3567 1105 3826 1174 siquidem
3877 1120 3972 1172 per

2385 1200 2529 1251 illum
2558 1212 2747 1252 cuncta
2781 1201 3046 1268 loquitur,
3077 1215 3196 1268 qua:
3227 1200 3310 1253 ille
3341 1198 3666 1266 pronuntiat.
3700 1195 3832 1260 Quid
3869 1196 3973 1264 igio

2385 1298 2467 1342 tur
2493 1291 2566 1342 ait
2593 1291 2816 1344 Paulus?
2842 1291 2975 1344 Cum
3004 1306 3096 1344 eos
3124 1290 3208 1358 qui
3241 1289 3510 1358 Ephesum
3540 1287 3836 1340 incolebant
3870 1301 3970 1339 vo-

2382 1392 2556 1434 casset
2582 1423 2594 1447 ,
2621 1397 2684 1435 ac
2712 1393 3030 1450 postremam
3067 1380 3132 1434 ad
3174 1381 3290 1432 illos
3316 1381 3625 1432 concionem
3655 1378 3924 1432 habuisset
3951 1415 3968 1440 ,

2384 1485 2662 1538 propterea
2689 1472 2828 1540 quod
2867 1472 2934 1525 ab
2965 1472 3065 1524 illis
3096 1471 3344 1538 deinceps
3374 1469 3704 1523 discesmrns
3731 1477 3846 1522 erat
3869 1509 3882 1531 ,
3910 1479 3972 1521 ut

2384 1564 2593 1616 illorum
2638 1565 2892 1630 prmsules
2919 1564 3135 1616 doceret
3159 1604 3173 1624 ,
3205 1577 3306 1615 non
3337 1562 3509 1614 minus
3535 1575 3692 1628 quam
3728 1561 3814 1629 qni
3841 1575 3967 1611 sau-

2381 1656 2592 1723 gnincut
2635 1654 2914 1707 funderent
2960 1654 3335 1722 dismpulorum
3365 1695 3377 1717 ,
3408 1667 3500 1705 eos
3545 1652 3632 1722 qui
3681 1667 3766 1704 res
3812 1653 3971 1704 utiles

2381 1747 2614 1798 celarent
2634 1747 2802 1814 pennis
2819 1761 2937 1798 esse
2955 1745 3210 1797 obnoxios
3227 1760 3287 1797 ac
3305 1744 3592 1812 sopplteiis,
3614 1744 3680 1794 ita
3701 1743 3966 1808 loquitur:

2386 1837 2608 1889 Mundus
2623 1854 2731 1888 sunt
2746 1854 2836 1906 ego
2853 1853 2882 1887 α
2897 1836 3140 1905 sanguine
3155 1836 3374 1886 omnium
3386 1873 3397 1885 .
3417 1833 3550 1898 Quid
3569 1833 3638 1885 ita
3659 1836 3680 1884 Τ
3703 1833 3820 1884 Non
3839 1834 3969 1884 enim

2383 1927 2681 1997 subterfugi,
2707 1945 2803 1996 quo
2831 1930 2993 1980 minus
3014 1927 3363 1978 annuutiarem
3387 1927 3519 1977 vobis
3542 1941 3686 1977 omne
3705 1926 3971 1977 consilium

2386 2020 2476 2072 Dei
2506 2022 2640 2090 (Act.
2670 2021 2760 2073 20.
2794 2020 2884 2073 26.
2907 2021 2999 2087 9.7)
3036 2038 3047 2071 :
3085 2022 3256 2088 itaque
3308 2019 3352 2072 si
3409 2017 3833 2082 subterfugisset,
3866 2033 3971 2084 quo

2384 2116 2558 2168 minus
2601 2115 2964 2175 aununtiaret,
3002 2113 3229 2165 mundus
3259 2127 3287 2164 a
3323 2110 3577 2179 sanguine
3606 2125 3711 2162 non
3743 2108 3926 2162 fuisset
3953 2151 3968 2173 ,

2385 2222 2566 2259 verum
2599 2217 2656 2258 tit
2703 2205 2963 2259 homicida
2995 2205 3272 2256 damnatus
3301 2213 3472 2264 esset;
3503 2218 3566 2256 ac
3596 2202 3786 2254 merito
3818 2216 3967 2253 sane.

2382 2294 2512 2347 Nam
2557 2295 2813 2348 homicida
2859 2294 3069 2363 quidem
3117 2307 3308 2360 corpus
3340 2301 3540 2344 tantum
3575 2290 3848 2351 interficit;
3881 2290 3969 2356 qui

2383 2402 2508 2439 vero
2534 2385 2597 2438 ad
2639 2386 2861 2454 gratiam
2893 2386 3257 2446 concinnatur,
3287 2393 3339 2436 et
3364 2384 3634 2451 segniores
3665 2381 3835 2434 reddit
3870 2397 3934 2433 an
3954 2410 3967 2420 -

2383 2481 2609 2540 ditores,
2642 2479 2868 2531 animam
2912 2477 3083 2544 perdit
3107 2495 3119 2528 :
3145 2487 3300 2542 atque
3345 2476 3431 2528 ille
3475 2474 3686 2544 quidem
3719 2473 3969 2541 pnesenti

2385 2571 2539 2622 morti
2575 2569 2764 2632 tradit,
2801 2569 2884 2621 hic
2912 2584 3038 2620 vero
3071 2566 3237 2634 perdit
3271 2566 3500 2617 animam
3523 2605 3537 2626 ,
3564 2574 3618 2616 et
3645 2564 3709 2616 ad
3740 2573 3972 2616 aeternas

2387 2674 2571 2729 pinnas
2614 2659 2975 2728 suppliciaque
3015 2657 3340 2710 transmittit.
3373 2656 3452 2708 An
3495 2655 3655 2722 igitur
3695 2655 3841 2706 solus
3868 2653 3971 2706 hoc

2384 2752 2511 2805 dicit
2559 2752 2784 2805 Paulus?
2823 2750 3202 2820 Nequaquam,
3233 2748 3323 2801 sed
3378 2757 3500 2800 ante
3553 2747 3768 2800 Paulum
3831 2747 3972 2797 Dens

2385 2857 2568 2895 rursus
2594 2842 2730 2895 iallld
2759 2843 2926 2911 ipsum
2953 2855 3051 2910 per
3087 2839 3397 2908 111-0111101010
3427 2839 3718 2891 subindicat
3746 2880 3760 2902 ,
3788 2837 3854 2890 ita
3881 2837 3970 2890 di-

2384 2948 2513 2986 cens
2544 2951 2556 2986 :
2609 2933 2988 3001 Speculatorem
3027 2934 3142 2984 dedi
3194 2941 3239 2984 te
3275 2931 3446 2985 domui
3484 2930 3648 2983 Israel
3670 2929 3882 2996 (Exerit.
3913 2929 3968 2981 5.

2386 3024 2497 3090 17).
2526 3023 2660 3088 Quid
2692 3033 2771 3076 est
2802 3022 2903 3076 hoc
2929 3064 2941 3081 .
2973 3022 3354 3090 Speculatorent
3380 3022 3404 3073 .7
3433 3019 3748 3088 Speculator
3775 3018 3972 3070 dicitur

2385 3112 2428 3165 is
2449 3155 2461 3175 ,
2489 3113 2578 3180 qui
2605 3153 2618 3175 ,
2642 3113 2765 3165 dum
2798 3112 3062 3165 exercitus
3085 3110 3308 3165 inferius
3334 3109 3612 3163 consident
3637 3151 3649 3170 ,
3684 3107 3968 3161 sublimem

2383 3215 2435 3257 et
2464 3203 2784 3257 eminentem
2818 3203 2866 3254 111
2897 3202 3034 3255 colle
3065 3203 3236 3255 locum
3279 3210 3502 3269 occupat
3525 3241 3538 3263 ,
3572 3209 3625 3253 et
3662 3199 3782 3252 inde
3813 3200 3968 3250 iuva-

2381 3295 2567 3348 dentes
2598 3293 2778 3346 hostes
2817 3292 3160 3362 speculatur,
3189 3300 3346 3360 atque
3389 3292 3437 3342 in
3481 3289 3616 3343 valle
3659 3290 3970 3342 sedentibus

2379 3399 2561 3438 eorum
2587 3385 2871 3437 adventum
2893 3382 3196 3445 denuntiat,
3221 3392 3278 3435 ut
3322 3379 3389 3434 ad
3421 3395 3644 3449 pugnant
3674 3393 3969 3447 capessen-

2379 3475 2500 3530 dam
2532 3490 2625 3529 eos
2654 3475 2848 3530 excitet
2869 3515 2882 3537 ,
2908 3489 2977 3527 ne
3005 3475 3050 3527 si
3079 3474 3132 3527 in
3159 3472 3279 3526 illos
3308 3473 3544 3525 incautos
3575 3472 3776 3523 irruaut
3797 3510 3812 3535 ,
3844 3485 3967 3522 ma-

2378 3580 2477 3633 gna
2545 3565 2664 3619 illos
2709 3579 2827 3618 cum
2883 3563 3135 3617 facilitate
3187 3562 3468 3616 trucident.
3517 3560 3741 3626 Quando
3804 3559 3970 3628 igitur

2378 3657 2540 3709 multa
2565 3696 2580 3720 ,
2609 3671 2726 3725 qum.
2757 3654 2908 3708 nobis
2949 3654 3242 3715 imminent,
3274 3653 3410 3705 mala
3444 3665 3550 3704 non
3578 3649 3817 3704 videmus
3842 3666 3967 3715 nos,

2377 3748 2466 3818 qui
2499 3747 2644 3800 ltunti
2677 3761 2948 3800 versamur
2971 3785 2985 3808 ,
3020 3745 3088 3798 ita
3117 3744 3299 3798 divina
3324 3742 3490 3812 gratia
3531 3741 3846 3809 disponente
3878 3742 3965 3791 fa-

2376 3850 2518 3894 ctum
2549 3848 2651 3904 est,
2671 3848 2728 3892 ut
2754 3847 3019 3906 tamquam
3049 3837 3101 3890 in
3127 3835 3340 3890 sublimi
3367 3834 3483 3888 loco
3501 3833 3792 3902 prophetia:
3818 3842 3970 3885 stan-

2379 3939 2457 3983 tes
2489 3929 2758 3999 propheta:
2786 3928 2954 3981 sancti
2985 3926 3285 3979 irruituram
3315 3926 3366 3978 in
3393 3939 3491 3979 nos
3518 3925 3648 3977 iram
3677 3922 3910 3977 divinam
3935 3939 3966 3974 a

2379 4026 2535 4093 longe
2577 4023 2992 4092 pratnuntiareut
3013 4063 3028 4087 ,
3059 4030 3114 4073 ut
3143 4035 3241 4074 nos
3272 4034 3366 4088 per
3406 4017 3770 4087 paenitentiam
3808 4031 3969 4083 repa-

2379 4125 2578 4176 rantes,
2611 4116 2948 4182 animamque
2977 4121 3210 4166 nostram
3237 4113 3436 4181 lapsam
3460 4112 3728 4179 erigentes
3750 4149 3764 4170 ,
3793 4109 3967 4161 multo

2378 4215 2501 4260 ante
2528 4203 2864 4274 inﬂigendam
2907 4219 2936 4256 a
2978 4203 3086 4257 Deo
3116 4203 3317 4272 plagam
3346 4201 3683 4269 repellamus.
3717 4197 3920 4252 Idcirco
3944 4239 3961 4261 ,

2379 4295 2757 4366 Speculatorem
2778 4334 2792 4358 ,
2825 4294 3032 4363 inquit,
3062 4293 3179 4346 dedi
3209 4302 3255 4346 te
3283 4292 3454 4344 domui
3493 4289 3660 4345 Israel
3685 4305 3705 4344 :
3731 4299 3788 4343 ut
3811 4289 3962 4341 cala-

2378 4389 2613 4442 mitatem
2659 4387 3025 4440 imminentem
3077 4384 3403 4454 praenunties
3434 4426 3448 4448 ,
3503 4381 3958 4452 quemadmodum

2377 4477 2557 4532 hostes
2587 4477 2693 4531 ille.
2719 4475 2902 4546 Neque
2927 4491 3053 4530 vero
3084 4475 3405 4530 mediocrem
3439 4489 3645 4542 poenam
3676 4473 3963 4528 concinna-

2377 4570 2511 4636 tori,
2542 4569 2629 4640 qui
2675 4567 2912 4623 divinam
2957 4567 3090 4622 iram
3135 4581 3240 4620 non
3272 4565 3679 4635 pnenuntiarit,
3710 4563 3958 4634 imponit.

2375 4662 2540 4730 Quam
2557 4677 2686 4717 vero
2713 4660 2959 4717 tandem?
2982 4661 3200 4714 Animas
3223 4675 3430 4724 eorum,
3460 4659 3548 4728 qui
3578 4658 3850 4726 perierint,
3871 4658 3961 4711 itt-

2374 4754 2526 4824 quit,
2554 4752 2622 4808 de
2658 4768 2818 4806 manu
2853 4761 2942 4806 tua
2969 4751 3233 4821 requiram
3261 4748 3280 4822 (
3305 4754 3390 4812 Ib.
3430 4767 3479 4804 υ.
3522 4748 3605 4817 5).
3634 4747 3764 4814 Quis
3799 4748 3963 4816 igitur

2374 4853 2456 4899 est
2477 4844 2564 4899 ille
2594 4855 2700 4898 tam
2728 4842 2962 4898 crudelis
2985 4850 3040 4896 et
3063 4840 3382 4895 inhumanus
3401 4880 3416 4902 ,
3446 4847 3500 4892 et
3540 4837 3918 4892 immiscrieors
3939 4881 3956 4902 ,

2374 4938 2462 5006 qui
2488 4936 2852 4992 ooneionatori
2879 4936 3009 4989 vitio
3036 4943 3202 4990 vertat
3231 4932 3451 4995 dicenti,
3474 4930 3648 4999 deque
3674 4932 3750 4984 ira
3780 4929 3961 4984 divina

2375 5026 2680 5097 frequenter
2700 5028 2856 5083 verba
2887 5026 3118 5090 facienti,
3149 5041 3270 5080 cum
3299 5033 3471 5078 tantas
3498 5023 3724 5077 luiturus
3746 5022 3815 5076 sit
3843 5038 3965 5090 pin-

2376 5134 2486 5183 nas,
2521 5121 2564 5174 si
2594 5121 2854 5173 tacuerit?
2882 5117 3045 5172 Nobis
3069 5133 3197 5186 ergo
3217 5116 3305 5186 qui
3330 5115 3724 5178 coneionantur,
3759 5128 3971 5184 nequa—

2375 5227 2532 5281 quam
2574 5209 2862 5280 prodesse,
2892 5209 2936 5263 si
2992 5209 3111 5261 talia
3161 5207 3468 5262 siluerimus
3492 5247 3508 5270 ,
3535 5205 3860 5259 sufficienter
3904 5215 3965 5259 et

2375 5303 2635 5372 pr0pheta
2681 5316 2777 5356 nos
2805 5300 3019 5364 docuit,
3054 5309 3108 5354 et
3137 5297 3444 5369 apostolus;
3473 5296 3566 5351 sed
3598 5311 3770 5363 neque
3809 5295 3967 5351 vobis

2378 5397 2663 5464 prodesse,
2694 5395 2781 5464 qui
2827 5393 3020 5446 auditis
3040 5435 3054 5456 ,
3080 5391 3202 5446 inde
3230 5389 3515 5444 constabit.
3560 5387 3691 5442 Nam
3733 5388 3778 5441 si
3821 5402 3924 5457 ego
3945 5440 3960 5459 θ

2375 5487 2498 5539 dum
2529 5486 2659 5539 sileo
2684 5527 2697 5544 .
2727 5495 2936 5553 peccata
2968 5483 3175 5536 silentio
3203 5481 3584 5536 absconderem
3612 5522 3627 5543 ,
3661 5487 3804 5533 recte
3834 5493 3962 5532 suc-

2374 5589 2612 5633 Censeret
2651 5579 3045 5646 unusquisque,
3077 5591 3137 5629 ac
3186 5580 3376 5628 nt.-rito
3431 5572 3792 5642 indignaretur
3813 5612 3829 5636 ,
3860 5573 3968 5628 nisi

2373 5671 2582 5724 silerem
2617 5690 2627 5722 :
2657 5671 2736 5723 1111
2766 5680 2942 5722 autem
2969 5711 2982 5734 ,
3016 5669 3349 5738 quantumvis
3380 5668 3488 5735 jam
3522 5679 3626 5720 non
3671 5665 3923 5718 sileamus
3950 5707 3965 5729 ,

2376 5762 2594 5816 omnino
2643 5779 2860 5818 necesse
2907 5773 2985 5816 est
3027 5772 3080 5815 ut
3126 5761 3230 5815 iiiic
3282 5760 3468 5814 delicta
3519 5756 3963 5820 manifesteutur,
