4246 6320
295 345 405 409 655

293 440 412 514 Ἵνα
445 457 520 529 μὴ
565 454 758 527 λέγητε
807 456 888 510 ὅτι
922 456 993 511 Σὺ
1018 456 1253 527 καθαρὸς
1296 457 1372 510 ὢν
1421 459 1858 530 ἁμαρτημάτων,

299 532 714 611 ἀπηλλαγμένος
736 538 837 609 τῆς
874 538 1067 608 ὀδύνης
1097 538 1195 608 τῆς
1228 538 1370 592 κατά
1397 532 1496 609 τὴν
1522 540 1863 610 ἐπιτίμησιν,

295 620 435 693 μιτά
461 621 660 690 πολλῆς
692 618 942 685 ἐξουσίας
972 620 1256 690 ἐπιφέρεις
1278 623 1412 691 ἡμῖν
1438 620 1739 693 βαθυτέραν
1768 620 1867 691 τῆν

289 706 488 775 τομήν.
521 702 660 773 Ἐγὼ
702 704 811 775 γὰρ
842 704 1105 773 πρότερος
1151 703 1480 774 αἰσθάνομαι
1510 704 1611 775 τῆς
1652 702 1862 773 ὀδύνης,

293 788 491 860 ἐπειδή
517 786 610 841 καὶ
638 786 799 850 αὐτὸς
846 784 1143 849 ὑπεύθυνός
1186 786 1301 857 είμι
1342 789 1455 850 τοῖς
1483 787 1862 860 ἁμαρτήμασι.

290 858 521 934 Πάντες
547 867 656 939 γάρ
677 868 864 938 ἐσμεν
888 868 958 921 ἐν
978 869 1291 937 ἐπιτιμίοις
1306 884 1320 899 θ
1356 870 1470 931 καὶ,
1496 864 1704 933 Οὐδείς
1726 858 1867 921 xui)»

292 953 543 1023 χήσεται
576 953 771 1021 ἁγνὴν
792 950 955 1019 ἔχειν
992 951 1263 1019 καρδίαν.
1306 952 1467 1005 Ὥστε
1499 953 1597 1005 οὐκ
1623 953 1680 1004 ἐν
1713 951 1867 1004 ἀλλο-

288 1034 462 1105 τρίοις
484 1033 787 1104 φιλοσοφῶν
810 1034 1019 1096 κακοῖς,
1044 1033 1165 1086 οὑδέ
1190 1034 1249 1099 ἐξ
1276 1033 1672 1105 ἀπανθρωπίας
1702 1032 1864 1097 τινὸς,

289 1116 406 1171 ἀλλ’
438 1114 546 1171 ἀπὸ
572 1112 897 1187 κηδεμονίας
927 1114 1128 1185 πολλῆς
1163 1116 1292 1177 τοὺς
1320 1115 1575 1185 ἐλέγχους
1604 1113 1867 1185 ἐποιησά-

293 1217 405 1272 μην
442 1200 701 1261 ἐκείνους.
738 1198 861 1250 Ἐπὶ
901 1198 1001 1268 μὲν
1033 1198 1139 1267 γὰρ
1168 1197 1278 1251 τῶν
1306 1197 1376 1251 τά
1399 1200 1629 1268 σώματα
1657 1199 1867 1267 ίατρευ-

289 1283 481 1346 όντων,
506 1283 535 1333 6
570 1280 666 1350 μὲν
699 1280 919 1347 ἐπάγων
944 1280 1042 1349 τὴν
1076 1280 1287 1352 πληγὴν
1317 1279 1571 1350 οὐδεμίαν
1602 1279 1866 1349 λαμόάνει

290 1367 390 1437 τῆς
419 1364 632 1434 πληγῆς
657 1362 927 1433 αἴσθησιν,
958 1363 987 1415 6
1016 1363 1072 1415 δὲ
1103 1365 1453 1433 τεμνόμενος,
1483 1358 1639 1425 οὗτός
1663 1363 1810 1414 ἐστιν
1838 1362 1867 1413 6

290 1445 671 1515 διασπώμενος
706 1446 825 1507 ταῖς
877 1444 1133 1515 ἀλγηδόσι
1171 1444 1366 1515 μόνος·
1401 1446 1494 1497 ἐπὶ
1531 1444 1588 1497 δὲ
1626 1443 1734 1498 τῶν
1769 1442 1867 1508 τάς

289 1528 470 1598 ψυχὰς
495 1525 905 1597 θεραπευόντων
931 1528 1029 1595 οὐχ
1057 1526 1251 1594 οὕτως⁹
1283 1528 1332 1580 εί
1374 1527 1506 1598 μήτι
1545 1542 1609 1594 γε
1639 1526 1869 1596 σφάλλο-

294 1628 397 1682 μαι
426 1610 484 1675 ἐξ
516 1608 706 1662 ἑαυτοῦ
738 1607 805 1661 τὰ
835 1608 944 1662 τῶν
972 1608 1172 1662 λοιπῶν
1199 1610 1529 1681 δοκιμάζων,
1566 1610 1680 1664 ἀλλ’
1706 1609 1868 1673 αὑτὸς

293 1693 557 1767 πρότερος
574 1692 824 1744 ὀδυνᾶται
844 1693 872 1743 6
896 1692 1088 1759 λέγων,
1112 1692 1273 1762 ήνίκα
1297 1692 1363 1747 ἂν
1390 1694 1597 1766 ἑτέροις
1618 1693 1864 1763 ἐπιτιμᾷ.

290 1776 427 1828 οὐδὲ
461 1774 570 1844 γὰρ
597 1772 768 1835 οὕτως
796 1772 1139 1843 ἐλεγχόμενοι
1174 1776 1301 1845 παρ’
1339 1775 1540 1847 ἐτέρων
1574 1776 1864 1845 ἀλγοῦμεν,

290 1857 369 1923 ὡς
388 1856 697 1925 ἐλέγχοντες
722 1855 941 1925 ἐτέρους
974 1856 1116 1926 ὑπὲρ
1144 1856 1577 1928 ἁμαρτημάτων,
1597 1852 1672 1912 ὧν
1700 1859 1867 1927 ἐσμεν

292 1940 602 1994 ὑπεύθυνοι.
636 1938 1096 2010 Ἐπιλαμδάνεται
1131 1938 1241 2010 γάρ
1280 1939 1481 2004 εὑθέως
1530 1941 1591 1994 τὸ
1630 1940 1867 2002 συνειδὸς

290 2024 387 2079 τοῦ
411 2023 679 2093 λέγοντος,
710 2023 808 2076 καὶ
833 2023 893 2075 τὸ
926 2022 1272 2087 διδασκαλίας
1299 2022 1451 2096 [660]
1486 2025 1866 2096 περικείμενον

222 2130 225 2135 ·
290 2107 543 2179 ἀξίωμα,
592 2106 673 2171 είς
732 2106 801 2159 τά
848 2106 986 2159 αὑτά
1037 2108 1147 2169 τοῖς
1193 2106 1459 2178 μαθηταῖς
1508 2108 1865 2174 καταπίπτειν

291 2192 690 2261 ἁμαρτήματα,
740 2188 834 2241 καὶ
870 2187 978 2241 τῶν
1023 2188 1200 2241 αὐτῶν
1234 2190 1439 2245 δεῖσθαι
1475 2190 1733 2261 ἐλέγχων,
1774 2207 1864 2243 πι-

290 2273 559 2345 κροτέραν
586 2272 665 2342 τῷ
693 2272 903 2338 λέγοντι
937 2274 1081 2325 ποιεῖ
1108 2272 1209 2343 τὴν
1226 2272 1439 2343 ὀδύνην.

363 2356 428 2423 β’.
445 2356 553 2431 Kal
563 2354 735 2408 ταῦτα
751 2354 847 2424 οὑχ
859 2352 1043 2418 ἁπλῶς
1060 2355 1397 2427 ἀποδύρομαι
1417 2355 1530 2410 νῦν·
1548 2356 1661 2409 ἀλλ’
1679 2354 1864 2426 ἐπειδὴ

289 2438 475 2491 πολλοὶ
495 2436 556 2489 τὸ
578 2434 752 2507 βάρος
780 2437 887 2489 τῶν
917 2437 1220 2508 εἰρημένων
1243 2438 1342 2491 οὐκ
1368 2438 1699 2505 ἐνεγκόντες,
1728 2438 1867 2509 μετά

286 2519 388 2590 τὴν
426 2518 770 2590 ἀναχώρησιν
801 2518 1185 2589 προσελθόντες
1227 2517 1625 2591 ἐδυσχέραινον,
1660 2521 1865 2590 ήγανά·

288 2616 473 2666 κτςυν,
505 2601 764 2669 Ἀπάγεις
794 2603 963 2672 ἡμᾶς,
985 2602 1251 2669 λέγοντες,
1268 2602 1367 2673 τῆς
1391 2604 1541 2673 ἱερᾶς
1561 2606 1862 2676 τραπέζης.

288 2685 385 2738 καὶ
425 2684 526 2753 τῆς
563 2682 845 2746 κοινωνίας
885 2683 1194 2749 ἀποσοϐεῖς,
1248 2686 1346 2737 Διά
1389 2684 1548 2740 τοῦτο
1583 2686 1757 2740 ταῦτα
1796 2689 1864 2757 ή-

288 2766 605 2837 ναγκάσθην
640 2768 835 2833 είπεϊν,
868 2767 954 2819 ῖνα
982 2767 1191 2839 μάθητε
1223 2769 1305 2822 ὅτι
1340 2768 1439 2822 οὑκ
1480 2770 1699 2839 ἀπάγω,
1728 2770 1865 2827 ἀλλά

290 2851 511 2918 συνάγω
552 2847 751 2919 μᾶλλον
774 2865 789 2879 '
840 2848 938 2902 οὑκ
968 2848 1222 2903 ἀποσοϐῶ
1260 2850 1382 2904 οὑδέ
1434 2846 1704 2924 ἀπείργω,
1746 2853 1862 2907 ἀλλ’

291 2931 609 3001 ἐπισπῶμαι
638 2930 725 2985 διὰ
751 2931 860 2983 τῶν
886 2932 1121 3001 ἐλέγχων
1148 2932 1324 2985 πλέον.
1360 2933 1416 2987 Ὀ
1442 2934 1550 3007 γὰρ
1576 2934 1739 3002 φόϐος
1762 2935 1865 3005 τῆς
1896 2942 1901 2948 ’

290 3014 585 3086 εἰρημένης
613 3014 901 3085 τιμωρίας,
934 3015 1181 3088 καθάπερ
1208 3014 1319 3086 πῦρ
1350 3019 1427 3078 είς
1467 3018 1667 3089 κηρὸν,
1691 3017 1863 3081 οὕτως

290 3099 371 3161 είς
388 3097 449 3149 τὸ
472 3097 706 3159 συνειδὸς
718 3096 828 3150 τῶν
841 3099 1262 3169 ἁμαρτανόντων
1279 3101 1590 3169 ἐμπίπτων,
1620 3101 1734 3157 λύει
1764 3103 1863 3173 μὲν

290 3180 448 3253 ήμῶν
477 3180 571 3234 καὶ
609 3181 766 3251 τήκει
793 3179 861 3233 τά
890 3180 1355 3252 πλημμελήματα,
1392 3182 1654 3254 διηνεκῶς
1694 3188 1861 3254 ἐγκα-

290 3262 813 3335 θήμενος,-καθαράν
836 3263 892 3316 δέ
923 3266 1016 3317 καὶ
1041 3264 1471 3319 ἀποστίλϐουσαν
1499 3268 1865 3340 ἐργαζόμενος

291 3348 389 3418 τήν
416 3346 676 3409 διάνοιαν,
726 3347 948 3401 πλείονα
994 3347 1091 3418 τήν
1130 3349 1442 3421 παρρησίαν
1489 3352 1619 3422 ἡμῖν
1652 3354 1864 3427 ἐντίθη-

292 3440 422 3482 σινι
444 3446 459 3461 ·
494 3428 602 3482 ἀπὸ
636 3429 693 3482 δέ
713 3428 813 3498 τῆς
840 3431 1152 3501 παρρησίας
1184 3433 1276 3497 καὶ
1315 3433 1624 3504 προθυμίας
1662 3436 1863 3493 πλείων

292 3511 488 3580 γένοιτ’
516 3511 583 3565 ἂν
620 3512 754 3583 πρὸς
779 3512 841 3565 τὸ
874 3513 1113 3583 συνεχῶς
1138 3514 1246 3569 τῶν
1271 3515 1597 3588 ἀπορρήτων
1625 3518 1717 3573 καὶ
1740 3537 1865 3591 φρι-

293 3592 439 3647 κτῶν
454 3598 725 3648 κοινωνεῖν
740 3594 1074 3666 μυστηρίων.
1093 3598 1201 3650 Καὶ
1228 3597 1477 3669 καθάπερ
1496 3602 1525 3653 6
1544 3602 1715 3672 πικρά
1733 3603 1867 3674 φάρ-

297 3694 446 3746 μακα
467 3680 579 3740 τοῖς
606 3679 911 3742 κακοσίτοις
935 3678 1129 3742 διδοὺς,
1144 3680 1382 3745 καὶτοὺς
1413 3686 1679 3757 πονηροὺς
1702 3690 1865 3741 ἐκκα-

292 3758 497 3830 θαίρων
535 3762 762 3831 χυμοὺς,
794 3761 1047 3833 διεγείρει
1078 3762 1177 3834 τὴν
1220 3765 1702 3839 καταδεδλημένην
1742 3770 1865 3842 δρε-

292 3842 397 3909 ξιν,
430 3842 525 3899 καὶ
549 3844 686 3913 μετά
714 3844 956 3907 πλείονος
990 3849 1397 3917 παρασκευάζει
1430 3853 1528 3920 τῆς
1556 3851 1865 3923 προθυμίας

292 3925 393 4009 τῆς
416 3926 679 3996 συνήθους
704 3926 971 3981 ἅπτεσθαι
992 3931 1226 4001 τροφῆς’
1257 3929 1401 3995 οὕτω
1425 3932 1487 4003 δὴ
1522 3934 1615 3987 καὶ
1637 3936 1665 3987 6
1694 3938 1866 4009 πικρά

292 4007 469 4077 λέγων
508 4009 748 4080 ῥήματα,
792 4011 886 4065 καὶ⁵
939 4011 1213 4083 καθαίρων
1238 4014 1365 4077 τοὺς
1406 4018 1677 4088 πονηροὺς
1723 4007 1867 4087 λογι-

295 4091 468 4159 σμοὺς
494 4090 595 4161 τῆς
620 4092 877 4157 διανοίας,
918 4097 1013 4148 καὶ
1047 4094 1109 4148 τὸ
1140 4095 1277 4166 βαρὺ
1317 4096 1426 4153 τῶν
1454 4099 1867 4171 ἁμαρτημάτων

292 4173 800 4256 ἀποσκευαζόμενος
852 4177 1089 4247 φορτίον,
1140 4178 1353 4232 δίδωσιν
1409 4181 1741 4236 ἀναπνεῦσαι
1788 4185 1867 4256 τῷ

294 4255 575 4323 συνειδότι,
612 4258 706 4311 καὶ
741 4258 878 4327 μετά
930 4258 1131 4330 πολλῆς
1174 4260 1273 4330 τῆς
1318 4260 1510 4333 ἡδονῆς
1554 4255 1865 4333 ἀπογεύσα-

295 4334 421 4409 σθαι
454 4338 545 4405 τοῦ
582 4338 831 4411 σώματος
866 4341 1277 4413 παρασκευάζει
1301 4343 1395 4397 τοῦ
1425 4343 1765 4403 δεσποτικοῦ.
1790 4351 1867 4403 Οὐ

293 4421 475 4504 τοίνυν
501 4423 873 4496 δυσχεραίνειν
904 4426 1046 4497 ὑπὲρ
1090 4429 1199 4483 τῶν
1240 4429 1545 4500 εἰρημένων
1587 4435 1714 4504 χρὴ,
1750 4435 1864 4489 ἀλλ’

294 4502 655 4574 ἀποδέχεσθαι
682 4510 777 4560 καὶ
798 4509 1059 4571 ἐπαινεῖν.

366 4587 431 4639 Ei
465 4587 523 4640 δέ
560 4605 705 4653 τινες
740 4590 1127 4662 ἀσθενέστερον
1149 4592 1467 4660 διάκεινται,
1506 4598 1601 4650 καὶ
1636 4599 1738 4653 οὑκ
1774 4601 1867 4654 ἀν-

294 4671 508 4739 έχονται
525 4672 725 4745 ταύτης
740 4676 771 4745 ή
783 4674 898 4745 μῶν
916 4675 1013 4744 τῆς
1038 4677 1348 4745 ἀπολογίας,
1368 4680 1542 4733 ἐκεῖνο
1566 4679 1633 4735 ἂν
1656 4684 1864 4755 εἴποιμι

293 4756 431 4826 πρὸς
460 4755 685 4820 αὐτοὺς,
720 4758 802 4810 ὅτι
837 4758 950 4811 Οὐκ
981 4758 1217 4829 ἐμαυτοῦ
1249 4761 1444 4829 νόμους
1478 4762 1606 4833 ὑμῖν
1640 4764 1866 4834 ἐξηγοῦ-

295 4853 417 4907 μαι,
452 4836 565 4891 ἀλλ’
613 4839 678 4893 ἐκ
710 4840 819 4894 τῶν
860 4842 1106 4911 οὐρανῶν
1150 4844 1462 4897 καταϐάντα
1506 4845 1866 4916 ἀναγινώσκω

291 4920 614 4991 γράμματα’
638 4923 732 4975 καὶ
754 4922 966 4995 ἀνάγκη
991 4925 1080 4977 τὸν
1097 4926 1300 4995 ταύτην
1315 4927 1749 4996 ἐμπιστευθέντα
1769 4930 1865 5003 τὴν

290 5004 635 5077 διακονίαν,ῆ
659 5008 834 5061 πάντα
854 5008 989 5076 μετὰ
1012 5009 1321 5081 παρρησίας
1342 5012 1513 5063 εἰπεῖν
1526 5012 1593 5065 τά
1614 5015 1865 5086 ἐγκείμε-

290 5104 375 5150 να,
403 5087 463 5139 τὸ
490 5088 785 5160 συμφέρον,
810 5091 943 5143 ἀλλά
976 5090 1049 5162 μὴ
1070 5092 1131 5145 τὸ
1156 5091 1251 5161 ήδὺ
1277 5096 1387 5156 τοῖς
1410 5095 1706 5166 ἀκροαταῖς
1730 5116 1865 5153 παν-

290 5171 458 5240 ταχοῦ
491 5168 753 5242 ζητοῦντα
773 5190 786 5203 ·
826 5174 858 5245 ἢ
887 5175 987 5245 τὴν
1026 5175 1136 5227 τῶν
1174 5176 1479 5231 ἀκουόντων
1508 5170 1864 5252 ’ὑπειδόμενον

290 5254 608 5325 ἀπέχθειαν,
638 5257 732 5309 καλ⁵
758 5257 857 5328 τὴν
884 5258 1079 5310 ἐαυτοῦ
1102 5260 1195 5311 καὶ
1228 5258 1323 5329 τὴν
1352 5260 1573 5315 ἐκείνων
1600 5266 1863 5334 προέσθαι

293 5341 588 5410 σωτηρίαν,
618 5338 706 5393 διά
728 5341 825 5413 τῆς
860 5342 1089 5412 ἀκαίρου
1120 5342 1323 5413 ταύτης
1352 5346 1569 5415 χάριτος
1599 5348 1721 5401 Ὅτι
1755 5348 1863 5420 γὰρ

289 5421 385 5474 καί
417 5422 494 5492 τῷ
516 5420 724 5490 λέγοντι
754 5424 848 5477 καὶ
874 5427 986 5488 τοῖς
1009 5424 1263 5479 ἀκούουσι
1290 5428 1491 5499 σφόδρα
1525 5431 1861 5485 ἐπικίνδυνον

287 5503 353 5557 τὸ
372 5504 481 5558 τῶν
511 5503 667 5557 θείων
692 5506 1135 5577 ἀποκρύπτεσθαί
1158 5528 1208 5564 τι
1226 5509 1423 5580 νόμων,
1446 5513 1538 5566 καὶ
1570 5513 1650 5566 ὃτι
1685 5513 1860 5584 φόνων

353 5750 378 5777 ⁸³
404 5747 522 5798 Coib
568 5749 840 5807 ἐπιτίθησιν.

589 5828 857 5889 ιἈτιιοι..
904 5831 1018 5892 Gn.
1071 5834 1136 5895 L-

1202 341 1341 400 ΝΟΝ
1377 342 1547 397 ESSE
1587 340 1675 396 AD
1714 342 2025 399 GRATIAM
2062 339 2621 399 CWCIONANDUM.

3443 334 3551 392 650

1972 456 2262 511 ὑπεύθυνοι
2312 457 2361 509 οί
2405 455 2713 510 διδάσκαλοι
2761 453 3057 525 κρίνονται,
3103 454 3230 508 ὅταν
3265 455 3340 525 μὴ
3373 452 3551 507 πάντα

1972 549 2139 617 χωρὶς
2170 546 2471 616 ὑποστολῆς
2491 546 2796 616 ἐξηγῶνται
2815 545 2909 598 τοῦ
2937 544 3073 598 Θεοῦ
3091 543 3161 598 τὰ
3183 542 3549 613 δικαιώματα.

1970 639 2182 692 Παῦλον
2212 640 2340 709 ὑμῖν
2369 638 2574 693 τούτων
2606 637 2768 691 πάλιν
2802 637 3108 709 παρέξομαι
3142 635 3416 707 μάρτυρα.
3450 636 3547 689 Διά

1967 730 2076 800 γάρ
2130 730 2289 784 τοῦτο
2326 728 2568 801 συνεχῶς
2613 728 2756 799 ὑπὲρ
2802 727 3067 781 ,ἁπάντων
3109 724 3203 779 ἐπὶ
3238 724 3336 795 τήν
3387 724 3549 792 ἁγίαν

1970 821 2185 893 ἐκείνην
2234 806 2566 893 καταφεύγω
2610 820 2810 892 ψυχὴν,
2855 818 2936 873 ὅτι
2965 818 3227 890 χρήσιμοί
3267 817 3414 880 τινές
3441 818 3548 869 εἰσι

1969 914 2061 967 καὶ
2098 913 2234 967 θεῖοι
2255 912 2411 985 νόμοι
2458 914 2528 967 τά
2555 914 2768 966 Παύλου
2794 913 3035 985 ῥήματα.
3062 913 3137 965 Οὐ
3183 912 3293 981 γάρ
3338 907 3550 970 D0616;

1968 1007 2119 1059 ἐστιν
2147 1006 2176 1057 6
2203 1003 2399 1069 λαλῶν,
2446 1003 2560 1058 ἀλλ’
2596 1007 2625 1059 6
2656 1004 2891 1076 Χριστὸς
2914 1005 2943 1057 6
2980 1003 3080 1074 τὴν
3124 1000 3344 1055 ἐκείνου
3372 999 3549 1069 ψυχὴν

1968 1095 2165 1149 κινῶνο
2200 1096 2268 1148 δι’
2295 1092 2502 1151 ἐκείνου
2541 1095 2649 1165 γάρ
2678 1093 2976 1163 φθέγγεται
3006 1093 3204 1157 πάντα,
3238 1090 3380 1162 άπερ
3408 1093 3551 1143 ἐκεῖ-

1966 1198 2055 1249 νος
2097 1181 2238 1241 εἶπε.
2276 1188 2339 1240 Τί
2369 1187 2548 1240 τοίνυν
2576 1186 2741 1257 φησὶν
2776 1188 2805 1239 6
2851 1184 3098 1248 Παῦλος;
3132 1183 3383 1245 Καλέσας
3420 1183 3549 1245 τοὺς

1966 1279 2067 1349 τὴν
2104 1280 2336 1348 Ἔφεσον
2382 1279 2699 1343 οἰκοῦντας,
2748 1280 2842 1331 καὶ
2891 1276 3129 1347 ἐσχάτην
3172 1272 3309 1345 πρὸς
3351 1274 3549 1337 αὐτοὺς

1968 1370 2306 1443 δημηγορίαν
2334 1370 2525 1436 εἰπὼν,
2563 1370 2749 1442 ἐπειδὴ
2792 1369 2979 1423 λοιπὸν
3008 1369 3188 1422 αὑτῶν
3216 1367 3549 1422 ἀπίστασθαι

1968 1460 2191 1532 ῆμελλε,
2218 1460 2483 1515 διδάσκων
2517 1463 2642 1523 τοὺς
2670 1461 3036 1532 ἐφεστηκότας
3070 1462 3275 1523 αὐτοῖς,
3303 1459 3385 1511 ὃτι
3417 1459 3549 1511 καθ-

1970 1552 2114 1622 άπερ
2148 1555 2195 1605 οἱ
2238 1552 2302 1605 τὸ
2344 1547 2487 1623 αἷμα
2528 1552 2809 1622 ἐκχέοντες
2846 1552 2955 1606 τῶν
2983 1538 3260 1622 μαθητῶν,
3299 1549 3472 1611 οὕτως
3498 1550 3547 1601 οί

1966 1643 2036 1697 τά
2068 1644 2412 1715 συμφέροντα
2438 1643 2587 1715 [661]
2621 1643 2693 1715 μὴ
2721 1644 2968 1712 λέγοντες
2991 1644 3195 1709 αὐτοῖς,
3217 1643 3353 1695 εἱσ“.ν
3375 1640 3547 1693 ὑπεύο

1969 1734 2117 1788 θυνοι
2145 1734 2419 1798 κολάσεως
2449 1734 2542 1788 καὶ
2570 1735 2863 1805 τιμωρίας,
2911 1733 3054 1786 οὕτω
3080 1732 3198 1795 πώς
3226 1748 3361 1803 φησι
3380 1746 3394 1763 ο
3428 1733 3547 1783 Κα-

1967 1827 2146 1894 θαρός
2178 1828 2295 1895 ειμι
2324 1827 2439 1897 ἐγὼ
2464 1827 2586 1881 ἀπὸ
2608 1826 2716 1880 τοῦ
2752 1827 3001 1894 αἵματος
3032 1823 3293 1878 πάντων.
3324 1821 3422 1877 Διά
3455 1820 3543 1885 τίς

1970 1900 2053 1971 Οὔ
2081 1917 2190 1988 γὰρ
2238 1918 2695 1987 ὑπεστειλάμην
2734 1916 2842 1970 τοῦ
2882 1915 2969 1985 μὴ
3016 1913 3362 1986 ἀναγγεῖλαι
3403 1910 3547 1980 ὑμῖν

1966 2008 2176 2064 πᾶσαν
2208 2010 2323 2077 τὴν
2352 2007 2601 2075 ,βουλὴν
2631 2009 2737 2063 τοῦ
2775 2006 2922 2062 Θεοῦ
2942 2024 2954 2036 ·
2988 2001 3063 2070 ῶς
3093 2008 3140 2060 εί
3188 2000 3547 2060 ὑπεστείλατο

1965 2099 2059 2154 τοῦ
2091 2100 2165 2171 μὴ
2196 2101 2538 2169 ἀναγγεῖλαι.
2573 2102 2672 2154 οὐκ
2698 2094 2765 2171 ἦν
2795 2100 3030 2172 καθαρὸς
3061 2103 3125 2154 ἐκ
3157 2098 3251 2153 τοῦ
3289 2096 3543 2169 αἵματος.

1967 2193 2083 2247 ἀλλ’
2118 2194 2192 2257 ὡς
2225 2191 2550 2264 ἀνδροφόνος
2593 2194 2857 2266 ἐκρίνετο,
2894 2193 2987 2246 καὶ
3024 2191 3168 2264 μάλα
3206 2187 3447 2254 είκότως.
3484 2191 3546 2267 Ὀ

1970 2283 2067 2354 μὲν
2099 2283 2207 2355 γάρ
2254 2285 2577 2355 ἀνδροφόνος
2619 2284 2677 2339 τὸ
2727 2285 2885 2356 σῶμα
2934 2287 3152 2354 ἀναιρεῖ
3183 2282 3376 2353 μόνον,
3420 2282 3449 2334 ὁ
3488 2275 3546 2333 δέ

1966 2376 2103 2447 πρὸς
2161 2378 2319 2448 χάριν
2365 2377 2723 2449 δημηγορῶν,
2757 2378 2853 2430 καὶ
2918 2362 3323 2447 ῥᾳθυμοτέρους
3375 2371 3545 2426 ποιῶν

1966 2462 2091 2526 τοὺς
2122 2463 2418 2534 ἀκροατὰς,
2458 2461 2556 2535 τὴν
2600 2464 2777 2535 ψυχὴν
2814 2464 3111 2517 ἀπόλλυσι·
3150 2464 3401 2524 κάκεῖνος
3445 2460 3546 2530 μὲν

1964 2546 2043 2620 τῷ
2086 2552 2312 2623 παρόντι
2342 2552 2637 2622 προδίδωσι
2680 2552 2913 2623 θανάτῳ.
2954 2547 3107 2614 οὗτος
3142 2550 3197 2604 δὲ
3234 2549 3333 2621 τὴν
3364 2548 3545 2620 ψυχὴν

1964 2636 2250 2703 ἀπόλλυσι,
2282 2640 2375 2694 καὶ
2409 2640 2547 2711 πρὸς
2575 2639 2673 2703 τὰς
2716 2640 3014 2703 ἀθανάτους
3062 2638 3426 2709 παραπέμπει
3458 2654 3545 2689 κο·

1964 2724 2149 2791 λάσεις
2178 2730 2271 2782 καὶ
2301 2731 2595 2800 τιμωρίας.
2631 2725 2778 2801 *Αρα
2806 2725 2901 2783 οῦν
2946 2729 3158 2791 Παῦλος
3190 2728 3351 2797 μόνος
3388 2725 3544 2780 τοῦτό

1965 2832 2163 2886 φησιν;
2214 2815 2512 2887 Οὐδαμῶς,
2563 2817 2698 2870 ἀλλά
2750 2816 2844 2871 καὶ
2893 2815 2997 2887 πρὸ
3040 2815 3254 2870 Παύλου
3307 2813 3469 2868 πάλιν
3516 2814 3544 2866 6

1964 2901 2098 2967 Θεὸς
2137 2902 2229 2957 διὰ
2286 2904 2382 2958 τοῦ
2427 2906 2709 2977 προφήτου
2754 2904 2813 2957 τὸ
2851 2902 2983 2957 αὑτὸ
3034 2903 3192 2955 τοῦτο
3251 2902 3544 2972 αίνίττεται

1964 2989 2108 3043 οὑτω
2137 2989 2312 3059 λέγων
2333 3008 2347 3023 ο
2381 2992 2624 3046 Σκοπὸν
2653 2990 2883 3045 δέδωκά
2904 3008 2977 3045 σε
3008 2990 3087 3056 τῷ
3110 2990 3253 3052 οῑκῳ
3281 2988 3541 3057 Ἰσραήλξ

1964 3079 2031 3131 Τί
2068 3080 2184 3133 ἐστι
2208 3120 2222 3139 ,
2264 3082 2543 3150 Σκοπόν;
2575 3077 2786 3142 Σκοπὸς
2830 3080 3049 3148 λέγεται
3096 3081 3126 3133 6
3155 3079 3265 3133 τῶν
3312 3092 3544 3149 στρατοεο

1964 3167 2143 3223 πέδων
2176 3169 2325 3223 κάτω
2368 3169 2693 3241 καθημένων
2728 3169 2932 3239 ὑψηλὸν
2979 3165 3072 3222 καὶ
3116 3166 3391 3235 γεώλοφον
3439 3183 3546 3235 χω-

1966 3256 2082 3325 ρίον
2110 3256 2433 3312 καταλαϐὼν
2483 3258 2738 3312 κάκεῖθεν
2782 3257 3036 3320 ἐπιόντας
3078 3256 3204 3318 τοὺς
3256 3252 3545 3323 πολεμίους

1968 3340 2272 3409 σκοπεύων,
2318 3346 2559 3410 καὶτοῖς
2604 3344 2754 3398 κάτω
2805 3342 3144 3413 καθημένοις
3178 3336 3396 3412 μηνύων
3444 3339 3544 3410 τὴν

1966 3430 2173 3501 ἔφοδον,
2206 3432 2300 3485 καὶ
2324 3431 2606 3504 διεγείρων
2631 3430 2765 3503 πρὸς
2787 3431 2886 3501 τὴν
2909 3429 3001 3483 τοῦ
3026 3429 3265 3500 πολέμου
3294 3426 3539 3499 παράτα-

1966 3519 2070 3587 ξιν,
2100 3518 2241 3573 ὥστε
2277 3521 2351 3592 μὴ
2380 3519 2709 3589 ἀφυλάκτοις
2748 3515 3129 3581 ἐπιπεσόντας,
3165 3517 3301 3589 μετά
3342 3511 3545 3586 πολλῆς

1964 3606 2399 3678 διαχειρίσασθαι
2439 3608 2535 3679 τῆς
2568 3603 2837 3671 εὐκολίας.
2893 3606 3047 3659 Ἐπεὶ
3082 3596 3176 3659 οὖν
3219 3603 3389 3659 πολλά
3432 3601 3545 3658 τῶν

1965 3694 2228 3748 ἐπιόντων
2269 3693 2461 3748 δεινῶν
2496 3695 2592 3765 οὐχ
2640 3695 2857 3766 ὁρῶμεν
2890 3691 3049 3765 ἡμεῖς
3093 3691 3141 3747 οί
3193 3692 3367 3764 χαμαὶ
3400 3691 3546 3762 βαδί-

1966 3782 2171 3847 ζοντες,
2206 3782 2556 3854 ᾠκονόμησεν
2603 3782 2637 3852 ή
2679 3782 2774 3835 τοῦ
2816 3779 2951 3835 Θεοῦ
2999 3781 3177 3853 χάρις,
3226 3774 3414 3849 ὥσπερ
3456 3780 3545 3848 ἐφ’

1968 3869 2174 3941 ὑψηλοῦ
2218 3870 2422 3942 χωρίου
2451 3871 2548 3940 τῆς
2587 3868 2925 3942 προφητείας
2959 3870 3085 3931 τοὺς
3112 3869 3300 3938 ἁγίους
3330 3870 3542 3938 στροφὴ*

1965 3974 2063 4022 τας
2106 3956 2345 4022 ἑστῶτας
2366 4002 2381 4023 ,
2420 3950 2718 4027 μέλλουσαν
2755 3956 2849 4011 τοῦ
2896 3956 3032 4011 Θεοῦ
3072 3956 3169 4027 τήν
3201 3950 3371 4030 ὀργήν
3408 3959 3541 4027 ἡμῖν

1967 4044 2179 4099 ἐπιέναι
2200 4044 2496 4119 πόρρωθεν
2517 4044 2875 4117 προμηνύειν,
2906 4039 2994 4098 ἴνα
3022 4043 3111 4098 διὰ
3131 4042 3229 4115 τῆς
3252 4044 3539 4115 μετανοίας

1967 4133 2193 4195 ἑαυτοὺς
2224 4132 2697 4204 ἀνακτησάμενοι,
2732 4132 2823 4186 καί
2860 4128 3213 4186 πεπτωκυῖαν
3249 4129 3407 4203 ήμῶν
3444 4131 3541 4203 τὴν

1966 4218 2144 4290 ψυχὴν
2191 4216 2600 4288 ἀνορθώσαντες
2620 4256 2636 4284 ,
2668 4218 2769 4289 τὴν
2796 4217 3056 4288 θεήλατον
3091 4217 3375 4291 πόρρωθεν
3401 4218 3542 4271 ἀπο-ι
3620 4256 3625 4259 -

1968 4306 2328 4380 κρουσώμεθα
2368 4306 2605 4377 πληγήν.
2638 4306 2736 4360 Διά
2770 4306 2929 4360 τοῦτό
2964 4323 3128 4377 φησιο
3175 4305 3418 4362 Σκοπὸν
3446 4306 3544 4361 δέο

1966 4394 2128 4450 δωκά
2160 4411 2235 4450 σε
2262 4394 2341 4461 τῷ
2368 4395 2511 4459 οἴκῳ
2551 4393 2831 4463 Ἰσραήλ·
2867 4395 2951 4448 ἵνα
2993 4394 3290 4464 μέλλουσαν
3327 4394 3541 4449 ἐπιέναι

1965 4482 2064 4555 τὴν
2098 4482 2384 4553 συμφορὰν
2432 4481 2819 4555 προμηνύσῃς,
2864 4481 3369 4553 καθάπερ-ἐκεῖνος
3416 4484 3542 4546 τοὺς

1968 4570 2280 4639 πολεμίους.
2315 4569 2426 4622 Καὶ
2452 4568 2721 4640 τιμωρίαν
2752 4569 2807 4622 δὲ
2842 4570 2903 4622 οὑ
2939 4569 3143 4641 μικρὰν
3167 4570 3442 4640 ἐπιτίθησι
3467 4571 3543 4640 τῷ

1971 4657 2047 4728 μή
2084 4656 2403 4726 προλέγοντι
2442 4655 2537 4709 τοῦ
2571 4655 2705 4709 Θεοῦ
2743 4656 2844 4727 τὴν
2874 4656 3065 4728 ὀργήν.
3105 4659 3273 4710 Ποίαν
3305 4658 3369 4728 δὴ
3410 4659 3544 4711 ταύ-

1966 4761 2096 4815 την;
2129 4744 2239 4808 Τὰς
2280 4743 2457 4813 ψυχὰς
2498 4744 2606 4798 τῶν
2649 4738 3059 4815 ἀπολλυμένων,
3108 4746 3293 4815 φησὶν,
3341 4749 3405 4800 ἐκ
3441 4747 3544 4817 τῆς

1965 4831 2145 4904 χειρός
2176 4846 2270 4884 σου
2304 4830 2609 4901 ἐκζητήσω.
2638 4832 2734 4896 Τίς
2775 4828 2868 4885 οὖν
2906 4831 3078 4896 οὑτως
3120 4832 3271 4904 ὠμὸς
3303 4834 3395 4887 καὶ
3433 4836 3543 4889 ἀπ·

1966 4920 2249 4990 ἅνθρωπος
2292 4919 2387 4973 καὶ
2425 4918 2755 4989 ἀσυμπαθὴς
2776 4959 2791 4981 ,
2829 4919 2905 4982 ὡς
2934 4910 3188 4987 ἐγκαλεῖν
3221 4920 3299 4991 τῷ
3331 4919 3542 4990 λέγοντι

1968 5009 2061 5061 καὶ
2094 5009 2343 5078 περὶτῆς
2371 5006 2464 5060 τοῦ
2502 5007 2639 5060 Θεοῦ
2672 5007 3039 5077 διαλεγομένῳ
3078 5009 3318 5079 συνεχῶς
3347 5010 3540 5081 ὀργῆς,

1965 5095 2233 5163 τοσαύτην
2256 5093 2475 5147 κόλασιν
2498 5092 2827 5164 ὑφίστασθαι
2859 5094 3129 5165 μέλλοντι,
3149 5097 3197 5149 εί
3228 5098 3539 5167 σιγήσειενς

1966 5181 2088 5235 Ὅτι
2146 5182 2243 5251 μὲν
2288 5177 2381 5235 οῦν
2432 5183 2563 5251 ἡμῖν
2619 5181 2681 5235 οὐ
2734 5183 3005 5254 συμφέρει
3048 5186 3161 5248 τοῖς
3208 5184 3427 5252 λέγουσι
3473 5185 3541 5239 τά

1962 5270 2185 5323 τοιαῦτα
2222 5270 2397 5339 σιγᾷν,
2420 5268 2621 5333 ἱκανῶς
2649 5271 2743 5323 καὶ
2764 5272 2793 5322 6
2821 5272 3107 5341 προφήτης
3133 5273 3226 5325 καὶ
3250 5273 3279 5324 6
3303 5272 3539 5324 ἀπόστοι·

1962 5359 2052 5421 λος
2074 5360 2220 5429 ἡμᾶς
2252 5359 2593 5428 ἐπαίδευσεν·
2621 5360 2702 5411 ὅτι
2728 5359 2783 5412 δὲ
2812 5361 2934 5413 οὺδέ
2965 5362 3093 5431 ὑμῖν
3118 5364 3228 5425 τοῖς
3257 5360 3537 5425 ἀκούουσι,

1960 5446 2117 5516 δῆλον
2140 5445 2381 5523 ἐκεῖθεν.
2414 5447 2475 5499 Εἰ
2510 5446 2607 5516 μὲν
2635 5446 2745 5518 γὰρ
2778 5446 2887 5515 ἐγὼ
2923 5449 3151 5518 σιγήσας
3186 5448 3541 5519 ἀπέκρυπτον

1959 5538 2026 5605 τῇ
2064 5537 2187 5605 σιγῇ
2229 5533 2299 5587 τὰ
2334 5535 2729 5606 ἁμαρτήματα,
2777 5534 2957 5599 καλῶς
2987 5536 3370 5608 ἐδυσχέραινεν
3404 5535 3539 5589 ἐκα-

1960 5637 2087 5685 στος
2126 5621 2219 5673 καὶ
2252 5621 2549 5691 ἠγανάκτει
2573 5621 2829 5685 δικαίως,
2865 5622 2939 5692 μὴ
2976 5622 3237 5691 σιγῶντος
3277 5620 3409 5693 ἐμοῦ
3487 5620 3538 5674 εί

1959 5707 2015 5761 δέ
2071 5708 2163 5761 καὶ
2217 5710 2375 5778 ἡμῶν
2420 5708 2697 5777 σιγώντων
2738 5708 2853 5774 νῦν,
2899 5710 3109 5778 ἀνάγκη
3162 5708 3375 5771 πάντως
3420 5706 3538 5762 ἐκει

3146 5860 3223 5925 ίῦ
