4246 6320
289 411 394 470 657

279 526 408 596 quid
438 527 637 597 poterit
672 527 939 585 silentium
966 529 1263 600 prodesse?
1294 531 1406 587 lmo
1434 532 1564 588 nihil
1592 531 1825 602 proderit
1851 575 1863 596 ,

276 615 376 672 sed
405 629 744 688 summopere
782 619 1009 676 nocebit.
1039 620 1173 676 Nam
1202 623 1245 677 si
1276 623 1492 692 quidem
1519 639 1660 681 nunc
1687 627 1869 697 prolo-

275 721 431 775 quar,
461 707 528 763 ad
558 709 924 779 paenitentiam
954 722 1009 768 et
1037 714 1199 768 animi
1222 718 1688 786 eompunctionem
1711 718 1870 774 indu-

273 811 395 870 cam
427 815 441 850 :
471 798 554 854 sin
600 810 801 855 taceam
827 841 841 863 ,
875 818 1019 858 nunc
1043 796 1255 874 quidem
1298 822 1485 863 eorum
1514 824 1634 880 quae
1674 825 1866 880 pecca-

831 858 840 863 -
1059 858 1078 874 _
1306 858 1485 863 -.-_-_
1517 858 1633 880 τη
1674 858 1831 880 τ----

273 858 530 954 verimus,
559 904 664 944 non
691 893 1093 950 recordabimur
1111 939 1125 963 ,
1153 912 1323 968 neque
1351 901 1716 969 paenitentiam
1741 917 1867 973 age-

263 994 427 1044 mus;
454 986 510 1034 at
549 980 605 1035 in
633 981 808 1040 futuro
837 988 1036 1057 saeculo
1067 990 1204 1044 nuda
1249 999 1304 1047 et
1328 1004 1510 1062 aperta
1551 1011 1661 1066 pra:
1697 998 1866 1051 oculis

266 1070 469 1126 nostris
491 1071 832 1142 intuebimur,
864 1091 929 1132 ac
958 1077 1152 1136 frustra
1178 1092 1232 1137 et
1260 1082 1527 1140 incassum
1551 1087 1866 1142 lamentabi-

264 1173 409 1214 mur.

334 1253 391 1306 5.
431 1251 653 1320 Quando
692 1257 854 1329 igitur
875 1263 1092 1318 omnino
1121 1280 1341 1323 necesse
1383 1278 1484 1335 est,
1522 1280 1578 1324 ut
1603 1271 1684 1326 vel
1728 1271 1858 1342 illic,

261 1340 350 1395 vel
378 1340 432 1396 in
459 1342 561 1399 hac
584 1345 690 1400 vita
723 1348 793 1402 ob
822 1349 1013 1407 delicta
1039 1369 1478 1428 compungamur,
1510 1363 1677 1418 satius
1699 1375 1781 1418 est
1804 1374 1860 1420 ut

259 1427 390 1489 illud
420 1430 505 1489 hic
524 1435 722 1503 potius,
751 1447 804 1494 et
829 1456 933 1496 non
963 1442 1074 1500 illic
1104 1445 1213 1501 fiat.
1244 1427 1394 1505 Unde
1423 1451 1474 1506 id
1502 1455 1753 1509 constat?
1780 1457 1854 1511 Ex

261 1523 590 1593 propheticis
617 1529 815 1598 verbis,
838 1549 901 1588 ex
930 1539 1270 1607 evangelicis.
1298 1541 1433 1598 Nam
1460 1547 1715 1616 propheta
1733 1549 1854 1620 qui-

257 1609 383 1667 dem
422 1615 499 1670 sic
524 1617 598 1672 ait
638 1637 653 1673 :
685 1619 754 1675 In
802 1622 1002 1693 inferno
1050 1640 1214 1684 autem
1248 1635 1358 1701 quis
1401 1637 1720 1706 conﬁtebitur
1766 1644 1855 1697 tibi

258 1700 434 1768 (Psal.
487 1706 540 1760 6.
570 1707 674 1779 6)?
723 1726 828 1766 non
859 1716 998 1784 quod
1042 1734 1147 1774 non
1174 1700 1558 1792 confiteamur,
1586 1729 1681 1785 sed
1708 1733 1852 1802 quod

256 1793 452 1851 frustra
481 1797 606 1855 illud
627 1801 904 1861 faciamus.
936 1808 1181 1868 Christus
1209 1823 1384 1871 autem
1414 1833 1509 1888 per
1542 1793 1847 1892 parabolam

255 1885 359 1942 hoc
385 1888 554 1956 ipsum
583 1892 778 1950 docuit.
808 1897 938 1954 Erat
965 1903 1126 1972 enim,
1161 1905 1346 1978 inquit,
1373 1885 1604 1969 Lazarus
1631 1915 1846 1985 quidam

253 1977 531 2036 mendicus
584 1983 817 2057 undique
871 1990 1136 2051 ulceribus
1181 1977 1370 2067 plenus
1412 2002 1561 2072 (Luc.
1619 1977 1708 2062 i6.
1752 2009 1839 2065 l9.

249 2069 432 2141 sqq.),
481 2072 854 2135 immedicabili
903 2085 1095 2142 morbo
1143 2069 1434 2149 laborans:
1481 2097 1617 2153 alter
1665 2110 1841 2157 autem

248 2159 464 2230 quidam
490 2163 636 2220 dives
654 2174 872 2240 pauperi
896 2175 1061 2234 micas
1090 2194 1196 2236 non
1226 2182 1584 2254 impertiebat.
1620 2191 1684 2246 Et
1711 2197 1838 2264 quid

246 2264 384 2319 opus
413 2263 496 2308 est
523 2258 831 2325 parabolam
857 2273 1022 2322 totam
1049 2277 1403 2340 percurrere?
1448 2281 1643 2351 quippe
1671 2258 1838 2341 nostis

247 2339 538 2422 historiam
567 2362 804 2419 omnem,
864 2339 1230 2418 crudelitatem
1270 2366 1466 2434 divitis,
1527 2388 1634 2441 quo
1684 2387 1840 2445 pacto

243 2433 548 2490 mendicum
579 2442 884 2513 participem
915 2462 1114 2506 mensa:
1150 2469 1254 2508 non
1285 2455 1517 2526 faceret;
1545 2474 1834 2533 egestatem

241 2520 384 2578 illius
405 2539 467 2579 ac
498 2525 712 2599 famem,
747 2551 848 2603 qua
874 2552 1131 2608 perpetuo
1159 2520 1606 2607 conflictabatur:
1628 2557 1693 2609 At

241 2611 294 2665 in
329 2615 427 2669 bac
459 2618 563 2671 vita
617 2639 630 2674 :
671 2636 950 2695 postquam
981 2644 1156 2688 autem
1195 2648 1436 2695 mortuus
1475 2652 1557 2698 est
1588 2656 1828 2719 uterque,

241 2705 386 2760 videt
411 2707 560 2764 illum
588 2717 892 2773 mendicutn
925 2721 976 2775 in
1000 2724 1120 2780 sinu
1149 2728 1375 2786 Abralnn
1410 2734 1578 2791 dives.
1614 2739 1677 2793 Et
1704 2743 1828 2811 quid

234 2797 348 2852 ait?
377 2797 537 2856 Pater
563 2806 841 2876 Abraham,
874 2816 1010 2870 mitte
1049 2819 1212 2887 illum,
1256 2835 1310 2878 ut
1354 2826 1560 2884 instillet
1607 2845 1829 2891 extremo

235 2886 384 2955 digiti
410 2892 491 2944 sui
515 2892 567 2946 in
589 2895 814 2968 linguam
834 2919 1016 2971 meam,
1044 2920 1098 2962 ut
1118 2914 1422 2982 requiescam
1450 2937 1482 2972 a
1509 2886 1698 2977 dolore
1715 2886 1821 2995 (Vb.

234 2991 282 3028 υ.
314 2978 442 3050 24).
480 2983 640 3042 Vides
668 2993 1113 3055 retributionem?
1140 2978 1245 3060 non
1290 3008 1542 3079 impertiit
1581 3017 1679 3086 ipsi
1720 3021 1825 3075 mi-

233 3083 345 3136 cas,
380 3075 533 3131 unius
558 3094 706 3150 aqua:
735 3098 897 3153 guttas
924 3107 1028 3147 non
1059 3096 1117 3150 fit
1144 3075 1428 3172 particeps.
1458 3106 1526 3159 In
1550 3126 1650 3180 qua
1689 3115 1824 3170 enim

232 3176 488 3233 mensura,
514 3169 700 3240 inquit,
728 3180 888 3233 mensi
903 3184 1117 3252 fueritis,
1146 3194 1430 3250 remetiatur
1458 3199 1594 3254 vobis
1623 3202 1819 3273 (Marc.

237 3252 257 3273 ,
326 3255 361 3273 ο
382 3258 428 3273 ,.
507 3259 541 3273 η
589 3263 600 3273 .
625 3263 636 3273 .

227 3252 284 3307 ι.
326 3255 457 3327 24).
501 3259 637 3328 Quid
691 3281 818 3339 ergo
863 3273 1172 3334 Abraham?
1227 3282 1354 3352 Fili,
1403 3252 1641 3361 recepisti
1652 3252 1819 3353 “alia

226 3352 335 3410 tua,
367 3359 413 3401 et
447 3349 674 3410 Lazarus
705 3361 837 3414 mala
859 3379 879 3417 :
905 3376 952 3420 et
980 3384 1113 3424 nunc
1146 3366 1228 3427 Itic
1263 3378 1466 3445 quidem
1512 3384 1593 3438 hic
1634 3404 1818 3444 conso-

222 3435 380 3507 latur,
407 3454 459 3496 tu
485 3463 601 3501 vero
628 3455 870 3512 cruciaris
898 3459 922 3529 '(
927 3459 1051 3516 Luc.
1082 3466 1166 3521 l6.
1197 3435 1322 3540 25').
1348 3473 1453 3531 Sed
1481 3435 1619 3548 quod
1635 3435 1814 3539 west-in

218 3533 516 3598 quazstione
545 3542 810 3613 positum,
857 3549 976 3607 illos
1026 3557 1274 3614 nimirum
1302 3564 1370 3620 ob
1411 3579 1626 3635 peccata
1670 3587 1817 3628 com-

210 3624 386 3695 pungi
417 3635 471 3681 et
499 3637 758 3702 converti,
789 3654 851 3695 ac
899 3647 1070 3712 ptenis
1111 3649 1369 3720 gehennze
1400 3659 1512 3715 fieri
1542 3666 1808 3735 meliores,

1113 3713 1140 3720 -
1542 3713 1808 3735 —--v--v---~.

216 3713 352 3768 nihil
374 3726 546 3776 tamen
572 3724 670 3780 hoc
693 3731 794 3787 illis
815 3735 878 3790 ad
899 3737 1116 3795 levanda
1131 3743 1355 3804 flammae
1375 3761 1634 3812 tormenta
1655 3762 1812 3829 prod-

214 3820 338 3862 esse
357 3850 371 3872 ,
396 3826 513 3878 qtae
541 3829 833 3887 sequuntur
862 3831 1184 3898 ostendunt;
1218 3837 1373 3894 Pater
1397 3846 1538 3902 enim
1558 3891 1573 3914 ,
1605 3852 1804 3924 inquit,

1530 3901 1536 3902 γ
1560 3901 1573 3914 1
1605 3901 1771 3924 ----ι“-·-
1790 3901 1804 3921 1

213 3901 356 3954 mitte
383 3904 524 3961 illum
552 3911 602 3963 in
628 3914 832 3972 domum
862 3939 1022 3978 meam
1045 3968 1061 3994 ,
1093 3941 1146 3984 ut
1175 3939 1398 4005 cognatis
1426 3945 1546 3997 meis
1579 3942 1804 4018 testatur,

213 3999 258 4018 Δ,
299 4008 399 4018 ﬂ“
636 4007 691 4018 _.
777 4009 789 4018 .
945 4017 951 4018 γ

209 3999 258 4041 et
299 4008 400 4047 non
450 4002 644 4056 veniant
674 4007 726 4061 in
766 4009 898 4066 [tunc
934 4017 1099 4074 locum
1125 3999 1283 4093 (ιθξὲι.
1319 4047 1363 4083 υ.
1392 4033 1481 4088 27.
1525 4037 1644 4110 28).

210 4079 521 4110 It...‘nnt.:_-_,
569 4093 581 4106 ι
896 4108 906 4110 μ

1180 4172 1193 4184 1
1495 4172 1674 4195 PM“
1715 4172 1797 4187 0,,-

207 4172 376 4228 lulcm
409 4196 678 4246 procurat.
713 4191 898 4250 Vidisti
925 4215 1030 4268 quo
1056 4191 1211 4274 pacto
1235 4214 1468 4270 crudelis
1503 4231 1657 4276 antea
1687 4224 1799 4280 fue-

207 4265 298 4331 rit,
329 4283 436 4336 quo
460 4287 611 4339 pacto
639 4281 832 4340 deinde
859 4288 1118 4363 benignus
1144 4306 1405 4359 evaserit?
1423 4309 1677 4368 Lazarum
1704 4333 1800 4372 an-

207 4366 261 4410 te
313 4363 498 4433 oculos
537 4367 802 4435 jacentem
849 4387 1152 4447 prmteribat
1182 4431 1196 4455 ,
1242 4394 1367 4451 dum
1406 4402 1643 4468 viveret;
1684 4409 1793 4476 jam

203 4461 333 4504 vero
382 4458 542 4521 etiam
583 4462 879 4524 absentium
916 4489 1258 4546 cognatorum
1296 4504 1478 4547 curam
1522 4498 1658 4564 gerit
1689 4519 1701 4553 :
1731 4517 1795 4559 ac

203 4553 314 4600 tum
351 4553 564 4620 quidem
587 4599 600 4621 ,
631 4560 754 4616 dum
787 4569 974 4635 apibus
1003 4577 1433 4654 circumflueret,
1476 4592 1538 4645 ad
1573 4595 1792 4651 misera-

1256 4635 1262 4637 Ἴ
1288 4635 1328 4638 --
1349 4635 1395 4640 ν-
1418 4635 1433 4654 ν
1476 4635 1538 4645 ς-υ-
1573 4635 1721 4651 IIIIUVI
1736 4635 1783 4650 α’

198 4635 305 4691 bile
323 4645 549 4699 mendici
570 4658 926 4717 spectaculum
955 4680 1059 4718 non
1082 4669 1448 4734 inflectcbatur
1469 4698 1482 4745 ;
1507 4683 1615 4751 jam
1640 4702 1783 4756 vero,

198 4726 323 4756 Αηηι
357 4732 406 4756 ε..
445 4734 544 4756 ιΙ-Ιμ
595 4741 625 4756 ’³

1269 4726 1434 4734 .,__-_.
1469 4726 1482 4745 ,
1648 4726 1783 4756 ww,

196 4726 324 4782 dum
357 4732 408 4786 in
435 4734 708 4797 doloribus
752 4761 814 4803 ac
855 4760 1259 4818 necessitatibus
1295 4780 1537 4828 versatur
1567 4777 1789 4834 inevita-

196 4817 412 4890 bilibus,
445 4827 512 4882 dc
533 4837 844 4918 propinquis
879 4847 989 4902 suis
1015 4861 1096 4904 est
1121 4857 1397 4926 sollicitus,
1438 4879 1501 4919 ac
1539 4869 1672 4924 mitti
1701 4887 1787 4927 ro-

192 4917 390 4983 gatqni
421 4918 532 4976 hzcc
560 4924 662 4980 illis
704 4939 1000 4992 annuntiat.
1035 4941 1195 5001 Vides
1220 4959 1277 5003 ut
1303 4954 1562 5026 benignus
1587 4971 1640 5016 et
1676 4965 1786 5020 cfe-

192 5017 344 5059 mens
373 5016 601 5068 evaserit
629 5027 684 5073 et
709 5025 1052 5085 misericors?

261 5097 571 5160 l’a'nitcntia
588 5127 686 5165 non
715 5119 915 5182 prodest
942 5136 1052 5192 post
1073 5143 1302 5186 mortem.
1332 5166 1402 5178 --
1425 5140 1562 5209 Quid
1588 5147 1782 5216 igitur?

266 5195 444 5216 ...μ-ιε]
476 5198 558 5216 9""
674 5205 694 5216 ⁸
729 5208 739 5216 '

187 5195 444 5262 numquid
475 5198 764 5270 illiprofuit
797 5216 1142 5278 pteaitentia?
1168 5240 1292 5280 num
1319 5213 1516 5301 aliquid
1549 5195 1680 5294 lucri
1711 5259 1774 5296 ex

185 5282 272 5334 illa
329 5295 739 5357 compunctione
774 5304 1024 5376 collegit?
1072 5312 1212 5370 Nihil
1259 5323 1476 5378 omnino
1522 5345 1534 5378 :
1581 5330 1776 5401 quippe

185 5374 325 5401 ιιι-Αιι
385 5379 572 5401 ἕ-ι--υ
654 5388 684 5401 ’⁵

182 5374 325 5442 quod
385 5379 756 5454 intempestiva
801 5374 944 5452 esset
995 5405 1322 5469 pteiritentia.
1373 5374 1614 5472 Solutuni
1657 5374 1773 5478 tith

192 5463 480 5537 theatrum,
509 5473 746 5528 sublatus
778 5477 922 5535 locus
953 5491 1283 5557 certaminis,
1305 5511 1408 5551 non
1438 5503 1665 5572 amplius
1695 5506 1777 5562 lu-

189 5564 395 5610 ctarum
430 5570 634 5632 lcmpus
663 5567 778 5622 fuit.
815 5572 1097 5644 Propterea
1131 5597 1344 5654 moneo,
1375 5605 1564 5658 precor
1594 5609 1648 5651 et
1677 5601 1776 5655 0b-

183 5654 359 5710 secrO,
393 5649 478 5704 hic
522 5654 801 5714 lamentari
832 5678 1060 5733 oportet,
1094 5685 1155 5725 ac
1187 5649 1408 5746 propter
1447 5697 1660 5748 peccata
1691 5689 1768 5744 lu-

183 5749 309 5804 gere
358 5738 454 5794 llic
487 5759 583 5800 nos
617 5751 774 5804 verba
805 5759 1140 5830 contristent,
1179 5781 1243 5821 ne
1274 5783 1370 5824 nos
1415 5773 1517 5829 illis
1546 5792 1633 5832 res
1664 5790 1770 5835 ter-

185 5832 479 5889 reant:bic
523 5852 621 5892 nos
672 5853 872 5914 pungat
916 5853 1105 5916 oratio,
1152 5873 1217 5912 ne
1262 5876 1359 5917 nos
1410 5863 1517 5921 illic
1570 5875 1766 5929 vermis

1253 416 1387 473 NON
1425 415 1591 472 ESSE
1631 417 1722 472 AD
1760 414 2072 474 GRATIAM
2110 419 2662 491 CONCIONANDUM.

3475 451 3579 510 (‘58

1986 547 2184 609 pungat
2212 556 2502 603 venenatus
2549 568 2561 603 :
2589 550 2677 608 hic
2708 569 2803 612 nos
2834 571 2965 619 urat.
2992 566 3358 638 repreliensit‘i,
3389 588 3458 630 ne
3485 590 3582 638 nos

1987 629 2230 696 gehenna
2263 634 2398 704 ignis
2431 639 2539 697 illic
2577 654 2714 699 urat.
2739 648 2845 703 Eos
2871 652 2960 722 qui
2992 629 3078 710 hic
3109 657 3310 730 lugent.
3347 629 3577 724 conseri:

1987 731 2200 778 taneum
2227 736 2311 782 est
2335 729 2441 786 illic
2471 737 2735 793 consolari
2769 757 2782 794 :
2811 757 2906 800 eos
2937 747 3026 816 qui
3057 747 3144 805 hic
3170 729 3224 806 in
3249 754 3456 812 deliciis
3481 759 3573 818 de-

1982 821 2114 880 sunt
2139 824 2192 869 et
2220 817 2415 885 rident,
2445 839 2545 880 nec
2572 826 2678 884 ullo
2717 843 2937 904 propter
2963 838 3195 898 admissa
3227 859 3442 914 peccata
3471 850 3570 908 do-

1979 903 2092 960 lore
2132 914 2438 980 tanguntur,
2495 918 2653 987 plane
2695 922 3034 999 illiclugere
3073 946 3138 989 ac
3186 935 3462 997 lamentari
3515 957 3579 1000 ac

1976 996 2226 1058 frendere
2274 1005 2524 1066 dentibus
2568 1022 2652 1069 est
2691 996 2931 1076 necesse.
2965 1023 3078 1079 Non
3129 1045 3246 1085 mea
3297 1045 3424 1089 sunt
3451 1036 3574 1092 hzce

1974 1091 2154 1156 verba,
2187 1095 2281 1157 sed
2325 1098 2511 1168 ipsius,
2540 1105 2631 1173 qui
2672 1106 2930 1176 judicium
2961 1114 3011 1169 in
3044 1133 3142 1172 nos
3169 1128 3280 1175 tum
3310 1127 3572 1196 temporis

1970 1186 2244 1241 exercebit
2301 1209 2314 1244 :
2360 1190 2505 1247 Beati
2547 1198 2759 1269 quippe,
2796 1201 2982 1272 inquit,
3019 1208 3074 1270 ii,
3103 1211 3190 1279 qui
3218 1186 3571 1289 («genu-quo-

1969 1273 2105 1327 niam
2143 1277 2241 1346 ipsi
2267 1284 2658 1342 consolabunlur
2680 1291 2889 1362 (Matth.
2937 1298 2990 1352 5.
3021 1273 3125 1372 5
3157 1302 3245 1358 Vw
3271 1273 3562 1379 vitabissqui

1965 1364 2159 1433 ridetis,
2186 1371 2304 1437 quia
2328 1373 2510 1441 ﬂebitis
2540 1377 2698 1449 (Luc.
2729 1382 2781 1438 6.
2817 1384 2946 1459 25).
2981 1364 3191 1458 Quanto
3217 1395 3378 1468 igitur

1963 1465 2048 1511 est
2075 1465 2450 1530 temporariam
2479 1478 2940 1543 eompunctionem
2964 1495 3017 1540 et
3038 1485 3238 1545 luctum
3259 1505 3380 1546 cum
3406 1504 3568 1552 teter-

1965 1550 2047 1603 nis
2073 1551 2226 1609 bonis
2255 1565 2307 1611 et
2335 1560 2603 1632 voluptate
2655 1583 2775 1638 quae
2805 1571 2964 1628 linem
2993 1590 3100 1632 non
3152 1578 3368 1652 habeat,
3412 1600 3565 1642 com-

1963 1650 2190 1711 mutare,
2231 1663 2389 1717 quam
2432 1653 2594 1721 brevi
2630 1659 2728 1716 hac
2753 1672 2804 1717 et
2846 1671 3167 1748 temporaria
3193 1674 3297 1730 vita
3341 1650 3565 1736 ridendo

1961 1739 2250 1802 transacta,
2276 1741 2403 1798 illuc
2428 1744 2577 1802 abire
2606 1751 2891 1812 immortali
2916 1743 3180 1832 supplicio
3207 1768 3562 1837 plectendos?

1957 1823 2027 1877 At
2049 1831 2429 1889 verecundaris
2455 1845 2510 1891 et
2535 1841 2806 1901 erubescis
2839 1853 3122 1909 enuntiare
3141 1863 3393 1927 peccata?
3417 1862 3562 1921 Sane

1953 1920 2167 1988 quidem
2186 1926 2228 1979 si
2247 1941 2426 1985 coram
2456 1932 2760 1995 hominibus
2784 1958 2844 1997 ea
2876 1944 3100 2006 dicenda
3131 1963 3313 2010 essent
3339 1968 3393 2011 et
3417 1961 3561 2014 evul-

1950 2011 2157 2116 ganda);
2181 2032 2284 2072 non
2319 2028 2494 2080 tamen
2523 2027 2592 2082 ita
2623 2032 2824 2100 pudere
2847 2044 2898 2092 te
2923 2044 3187 2110 oportuit:
3211 2047 3384 2116 pudor
3411 2052 3557 2108 enim

2623 2092 2640 2100 _
2959 2092 2985 2110 τ
3009 2092 3045 2095 ,_
3063 2092 3158 2098 -_-_
3173 2092 3186 2099 -
3211 2092 3372 2116 την.

1949 2111 2033 2156 est
2051 2114 2106 2160 et
2124 2092 2408 2178 ignominia
2422 2118 2669 2190 peccare,
2694 2139 2796 2179 non
2815 2143 2933 2198 qua:
2952 2139 3255 2202 peccaveris
3269 2142 3511 2200 confiteri
3538 2164 3553 2210 ;

1943 2192 2053 2261 jam
2082 2212 2209 2254 vero
2244 2217 2418 2275 neque
2447 2214 2806 2272 necessarium
2831 2229 2914 2274 est
2949 2225 3172 2281 testibus
3192 2235 3549 2297 praesentibus

1946 2287 2210 2344 conliteri.
2239 2295 2393 2371 Apud
2418 2304 2760 2362 conscientiae
2786 2311 3026 2369 rationes
3053 2316 3137 2372 fiat
3159 2320 3432 2390 inquisitio
3451 2327 3551 2384 de-

1945 2374 2192 2434 lictorum
2224 2402 2236 2437 :
2269 2385 2386 2444 sine
2417 2394 2647 2452 testibus
2677 2399 2746 2453 sit
2778 2400 3038 2470 judicium
3065 2449 3081 2474 ,
3111 2410 3252 2468 Deus
3295 2425 3348 2471 te
3381 2421 3551 2476 confi-

1944 2474 2142 2525 tentem
2173 2475 2318 2532 solus
2340 2480 2541 2551 audiat,
2569 2486 2710 2543 Deus
2737 2491 2825 2560 qui
2853 2507 3073 2563 peccata
3104 2516 3208 2558 non
3231 2508 3540 2576 exprobrat,

1941 2559 2036 2615 sed
2085 2566 2422 2628 confessione
2467 2585 2681 2646 peccata
2733 2559 2894 2642 delet.
2943 2592 3014 2645 At
3045 2592 3146 2650 hoc
3191 2610 3346 2668 pacto
3385 2605 3545 2677 etiam

1940 2650 2210 2721 pigritaris
2234 2673 2296 2714 ac
2337 2663 2646 2724 detrectas?
2692 2672 2817 2730 Scio
2859 2683 3105 2749 equidem
3161 2650 3544 2754 conscientiam

1938 2755 2153 2800 suorum
2188 2750 2502 2812 delictorum
2547 2769 2858 2824 memoriam
2893 2775 3111 2833 minime
3142 2780 3298 2839 ferre.
3329 2786 3461 2843 Nam
3495 2793 3542 2848 si

1937 2841 2140 2893 tantum
2171 2843 2357 2900 subeat
2377 2850 2613 2908 animum
2641 2873 2825 2916 eorum
2851 2880 2969 2935 quae
2996 2869 3315 2942 deliquimus
3343 2895 3530 2939 recor-

1934 2927 2082 2985 datio
2109 2973 2123 2994 ,
2159 2943 2427 3007 tamquam
2456 2947 2630 3009 pullus
2656 2953 2869 3021 quidam
2899 2958 3190 3021 indomitus
3227 2983 3291 3025 ac
3316 2971 3530 3033 frenatu

1931 3019 2169 3080 difficilis
2196 3044 2346 3087 mens
2369 3038 2557 3093 resilit.
2586 3040 2692 3098 Sed
2723 3057 2776 3100 tu
2800 3064 2990 3108 coerce
3028 3056 3169 3113 illam
3201 3075 3264 3118 ac
3292 3065 3528 3137 refrena,

1931 3111 2167 3137 .l-__-J--
2475 3131 2486 3137 '

3105 3111 3113 3112 ,
3159 3111 3168 3113 -
3203 3111 3263 3118 τ,
3292 3111 3528 3137 _-........,

1929 3111 2172 3173 demuice
2201 3137 2360 3179 manu
2386 3168 2401 3195 ,
2439 3131 2674 3191 cicurem
2740 3140 2879 3197 illam
2926 3145 3110 3216 redde,
3137 3157 3398 3221 persuade
3416 3159 3532 3218 fore

1928 3213 2006 3272 ut,
2031 3207 2130 3263 nisi
2170 3227 2314 3270 nunc
2339 3222 2661 3280 confiteatur
2679 3269 2693 3292 ,
2724 3230 2835 3287 illic
2853 3207 3172 3296 confiteatur
3190 3283 3206 3308 ,
3243 3246 3330 3301 ubi
3349 3250 3525 3321 major

1927 3310 2104 3365 paena,
2142 3303 2227 3358 ubi
2258 3305 2550 3368 diffamatio
2577 3319 2764 3387 major.
2793 3321 2889 3380 llic
2916 3303 3267 3404 judicium'fit
3292 3338 3408 3396 sine

1924 3388 2113 3459 stibus,
2141 3407 2203 3448 ac
2231 3403 2285 3452 tu
2314 3398 2426 3468 ipse
2445 3403 2495 3457 in
2516 3415 2565 3460 te
2588 3408 2849 3476 judicium
2870 3392 3114 3490 exerces,
3137 3426 3226 3494 qui
3252 3434 3517 3500 peccasti;

1922 3489 1978 3533 at
2006 3482 2114 3538 illic
2140 3487 2190 3540 in
2213 3491 2444 3548 medium
2467 3497 2615 3554 orbis
2637 3509 2898 3560 terrarum
2925 3521 3114 3566 cuncta
3137 3519 3517 3590 producentur,

1921 3574 2022 3629 nisi
2051 3577 2195 3645 prius
2219 3581 2303 3638 hic
2325 3584 2522 3645 fuerint
2541 3607 2569 3646 a
2593 3595 2747 3652 nobis
2777 3599 2968 3658 deleta.
2991 3574 3276 3666 Erubescis
3297 3627 3516 3683 peccata

1918 3669 2161 3726 confiteri
2186 3673 2482 3737 ?erubesce
2500 3696 2718 3754 peccata
2739 3694 3094 3752 committere.
3117 3699 3226 3758 Nos
3245 3719 3374 3761 vero
3390 3709 3518 3766 dum

1918 3757 2004 3811 illa
2046 3765 2430 3826 committimus
2455 3813 2468 3836 ,
2498 3783 2701 3832 temere
2725 3789 2780 3835 et
2806 3783 3144 3854 impudenter
3181 3807 3242 3848 ea
3274 3801 3517 3868 aggredi-

1916 3863 2066 3916 mur;
2099 3867 2220 3908 cum
2252 3868 2428 3915 autem
2460 3878 2519 3918 ea
2548 3864 2743 3924 fuerint
2779 3876 3076 3932 confitenda
3103 3923 3116 3945 ,
3147 3892 3256 3938 tum
3289 3902 3386 3943 nos
3414 3907 3481 3960 pu
3502 3923 3514 3933 -

3105 3938 3115 3945 ,
3289 3938 3382 3943 --η
3414 3938 3480 3960 ,..-

1913 3938 2003 3995 det
2021 3943 2287 4016 pigetque,
2317 3966 2436 4007 curn
2465 3955 2517 4010 id
2553 3959 2802 4017 alacriter
2829 3980 2859 4018 a
2891 3969 3044 4024 nobis
3072 3973 3184 4028 fieri
3215 3990 3511 4046 oporteret.

1910 4033 2024 4090 Non
2067 4041 2208 4095 enim
2252 4043 2664 4114 ignominiosum
2704 4069 2788 4113 est
2837 4061 3081 4121 incusare
3127 4085 3364 4142 peccata,
3413 4082 3507 4135 sed

1905 4129 2106 4198 jusutia
2155 4144 2210 4189 et
2257 4140 2471 4197 virtus:
2519 4147 2618 4202 nisi
2640 4149 2843 4219 justitia
2877 4170 3021 4214 esset
3063 4177 3126 4217 ac
3155 4165 3344 4234 virtus,
3397 4189 3503 4230 non

1908 4229 2271 4293 proposuisset
2306 4233 2378 4289 illi
2407 4243 2708 4299 mercedem
2743 4247 2901 4304 Deus.
2941 4251 3072 4309 Nam
3109 4263 3503 4324 confessionem

1906 4317 2148 4378 obtinere
2190 4331 2512 4401 mercedem,
2542 4339 2664 4393 audi
2693 4344 2884 4412 quibus
2911 4350 3088 4407 verbis
3117 4355 3393 4426 Scriptura
3424 4373 3498 4418 te-

1902 4420 2075 4469 statur
2105 4436 2116 4470 :
2141 4417 2238 4471 Dic
2280 4431 2334 4476 tu
2376 4425 2663 4497 iniquitates
2684 4445 2797 4490 tuas
2847 4441 3068 4511 primus,
3104 4457 3157 4501 ut
3199 4451 3504 4522 justi/iceris

1902 4503 2054 4571 (Isai.
2089 4511 2176 4565 45.
2214 4511 2284 4569 25
2310 4517 2346 4584 ).
2385 4519 2555 4586 Quem
2590 4528 2799 4584 tandem
2835 4503 3068 4602 pudebit,
3094 4503 3486 4616 inhisin-penis,

1898 4612 2004 4662 quo
2029 4598 2082 4652 fit
2109 4602 2322 4669 justus?
2347 4625 2505 4680 quem
2531 4619 2770 4675 confiteri
2799 4598 3013 4693 peccata
3047 4633 3259 4702 pudeat,
3292 4598 3346 4692 ui
3375 4598 3497 4709 pec,-

1897 4700 2011 4744 crta
2035 4694 2241 4751 Solvat?
2263 4700 2395 4757 Num
2428 4708 2568 4762 enim
2593 4709 2793 4769 idcirco
2811 4730 3021 4786 peccata
3049 4724 3199 4792 jubet
3222 4731 3490 4800 confiteri,

1898 4790 1954 4834 ut
1980 4787 2204 4853 puniat?
2231 4792 2338 4848 imo
2367 4809 2422 4851 ut
2448 4799 2699 4858 dimittat.

1967 4880 2018 4933 4.
2068 4883 2198 4940 Nam
2242 4890 2292 4944 in
2321 4895 2556 4950 externis
2582 4898 2792 4966 quidem
2823 4904 3179 4966 tribunalibus
3208 4924 3323 4982 post
3354 4931 3481 4973 cou-

1895 4971 2183 5032 fessionem
2211 4985 2449 5051 sequitur
2500 5004 2674 5057 poena.
2717 4993 3006 5067 Propterea
3052 5005 3286 5071 psalmus
3328 5002 3491 5069 etiam

1891 5064 1991 5121 hoc
2043 5070 2213 5137 ipsum
2258 5076 2611 5139 reformidans
2637 5125 2651 5152 ,
2685 5102 2753 5142 ne
2795 5091 2913 5160 quis
2953 5106 3097 5150 metu
3142 5114 3331 5168 parum,
3365 5121 3485 5175 qum

1887 5161 2283 5222 confessionem
2331 5185 2601 5241 sequatur,
2643 5192 2856 5249 peccata
2887 5185 3204 5260 denegaret,
3232 5195 3326 5262 ait,
3352 5199 3483 5253 (ἱωιυ

1885 5250 2098 5317 ﬁtemini
2119 5256 2357 5326 Domino,
2390 5270 2627 5330 quoniam
2657 5272 2848 5338 bonus;
2878 5283 3116 5347 quoniam
3157 5285 3208 5337 in
3240 5290 3485 5349 sa’cttlmu

1884 5344 2228 5403 misericordia
2251 5355 2360 5424 ejus
2405 5357 2574 5428 (Psal.
2607 5362 2729 5418 105.
2764 5368 2840 5435 1).
2874 5344 3009 5425 Num
3052 5375 3194 5428 enim
3241 5388 3326 5432 tua
3358 5344 3482 5450 pec:

1881 5446 1994 5490 cata
2026 5442 2215 5509 nescit,
2262 5446 2362 5500 nisi
2407 5457 2458 5502 tu
2503 5455 2780 5510 confessus
2827 5458 3030 5516 fueris?
3059 5464 3195 5533 Quid
3219 5484 3347 5538 ergo
3378 5474 3472 5527 tibi

1879 5531 2097 5597 prodest
2126 5537 2166 5591 si
2194 5539 2411 5596 minime
2437 5545 2759 5602 confiteare?
2790 5568 2915 5608 num
2933 5557 3073 5610 enim
3099 5569 3248 5628 potes
3272 5564 3479 5621 latere?

1876 5622 2129 5687 Quamvis
2161 5645 2264 5683 non
2296 5631 2515 5700 dixeris,
2550 5638 2638 5693 ille
2669 5645 2815 5698 novit
2852 5664 2864 5699 :
2908 5650 3048 5717 quod
3079 5653 3120 5704 si
3153 5662 3204 5707 tu
3248 5655 3471 5727 dixeris,

1877 5717 1964 5772 ille
2005 5720 2349 5779 obliviscitur.
2395 5726 2529 5784 Ecce
2573 5735 2712 5788 enim
2745 5753 2836 5804 ego
2878 5757 2988 5794 sum
3031 5743 3189 5810 Dens,
3217 5751 3304 5816 qui
3329 5752 3472 5806 duleo

1871 5811 2156 5880 iniquitates
2200 5826 2329 5882 tuas,
2371 5833 2418 5874 ct
2457 5839 2556 5876 non
2582 5829 2884 5883 recordubor
2917 5831 3066 5903 (lsai.
3094 5837 3181 5892 43.
3215 5839 3285 5894 25
3303 5839 3343 5910 ).
3379 5843 3468 5897 γί-

1873 5904 2007 5961 des?
2037 5905 2149 5960 Non
2173 5909 2516 5980 recordabar,
2549 5917 2750 5989 inquit;
2787 5931 2867 5976 est
2892 5927 3033 5980 enim
3081 5928 3182 5985 hoc
3221 5934 3463 5990 clemen-
