4224 6302
721 349 826 405 67.9

722 472 842 518 tite:
872 474 925 519 at
952 473 1005 518 tu
1028 461 1329 527 recordare,
1381 470 1435 513 ut
1464 462 1822 530 castigationis
1848 471 2029 531 captes
2064 461 2299 514 occasio-

722 543 863 612 nem.
899 555 1020 609 llaec
1048 569 1167 608 cum
1188 552 1441 607 attdiisset
1466 551 1675 616 Paulus,
1702 562 2057 623 peccatorum,
2079 566 2301 621 quarunt

722 661 829 700 non
868 643 1244 699 recordabatur
1274 644 1432 708 Deus,
1467 652 1723 713 perpetuo
1752 642 2148 707 recordabatur,
2179 656 2299 697 cum

722 735 793 789 ita
815 734 1017 788 diceret
1047 751 1061 788 :
1092 732 1213 786 Non
1262 750 1373 788 sum
1420 733 1599 803 dignus
1643 733 1809 788 vocari
1858 732 2133 802 apostolus,
2186 748 2304 800 quo-

721 828 859 879 niam
899 834 1224 898 persequutus
1249 841 1361 877 sum
1389 823 1664 877 Ecclesium
1700 822 1791 877 Dei
1817 823 1893 893 (1.
1925 820 2040 877 Cor.
2073 823 2159 877 15.
2200 821 2255 892 9)
2284 839 2298 877 :

716 926 791 979 et,
817 915 1052 971 Christus
1095 916 1223 970 venit
1255 916 1306 968 in
1332 915 1571 967 mundum
1615 924 1897 983 peccatores
1923 913 2087 967 salvos
2115 919 2321 984 [αα-τε.-

718 1025 934 1078 quorum
974 1010 1164 1076 primus
1190 1024 1279 1078 ego
1314 1024 1425 1061 sum
1458 1008 1533 1076 (ι.
1576 1005 1707 1059 Tim.
1743 1007 1792 1060 i.
1843 1006 1964 1075 15).
2010 1005 2122 1059 Non
2150 1005 2300 1067 dixit,

722 1097 904 1166 Eram,
924 1098 1039 1165 sed,
1059 1098 1206 1153 Sum.
1232 1097 1389 1151 Facta
1412 1108 1520 1151 erat
1551 1098 1793 1150 remissio
1814 1105 2146 1166 peccatorum
2164 1093 2303 1162 apud

723 1188 907 1254 Deum,
936 1196 991 1242 et
1017 1187 1155 1257 apud
1183 1187 1402 1242 Paulum
1428 1197 1763 1255 peccatorum
1796 1188 2047 1240 memoria
2076 1202 2180 1238 non
2198 1185 2295 1238 de-

720 1281 957 1343 tebatur;
990 1295 1108 1349 qua;
1149 1278 1405 1334 Dominus
1432 1280 1727 1341 deleverat,
1761 1277 1878 1332 hmc
1915 1278 2027 1345 ipse
2065 1276 2306 1345 divulga-

718 1369 826 1427 ltat.
877 1369 1113 1422 Audistis
1163 1368 1304 1423 enim
1351 1368 1662 1437 proiihetam
1714 1366 1979 1421 dicentem
2024 1384 2036 1421 :
2095 1365 2157 1419 Et
2206 1382 2305 1418 non

718 1460 1021 1515 recordabar
1052 1458 1203 1529 (Isai.
1227 1461 1295 1513 45
1322 1460 1339 1529 )
1370 1476 1382 1511 :
1411 1470 1463 1512 at
1490 1467 1544 1512 tu
1568 1458 1872 1512 recordare.
1900 1457 2037 1511 Deus
2070 1472 2161 1510 vas
2191 1456 2301 1510 ele-

725 1550 918 1605 ctionis
948 1551 1120 1619 ipsum
1146 1560 1297 1605 vocat
1322 1550 1465 1621 (Act.
1508 1549 1558 1603 9.
1600 1549 1721 1619 15),
1750 1558 1803 1603 et
1838 1549 1937 1602 iste
1966 1562 2024 1602 se
2065 1556 2308 1617 peccato-

722 1659 838 1698 rnm
873 1643 1099 1713 primum
1128 1652 1299 1697 vocat.
1335 1643 1485 1708 Quod
1535 1643 1578 1695 si
1611 1633 1947 1711 peccatorum
1978 1655 2083 1693 non
2112 1638 2306 1693 oblivi-

720 1734 987 1799 scchatur,
1014 1734 1185 1804 cogita
1212 1750 1317 1805 quo
1345 1746 1497 1805 pacto
1527 1734 1617 1787 Dei
1652 1733 2027 1788 beneﬁciorum
2064 1729 2311 1785 recorda-

720 1832 887 1881 retur.
919 1825 1056 1895 Quid
1088 1841 1187 1897 ego
1224 1826 1344 1880 dico
1382 1826 1688 1879 memoriam
1725 1832 2060 1893 peccatorum
2095 1822 2311 1876 minimc

722 1917 919 1987 probro
949 1916 1200 1973 afﬁcere?
1228 1932 1333 1971 non
1366 1917 1435 1970 ita
1476 1930 1571 1969 nos
1598 1915 1852 1969 memoria
1880 1923 2024 1969 recte
2054 1913 2310 1968 factorum

724 2009 899 2064 reddit
943 2010 1193 2076 illustres,
1245 2019 1301 2063 ut
1342 2010 1592 2063 memoria
1628 2018 2009 2077 peccatorum:
2054 2007 2160 2060 imo
2187 2022 2314 2061 vero

725 2117 830 2157 non
861 2102 1019 2157 modo
1047 2118 1154 2157 non
1185 2101 1357 2157 reddit
1400 2103 1633 2156 lianll‘PS
1661 2101 1913 2154 memoria
1966 2109 2109 2153 recte
2152 2100 2318 2153 faeto-

725 2207 864 2258 rum,
894 2193 989 2247 sed
1034 2195 1195 2248 etiam
1246 2194 1533 2271 Opprohriio
1572 2191 1735 2245 afticit
1784 2200 1837 2245 et
1874 2190 2226 2254 condemnat;
2262 2198 2317 2243 at

728 2292 1068 2351 peccatormn
1112 2282 1365 2339 memoria
1421 2282 1607 2336 ﬁducia
1654 2296 1752 2336 nos
1790 2295 1852 2335 ac
1890 2281 2093 2349 justitia
2148 2280 2313 2333 multa

729 2373 980 2427 cumulat.
1034 2373 1162 2441 Quis
1189 2373 1292 2427 hoc
1317 2372 1489 2427 dicit?
1538 2370 1835 2425 Pharismus
1880 2380 1934 2423 et
1980 2368 2314 2438 publicanus.

729 2464 860 2520 Nam
894 2465 979 2519 hic
1002 2464 1212 2534 quidem
1242 2480 1363 2520 cum
1402 2479 1496 2519 sua
1536 2475 1751 2534 peccata
1780 2462 2020 2525 dixisset,
2056 2461 2314 2529 jnstilica-

736 2567 827 2624 tus,
857 2556 1159 2618 descendit;
1191 2555 1277 2608 ille
1308 2569 1432 2609 vero
1460 2568 1581 2608 cum
1611 2569 1705 2608 sua
1733 2562 1876 2607 recte
1903 2552 2039 2606 facta
2071 2550 2312 2614 dixisset,

730 2646 1011 2717 publicano
1062 2645 1230 2699 factus
1278 2642 1497 2699 inferior
1534 2642 1827 2698 descendit.
1868 2629 2037 2698 'Vidcs
2066 2651 2319 2713 quantum

736 2738 1128 2794 aﬂeratdanmi
1173 2749 1315 2793 recte
1363 2736 1620 2791 factorum
1672 2736 2024 2791 meminisse:
2070 2744 2321 2855 quam?»

736 2833 904 2855 _-_2-a
960 2832 1237 2855 “antu”--.
1292 2838 1627 2855 -.Λευ-..ιη-η...
1682 2828 1900 2855 ...ξηεηηι
1944 2826 2219 2855 ,ιιλέιοζοηῖθ
2256 2828 2321 2855 ΑΛ

733 2833 907 2900 pariat
960 2832 1239 2886 utilitatem
1292 2838 1630 2899 peccatorum
1682 2828 1901 2882 minime
1943 2826 2325 2881 ohlivisciYAc

738 2927 929 2980 merito
957 2940 1084 2979 sane
1114 2943 1127 2979 :
1156 2924 1243 2992 qui
1270 2937 1496 2991 namque
1521 2929 1665 2976 recte
1692 2919 1949 2975 factorum
1982 2919 2242 2984 meminit,
2271 2918 2321 2971 in

738 3016 1042 3086 superbiam
1108 3015 1365 3079 ematur,
1417 3023 1641 3068 cmteros
1690 3012 1932 3066 homines
1981 3019 2323 3079 aspernatur,

740 3107 880 3176 quod
912 3116 964 3162 et
992 3106 1182 3160 accidit
1222 3104 1489 3159 l’harisxo
1519 3120 1531 3155 :
1560 3118 1733 3172 neque
1756 3101 1896 3156 enim
1925 3102 1976 3155 in
2007 3110 2203 3155 tantam
2232 3114 2327 3153 ve-

746 3204 915 3257 nisset
936 3200 1289 3271 arrogantiam
1308 3241 1324 3266 ,
1354 3214 1459 3253 non
1488 3196 1729 3277 dixisset,
1763 3194 1883 3248 Non
1917 3210 2027 3247 sum
2055 3193 2184 3247 sicut
2227 3208 2329 3246 ca:-

751 3296 844 3350 tcri
871 3296 1095 3349 homines
1130 3292 1277 3363 (Luc.
1322 3292 1409 3347 18.
1454 3291 1512 3345 ll
1539 3290 1593 3359 ),
1628 3288 1727 3342 nisi
1776 3286 1961 3356 jejunii
1992 3285 2071 3339 sui
2100 3284 2333 3339 decima-

746 3402 970 3457 rumquc
998 3384 1356 3448 meminisset;
1384 3382 1638 3437 memoria
1663 3394 1788 3435 vero
1814 3384 2150 3448 peccatorum
2178 3390 2328 3429 men-

749 3491 853 3535 tem
883 3479 1139 3549 reprimit,
1168 3477 1516 3532 humilitatem
1546 3474 1753 3537 suadet,
1784 3488 1846 3527 ac
1870 3488 1961 3542 per
1978 3470 2332 3526 humilitatem

751 3574 1173 3630 hcttcvolcntiam
1207 3573 1294 3627 Dei
1324 3571 1591 3625 conciliat.
1617 3570 1772 3633 Audi,
1813 3583 2017 3638 qumso,
2044 3582 2149 3637 quo
2180 3574 2334 3635 pacto

757 3681 857 3720 nos
908 3665 1150 3721 Christus
1190 3674 1334 3719 recte
1380 3664 1517 3717 facta
1548 3662 1799 3717 oblivioni
1854 3660 2063 3715 tradere
2103 3660 2284 3728 jubcat
2320 3678 2332 3713 :

753 3754 882 3811 Cum
922 3757 1134 3827 feceritis
1181 3756 1288 3808 Iure
1317 3755 1503 3818 omnia,
1539 3754 1705 3813 dicite.
1751 3752 1895 3807 Servi
1940 3752 2142 3804 inutiles
2166 3767 2337 3804 sumus

756 3848 907 3919 (Luc.
954 3850 1039 3903 l7.
1065 3848 1131 3903 i0
1160 3847 1202 3918 ).
1254 3847 1331 3902 Tu
1357 3847 1441 3901 dic
1470 3846 1707 3901 inutilem
1737 3859 1855 3899 esse
1884 3854 1935 3899 te
1961 3858 2197 3906 servum,
2227 3858 2333 3896 non

763 3958 863 4012 ego
885 3951 935 3995 te
962 3940 1197 3995 inutilem
1230 3939 1397 3996 reddo
1427 3957 1439 3991 :
1466 3948 1519 3993 ιιι
1546 3938 1588 3992 si
1624 3949 1764 3991 tuam
1796 3938 1907 4006 ipse
1924 3936 2182 3989 vilitatem
2207 3950 2336 3987 con-

760 4036 930 4089 fessus
956 4032 1137 4098 fueris,
1169 4047 1267 4102 ego
1290 4041 1339 4087 te
1370 4032 1625 4085 illustrem
1651 4028 1833 4093 reddo,
1866 4037 1918 4081 ct
1940 4040 2135 4081 corona
2167 4041 2342 4079 remu-

761 4140 893 4178 πετο

845 4213 1172 4267 l’eccatorum
1214 4213 1471 4267 recordari
1506 4228 1656 4283 quam
1698 4211 1836 4264 utile.
1881 4208 2108 4263 [framea
2149 4208 2342 4262 consci-

762 4307 907 4359 entia:
957 4305 1253 4357 ineundum.
1296 4334 1366 4344 -—
1403 4304 1561 4357 Vides
1609 4311 1738 4372 quot
1790 4301 2109 4355 testimoniis
2162 4298 2344 4352 utilem

766 4412 885 4452 esse
921 4405 1261 4466 peccatorum
1292 4395 1603 4449 memoriam
1635 4393 1784 4447 nobis
1830 4393 1989 4446 fuerit
2029 4389 2345 4458 comproha-

766 4498 896 4548 tum.
927 4496 981 4542 et
1007 4488 1216 4542 noxiam
1239 4486 1548 4541 memoiiam
1578 4494 1721 4540 recte
1746 4480 2003 4538 factorum
2038 4502 2049 4535 :
2080 4493 2133 4535 et
2163 4492 2345 4536 contra

767 4593 952 4634 rursus
1003 4578 1315 4649 supplicium
1362 4577 1514 4631 nobis
1561 4592 1625 4629 ex
1674 4574 1938 4629 oblivione
1984 4582 2347 4643 peccatorum,

769 4672 1045 4725 utilitatem
1092 4676 1266 4723 autem
1288 4682 1351 4722 ex
1386 4666 1650 4721 ohl.vione
1704 4674 1845 4721 recte
1888 4664 2143 4720 laetorum
2186 4663 2351 4719 oriri?

770 4764 860 4818 Vis
887 4764 1047 4817 etiam
1081 4759 1295 4816 aliunde
1341 4773 1664 4829 ceguoscere
1706 4757 1993 4811 maximum
2038 4770 2157 4811 esse
2209 4765 2354 4811 recte

770 4855 965 4909 factum
1007 4863 1338 4924 peccatorum
1369 4852 1669 4907 recordari?
1709 4851 1839 4904 Audi
1865 4851 2074 4905 Johum.
2106 4851 2175 4906 Ut
2211 4852 2353 4906 enim

771 4946 982 5001 creteris
1014 4944 1367 5015 gloriabatur,
1412 4932 1480 4996 ita
1522 4954 1574 4997 et
1614 4942 1946 4997 confessione
1972 4952 2353 5011 peccatorum,

806 5054 892 5092 um
935 5038 1005 5091 ita
1052 5036 1289 5091 diceret:
1324 5034 1471 5099 Quod
1500 5034 1543 5087 si
1580 5050 1691 5087 cum
1714 5044 1890 5102 sponte
1926 5049 2225 5101 peccassem,
2266 5050 2355 5087 ea:-

774 5129 889 5198 ι)αυὶ
917 5127 1248 5195 frequentiam
1275 5125 1605 5179 multitudinis
1627 5142 1647 5189 ;
1682 5134 1734 5176 ut
1761 5140 1862 5177 non
1906 5124 2216 5176 enuntiarem
2240 5140 2359 5193 pec-

800 5228 893 5271 ata
926 5234 1033 5272 utea
1080 5216 1210 5287 (Iob
1244 5219 1301 5272 3i
1322 5256 1335 5269 .
1367 5216 1487 5289 54).
1514 5216 1711 5270 llorum
1755 5224 1929 5268 autem
1967 5216 2246 5269 verborum
2276 5215 2359 5270 hic

775 5324 966 5363 sensus
1009 5319 1089 5362 est
1131 5326 1143 5361 :
1174 5322 1457 5375 numquam
1490 5306 1615 5360 tnihi
1642 5315 1811 5361 emtus
1853 5320 2229 5360 conservorum
2261 5321 2359 5375 pu-

779 5401 963 5454 dorem
1007 5401 1275 5468 imposuit.
1319 5398 1451 5463 Quid
1498 5399 1639 5451 enim
1689 5397 1905 5465 prodest
1960 5397 2195 5465 ignotum
2242 5412 2362 5452 esse

785 5491 1107 5555 hominibus,
1132 5490 1435 5546 canudex
1465 5490 1643 5543 omnia
1674 5488 1919 5541 noverit?
1944 5488 2071 5556 quid
2099 5503 2225 5541 vero
2256 5504 2355 5542 uo-

783 5592 890 5649 cet,
920 5582 1063 5653 quod
1108 5581 1159 5635 hi
1205 5597 1325 5651 qurc
1352 5596 1379 5632 a
1412 5580 1564 5633 nobis
1592 5580 1873 5633 commissa
1921 5586 2063 5640 sunt,
2097 5581 2359 5642 noverint,

790 5678 834 5730 si
866 5694 960 5730 nos
991 5676 1077 5731 ille
1121 5690 1271 5745 pinna
1300 5674 1523 5728 voluerit
1553 5674 1823 5727 liberare?
1849 5672 1996 5726 Licet
2019 5687 2205 5726 omnes
2230 5688 2359 5727 con-

786 5766 1061 5832 demnem,
1087 5770 1129 5820 si
1158 5782 1240 5822 me
1271 5765 1476 5822 calculo
1497 5780 1593 5821 suo
1614 5764 1780 5822 iudex
1802 5765 2062 5835 absolvat,
2094 5763 2223 5824 nihil
2242 5766 2361 5823 illo-

1463 346 1521 402 S.
1560 345 1834 403 JO.\NNlS
1872 345 2340 404 ειιῐιγδθδτοιιι
2384 346 2697 407 ARClill-ZP.
2738 351 3260 411 CUXSTAN‘I‘INOP.

3897 348 4007 408 660

2414 476 2527 515 rum
2555 465 2869 518 sententiam
2912 480 3041 520 curo
3075 485 3089 521 :
3134 466 3255 519 licet
3296 480 3482 521 utnnes
3515 467 3731 523 laudent
3768 478 3827 523 et
3851 463 4003 519 cele-

2408 553 2583 615 brent.
2613 555 2656 608 si
2681 570 2764 609 me
2788 556 2876 610 ille
2910 557 3251 623 condemnet,
3285 559 3417 611 nihil
3441 558 3569 613 mihi
3595 558 3852 628 judicium
3882 561 4006 614 illo-

2408 660 2525 700 rum
2562 647 2794 715 prodest.
2826 646 3048 716 Scmper
3087 650 3229 703 enim
3268 649 3452 704 oculos
3484 652 3534 704 in
3588 650 3734 705 illum
3786 663 4008 721 oportet

2407 746 2735 803 convertere,
2765 738 3008 808 idemque
3030 740 3385 808 prmstandum
3403 750 3484 794 est
3510 742 3559 793 in
3580 740 3831 810 peccatis,
3855 742 4006 809 quod

2406 827 2459 883 in
2492 830 2830 898 pecuniarum
2878 831 3114 899 impensa
3146 840 3479 899 prtestamus.
3520 829 3710 885 Statim
3746 830 3889 885 enim
3924 842 4007 886 at-

2405 933 2512 989 que
2557 934 2588 973 e
2625 919 2784 973 cuhili
2826 920 3177 984 surreximus,
3232 906 3516 989 antequam
3570 920 3758 989 pedem
3818 921 3870 973 in
3920 918 3998 973 To.

2405 1024 2524 1063 rum
2575 1011 2885 1076 inferamus,
2940 1019 3033 1065 aut
3080 1010 3293 1080 aliquod
3345 1011 3606 1079 privatzm
3664 1011 4006 1078 publicumve

2407 1100 2676 1169 negotium
2732 1101 3101 1171 aggrediamur
3126 1142 3143 1167 ,
3186 1110 3375 1155 vocato
3421 1111 3579 1154 servo
3616 1100 3881 1155 rationem
3930 1099 4003 1153 ab

2407 1206 2472 1245 co
2524 1191 2783 1261 exigimus
2826 1206 3214 1261 cxpensarutn,
3272 1200 3328 1245 ut
3380 1190 3657 1245 videamus
3702 1190 3831 1259 quid
3886 1205 4010 1259 pcr-

2409 1296 2628 1351 peram,
2685 1281 2811 1350 quid
2857 1282 2911 1335 in
2962 1282 3224 1351 legitimos
3271 1296 3399 1335 usus
3451 1282 3776 1347 insumptum
3820 1277 4005 1341 fuerit.

2408 1381 2769 1443 quantumque
2791 1372 2861 1426 sit
2888 1372 3153 1442 reliquum
3176 1390 3189 1427 :
3206 1371 3345 1441 quod
3364 1372 3407 1425 si
3433 1371 3778 1440 perexiguum
3794 1384 3917 1423 esse
3930 1369 4011 1422 vi-

2410 1464 2650 1517 derimus
2670 1463 2742 1528 id,
2761 1463 2899 1533 quod
2920 1472 3106 1527 restat,
3136 1476 3322 1517 omnes
3337 1462 3449 1517 vias
3475 1460 3841 1531 augendorum
3863 1458 4008 1515 redi-

2416 1562 2566 1607 tuum
2590 1555 2971 1622 exeogitamus,
2996 1568 3062 1607 ne
3088 1552 3225 1607 forte
3255 1552 3451 1607 incauti
3470 1552 3606 1605 tame
3632 1550 4007 1605 conﬁciantur.

2422 1644 2534 1699 lloc
2577 1643 2735 1712 igitur
2772 1654 2825 1697 et
2859 1643 2912 1698 in
2951 1644 3248 1697 actionibus
3288 1641 3485 1697 nostris
3532 1642 3806 1695 iaciamus.
3831 1640 4013 1695 Advo-

2411 1747 2527 1790 cata
2558 1736 2878 1790 conscientia
2918 1744 3098 1789 nostra
3136 1736 3371 1789 rationes
3406 1733 3680 1802 exigamus
3700 1733 3769 1786 ab
3796 1746 3861 1786 ea
3894 1746 4006 1785 ver-

2414 1827 2622 1892 borum,
2664 1829 2954 1890 actionum,
2997 1825 3415 1895 cogitationum;
3466 1824 3826 1892 diSquiramus
3872 1820 4004 1893 quid

2415 1916 2695 1972 commode
2748 1917 3053 1986 utiliterque
3102 1916 3173 1970 sit
3231 1916 3593 1985 insumptum,
3646 1914 3773 1983 quid
3814 1913 3869 1967 in
3911 1928 4012 1967 no.

2416 2018 2581 2063 strum
2605 2008 2889 2073 damnum;
2915 2008 3034 2076 quis
3060 2020 3240 2066 sermo
3260 2020 3536 2077 perperam
3558 2004 3715 2059 fuerit
3736 2003 4014 2074 impensus

2419 2104 2471 2157 in
2502 2102 2876 2166 detractiones,
2910 2101 2962 2155 in
2993 2099 3334 2170 turpiloquia,
3369 2100 3422 2153 in
3439 2098 3825 2163 contumelias;
3859 2110 4013 2166 qua:-

2420 2210 2540 2249 nam
2569 2196 2820 2263 cogitatio
2856 2192 2922 2247 ad
2969 2193 3239 2246 lasciviam
3285 2190 3497 2244 oculum
3538 2188 3841 2251 concitarit,
3864 2188 4012 2256 quod

2419 2285 2700 2339 consilium
2730 2286 2782 2338 in
2808 2284 3057 2356 damnum
3100 2291 3339 2337 nostrum
3373 2282 3423 2335 in
3456 2295 3590 2351 opus
3628 2282 3849 2346 exierit,
3897 2281 4014 2333 sive

2422 2378 2669 2431 manibus
2713 2376 2881 2442 illud,
2933 2375 3045 2430 sive
3091 2374 3303 2444 lingua,
3346 2374 3457 2427 sive
3502 2372 3673 2426 oculis
3712 2371 3845 2441 ipsis
3894 2370 4015 2424 fuc-

2422 2469 2587 2522 rimus
2614 2466 2895 2536 exscquuti
2925 2485 2940 2519 :
2972 2474 3026 2521 et
3053 2464 3120 2519 ab
3142 2463 3525 2532 intempestivis
3540 2461 3757 2531 quidem
3782 2460 4032 2529 sumpti-'

2423 2559 2523 2613 hus
2546 2558 2812 2613 abstinere
2840 2556 3168 2622 Studeamus,
3191 2555 3243 2609 in
3271 2555 3443 2609 locum
3466 2565 3642 2607 autem
3666 2567 3878 2617 eorum,
3893 2567 4018 2621 qua:

2425 2652 2563 2707 male
2607 2652 2871 2719 insumpta
2900 2660 3041 2713 sunt,
3073 2649 3208 2703 alios
3240 2646 3441 2702 reditus
3467 2645 3823 2701 recondamus
3853 2662 3866 2697 :
3900 2644 4023 2699 loco

2426 2750 2710 2802 verborum
2737 2755 2937 2803 temere
2963 2743 3290 2814 prolaturum
3318 2755 3525 2810 preces,
3553 2740 3674 2793 loco
3701 2747 4021 2807 aspectuum

2429 2840 2745 2895 lascivorum
2796 2837 3167 2906 clccmosynas
3208 2842 3265 2888 et
3300 2831 3523 2901 jejunia.
3548 2830 3607 2885 Si
3633 2830 3780 2884 enim
3821 2829 4023 2882 intem-

2430 2933 2630 3001 ρος.ιίιό
2671 2929 2839 2983 simus
2884 2925 3238 2996 insumpturi,
3271 2923 3405 2977 nihil
3446 2930 3623 2977 autem
3648 2918 3980 2974 recondituri
4006 2958 4024 2981 ,

2432 3038 2604 3092 neque
2627 3020 2751 3075 boni
2771 3018 3057 3090 quidquam
3076 3016 3228 3071 nobis
3252 3015 3308 3074 in
3337 3012 3599 3068 thesauris
3628 3011 3939 3081 reposituri,
3966 3008 4025 3064 in

2432 3124 2722 3167 extremam
2759 3117 3049 3178 egestatem
3076 3104 3321 3161 redactos
3362 3103 3601 3157 incautos
3648 3101 3701 3155 in
3743 3108 4007 3154 aeternum

2435 3203 2570 3273 ignis
2615 3201 2929 3271 supplicium
2971 3197 3271 3269 praecipites
3299 3194 3535 3265 agemus.
3566 3194 3645 3247 Ac
3676 3193 4027 3262 pecuniarum

2433 3295 2643 3365 quidem
2676 3307 2884 3347 summo
2909 3304 3066 3345 mane
3082 3288 3288 3343 olemus
3306 3286 3540 3340 rationes
3567 3283 3722 3349 inire,
3753 3282 4025 3336 actionum

2435 3401 2562 3440 vero
2591 3394 2711 3455 post
2739 3382 3039 3453 prandium,
3070 3379 3153 3435 vel
3180 3379 3280 3433 sub
3306 3378 3476 3447 ipsam
3502 3388 3782 3445 vesperam
3804 3375 3857 3429 in
3888 3373 4033 3427 lecto

2433 3481 2692 3551 jaccntes,
2722 3474 2935 3531 nomine
2975 3470 3364 3542 interpellante,
3398 3468 3610 3522 nemine
3636 3463 4032 3535 interturbante

2439 3589 2468 3627 a
2497 3572 2648 3627 nobis
2678 3569 2806 3640 ipsis
2834 3567 3091 3631 omnium,
3111 3580 3228 3634 qua:
3258 3561 3479 3617 fecimus
3495 3574 3560 3614 ac
3576 3558 3827 3623 diximus,
3856 3556 4031 3610 ratio-

2439 3678 2560 3717 nem
2588 3660 2879 3729 exigamus.
2910 3654 3060 3723 Quod
3085 3654 3130 3708 si
3153 3652 3275 3723 quid
3302 3658 3578 3721 peccatum
3621 3662 3741 3703 esse
3783 3645 4030 3701 animad-

2440 3762 2730 3813 vertamus.
2774 3749 3097 3817 castigemus
3142 3743 3545 3803 conscientiam,
3577 3749 3814 3793 mentem
3852 3737 4035 3792 incre-

2442 3857 2648 3914 pcmus,
2677 3856 2769 3894 cor
2804 3847 3041 3893 nostrum
3085 3836 3155 3889 ita
3199 3832 3545 3885 vehementer
3584 3840 4032 3897 compungamus,

2447 3944 2502 3989 ut
2528 3948 2631 3987 non
2656 3930 2902 3999 amplius,
2932 3926 3019 3979 ubi
3042 3927 3455 3987 surrexerimus,
3480 3920 3531 3974 in
3552 3918 3688 3973 idem
3712 3918 3914 3986 peccati
3941 3916 4037 3970 ha-

2445 4024 2682 4079 rathrnm
2710 4036 2805 4075 nos
2832 4017 3118 4072 audeamus
3144 4013 3437 4083 impellere,
3466 4009 3779 4079 veSpcrtina:
3818 4019 4030 4061 memo-

2446 4130 2534 4171 res
2559 4113 2835 4169 sectionis.

2520 4207 2573 4260 5.
2594 4205 2705 4259 lloc
2719 4205 2857 4257 cnim
2878 4212 3084 4270 tempus
3112 4197 3285 4267 aptius
3305 4209 3425 4250 esse
3449 4191 3515 4247 ad
3532 4172 3802 4261 Ejusmodi
3828 4187 4039 4242 ratioci-

2450 4301 2615 4362 nium,
2634 4296 2871 4365 audiqno
2892 4302 3043 4364 pacto
3065 4299 3284 4346 testetur
3302 4286 3702 4357 prepheta,cum
3715 4281 3885 4335 dicat:
3908 4278 4041 4345 Qui:

2452 4391 2615 4443 dicitis
2627 4390 2675 4440 in
2689 4386 2919 4439 cordibus
2932 4384 3123 4447 vestris,
3140 4381 3191 4434 in
3204 4378 3444 4432 cubilibus
3460 4375 3633 4429 vestris
3644 4371 4042 4441 compungimini

2455 4481 2680 4553 (PsaM.
2696 4477 2773 4547 5).
2792 4475 2948 4529 Multa
2964 4472 3189 4527 interdiu
3208 4485 3312 4522 non
3329 4479 3384 4521 ut
3402 4465 3643 4521 volumus
3658 4478 3687 4516 a
3704 4462 3858 4515 nobis
3873 4460 4040 4523 lium;

2455 4581 2508 4627 et
2545 4570 2697 4624 amici
2746 4566 3052 4628 otl‘endnnt,
3099 4572 3151 4617 et
3188 4566 3506 4629 exasperant
3543 4554 3710 4620 servi,
3758 4553 4040 4607 contristat

2459 4677 2609 4725 uxor,
2638 4660 2779 4713 illius
2813 4658 2997 4711 dolore
3039 4653 3216 4717 allicit,
3246 4650 3577 4720 negotiorum
3613 4643 3947 4700 sa:cularimn
3978 4658 4045 4698 ac

2459 4754 2786 4825 publicorum
2816 4765 2913 4804 nos
2942 4747 3093 4802 turba
3134 4741 3495 4804 circumsidet,
3543 4753 3713 4808 neque
3758 4750 4049 4806 possumus

2461 4846 2769 4915 intelligere,
2804 4858 2871 4897 ne
2898 4840 3114 4911 quidem
3150 4854 3251 4909 qua
3291 4838 3495 4890 ratione
3523 4832 3944 4902 supplantemnr.
3978 4834 4048 4884 At

2462 4938 2545 4991 his
2590 4934 2834 4991 omnibus
2880 4929 3152 5001 expediti,
3198 4943 3319 4983 cum
3369 4925 3467 4979 soli
3513 4922 3769 4977 fuerimus
3803 4922 4044 4989 vesperi,

2462 5032 2731 5099 multaque
2760 5024 2859 5081 l‘rui
2887 5022 3093 5079 licuerit
3117 5019 3517 5090 tranquillitate,
3542 5014 3796 5084 judicium
3827 5016 3878 5067 in
3907 5014 4052 5067 lecto

2464 5121 2775 5184 excitemus,
2802 5124 2860 5170 ut
2886 5115 3051 5170 Deum
3078 5112 3230 5167 nobis
3260 5110 3542 5181 propitium
3568 5104 3830 5177 ejusmodi
3868 5102 4053 5157 habita

2464 5212 2757 5281 qurestionc
2799 5206 3103 5263 reddamus.
3131 5203 3281 5270 Quod
3304 5205 3347 5256 si
3376 5199 3612 5270 quotidie
3661 5209 3966 5265 peccemus,
4001 5206 4055 5248 et

2466 5306 2697 5358 animum
2728 5308 2967 5353 nostrum
3006 5296 3364 5351 vulnerctnus.
3399 5302 3686 5357 numquam
3713 5294 3889 5339 autem
3926 5300 4058 5337 sen-

2470 5398 2680 5459 tiamus,
2702 5404 2758 5447 ut
2779 5392 2867 5461 qui
2892 5389 3111 5443 vulnera
3137 5386 3438 5454 frequenter
3466 5380 3749 5449 accipiunt,
3773 5392 3835 5430 ac
3855 5375 4054 5431 deiud:

2468 5487 2786 5555 contemptis
2825 5485 2925 5538 illis
2975 5479 3160 5534 febrim
3188 5478 3287 5533 sihi
3319 5476 3403 5541 vel
3434 5470 3821 5529 intolerandum
3865 5483 4057 5523 περι·-

2470 5590 2586 5634 sunt
2611 5579 2878 5632 interitum
2912 5591 2925 5627 :
2956 5574 3031 5627 sic
3047 5581 3101 5626 et
3118 5586 3215 5624 nos
3233 5570 3333 5623 hoc
3357 5567 3609 5619 continuo
3631 5575 3868 5632 stupore.
3895 5563 4066 5617 inevi-

2478 5670 2622 5725 tahili
2646 5684 2741 5723 nos
2768 5667 3023 5721 obnoxios
3052 5661 3308 5731 supplicio
3340 5654 3688 5712 reddidimus.
3728 5654 3853 5708 Scio
3882 5652 4059 5705 mole-

2472 5775 2552 5823 sta
2579 5777 2695 5820 esse
2723 5776 2840 5833 qua)
2875 5758 3119 5827 dicimus,
3143 5752 3236 5811 sed
3266 5753 3481 5811 multam
3513 5750 3722 5822 pariunt
3752 5747 4061 5805 υιιιιωιυω.
