4246 6320
260 398 372 456 659

262 507 325 565 ελ
349 505 642 579 μνήσθητι,
676 505 764 559 ἵνα
791 503 1170 576 σωφρονισμοῦ
1204 503 1377 577 λάϐῃς
1407 503 1683 568 ὑπόθεσιν,
1711 506 1840 559 Τού-

261 606 379 643 των
420 587 658 651 ἀκούσας
688 590 717 641 ὁ
744 585 953 650 Παῦλος
976 625 991 650 ,
1019 587 1457 659 ἁμαρτημάτων,
1486 580 1562 640 ὧν
1587 587 1687 639 οὐκ
1712 587 1841 656 ἑμέ-

269 688 441 744 μνητο
464 674 492 725 ὁ
520 670 653 733 Θεὸς
675 710 690 735 ,
719 669 884 733 αὐτος
921 668 1181 739 διηνεκῶς
1211 668 1487 738 ἐμέμνητο
1516 668 1716 721 οὕτωσί
1752 667 1842 721 λέ-

264 768 417 821 γων·
447 755 569 807 Οὐκ
606 750 725 819 εἰμί
761 749 968 816 ἱκανὸς
992 750 1317 811 καλεῖσθαι
1358 750 1722 816 ἀπόστολος,
1751 749 1843 803 ὅτι

264 834 484 912 ἐδίωξα
506 832 621 901 τὴν
650 834 1043 912 Ἐκκλησίαν·
1093 833 1187 912 καὶ
1204 872 1220 899 ,
1247 832 1499 901 Χριστὸς
1513 829 1731 912 *ἦλθεν
1754 834 1842 898 εἰς

265 907 379 972 τὸν
398 916 630 985 κόσμον
654 908 1040 984 ἁμαρτωλοὺς
1066 910 1217 987 [εει]
1257 913 1476 978 σῶσαι,
1498 907 1587 968 ὧν
1612 912 1843 982 πρῶτός

264 1002 386 1069 εἰμι
416 996 547 1068 ἐγώ.
579 997 694 1051 Οὐκ
725 992 898 1063 εἶπεν,
928 997 1139 1068 Ἥμην,
1177 993 1314 1061 ἀλλ’,
1340 996 1508 1073 Εἰμίη
1534 996 1599 1049 Ἦ
1631 994 1845 1067 συγχώ-

269 1096 431 1152 ρησις
462 1079 679 1148 ἐγένετο
700 1077 810 1131 τῶν
836 1077 1250 1149 ἁμαρτημάτων
1284 1077 1435 1150 παρὰ
1469 1076 1548 1148 τῷ
1581 1076 1720 1149 Θεῷ,
1749 1079 1845 1132 καὶ

266 1166 304 1233 ἡ
351 1164 539 1233 μνήμη
587 1160 696 1214 τῶν
740 1160 1247 1229 συγκεχωρημένων
1295 1160 1707 1231 ἁμαρτημάτων
1744 1159 1846 1214 ούκ

265 1244 563 1314 ἠφανίζετο
612 1242 758 1314 παρά
785 1242 862 1312 τῷ
890 1241 1086 1312 Παύλῳ
1106 1258 1120 1274 ·
1155 1242 1300 1314 ἀπερ
1330 1245 1360 1310 ῤ
1403 1243 1679 1315 Δεσπότης
1734 1243 1844 1296 ἀπ-

260 1326 479 1407 ήλειψε,
504 1324 675 1407 ταῦτα
700 1324 862 1387 αὐτὸς
876 1323 1265 1407 έξεπόμπευεν.
1291 1324 1590 1407 Ἠκούσατε
1615 1323 1724 1396 7&9
1750 1322 1844 1378 τοῦ

266 1405 549 1481 προφήτου
586 1406 855 1474 λέγοντος,
882 1406 991 1460 Καὶ
1016 1408 1089 1461 οὐ
1115 1405 1203 1476 μὴ
1222 1405 1505 1476 μνησθῶ·
1541 1408 1606 1461 σὺ
1633 1407 1690 1461 δὲ
1717 1408 1848 1478 μνή-

270 1492 451 1560 σθητι.
489 1490 546 1543 ’0
567 1488 701 1552 Θεὸς
728 1487 923 1552 σκεῦος
945 1488 1177 1560 ἐκλογῆς
1199 1490 1361 1543 αὑτὸν
1378 1488 1554 1554 καλεῖ,
1568 1490 1667 1543 καὶ
1690 1481 1848 1554 οὗτος

268 1574 488 1646 πρῶτον
523 1570 630 1625 τῶν
674 1570 1017 1643 ἁμαρτωλῶν
1064 1571 1255 1625 ἑαυτὸν
1320 1572 1493 1626 καλεῖ.
1530 1572 1596 1626 Εἰ
1636 1571 1695 1625 δὲ
1736 1571 1848 1627 τῶν

271 1655 777 1726 συγκεχωρημένων
823 1654 1239 1726 ἁμαρτημάτων
1281 1653 1382 1708 οὐκ
1430 1653 1845 1720 ἐπελανθάνετο,

269 1740 525 1809 ἀγνόησον
557 1736 674 1798 πῶς
704 1735 812 1789 τῶν
853 1735 1184 1807 εὐεργεσιῶν
1226 1737 1507 1808 ἐμέμνητο
1545 1734 1640 1790 τοῦ
1688 1734 1844 1789 Θεοῦ.

267 1818 392 1875 Καὶ
422 1820 477 1873 τί
502 1816 665 1887 λέγω,
708 1818 791 1872 ὅτι
814 1817 877 1871 ού
918 1818 1270 1889 καταισχύνει
1301 1821 1489 1891 μνήμη
1520 1820 1847 1891 ἁμαρτημά-

270 1917 420 1969 των;
452 1903 550 1972 οὑχ
566 1899 739 1964 οὕτως
761 1901 911 1971 ἡμᾶς
926 1903 1069 1955 ποιεῖ
1093 1901 1380 1973 λαμπροὺς
1406 1901 1847 1973 κατορθωμάτων

274 1985 491 2056 μνήμην
514 1984 591 2046 ὡς
617 1986 650 2053 ἠ
684 1983 789 2037 τῶν
824 1982 1239 2054 ἁμαρτημάτων
1263 1982 1483 2055 μνήμη·
1516 1983 1714 2056 μᾶλλον
1734 1983 1791 2037 δὲ
1814 1985 1848 2054 ἡ

274 2068 377 2136 μιν
405 2065 515 2119 τῶν
554 2063 988 2136 κατορθωμάτων
1046 2065 1232 2136 μνήμη
1278 2066 1341 2119 οὐ
1389 2066 1549 2137 μόνον
1594 2069 1656 2121 ού
1708 2069 1852 2121 ποιεί

271 2148 588 2220 λαμπροὺς,
627 2145 765 2201 ἀλλὰ
794 2147 890 2201 καὶ
918 2146 1180 2218 αἰσχύνης
1212 2147 1409 2219 πληροῖ
1444 2148 1541 2204 καὶ
1568 2149 1852 2219 καταγνώ-

271 2246 446 2293 σεως·
495 2232 529 2302 ἡ
572 2229 631 2283 δὲ
676 2228 784 2283 τῶν
834 2230 1245 2300 ἁμαρτημάτων
1302 2231 1491 2302 μνήμη
1544 2231 1868 2304 παρρησίας-

270 2314 424 2384 ἡμᾶς
456 2311 762 2384 ἐμπίπλησι
789 2313 886 2366 καὶ
911 2312 1256 2384 δικαιοσύνης
1296 2313 1518 2385 πολλῆς.
1560 2315 1655 2379 Τίς
1689 2314 1861 2369 τοῦτὸ

271 2411 478 2466 φησιν;
516 2395 577 2449 '0
608 2396 897 2465 Φαρισαῖος
937 2395 1032 2449 καί
1062 2398 1092 2450 ὁ
1117 2394 1376 2467 τελώνης.
1418 2397 1479 2451 '0
1506 2397 1605 2468 μὲν
1628 2396 1738 2469 7&9
1774 2398 1852 2453 εἰ·

272 2477 393 2532 πῶν
420 2478 489 2531 τά
529 2477 917 2549 ἁμαρτήματα,
956 2478 1193 2548 κατῆλθε
1242 2478 1691 2550 δεδικαιωμένος·
1731 2481 1769 2534 ὀν
1793 2479 1853 2535 δι

271 2559 445 2614 εἰπὼν
464 2560 535 2614 τὰ
553 2558 971 2632 κατορθώματα,
1000 2560 1267 2633 κατῆλθεν
1300 2562 1539 2633 έλάττων
1563 2562 1667 2620 τοῦ
1684 2561 1853 2623 τελώ-

254 2659 367 2697 .wu
396 2643 703 2713 γενόμενος.
741 2643 903 2714 Ὁρᾷς
948 2644 1047 2715 δση
1092 2643 1284 2717 βλὰὅη
1304 2645 1618 2717 μεμνῆσθαι
1656 2663 1856 2718 κατορο

272 2726 580 2797 θωμὰτων,
609 2727 707 2796 ὅση
736 2725 975 2795 ὠφέλεια
1023 2728 1098 2797 μὴ
1144 2727 1495 2799 έπιλελῆσθαι
1520 2730 1855 2802 ἁμαρτημά-

271 2824 417 2877 των;
444 2809 553 2865 Καὶ
582 2808 729 2878 μάλα
757 2808 1080 2873 εἰκότωςοὈ
1110 2810 1210 2880 μὲν
1240 2810 1349 2882 γάρ
1370 2808 1477 2864 τῶν
1501 2811 1858 2885 κατορθωμά-

273 2907 387 2945 των
432 2889 777 2961 μεμνημένος
803 2892 882 2954 εἱς
914 2890 1171 2945 ἀπόνοιαν
1201 2892 1439 2963 αἴρεται,
1468 2895 1712 2966 ὑπερορᾷ
1744 2894 1854 2951 τῶν

273 2973 478 3028 λοιπῶν
501 2971 823 3045 ἀνθρώπων,
848 2974 985 3045 ὅπερ
1010 2976 1054 3027 δ.
1072 2975 1365 3046 Φαρισαῖος
1399 2975 1602 3031 ἔπαθεν
1618 2992 1629 3005 ·
1657 2977 1718 3030 ού
1744 2976 1853 3049 7&9

275 3056 347 3112 ἂν
381 3058 461 3120 εἰς
510 3055 779 3124 τοσαύτην
824 3054 1141 3119 ἀλαζονείαν
1187 3052 1374 3131 ἦλθεν,
1416 3058 1517 3111 οὐκ
1560 3057 1628 3114 ἀν
1675 3053 1853 3125 εἶπεν,

278 3140 405 3193 Οὐκ
429 3137 545 3207 εἰμί
573 3137 653 3203 ὡς
678 3139 733 3191 οἰ
757 3138 957 3193 ,ιοιποί
999 3137 1322 3207 ἄνθρωποι,
1372 3139 1422 3192 εί
1465 3140 1542 3212 μὴ
1584 3140 1857 3213 έμέμνητο

274 3222 378 3291 τῆς
407 3219 658 3291 νηστείας
689 3218 850 3273 αὐτοῦ
904 3220 997 3273 καὶ
1024 3219 1127 3290 τῆς
1158 3220 1387 3302 δεκάτης
1408 3239 1422 3253 ·
1466 3224 1501 3292 ή
1550 3222 1609 3276 δὲ
1662 3226 1855 3298 μνήμη

277 3302 392 3357 τῶν
415 3302 827 3375 ἁμαρτημάτων
866 3302 1217 3356 καταστέλλει
1241 3302 1339 3376 τήν
1378 3304 1637 3372 διάνοιαν,
1666 3324 1857 3363 ταπει-

274 3387 556 3455 νοφρονείν
586 3384 795 3448 πείθει,
835 3384 930 3437 καὶ
957 3384 1048 3438 διὰ
1077 3385 1179 3456 τῆς
1208 3387 1708 3461 ταπεινοφροσύνης
1735 3391 1857 3443 am-

279 3469 482 3521 σπᾶται
515 3464 610 3520 τοῦ
636 3463 771 3519 Θεοῦ
798 3466 895 3537 τὴν
927 3465 1437 3523 εὖνοιαν.¹’Δκουσον
1465 3469 1599 3539 γοῦν
1622 3470 1739 3536 πῶς
1759 3472 1855 3527 καὶ

276 3553 310 3605 ὁ
333 3549 568 3622 Χριστὸς
592 3548 801 3603 κελεύει
830 3548 969 3621 λήθῃ
1001 3551 1393 3622 παραπέμπειν
1409 3555 1558 3625 ἡμᾶς
1573 3554 1642 3609 τὰ
1656 3551 1873 3627 κατορέ

278 3632 529 3704 θώματα.
556 3633 735 3685 Ὅταν
758 3632 947 3686 ταῦτα
971 3631 1170 3686 πάντα
1194 3634 1511 3702 ποιήσητε,
1530 3636 1736 3705 λέγετε
1763 3637 1854 3691 ὅτι

292 3715 343 3768 Ἄ
352 3713 535 3783 χρεῖοι
566 3712 776 3768 δοῦλοι
801 3713 1006 3783 ἐσμεν.
1023 3714 1095 3767 Σὺ
1126 3714 1252 3785 λέγε
1283 3717 1364 3770 ὅτι
1403 3718 1619 3789 ἀχρεῖος
1656 3718 1847 3783 δοῦλος

276 3792 354 3860 εἴ,
395 3795 504 3864 ἐγώ
541 3812 601 3849 σε
628 3796 689 3848 οὐ
720 3794 857 3848 ποιῶ
887 3796 1102 3867 ἀχρεῖον
1120 3814 1135 3828 ·
1166 3800 1230 3851 σὺ
1257 3798 1354 3851 έάν
1380 3798 1725 3873 ὁμολογήσῃς
1754 3800 1854 3872 τὴν

278 3878 557 3933 εὐτέλειαν
600 3878 699 3949 τὴν
733 3877 984 3943 σεαυτοῦ,
1029 3876 1142 3948 έγώ
1169 3888 1249 3933 ’σε
1296 3880 1547 3952 λαμπρὸν
1585 3882 1723 3937 ποιῶ
1758 3883 1853 3937 καὶ

275 3978 550 4032 στεφανω.

362 4045 526 4115 Ὁρᾷς
551 4042 640 4097 διά
664 4043 843 4098 πόσων
878 4046 1011 4116 ἡμῖν
1038 4045 1412 4102 ἀποδέδεικται
1437 4047 1627 4119 κέρδος
1644 4046 1852 4119 ’ἔχουσα

275 4126 391 4182 τῶν
416 4128 831 4198 ἁμαρτημάτων
856 4130 889 4199 ἡ
924 4130 1135 4200 μνήμη,
1172 4130 1266 4182 καὶ
1290 4130 1486 4200 βλάϐος
1511 4131 1619 4184 τῶν
1653 4148 1852 4203 κατορ-

278 4210 547 4280 θωμάτων
646 4212 833 4282 μνήμη
855 4251 870 4275 ,
916 4212 1008 4264 καί
1052 4211 1361 4266 τούναντίον
1404 4214 1595 4279 πάλιν,
1630 4215 1852 4279 κόλασις

279 4294 383 4363 μὲν
420 4292 528 4347 ἀπὸ
552 4294 651 4363 τῆς
692 4292 861 4364 λήθης
898 4294 1007 4347 τῶν
1042 4295 1474 4365 ἁμαρτημάτων,
1515 4297 1758 4366 ὠφέλεια
1792 4299 1850 4351 δὲ

276 4376 391 4427 ἀπὸ
422 4378 521 4445 τῆς
557 4375 728 4447 λήθης
756 4374 866 4428 τῶν
907 4377 1346 4447 κατορθωμάτων
1388 4379 1519 4449 ἡμῖν
1556 4380 1852 4451 γινομένηί

278 4458 469 4511 Βούλει
493 4457 683 4528 μαθεῖν
712 4458 807 4511 καὶ
831 4458 1095 4529 ἑτέρωθεν
1128 4460 1210 4512 ὅτι
1238 4459 1570 4531 κατόρθωμα
1595 4464 1849 4533 μέγιστον

276 4541 341 4593 τὸ
402 4539 708 4610 μεμνῆσθαι
759 4540 1204 4609 ἁμαρτημάτων;
1251 4541 1514 4595 ’Ἄκουσον
1560 4544 1655 4597 τοῦ
1706 4545 1843 4602 Ἶώὸ.

277 4621 493 4692 Ὠσπερ
521 4623 629 4692 γάρ
657 4621 751 4676 ἐπὶ
791 4625 902 4687 τοῖς
943 4622 1123 4686 ἀλλοις
1152 4622 1575 4690 ἐκαλλωπίζετο,
1609 4626 1751 4681 οὕτω
1782 4629 1848 4700 δὴ

276 4704 375 4758 καὶ
406 4706 498 4757 ἐπὶ
529 4708 596 4775 τῇ
620 4704 1006 4775 ἐξομολογήσει
1034 4706 1143 4757 τῶν
1183 4707 1616 4779 ἁμαρτημάτων,
1649 4712 1848 4764 οὑτωσὶ

275 4785 487 4853 λέγων·
523 4788 594 4841 Εἰ
639 4785 708 4839 δὲ
740 4787 839 4841 καί
876 4786 1152 4857 ἁμαρτὼν
1190 4789 1482 4855 ἑκουσίως
1523 4789 1849 4859 διετρὰπην

276 4869 657 4934 πολυοχλίαν
704 4868 856 4922 λαοῦ
904 4886 1046 4938 μου,
1092 4869 1199 4923 τοῦ
1232 4871 1318 4939 μὴ
1361 4871 1700 4941 ἐξαγγεῖλαι
1742 4873 1849 4940 τὰς

274 4952 565 5019 ἁμαρτίας
585 4968 725 5019 μου.
763 4946 828 5004 Ὃ
851 4951 908 5004 δὲ
931 4952 1081 5020 λέγει
1112 4952 1349 5006 τοιοῦτόν
1379 4955 1526 5007 ἐστιν
1547 4970 1563 4985 ·
1594 4956 1847 5010 οὐδέποτέ

280 5049 351 5103 με
392 5030 642 5100 σύλλογος
678 5032 788 5085 τῶν
816 5034 1113 5087 συνδούλων
1145 5038 1225 5099 εἰς
1255 5037 1514 5108 αἰσχύνην
1544 5038 1739 5107 ἡγαγε.
1782 5039 1847 5092 Τί

275 5115 388 5185 γάρ
408 5113 604 5197 ὄφελος.
624 5118 687 5168 ὲκ
711 5115 810 5184 τῆς
834 5117 1057 5184 ἀγνοίας
1073 5116 1179 5169 τῶν
1205 5118 1524 5187 ἀνθρώπων,
1542 5119 1634 5172 τοῦ
1658 5122 1845 5191 κριτοῦ

276 5197 456 5250 πάντα
488 5196 719 5263 εἰδότος;
750 5198 801 5249 τί
834 5197 891 5250 δὲ
920 5198 1114 5267 βλάϐος
1149 5202 1213 5252 ἐκ
1248 5200 1342 5253 τοῦ
1375 5201 1573 5255 εἰδέναι
1617 5204 1845 5267 τούτους

272 5277 346 5331 τὰ
377 5276 885 5348 πεπλημμελημένα
906 5322 920 5345 ,
946 5282 1081 5333 ὅταν
1120 5284 1323 5344 ἐκεῖνος
1349 5283 1619 5338 ἀπολῦσαι
1648 5286 1844 5359 βούλη-

271 5377 367 5414 ται
392 5361 491 5430 τῆς
521 5360 705 5430 δίκης;
737 5363 855 5416 Κάν
884 5365 1082 5426 πάντες
1108 5364 1416 5429 δικάζωσιν,
1447 5369 1475 5419 ὁ
1502 5368 1559 5420 δὲ
1585 5370 1845 5441 δικαστὴς

273 5442 709 5514 ἀποψηφίσηται,
750 5446 923 5509 οὐδείς
954 5465 1043 5515 μοι
1071 5447 1225 5514 λόγος
1253 5448 1352 5518 τῆς
1379 5450 1601 5504 ἐκείνων
1623 5452 1807 5523 ψήφου
1825 5472 1839 5486 ·

271 5524 381 5578 κᾶν
406 5525 643 5590 ἀπαντες
670 5529 995 5581 ἐπαινέσωσι
1023 5530 1113 5583 καὶ
1142 5530 1513 5599 θαυμάσωσιν,
1547 5536 1754 5598 ἐκεῖνος
1786 5536 1842 5590 δέ

274 5624 347 5677 με
376 5606 741 5681 καταδικάξῃ,
777 5611 929 5665 οὐδέν
968 5630 1056 5683 μοι
1095 5614 1255 5668 πάλιν
1285 5614 1475 5683 ὄφελος
1496 5620 1595 5689 τῆς
1618 5619 1843 5673 ἐκείνων

272 5692 528 5775 κρίσεως.
557 5692 837 5764 Πανταχοῦ
866 5696 973 5767 7&9
1005 5697 1139 5767 πρὸς
1170 5699 1375 5752 ἐκεῖνον
1416 5703 1547 5772 ὁρᾷν
1580 5704 1707 5775 χρὴ,
1748 5706 1841 5758 καὶ

268 5774 438 5827 ταὺτὸ
483 5779 654 5830 ποιεῖν
684 5778 775 5830 ἐπὶ
807 5777 914 5831 τῶν
945 5780 1381 5849 ἁμαρτημάτων,
1418 5785 1548 5853 ὅπερ
1582 5774 1839 5851 ποιοῦμεν

1176 388 1313 447 NON
1353 390 1522 446 ESSE
1556 392 1647 446 AD
1684 390 1997 448 GRATIAM
2030 389 2593 452 CONCIONANDCM.

3415 385 3520 444 660

1947 507 2041 560 έπί
2090 508 2191 578 τῆς
2235 507 2343 563 τῶν
2394 506 2693 579 χρημάτων
2751 504 3015 574 δαπάνης.
3071 501 3286 567 Εὐθέως
3340 501 3523 578 [665]

1947 604 2278 667 ἀναστάντες
2307 601 2418 656 ἀπὸ
2445 601 2545 672 τῆς
2576 599 2784 671 κλίνης,
2823 598 2952 672 πρὶν
2999 598 3079 662 είς
3119 596 3323 671 ἁγορὰν
3348 598 3524 669 έμδα-

1948 697 2093 765 λεῖν,
2125 697 2158 771 ἡ
2208 696 2587 769 μεταχειρίσαι
2629 711 2687 748 τι
2709 694 2820 749 τῶν
2855 692 3140 749 ἰδιωτικῶν
3181 692 3215 765 ή
3247 693 3525 765 δημοσίων

1950 795 2292 867 πραγμάτοιν
2314 831 2331 859 ,
2380 794 2473 848 τδν
2530 792 2747 861 οἰκέτην
2810 790 3137 854 καλέσαντες
3186 787 3525 861 ἀπαιτοῦμεν

1948 888 2105 958 λόγον
2134 889 2245 943 τῶν
2268 874 2708 965 δαπανηθέντων,
2733 888 2782 942 ῐν
2804 887 3060 958 ἐἰδῶμεν
3096 885 3149 939 τί
3190 886 3287 957 μὲν
3316 887 3522 952 κακῶς,

1948 985 2002 1038 τί
2030 985 2089 1040 δὲ
2116 987 2195 1047 εἰς
2220 984 2339 1039 δέον
2361 984 2656 1055 ἀνήλωται,
2689 984 2856 1037 πόσον
2886 983 2946 1037 δὲ
2982 980 3391 1037 ὑπολέλειπται·
3422 982 3526 1037 κᾶν

1951 1081 2184 1151 εἰδῶμεν
2226 1080 2407 1150 ὀλίγον
2441 1080 2502 1135 δν
2530 1080 2593 1135 τὸ
2628 1078 3106 1151 ὑπολελειμμένον,
3148 1079 3313 1133 παντὶ
3341 1077 3530 1150 τρόπῳ

1954 1170 2513 1252 προσόδωνάφορμὰς
2536 1174 2884 1247 ἐπινοοῦμεν,
2916 1174 3009 1229 ἴνα
3035 1174 3112 1247 μὴ
3142 1173 3396 1246 λάθωμεν
3421 1174 3531 1229 διας

1954 1275 2255 1349 φθαρέντες
2287 1273 2451 1346 λιμῷ.
2498 1273 2671 1328 Τοῦτο
2693 1273 2873 1327 τοίνυν
2908 1274 3003 1327 καὶ
3030 1273 3125 1326 ἐπὶ
3148 1272 3256 1327 τῶν
3280 1271 3532 1345 πράξεων

1865 1395 1868 1397 λ
1954 1370 2063 1426 τῶν
2090 1371 2375 1444 ἡμετέρων
2400 1369 2663 1457 ποιῶμεν.
2685 1369 2759 1423 Τὸ
2785 1367 3022 1433 συνειδὸς
3043 1368 3105 1423 τὸ
3128 1366 3398 1440 ἡμέτερον
3426 1384 3530 1422 καε-

1928 1469 2211 1533 ,λέσαντες
2240 1468 2557 1540 ποιήσωμεν
2593 1465 2937 1539 αὐτῷ.λόγον
2968 1465 3079 1521 τῶν
3110 1465 3391 1538 ῥημάτιον,
3420 1463 3531 1518 τῶν

1957 1564 2324 1639 πραγμάτων,
2359 1562 2887 1634 τῶν,ὲνθυμὴσεων.·
2924 1560 3293 1634 ἐξετάσωμεν,
3328 1561 3382 1614 τί
3431 1550 3532 1632 μιν
3624 1578 3627 1581 π

1956 1664 2038 1725 εἰς
2058 1661 2179 1715 δέον
2200 1659 2498 1730 ἀνήλωται,
2519 1657 2573 1711 τί
2591 1657 2764 1712 δὲέπὶ
2791 1656 2963 1730 βλάϐη
2986 1661 3055 1729 τῇ
3082 1658 3360 1730 ἡμετέρα·
3381 1657 3533 1719 ποῖος

1954 1757 2111 1827 λόγος
2138 1755 2453 1828 ἐδαπανήθη
2479 1753 2691 1819 κακῶς,
2718 1757 2799 1820 εἰς
2827 1753 3116 1826 λοῶορίας,
3139 1756 3221 1819 είς
3246 1753 3536 1825 αἰσχρολο-

1957 1854 2121 1923 γίας,
2151 1854 2232 1917 εἰς
2272 1851 2495 1923 ὕϐρεις·
2534 1854 2695 1907 ποῖον
2713 1852 3002 1925 ἐνθύμημα
3028 1852 3121 1906 τὸν
3150 1844 3427 1923 ὀφθαλμὸν
3453 1852 3535 1913 εἰς

1956 1948 2253 2005 ἀκολασίαν
2278 1946 2526 2019 ὲκίνησε·
2555 1949 2642 2012 τίς
2670 1944 2954 2021 λογισμὸς“
2974 1948 3068 2001 ἐπὶ
3101 1946 3274 2019 βλάϐῃ
3302 1950 3367 2019 τῇ
3387 1935 3535 2019 ἡμε-

1956 2047 2095 2120 τέρᾳ
2121 2048 2201 2111 εἰς
2230 2045 2392 2118 ἔργον
2419 2044 2683 2117 ἐξηνέχθη
2704 2086 2720 2112 ,
2751 2044 2792 2117 ἦ
2821 2044 2910 2099 διὰ
2939 2040 3158 2116 χειρῶν,
3182 2044 3217 2115 ἢ
3243 2042 3332 2098 διὰ
3362 2041 3535 2114 γλώτ-

1958 2160 2090 2215 της.
2121 2143 2155 2215 ἢ
2188 2143 2279 2200 διὰ
2315 2142 2425 2197 τῶν
2458 2142 2723 2214 ὀμμάτων
2764 2140 2975 2195 αὐτῶν·
3012 2138 3107 2194 καὶ
3144 2137 3535 2209 σπουδάσωμεν

1959 2242 2069 2314 τῆς,
2103 2241 2203 2312 μὲν
2232 2240 2466 2313 ἀκαίρου
2493 2239 2746 2312 ,δαπάνης
2789 2237 3135 2309 ἀποστῆναι,
3183 2235 3304 2290 ἀντὶ
3331 2235 3391 2290 δὲ
3426 2234 3539 2289 τῶν

1961 2336 2113 2403 ἁπαξ
2135 2336 2519 2392 ἀναλωθέντων
2544 2335 2751 2401 κακῶς,
2774 2335 2989 2407 σέτέραν
3022 2332 3321 2390 ἀποθέσθαι
3364 2331 3537 2403 πρόσ-

1962 2424 2107 2503 οδον,
2132 2435 2257 2495 ἀντὶ
2285 2433 2396 2488 τῶν
2440 2433 2703 2506 ῥημάτων
2729 2431 2841 2486 τῶν
2880 2430 3004 2502 εἰκῆ
3044 2428 3535 2503 προσενεχθέντων,

1962 2530 2128 2603 εὐχάς
2146 2569 2164 2597 ,
2196 2530 2319 2584 ἀντὶ
2342 2522 2471 2583 ’τῶν
2502 2528 2682 2599 θψεων
2720 2528 2831 2582 τῶν
2867 2525 3180 2590 ἀκολάστως
3206 2524 3535 2597 γενομένων,

1962 2625 2354 2699 έλεημοσύνας,
2401 2624 2676 2697 νηστείας.
2722 2625 2786 2679 Εἰ
2818 2624 2928 2696 7&9
2958 2622 3249 2695 μέλλοιμεν
3290 2620 3539 2690 δαπανᾷν

1966 2725 2065 2796 μὲν
2090 2723 2356 2797 ἀκαίρως,
2376 2724 2541 2796 μηδὲν
2564 2724 2623 2779 δὲ
2638 2722 3013 2787 ἀποτίθεσθαι,
3033 2720 3168 2793 μηδὲ
3189 2719 3539 2791 θησαυρίζειν

1964 2822 2179 2885 έαυτοῖς
2209 2820 2449 2891 ἀγαθὸν,
2500 2823 2581 2885 είς
2610 2820 2845 2891 ἐσχάτην
2872 2816 3288 2888 κατενεχθέντες
3326 2816 3538 2880 πενίαν,

1964 2920 2204 2993 λήσομεν
2236 2920 2373 2992 πρὸς
2403 2919 2505 2991 τὴν
2527 2918 2793 2973 ἀθάνατον
2824 2915 2929 2968 ’τοῦ
2968 2914 3137 2984 πυρὸς
3176 2913 3401 2975 ἑαυτοὺς
3430 2928 3540 2966 πα-

1968 3016 2347 3091 ραπέμποντες
2392 3014 2633 3069 κόλασιν.
2675 3011 2797 3066 Τῶν
2820 3012 2918 3082 μὲν
2966 3005 3061 3065 οὖν
3092 3010 3389 3081 χρημάτων
3432 3008 3541 3061 ὑπὸ

1962 3115 2062 3189 τὴν
2086 3115 2162 3169 ιω
2189 3113 2284 3167 τὸν
2326 3112 2485 3181 λόγον
2512 3114 2685 3166 ποιεῖν
2711 3108 3008 3180 εἰώθαμεν,
3035 3106 3145 3161 τῶν
3185 3105 3242 3159 δὲ
3285 3103 3542 3177 πράξεων
3622 3120 3627 3125 ί

1968 3210 2106 3283 μετὰ
2158 3210 2221 3265 τὸ
2269 3211 2482 3265 δεῖπνον
2516 3209 2610 3261 καὶ
2643 3207 2743 3278 τὴν
2789 3206 3029 3276 ἑσπέραν
3060 3203 3251 3273 αὐτὴν,
3301 3203 3395 3256 έπί
3440 3201 3542 3272 τῆς

1965 3308 2166 3379 κλίνης·
2184 3306 2425 3378 κείμενοι
2444 3346 2460 3371 ,
2489 3304 2703 3367 οὐδενὸς
2731 3300 3072 3372 ένοχλοῦντος
3095 3340 3111 3366 ,
3139 3299 3349 3360 οὐδενὸς
3380 3298 3543 3371 θορυο

1964 3402 2218 3467 δοῦντος,
2252 3400 2362 3456 τῶν
2413 3400 2531 3472 μεθ’
2570 3398 2782 3469 ἡμέραν
2829 3397 2963 3469 ἡμῖν
3004 3393 3409 3467 πεπραγμένων
3446 3394 3543 3447 καὶ

1964 3498 2309 3569 λελεγμένων
2345 3494 2602 3550 ἁπάντων
2630 3492 2955 3564 ἀπαιτῶμεν
2996 3491 3094 3555 τὰς
3127 3490 3354 3553 εὐθύνας
3389 3490 3543 3560 ἡμᾶς

1964 3596 2190 3661 ἑαυτούς
2210 3612 2223 3626 ·
2252 3595 2355 3651 κᾶν
2385 3592 2583 3665 ἴδωμέν
2615 3610 2669 3646 τι
2695 3590 3105 3663 ἡμαρτημένον,
3128 3589 3448 3660 κολάσωμεν
3474 3588 3537 3642 τὸ

1965 3691 2239 3757 συνειδὸς,
2290 3690 2704 3767 ἰπιτιμὴσωμεν
2750 3689 2818 3759 τῇ
2865 3685 3095 3758 διανοίᾳ,
3148 3682 3543 3755 κατανύεωμεν

1960 3790 2053 3844 τὸν
2102 3788 2365 3859 λογισμὸν
2409 3785 2552 3840 οὕτω
2581 3783 2827 3856 σφοδρῶς
2852 3826 2868 3848 ,
2903 3782 2981 3847 ὡς
3029 3781 3226 3853 μηκέτι
3271 3778 3539 3851 τολμῆσαι

1960 3883 2351 3946 διαναστάντας
2404 3882 2557 3952 ἡμᾶς
2606 3878 2743 3950 πρὸς
2798 3877 2861 3931 τὸ
2925 3876 3058 3930 αὐτὸ
3104 3876 3204 3947 τῆς
3262 3873 3542 3946 ἁμαρτίας

1961 3982 2190 4053 ἀγαγεῖν
2234 3978 2505 4053 βάραθρον
2548 3977 2649 4049 τῆς
2688 3978 2745 4030 ὲν
2787 3971 2998 4045 ἑσπέρα
3056 3971 3267 4045 πληγῆς
3323 3986 3540 4044 μεμνη-

1964 4080 2145 4150 μένον.

2029 4176 2092 4230 ε’.
2126 4174 2251 4227 Ὀτι
2278 4171 2388 4245 γάρ
2406 4162 2561 4234 οὗτος
2590 4172 2619 4225 ὁ
2642 4166 2832 4239 καιρὸς
2852 4165 3285 4237 ἐπιτηδειότερος
3318 4164 3455 4235 πρὸς
3475 4165 3537 4218 τὺ

1958 4271 2199 4327 τοιοῦτον
2228 4269 2558 4339 λογοθέσιον,
2581 4267 2809 4321 ἀκουσον
2826 4262 2923 4317 τοῦ
2942 4263 3223 4334 προφήτου
3251 4262 3500 4328 λέγοντος
3518 4280 3531 4293 ·

1966 4367 2025 4421 Ἀ
2055 4366 2263 4435 λέγετε
2286 4365 2356 4417 ὲν
2381 4361 2509 4426 ταῖς
2535 4358 2804 4428 καρδίαις
2826 4357 3015 4427 ὑμῶν,
3032 4356 3130 4410 ἐπί
3154 4355 3283 4421 ταῖς
3298 4357 3537 4424 κοίταις

1959 4463 2125 4533 ὑμῶν
2152 4462 2545 4532 κατανύγητε.
2580 4457 2757 4511 Πολλά
2791 4455 2911 4526 μεθ’
2936 4454 3153 4527 ἡμέραν
3174 4455 3277 4525 ὀὐχ
3305 4454 3381 4517 ὡς
3413 4454 3537 4527 βουτ

1960 4558 2163 4630 λόμεθα
2207 4558 2550 4631 πράττομεν·
2592 4554 2684 4607 καὶ
2708 4552 2851 4623 φίλοι
2876 4550 3259 4624 παροξύνουσι,
3311 4550 3407 4603 καὶ
3455 4552 3535 4604 οἱ·

1959 4655 2113 4708 κέται
2165 4651 2512 4724 ὲκθηριοῦσι,
2558 4649 2654 4703 καὶ
2712 4648 2851 4719 γυνὴ
2902 4648 3097 4714 λυπεῖ,
3166 4647 3261 4700 καὶ
3322 4645 3535 4699 παιδίον

1957 4752 2137 4822 ὀδυνᾷ,
2168 4751 2261 4804 καὶ
2281 4747 2436 4818 ὄχλος
2465 4746 2806 4819 πραγμάτων
2839 4744 3107 4816 βιωτικῶν
3136 4743 3231 4798 καὶ
3257 4744 3534 4815 δημοσίων

1958 4846 2334 4918 περιίσταται·
2370 4844 2465 4897 καὶ
2512 4842 2574 4895 οὑ
2622 4840 2898 4912 δυνάμεθα
2945 4840 3172 4894 συνιδεῖν
3215 4841 3360 4904 τότε,
3412 4841 3533 4895 οὐδὲ

1957 4946 2105 5006 ὅπως
2147 4939 2632 5009 ύποσκελιζόμεθα.
2681 4939 2907 4993 Πάντων
2951 4938 3009 4991 δὲ
3043 4937 3249 4991 τούτων
3289 4938 3534 4991 ἀπαλλα-

1957 5042 2179 5110 γέντες,
2208 5038 2303 5091 καὶ
2332 5035 2455 5088 καθ’
2490 5036 2716 5098 ἑαυτοὺς
2754 5036 3035 5105 γενόμενοι
3067 5035 3206 5087 κατά
3237 5035 3335 5105 τὴν
3371 5036 3533 5087 ἐσπέ-

1958 5154 2081 5208 ραν,
2112 5135 2208 5190 καὶ
2237 5134 2438 5204 πολλῆς
2470 5132 2833 5195 ἀπολαύοντες
2858 5132 3108 5202 ἡσυχίας,
3144 5133 3533 5203 συγκροτῶμεν

1956 5235 2049 5286 ἐπὶ
2091 5232 2190 5301 τῆς
2233 5216 2419 5299 κλίνης
2452 5229 2512 5281 τὸ
2555 5229 2926 5299 δικαστήριον,
2961 5230 3048 5281 ἵνα
3079 5229 3170 5282 τὸν
3207 5230 3338 5283 Θεὸν
3372 5229 3531 5283 ἵλεων

1955 5330 2042 5384 διὰ
2070 5330 2170 5399 τῆς
2201 5327 2453 5397 τοιαύτης
2486 5327 2721 5399 κρίσεως
2754 5326 2985 5397 ἔχωμεν.
3015 5327 3113 5378 "Av
3150 5324 3205 5378 δὲ
3244 5326 3365 5378 καθ’
3400 5326 3529 5381 έκάκ

1958 5439 2091 5491 στην
2120 5420 2335 5492 ἡμέραν
2370 5419 2793 5489 ἁμαρτάνωμεν,
2820 5418 2912 5471 καὶ
2942 5418 3192 5487 παίωμεν
3226 5417 3324 5487 τὴν
3352 5416 3529 5486 ψυχὴν

1955 5515 2053 5585 τήν
2086 5514 2360 5584 ἡμετέραν
2380 5552 2397 5577 ,
2431 5510 2699 5582 μηδέποτε
2735 5510 2792 5563 δὲ
2828 5507 3211 5579 αἰσθανώμεθα
3231 5549 3245 5573 ,
3278 5507 3529 5576 καθάπερ

1952 5606 2000 5658 οί
2050 5604 2243 5673 συνεχῆ
2304 5602 2595 5673 τραύματα
2642 5600 3039 5672 Μμὸάνοντες,
3090 5597 3207 5654 εἶτα
3255 5615 3530 5670 καταφρο-

1952 5695 2197 5757 νοῦντες,
2247 5694 2513 5763 πυρετοὺς
2564 5694 2658 5747 καὶ
2709 5692 2938 5747 θάνατον
2996 5694 3207 5754 ἑαυτοῖς
3255 5692 3527 5762 ἀφόρητον

1953 5785 2325 5840 ἐπισπῶνται·
2372 5784 2514 5839 οὕτω
2567 5784 2631 5852 δὴ
2674 5785 2766 5837 καὶ
2809 5784 2970 5852 ἡμεῖς
3011 5785 3075 5836 έκ
3117 5784 3215 5852 τῆς
3270 5783 3523 5855 συνεχοῦς
