4246 6320
776 308 875 365 661

775 418 988 488 ταύτης
1012 415 1363 486 ἀναισθησίας
1393 417 1763 488 ἀπαραίτητον
1795 416 2155 488 ὲπισπώμεθα
2189 416 2339 489 [666]

773 500 1062 571 τιμωρίαν.
1097 492 1227 551 Οἶδα
1257 494 1338 551 ὅτι
1366 498 1594 568 φορτικὰ
1620 498 1690 550 τά
1724 500 1989 570 εἰρημένα
2010 529 2037 564 ,η
2060 499 2175 554 ἀλλ’
2227 498 2339 570 ἔχει

1497 307 1554 361 S.
1588 302 1873 361 JOANNIS
1907 302 2388 361 CHRYSOSTOMI
2428 296 2747 356 ARCHIEP.
2795 294 3335 354 CONSTANTINOP.

3910 293 4017 351 ωε

2445 414 2595 486 μίαν,
2641 413 2736 468 καὶ
2792 412 2925 483 πρὸς
2962 410 3052 463 τὸν
3093 409 3351 478 Ἰεζεκιὴλ
3377 408 3437 461 τὸ
3485 368 3616 459 αὐτὸ
3650 405 3809 477 τοῦτό
3854 423 4011 477 φησι·

2440 495 2833 566 Περιόράμετε
2858 493 2955 549 καί
2979 492 3133 547 ῖδετε
3153 492 3222 545 ὲν
3242 491 3371 557 ταῖς
3394 490 3573 566 ὁδοῖς,
3589 490 4013 560 Ἰερουσαλὴμ,

774 568 1017 637 πολὺίτὸ
1062 580 1270 653 κέρδος.
1318 581 1560 653 Ἢμερον
1606 568 1802 651 ἔχομεν
1835 568 2162 653 -Δεσπότηνο
2215 568 2343 652 προ·
2439 582 2491 633 εἰ
2528 580 2659 633 ἐστι
2693 596 2782 645 τις
2814 575 3001 631 ποιῶν
3025 574 3205 644 κρίμα
3232 575 3330 627 καὶ
3369 568 3801 642 (immundis-nr
3835 571 4011 641 ιιεως

774 665 991 733 φάσεως
1046 662 1398 718 ἐπιλαϐέσθαι
1453 662 1700 732 βούλεται
1754 664 1915 734 μόνον
1937 703 1951 726 ,
2014 664 2109 718 καὶ
2160 666 2339 717 πᾶσαν

773 745 973 809 εὐθέως
1024 744 1388 799 ἐπιδείκνυται
1443 744 1541 815 τὴν
1604 745 2035 817 φιλανθρωπίαν.
2103 746 2168 799 Et
2228 746 2338 820 γὰρ

773 828 1174 900 ἁμαρτάνοντες
1223 826 1317 883 καὶ
1354 826 1602 897 μένοντες
1647 828 1980 900 ἀτιμώρητοι
2032 828 2106 900 μὴ
2160 830 2337 897 ἐγινό-

774 909 912 979 μεθα
946 909 1182 980 χείρους,
1226 907 1330 963 κᾶν
1371 909 1582 981 ἀφῆκεν
1616 912 1749 981 ἡμῖν
1792 911 1890 981 τὴν
1922 910 2173 963 κόλασιν·
2221 910 2336 965 ἀλλ’

771 986 880 1045 οἶδε
900 991 1057 1046 τοῦτο
1089 990 1275 1061 σαφῶς
1295 1033 1313 1060 ,
1355 992 1437 1046 ὅτι
1466 993 1575 1045 τῶν
1606 993 2012 1066 ἁμαρτημάτων
2034 992 2211 1048 αὐτῶν
2234 995 2336 1048 οὐκ

772 1073 990 1127 ἔλαττον
1018 1075 1163 1145 ἡμᾶς
1203 1074 1263 1129 τὸ
1299 1075 1374 1146 μὴ
1418 1075 1739 1141 κολάζεσθαι
1773 1077 2182 1149 ἁμαρτάνοντας
2211 1077 2336 1148 βλά-

772 1172 916 1210 πτει.
962 1157 1061 1210 Διά
1108 1155 1266 1210 τοῦτο
1313 1157 1587 1228 ἐπιτίθησι
1635 1158 1735 1229 τὴν
1782 1159 2071 1230 τιμωρίαν,
2115 1160 2175 1213 οὐ
2226 1159 2334 1213 τῶν

771 1238 1110 1294 ἀπελθόντων
1148 1240 1391 1294 ἀπαιτῶν
1418 1240 1592 1313 δίκην,
1631 1241 1766 1295 ἀλλὰ
1791 1241 1859 1296 τά
1888 1242 2149 1313 μέλλοντα
2190 1242 2334 1315 διορ-

771 1321 1051 1389 θούμενος.
1096 1323 1207 1379 Καὶ
1248 1324 1335 1377 ῐνα
1380 1324 1554 1397 μάθῃς
1598 1325 1679 1378 ὅτι
1726 1324 1884 1379 τοῦτό
1927 1327 2075 1379 ἐστιν
2113 1326 2329 1398 ἀληθὲς,

770 1404 1001 1459 ἄκουσον
1044 1407 1099 1459 τί
1142 1423 1275 1477 φησι
1308 1407 1443 1479 πρὸς
1466 1407 1557 1459 τὸν
1585 1406 1823 1461 Μωῦσέα
1841 1423 1857 1438 ο
1885 1407 2060 1476 Ἄφες
2080 1424 2158 1477 με
2179 1448 2194 1473 ,
2233 1409 2329 1461 καί

772 1488 1060 1555 θυμωθεὶς
1084 1488 1341 1557 ἐκτρίψω
1359 1490 1777 1557 αὐτούς-,Ἄφες
1808 1506 1896 1559 με,
1912 1488 2116 1558 ἔλεγεν,
2130 1490 2227 1560 οὐχ
2248 1490 2331 1543 ὅτι

770 1568 1009 1640 Μωῦσῆς
1037 1569 1196 1622 αὐτὸν
1233 1571 1480 1640 κατεῖχεν
1499 1586 1514 1601 ο
1546 1570 1695 1623 οὐδὲν
1729 1570 1840 1641 γὰρ
1864 1570 2160 1640 ἐφθέγξατο
2196 1571 2332 1641 πρὸς

706 1716 709 1717 ν
770 1652 948 1717 αὐτὸν,
981 1652 1114 1705 ἀλλά
1138 1656 1263 1725 σιγῇ
1292 1654 1647 1725 πμρειστήκει
1668 1671 1680 1683 ·
1712 1653 1846 1707 ἀλλὰ
1876 1652 2150 1723 πρόφασιν
2177 1653 2326 1724 αὐτῷ

768 1732 947 1790 δοῦναι
975 1733 1295 1807 βουλόμενος
1315 1735 1414 1805 τῆς
1437 1735 1576 1806 ὑπὲρ
1610 1735 1787 1788 αὐτῶν
1822 1738 2119 1808 ἱκετηρίας.
2152 1737 2328 1790 Ἐπει-

769 1815 834 1887 δη
871 1816 981 1889 γάρ
1012 1818 1137 1884 ἄξια
1167 1819 1265 1889 μὲν
1294 1819 1564 1881 κολάσεως
1589 1819 1834 1889 ἥμαρτον
1862 1819 2081 1883 ἐκεῖνοι,
2116 1819 2210 1872 καὶ
2234 1835 2329 1871 κο-

767 1896 978 1961 λάσεως
1008 1901 1403 1971 ἀπαραιτήτου,
1450 1899 1673 1967 κολάσαι
1706 1900 1764 1953 δὲ
1802 1900 1995 1965 αὐτοὺς
2039 1902 2138 1954 οὐκ
2185 1901 2332 1953 ἐϐού-

768 1980 911 2043 λετο,
930 1980 1067 2035 ἀλλά
1087 1981 1927 2053 φιλανθρωπεύσασθαι,τοῦτοδὲ
1947 1983 2143 2051 αὐτοὺς
2169 1984 2329 2055 ῥᾳθυ⁸

774 2062 1034 2134 μοτέρους
1051 2064 1243 2128 ἐποίει,
1267 2065 1549 2136 ἀμφότερα
1573 2065 1993 2130 κατεσκεύαζεν,
2029 2066 2168 2119 ὥστε
2192 2067 2329 2136 μήτε

768 2143 868 2214 τὴν
898 2147 1169 2217 τιμωρίαν
1190 2148 1566 2217 ἐπενεχθῆναι,
1600 2148 1736 2217 μήτε
1766 2149 2003 2211 ἐκείνους
2028 2147 2329 2220 ῥᾳθυμοτέ-

771 2242 897 2296 ρους
932 2228 996 2280 ἐκ
1016 2227 1113 2298 τῆς
1143 2229 1516 2300 ἀτιμωρησίας
1549 2220 1819 2298 γενέσθαι.
1855 2230 2121 2300 μαθόντας
2153 2230 2233 2283 ὅτι
2264 2231 2326 2283 ού

767 2308 920 2380 παρὰ
941 2310 1039 2380 τὴν
1059 2311 1260 2365 οἰκείαν
1297 2312 1472 2377 ἀξίαν,
1498 2312 1635 2366 άλλά
1653 2312 1801 2382 παρά
1822 2313 1920 2381 τὴν
1940 2311 2035 2365 τοῦ
2056 2312 2325 2376 Μωῦσέως

767 2394 1101 2462 προστασίαν
1132 2393 1229 2464 τὴν
1247 2394 1415 2467 όργὴν
1444 2395 1535 2448 τοῦ
1558 2395 1824 2449 Δεσπότου
1857 2396 2127 2465 διέφυγον.
2158 2395 2328 2447 Τοῦτο

769 2476 1041 2546 καὶήμετς
1067 2475 1324 2540 πολλάκις
1354 2475 1636 2546 ποιοῦμεν,
1664 2478 1757 2530 καὶ
1777 2473 1994 2540 οἰκέτας
2020 2477 2144 2541 ἀξια
2176 2476 2329 2532 κολάο

770 2574 906 2622 σεως
936 2558 1430 2630 πλημμελήσαντας
1452 2558 1576 2613 οὒτε
1603 2559 1826 2614 κολάσαι
1859 2558 2327 2629 βουλόμενοι,οῦτε

766 2640 860 2692 τοῦ
875 2641 936 2691 ὲκ
953 2641 1051 2709 τῆς
1066 2641 1337 2705 κολάσεως
1349 2641 1651 2708 ἀπαλλάξαι
1662 2641 2023 2711 φόδου,φίλοις
2036 2642 2327 2712 κελεύομεν

766 2722 875 2772 τῶν
887 2721 1169 2792 ἡμετέρων
1186 2724 1383 2785 αὐτοὺς
1394 2722 1699 2794 ἐξαρπάσαι
1714 2724 1933 2794 χειρῶν,
1954 2723 2096 2776 ὥστε
2124 2723 2220 2777 καί⁸
2235 2723 2326 2777 τὸν

766 2803 930 2870 φόϐον
954 2805 1138 2868 αὐτοῖς
1163 2803 1539 2877 ὲνακμάζοντα
1569 2806 1771 2876 μένειν,
1787 2805 1999 2869 καὶτὰς
2018 2806 2147 2876 παρ’
2168 2805 2326 2876 ήμῶν

766 2885 979 2954 πληγάς
1008 2886 1305 2955 διαφυγεῖν.
1356 2888 1525 2941 Τοῦτο
1565 2888 1659 2941 καὶ
1703 2890 1732 2941 6
1761 2886 1895 2951 Θεὸς
1931 2888 2154 2957 ἐποίησε
2175 2904 2188 2918 ·
2231 2887 2324 2941 καὶ

766 2970 850 3022 ὃτι
877 2969 1022 3021 ἐστὶν
1063 2970 1292 3040 ἀληθὲς,
1331 2972 1424 3023 ἀπ’
1469 2970 1648 3024 αὐτῶν
1689 2969 1798 3023 τῶν
1847 2971 2105 3041 ῥημάτων
2141 2970 2319 3041 δῆλον·

770 3054 953 3120 Ἄφες
976 3068 1073 3119 με,
1098 3052 1252 3121 φησὶ,
1274 3052 1373 3106 καὶ
1399 3052 1703 3121 θυμωθείς.
1723 3052 1833 3106 Καὶ
1851 3051 1957 3122 μὴν
1983 3052 2111 3106 ὅταν
2145 3051 2324 3123 βουλο-

769 3133 962 3204 μένους
986 3134 1397 3205 τιμωρήσασθαι
1438 3134 1625 3205 μηδεὶς
1656 3135 1790 3205 ἀφῇ,
1828 3134 1945 3187 τότε
1975 3133 2321 3205 θυμούμεθα·

764 3215 924 3279 αὐτὸς
949 3216 1007 3269 δὲ
1025 3215 1192 3284 λέγει,
1222 3217 1391 3284 ’Δφες
1415 3232 1482 3283 με
1506 3216 1599 3269 καὶ
1614 3216 2026 3286 θυμωθήσομαι,
2047 3216 2133 3270 ἵνα
2150 3216 2326 3289 μάθῃς

764 3300 847 3352 ὅτι
877 3298 1045 3369 θυμὸς
1071 3302 1131 3352 οὑ
1161 3299 1330 3362 πάθος
1352 3299 1472 3352 ἐστὶ
1501 3300 1629 3370 περὶ
1646 3298 1800 3362 Θεὸν,
1823 3299 1938 3352 ἀλλ’
1966 3301 1999 3370 ή
2027 3298 2150 3353 καθ’
2168 3298 2327 3370 ήμῶν

764 3382 1022 3453 γινομένη
1071 3382 1288 3446 κόλασις
1330 3381 1502 3453 ταύτῃ
1552 3382 1794 3436 καλεῖται
1847 3384 1913 3453 τῇ
1962 3382 2322 3454 προσηγορίᾳ.

768 3466 935 3518 Ὅταν
965 3460 1059 3517 οῦν
1091 3464 1328 3535 ἀκούσῃς
1360 3464 1451 3517 τοῦ
1494 3463 1769 3528 Μωῦσέως
1805 3464 2075 3531 λέγοντος,
2110 3468 2181 3520 El
2211 3466 2328 3532 μὲν

766 3545 930 3615 ἀφῇς
968 3546 1169 3613 αὐτοῖς
1193 3546 1306 3614 τὴν
1331 3547 1641 3615 ἁμαρτίαν,
1671 3546 1839 3615 ἄφες,
1875 3546 1987 3617 πρὸ
2003 3544 2096 3599 τοῦ
2138 3546 2323 3599 δούλου

764 3628 858 3682 τὸν
890 3628 1164 3699 Δεσπότην
1189 3627 1512 3698 ὲκπλάγηθι,
1543 3629 1625 3681 ὃτι
1655 3628 1819 3693 αὐτὸς
1846 3627 1995 3698 αύτῷ
2022 3629 2121 3699 τῆς
2140 3628 2326 3697 φιλαν-

767 3711 1013 3782 θρωπίας
1038 3711 1237 3783 ταύτης
1268 3712 1507 3783 παρέσχε
1534 3712 1633 3773 τὰς
1661 3712 1931 3783 ἀφορμάς.
1963 3713 2077 3764 Οὐκ
2095 3710 2327 3765 ἐνταῦθα

764 3794 825 3848 δὲ
864 3793 1022 3863 μόνον
1054 3792 1211 3847 τοῦτο
1243 3794 1528 3865 ἐποίησεν,
1573 3792 1706 3847 ἀλλὰ
1734 3794 1992 3865 καὶιπρὸς
2031 3793 2121 3846 τὸν
2165 3794 2326 3864 ἰερεο

2437 662 2651 731 ἔσομαι
2678 659 2901 726 αὐτοῖς.
2943 654 3099 722 Εἶδες
3136 657 3577 728 φιλανθρωπίαν;
3609 657 3724 727 Τῆς
3756 656 3865 729 μὴν
3892 657 4012 721 ἐνὸς

2437 743 2641 815 ἀρετῆς
2669 743 2853 798 πολλοὶ
2871 740 3298 796 συναπολαύουσι
3318 741 3411 793 καὶ
3433 738 3542 793 τῶν
3562 739 3836 811 πονηρῶν·
3866 743 3933 811 τῇ
3954 740 4011 794 δὲ

2435 826 2543 881 τῶν
2584 825 2793 880 πολλῶν
2838 824 3037 896 κακίᾳ,
3084 822 3188 878 κάν
3216 819 3295 886 εἷς
3338 823 3368 875 ό
3411 819 3754 896 κατορθῶν
3785 823 3995 893 μεταξὺ

2434 910 2605 982 δήμου
2642 908 2862 975 πολλοῦ,
2889 909 2950 963 οὐ
2991 905 3485 978 συγκαταφέρεται·
3519 904 3634 959 ἀλλ’
3666 900 3749 969 εἷς
3781 908 3884 977 μὲν
3911 906 4008 961 ἀν-

2435 995 2652 1067 θρωπος
2718 994 2895 1067 ὀρθῶς
2953 992 3060 1058 ζῶν
3112 991 3283 1063 δῆμον
3344 987 3638 1060 ὀλόκληρον
3695 988 4010 1062 ἐξαρπάσαι

2432 1079 2712 1151 δυνήσεται
2744 1077 2845 1148 τῆς
2873 1076 3042 1150 ὀργῆς
3069 1073 3166 1129 τοῦ
3209 1072 3383 1135 Θεοῦ,
3424 1071 3578 1136 πόλις
3615 1071 3673 1125 δὲ
3708 1071 4008 1144 ὁλόκληρος

2432 1162 2799 1234 διεφθαρμένη
2830 1159 2965 1232 πρὸς
2996 1158 3094 1230 τὴν
3121 1158 3330 1212 οἰκείαν
3358 1155 3578 1210 κόλασιν
3610 1156 3703 1208 καὶ
3728 1156 4008 1225 τιμωρίαν

2432 1245 2839 1301 ἐπισπάσασθαι
2867 1245 2958 1297 τὸν
2985 1238 3045 1297 εὖ
3074 1241 3292 1313 βιοῦντα
3329 1240 3423 1293 καὶ
3453 1238 3702 1293 καθελεῖν
3740 1240 3801 1292 ού
3837 1239 4004 1310 δυνή-

2432 1346 2606 1385 σεται.
2644 1329 2754 1383 Καὶ
2793 1327 2951 1382 τοῦτο
2999 1325 3108 1380 ἀπὸ
3134 1323 3229 1377 τοῦ
3262 1322 3384 1376 Νῶε
3413 1322 3592 1391 δῆλον·
3624 1322 3843 1375 πάντων
3872 1321 4007 1390 γοῦν

2432 1413 2634 1467 ἀπολλυ
2644 1413 2817 1484 μένων
2839 1410 3127 1475 διεσώζετο
3158 1408 3338 1479 μόνος·
3368 1406 3463 1461 καὶ
3477 1405 3585 1460 ἀπὸ
3612 1405 3703 1461 τοῦ
3723 1406 4005 1471 Μωῦσέως

2432 1494 2684 1566 φανερόν·
2738 1494 2897 1566 μόνος
2928 1491 3059 1562 γοῦν
3087 1490 3272 1562 ῐσχυσε
3310 1489 3479 1560 δῆμον
3511 1487 3766 1541 τοσοῦτον
3799 1504 4005 1560 παραι-

2431 1575 2719 1647 τήσασθαι.
2767 1574 2909 1643 Ἐγὼ
2936 1574 2993 1628 δὲ
3022 1573 3117 1627 καὶ
3148 1572 3334 1642 ἕτερον
3357 1568 3539 1640 μεῖζον
3564 1570 3672 1640 ἔχω
3691 1571 3791 1641 τῆς
3813 1571 4003 1637 φιλαν-

2431 1657 2679 1729 θρωπίας
2706 1658 2802 1710 τοῦ
2827 1657 2961 1710 Θεοῦ
2992 1657 3192 1725 δεῖγμα
3223 1656 3417 1707 εἰπεῖν.
3453 1653 3623 1707 Ὅταν
3642 1653 3752 1724 γὰρ
3793 1652 4004 1719 ζῶντας

2430 1739 2749 1810 ἀνθρώπους
2773 1739 2869 1791 καὶ
2896 1738 3210 1809 παρρησίαν
3238 1735 3457 1807 ἔχοντας
3492 1734 3566 1805 μὴ
3602 1734 3737 1806 εὕρῃ
3770 1734 4005 1807 δυναμέ-

2431 1838 2555 1884 νους
2584 1819 2973 1890 ἐξαιτήσασθαι
3008 1819 3134 1883 τοὺς
3167 1818 3577 1889 ἡμαρτηκότας,
3623 1820 3716 1871 ἐπὶ
3760 1819 3893 1882 τοὺς
3922 1810 4007 1872 τεξ

2426 1903 2790 1973 λευτήσαντας
2820 1900 3212 1970 καταφεύγει,
3270 1901 3365 1954 καὶ
3420 1900 3488 1954 δι’
3544 1901 3790 1965 ἐκείνους
3832 1902 4001 1972 φησὶν

2427 1985 2646 2054 ἀφιέναι
2668 1984 2737 2038 τὰ
2762 1985 3160 2057 ἁμαρτήματα,
3190 1983 3380 2054 ὥσπερ
3404 1979 3498 2038 οῦν
3534 1983 3613 2055 τῷ
3649 1984 3870 2055 Ἐζεκίᾳ
3894 2002 4002 2055 φη-

2430 2069 2536 2121 σίν·
2584 2065 2964 2136 ’Υπερασπιῶ
2990 2066 3101 2134 τῆς
3132 2067 3365 2131 πόλεως
3391 2067 3613 2134 ταύτης
3633 2065 3707 2119 δι’
3743 2067 3873 2137 ἐμὲ,
3901 2066 4001 2120 και

2427 2150 2525 2206 διὰ
2543 2150 2726 2205 Δαυίδ
2752 2150 2859 2216 τρν
2880 2147 3063 2202 παῖδά
3076 2166 3216 2218 μου,
3242 2149 3350 2202 τὸν
3374 2147 3489 2217 ἤδη
3511 2150 3997 2216 τετελευτηκότα.

2427 2233 2591 2287 Ταῦτ’
2627 2228 2720 2287 οῦν
2748 2232 2948 2296 εἰδότες
2980 2232 3063 2286 ὃτι
3092 2231 3270 2285 πάντα
3299 2234 3437 2285 κινεῖ
3466 2232 3561 2285 καὶ
3602 2229 4005 2302 πραγματεύεο

2423 2332 2513 2369 ται
2541 2318 2569 2368 6
2593 2315 2747 2379 Θεὸς,
2781 2314 2922 2368 ὥστε
2950 2315 3099 2385 ἡμᾶς
3137 2315 3443 2381 ἀπαλλάξαι
3479 2315 3752 2380 κολάσεως
3783 2316 3881 2369 καὶ
3918 2333 4000 2369 τι-

2429 2396 2655 2468 μωρίας,
2678 2395 2875 2458 πολλάς
2892 2395 3219 2468 παρέχωμεν
3240 2395 3387 2465 αὐτῷ
3406 2394 3504 2460 τὰς
3523 2396 3998 2468 ἀφορμὰς,ἑξομο-

2426 2478 2765 2549 λογούμενοι,
2830 2476 3239 2548 μετανοοῦντες,
3289 2476 3634 2548 δακρύοντες,
3686 2479 3997 2549 εὐχόμενοι,

2423 2564 2536 2626 τοῖς
2566 2560 2791 2630 πλησίον
2823 2560 2925 2631 τὴν
2970 2559 3141 2631 ὀργὴν
3190 2558 3481 2633 ἀφιέντες,
3533 2558 3631 2630 τὴν
3676 2560 3784 2613 τῶν
3827 2559 4000 2625 πέλας

2427 2643 2616 2696 πενίαν
2642 2640 3050 2713 διορθούμενοι,
3099 2642 3156 2693 ὲν
3195 2644 3312 2706 ταῖς
3354 2640 3540 2710 εὐχαῖς
3571 2642 3853 2712 νήφοντες,
3896 2658 3998 2696 τα-

2424 2723 2853 2795 πεινοφροσύνην
2902 2722 3369 2794 ἐπιδεικνύμενοι,
3417 2723 3527 2777 τῶν
3585 2724 3998 2797 ἁμαρτημάτων

2428 2806 2766 2878 μεμνημένοι
2794 2803 3054 2875 συνεχῶς.

2499 2889 2573 2943 Οὐ
2608 2888 2717 2959 γάρ
2744 2889 2905 2960 ἀρκεῖ
2924 2887 2985 2940 τὸ
3019 2888 3213 2952 εἰπεῖν,
3241 2888 3323 2941 ὅτι
3353 2888 3673 2961 ἁμαρτωλός
3700 2890 3837 2959 εἰμι,
3861 2889 3998 2944 ἀλλά

2428 2971 2625 3026 δεῖκαὶ
2660 2970 2779 3025 κατ’
2817 2965 2955 3033 εἶδος
2982 2968 3160 3025 αὐτῶν
3187 2969 3494 3040 μεμνῆσθαι
3525 2971 3634 3024 τῶν
3663 2972 3997 3043 πλημμελη-

2434 3055 2637 3124 μάτων.
2690 3051 2958 3121 Καθάπερ
3002 3052 3112 3122 γάρ
3167 3050 3279 3122 πῦρ
3329 3052 3409 3114 εἰς
3459 3051 3699 3115 ἀκάνθας
3753 3054 3996 3122 ἐμπεσὸν

2429 3134 2678 3203 ἀφανίζει
2709 3133 2906 3205 ῥᾳδίως
2936 3132 3128 3196 αὐτάς,
3155 3132 3299 3186 οὕτω
3326 3134 3422 3186 καὶ
3452 3132 3711 3204 λογισμὸς
3756 3135 3992 3207 συνεχῶς

2428 3217 2558 3288 παρ’
2586 3215 2764 3286 ἑαυτῷ
2805 3215 3183 3286 περιστρέφων
3214 3214 3282 3269 τά
3309 3215 3859 3287 πεπλημμελημένα,
3898 3221 3997 3289 ῥα-

2424 3298 2551 3362 δίως
2579 3298 2718 3351 αύτά
2747 3296 3005 3351 ἀπόλλυσι
3031 3296 3124 3350 καὶ
3149 3296 3426 3349 καταδύει.
3460 3296 3517 3351 '0
3535 3298 3593 3352 δὲ
3614 3298 3747 3362 Θεὸς
3776 3301 3805 3351 6
3824 3300 3994 3370 ὑπερ-

2426 3382 2623 3435 δαίνων
2649 3380 2897 3451 ἀνομίας,
2927 3378 3157 3449 ἐξαίρων
3190 3379 3425 3444 ἀδικίας,
3452 3380 3548 3434 καί⁵
3575 3381 3683 3434 τῶν
3710 3381 3997 3453 ἀμαρτιιῖιν

2423 3465 2591 3539 ἡμᾶς,
2617 3462 2966 3530 ἀπαλλάξειε,
3010 3461 3104 3514 κιιί⁵
3150 3463 3250 3530 τῆς
3290 3460 3564 3531 βασιλείας
3607 3463 3733 3516 τῶν·
3750 3464 3998 3534 οὐρανῶν

2430 3544 2701 3609 ἀξιώσειε,
2734 3545 2917 3615 χάριτι
2942 3544 3037 3596 καὶ
3064 3542 3444 3612 φιλανθρωπίᾳ⁸
3477 3543 3573 3597 τοῦ
3607 3545 3811 3616 Κυρίου
3840 3546 4000 3616 ἡμῶν

2444 3626 2618 3696 Ἰησοῦ
2653 3625 2906 3696 Χριστοῦ.
2940 3624 3004 3678 δι’
3050 3617 3111 3678 οὗ
3140 3625 3233 3677 καί⁵
3276 3624 3392 3694 μεθ’
3421 3616 3483 3677 οῦ
3513 3625 3593 3695 τῷ
3629 3627 3804 3697 Πατρὶ
3831 3627 3961 3692 δόξα
3980 3670 3996 3693 ,

2433 3711 2549 3778 ἅμα
2577 3708 2655 3779 τῷ
2699 3710 2838 3779 ἁγίῳ
2866 3706 3164 3777 Πνεύματι,
3204 3707 3299 3760 νῦν
3341 3706 3436 3760 καί⁸
3479 3707 3597 3775 ἀεὶ,
3625 3708 3719 3762 καί
3753 3710 3833 3771 είς
3870 3711 3998 3773 τοὺς

2433 3791 2635 3854 αἰῶνας
2654 3792 2763 3845 τῶν
2789 3789 3018 3845 αἰώνων.
3057 3785 3251 3859 Ἀμήν.

766 3946 811 3982 =
992 3948 1011 3978 =
1040 3963 1683 3977 *ψ’-
1696 3963 2622 3975 M“
2634 3943 3970 3983 ~——~-—--—~-—-——-———-————————-—-—.=

2203 4113 2553 4173 MONITUM

824 4302 978 4359 Hane
1005 4302 1381 4359 brevissimam
1421 4304 1720 4368 bomiliam,
1750 4318 1872 4359 cum
1903 4318 2010 4359 non
2057 4302 2401 4359 commodior
2426 4311 2676 4372 suppetat
2704 4305 2880 4368 locus,
2923 4304 3309 4374 subiungimus
3348 4305 3607 4373 bomiliac,
3648 4306 3738 4360 cui
3793 4306 4004 4376 titulus.

759 4415 879 4472 Non
931 4431 1040 4470 esse
1065 4415 1135 4469 ad
1172 4417 1400 4486 gratiam
1437 4414 1877 4482 concionandum,
1912 4416 2103 4471 eodem
2155 4415 2365 4471 scilicet
2397 4414 2525 4479 situ,
2556 4431 2664 4484 quo
2718 4416 2771 4471 in
2804 4417 3044 4473 editione
3074 4417 3367 4473 Frontonis
3391 4416 3596 4501 Ducti.
3632 4416 3997 4489 Suspicantur

754 4533 975 4605 quidam
1010 4532 1110 4587 viri
1133 4532 1298 4595 docti,
1332 4539 1445 4586 tum
1473 4546 1539 4588 ex
1562 4533 1843 4597 brevitate,
1879 4541 1994 4588 tum
2020 4548 2086 4587 ex
2112 4532 2361 4588 ordiendi
2385 4533 2569 4596 modo,
2599 4548 2717 4588 eam
2745 4532 2901 4588 initio
2924 4547 3052 4589 esse
3075 4533 3346 4588 mutilam.
3382 4532 3452 4586 At
3484 4547 3550 4586 ex
3579 4530 3848 4587 brevitate
3876 4532 4002 4603 qui-

755 4646 877 4700 dem
914 4641 1049 4697 nihil
1079 4640 1281 4697 inferre
1311 4656 1625 4712 possumus,
1655 4643 2093 4714 quandoquidem
2127 4658 2194 4699 ex
2220 4642 2573 4699 eoneionibus
2604 4645 2943 4720 panegyricis
2972 4645 3027 4700 in
3081 4644 3312 4700 Sanctos
3350 4643 3470 4700 alia:
3506 4641 3740 4714 proferri
3768 4653 4004 4714 possunt

759 4762 862 4817 bac
895 4759 1200 4827 breviores,
1234 4774 1356 4828 quae
1398 4768 1577 4815 tanien
1608 4768 1736 4813 sunt
1770 4759 2097 4815 omnibuset
2134 4760 2378 4816 numeris
2406 4770 2461 4815 et
2490 4760 2734 4830 partibus
2766 4760 2883 4816 suis
2910 4760 3196 4817 absolutae.
3228 4758 3308 4815 Ex
3334 4760 3582 4817 ordiendi
3611 4768 3795 4817 autem
3835 4760 4003 4817 modo

762 4887 870 4929 non
899 4873 1069 4941 liquet
1093 4870 1227 4925 mihi
1258 4887 1325 4927 an
1368 4870 1549 4943 aliqua
1575 4871 1757 4928 desint
1797 4872 1977 4927 initio.
2014 4870 2083 4927 Ut
2112 4887 2245 4929 vero
2270 4881 2438 4943 patet,
2480 4870 2838 4928 bacehomilia
2873 4874 2927 4928 in
2974 4885 3106 4944 agro
3143 4872 3489 4930 Antiocheno
3518 4872 3704 4929 habita
3751 4881 3857 4940 est,
3896 4890 4006 4946 quo

789 5023 3981 5061 MM

1742 5192 1913 5276 ΕΙΣ
1984 5194 2549 5279 ΜΛΡΤΥΡΑΣ
2616 5195 3033 5283 ΟΜΙΛΙΛ.

850 5560 910 5614 Αἰ
935 5558 1042 5615 τῶν
1087 5557 1375 5633 μαρτύρων
1413 5559 1595 5631 ἑορταιῖ¹
1638 5561 1735 5615 οῦκ
1777 5562 1834 5615 ὲν
1866 5565 1932 5633 τῇ
1964 5561 2191 5633 περιόδῳ
2216 5562 2319 5615 τῶν

776 5642 994 5717 ἡμερῶν
1027 5645 1202 5716 μόνον,
1252 5641 1383 5699 ἀλλὰ
1424 5644 1513 5696 καὶ
1559 5646 1620 5716 τῇ
1663 5644 1852 5717 γνώμῃ
1883 5646 1985 5702 τᾶν
2019 5646 2321 5700 ἐπετελούνο

2429 5578 2536 5615 των
2567 5562 2852 5631 κρίνονται.
2906 5562 3030 5619 Οῗὸν
3086 5582 3134 5617 τι
3172 5564 3332 5633 λέγω·
3390 5567 3647 5637 ἐμιμήσω
3694 5568 3984 5641 μάρτυρα.

2434 5646 2709 5715 ἓζήλωυς
2755 5649 2914 5701 αὐτοί)
2959 5650 3046 5719 ῖὴί
3090 5649 3311 5719 ᾇρπήη
3357 5653 3472 5702 κατ’
3510 5651 3653 5720 ἴχνος
3696 5653 3855 5707 αὐτοῦ
3900 5655 3987 5722 ζῇς
