4224 6302
293 363 395 420 ιδι
1472 363 1747 412 llUMlLtA
1786 363 1848 410 LV

286 455 623 510 Clementem
651 450 930 508 Dominum
957 449 1213 505 habemus
1246 466 1259 501 :
1289 445 1622 503 occasionem
1668 453 1871 499 tantum

287 543 532 613 srripere
579 542 719 607 vult,
745 552 800 598 et
824 555 1035 599 omnem
1085 533 1361 597 Confestim
1390 536 1606 594 exhibet
1630 533 1874 589 humani-

286 641 474 688 tatem.
506 631 562 689 Si
594 633 742 688 enim
760 645 879 695 cum
905 645 1186 699 peccamus
1215 638 1266 684 et
1295 627 1539 698 impuniti
1575 640 1871 691 manemus,

283 723 716 779 deteriores'non
742 721 1010 783 heremus,
1039 721 1225 775 saltem
1255 719 1409 774 nobis
1435 733 1646 788 ptenam
1687 716 1874 772 remit-

286 821 428 869 teret
444 809 584 880 {sed
613 813 714 867 hoc
741 812 907 882 probe
946 811 1111 878 novit,
1142 825 1250 865 non
1293 810 1468 863 minus
1512 807 1693 862 damni
1723 806 1878 861 nobis

284 910 630 970 poculorum
657 902 1041 973 impunitatem,
1064 915 1222 972 quam
1260 901 1485 970 ipsamet
1511 897 1704 953 atl'erre
1745 910 1872 967 pec-

287 1001 427 1047 cata.
458 993 748 1062 Propterea
794 993 1107 1062 supplicinm
1147 989 1325 1053 infert,
1345 1003 1465 1044 .non
1493 994 1551 1043 ut
1574 987 1870 1057 praeterito-

284 1076 409 1136 rum
433 1098 619 1154 poenas
641 1083 838 1154 exigat,
871 1081 966 1137 sed
992 1081 1119 1135 utin
1147 1081 1382 1134 futurum
1410 1076 1678 1133 emendet.
1702 1076 1876 1145 Atque

285 1179 346 1224 nt
379 1172 480 1227 boc
523 1189 709 1228 verum
757 1186 878 1228 esse
918 1172 1151 1237 noveris,
1202 1168 1324 1224 audi
1361 1167 1489 1239 quid
1535 1166 1602 1221 ad
1639 1165 1875 1236 Moysem

286 1259 438 1317 dicat
483 1262 625 1317 Deus
652 1279 665 1314 :
695 1260 907 1315 Dimitte
930 1277 1029 1328 me,
1055 1271 1102 1315 et
1129 1260 1419 1330 indignatus
1446 1259 1525 1311 ira
1555 1265 1768 1337 atteram
1791 1270 1876 1309 eos

287 1347 489 1422 (Exod.
515 1350 738 1421 32.10).
773 1351 987 1405 Dimitte
1014 1365 1123 1414 me,
1150 1349 1379 1413 dicebat,
1414 1362 1518 1402 non
1567 1345 1709 1416 quod
1750 1359 1875 1400 eum

284 1437 500 1511 Iloyses
528 1440 780 1495 retineret
805 1458 819 1496 :
847 1441 976 1495 nihil
1003 1440 1146 1495 enim
1169 1438 1235 1494 ad
1263 1439 1434 1510 ipsum
1460 1437 1709 1507 loquutus
1737 1441 1872 1501 erat,

285 1527 386 1602 sed
436 1529 626 1584 tacitus
673 1543 854 1583 coram
875 1541 942 1581 eo
965 1529 1171 1594 stabat;
1216 1542 1403 1584 verum
1445 1525 1777 1582 occasionem
1824 1523 1875 1580 ei

284 1617 532 1686 praebere
575 1618 787 1674 volebat
831 1632 927 1688 pro
969 1618 1071 1673 illis
1116 1617 1324 1672 orandi.
1366 1615 1498 1671 Nam
1523 1615 1771 1687 quoniam
1795 1613 1876 1670 illi

285 1707 554 1776 supplicio
596 1708 755 1779 digna
793 1718 1008 1778 peccata
1053 1708 1467 1774 commiserant,
1516 1716 1574 1763 et
1615 1708 1877 1778 supplicio

285 1793 604 1863 inevitabili,
632 1813 732 1854 nec
761 1807 938 1853 tamen
968 1798 1087 1853 illos
1118 1797 1329 1853 volebat
1351 1797 1554 1868 punire,
1573 1798 1668 1853 sed
1688 1797 1876 1853 huma~

286 1884 513 1940 nitatem
543 1887 595 1940 in
624 1900 719 1942 eos
743 1900 1014 1953 exemere,
1034 1886 1136 1941 hoc
1158 1901 1287 1942 vero
1311 1887 1584 1957 segniores
1611 1888 1729 1943 illos
1749 1887 1874 1962 red-

285 1973 453 2030 debat
481 1992 495 2029 :
527 1985 812 2047 utrumque
839 1976 1139 2046 prtestabat,
1165 1985 1224 2032 ut
1262 1991 1435 2047 neque
1458 1977 1771 2047 supplicium
1795 1978 1877 2032 in-

285 2062 539 2133 ferretur,
561 2081 656 2122 nec
676 2067 969 2123 deteriores
1001 2068 1312 2138 impunitate
1340 2067 1417 2122 illi
1432 2067 1639 2135 ﬁerent,
1657 2082 1778 2126 cum
1796 2069 1878 2124 in-

286 2155 608 2226 telligerent,
658 2171 718 2214 se
751 2173 858 2214 non
900 2174 997 2214 suo
1039 2159 1250 2227 merito,
1281 2159 1377 2215 sed
1425 2169 1641 2230 propter
1678 2161 1876 2232 Moysis

282 2247 642 2315 patrocinium
691 2248 825 2304 iram
870 2249 1080 2305 Domini
1123 2251 1369 2306 evitasse.
1415 2251 1529 2307 Hoc
1574 2266 1673 2306 nos
1715 2253 1877 2308 etiam

285 2349 661 2410 smpenumero
682 2338 929 2405 facimus,
946 2339 1072 2395 dum
1098 2355 1282 2396 servos
1297 2342 1386 2410 qui
1408 2341 1877 2400 animadversione

282 2423 445 2495 digna
490 2428 681 2483 delicta
720 2431 1105 2498 commiserint,
1155 2446 1328 2502 neque
1367 2432 1556 2503 punire
1595 2433 1874 2502 volumus,

284 2530 462 2585 neque
497 2531 774 2586 pinnarum
798 2529 943 2576 metu
972 2521 1220 2590 liberare,
1247 2523 1433 2577 amicis
1457 2522 1799 2594 iniungimus,
1819 2532 1878 2579 ut

282 2599 593 2663 e'manibus
634 2611 832 2664 nostris
877 2625 974 2667 eos
1019 2613 1268 2683 eripiant,
1312 2623 1372 2668 ut
1417 2622 1474 2669 et
1513 2622 1688 2670 metus
1714 2613 1768 2669 in
1793 2616 1878 2671 eis

281 2711 442 2766 reque
467 2697 757 2770 Vehemens
782 2703 1027 2768 maneat,
1059 2711 1114 2757 et
1133 2703 1312 2773 plagas
1339 2718 1372 2758 a
1396 2703 1551 2758 nobis
1575 2703 1877 2776 inferendas

280 2789 556 2860 etl'ugiant.
588 2792 716 2847 Tale
743 2793 870 2863 quid
910 2795 1068 2850 etiam
1095 2795 1236 2850 Deus
1279 2795 1526 2864 praestitit
1553 2812 1566 2850 :
1597 2796 1756 2865 idque
1781 2811 1875 2852 ve-

281 2896 407 2935 rum
436 2896 574 2949 esse,
596 2883 763 2952 ipsius
789 2891 998 2938 constat
1023 2899 1089 2938 ex
1118 2884 1316 2950 verbis,
1337 2883 1543 2938 Dimitte
1565 2901 1664 2952 me,
1684 2884 1874 2954 inquit,

281 2982 332 3026 et
360 2973 654 3042 indignatus
677 2974 776 3032 ira.
810 2975 971 3044 Atqui
997 2990 1095 3030 nos
1121 2990 1241 3031 cum
1270 2989 1454 3045 pinnas
1487 2990 1700 3032 sumere
1726 2976 1878 3031 voln-

283 3077 428 3129 mus,
456 3072 511 3119 et
537 3079 695 3120 nemo
730 3065 1006 3133 permittit,
1035 3074 1147 3120 tum
1174 3065 1435 3135 indignari
1463 3066 1730 3130 solemus;
1762 3064 1877 3136 ipse

281 3166 415 3208 vero
465 3152 614 3219 dicit,
643 3153 879 3219 Dimitte,
908 3161 964 3208 et
992 3153 1307 3224 indignabor
1349 3155 1427 3209 ira
1455 3171 1468 3207 :
1497 3161 1556 3210 ut
1584 3154 1872 3225 intelligas,
1916 3148 1927 3158 ’

284 3242 420 3295 iram
447 3241 500 3296 in
518 3242 628 3297 Deo
658 3243 1109 3314 perturbationem
1130 3258 1234 3299 non
1259 3259 1398 3307 esse,
1422 3243 1515 3299 sed
1537 3245 1873 3314 supplicium,

231 3374 242 3383 .
280 3344 393 3399 quo
419 3345 518 3385 nos
541 3331 726 3398 allicit,
761 3334 860 3387 hac
885 3332 1241 3403 appellatione
1259 3332 1548 3403 designari.
1564 3330 1697 3389 Cum
1718 3333 1876 3404 igitur

281 3419 521 3491 Moysem
538 3422 805 3479 dicentem
847 3423 1117 3479 audiveris
1158 3441 1172 3478 :
1213 3423 1277 3479 Si
1319 3425 1520 3494 quidem
1559 3425 1768 3479 remittis
1805 3425 1876 3479 eis

281 3520 562 3579 peccatum,
586 3515 781 3567 remitte
809 3513 1003 3585 (Exod.
1027 3514 1116 3570 52.
1139 3515 1228 3583 51)
1254 3532 1268 3568 :
1289 3516 1436 3585 prius
1455 3531 1612 3586 quam
1640 3530 1875 3583 servum,

287 3601 575 3657 Dominum
603 3603 822 3670 mirare,
849 3605 988 3674 quod
1015 3604 1172 3675 hujus
1201 3606 1314 3676 ipse
1339 3606 1675 3677 benignitatis
1715 3621 1875 3663 occa-

281 3689 493 3744 sionem
545 3692 622 3748 illi
666 3694 988 3767 praebucrit,
1033 3693 1216 3766 Neque
1261 3711 1387 3752 vero
1427 3705 1631 3752 tantum
1672 3696 1728 3752 id
1774 3697 1876 3754 hoc

284 3778 407 3832 loco
450 3778 596 3856 fecit,
625 3781 719 3836 sed
744 3793 796 3838 ct
821 3784 888 3837 ad
918 3784 1203 3839 Jercmiam
1225 3797 1280 3841 et
1318 3786 1386 3842 ad
1421 3787 1758 3843 Ezechielem
1789 3789 1872 3843 id-

1472 353 1747 412 llOMlLlA
1785 353 1849 410 IN
1891 355 1981 410 ΜΛ
1991 355 2286 412 RTYRES.

1981 445 2151 519 ipsum
2177 445 2408 514 loquitur
2435 463 2448 500 :
2473 445 2882 512 Circumcurrite,
2915 454 2962 500 et
2982 445 3145 521 videte
3170 447 3222 500 in
3253 447 3343 502 riis
3363 447 3570 504 Jerusa-

1980 535 2097 601 lem,
2129 538 2173 590 si
2199 546 2274 591 est
2297 538 2483 607 aliquis
2525 537 2714 610 faciens
2744 537 2989 608 iudicium
3015 548 3061 591 et
3079 538 3355 609 justitiam,
3387 547 3432 592 et
3455 555 3576 609 pro-

1980 625 2136 696 pitius
2175 641 2259 681 ero
2300 627 2348 681 ei
2397 626 2530 697 (Jer.
2561 627 2616 683 5.
2647 627 2721 698 l).
2758 625 2916 683 Vides
2958 627 3373 697 benignitatem?
3407 628 3570 686 Unius

1979 716 2173 782 virtute
2215 717 2365 772 multi
2414 718 2573 772 etiam
2617 718 2762 787 pravi
2815 718 2972 772 simul
3018 715 3264 773 fruuntur
3293 736 3306 772 :
3333 726 3389 773 at
3417 719 3462 775 si
3488 721 3572 776 vel

1979 822 2116 863 unus
2139 807 2299 865 fuerit
2341 810 2533 883 virtute
2575 808 2828 878 praeditus
2871 823 2992 863 cum
3041 822 3328 863 numeroso
3372 808 3573 878 populo

1982 897 2199 964 mixtus,
2229 912 2336 952 non
2360 897 2832 968 abripitursimul;
2860 897 2952 953 sed
2984 897 3146 953 homo
3163 897 3380 966 quidem
3404 912 3566 962 unus,

1983 989 2073 1059 qui
2101 998 2254 1045 recte
2274 991 2435 1058 vivat,
2453 990 2715 1061 integrum
2747 990 2996 1060 populum
3022 989 3229 1060 eripere
3256 989 3454 1059 poterit
3473 989 3569 1046 irae

1982 1079 2198 1146 divinae,
2225 1080 2319 1135 sed
2345 1071 2548 1150 integra
2577 1080 2764 1135 civitas
2808 1079 3094 1149 depravata
3133 1078 3404 1134 hominem
3448 1078 3583 1138 vitae.

1979 1170 2157 1239 proba:
2177 1169 2242 1225 ad
2272 1171 2578 1225 societatem
2601 1183 2773 1239 paenae
2793 1184 2857 1225 ac
2875 1157 3118 1239 supplicii
3146 1171 3230 1224 sui
3259 1169 3570 1240 pertrahere

1978 1274 2086 1315 non
2128 1260 2341 1330 poterit,
2373 1274 2436 1316 ac
2481 1260 2640 1315 simul
2685 1260 2931 1331 perdere.
2981 1262 3158 1330 Atque
3203 1260 3306 1315 hoc
3350 1275 3417 1316 ex
3458 1258 3571 1314 Noe

1978 1348 2143 1418 liquet
2170 1367 2184 1402 :
2212 1351 2306 1420 qui
2332 1348 2678 1422 pereuntibus
2707 1348 2912 1404 cunctis
2953 1349 3098 1404 solus
3144 1349 3327 1404 salvus
3366 1348 3572 1414 evasit;

1979 1450 2136 1513 atque
2159 1456 2227 1497 ex
2253 1443 2367 1511 ipso
2393 1441 2574 1512 Moyse
2600 1450 2768 1512 patet,
2785 1441 2875 1512 qui
2895 1441 3040 1497 solus
3062 1440 3273 1496 veniam
3298 1447 3446 1494 tanto
3472 1453 3575 1509 po-

1980 1531 2105 1600 pulo
2147 1531 2312 1586 valuit
2359 1531 2666 1601 impetrare.
2715 1531 2828 1601 Ego
2874 1545 3003 1586 vero
3058 1545 3276 1600 possum
3321 1539 3376 1585 et
3425 1528 3571 1584 aliud

1980 1621 2146 1676 multo
2175 1620 2345 1690 majus
2387 1621 2583 1676 divinae
2629 1620 2970 1691 benignitatis
3011 1621 3263 1675 indicium
3306 1619 3571 1690 proferre.

1981 1711 2115 1766 Cum
2141 1712 2282 1766 enim
2316 1712 2564 1767 homines
2587 1712 2845 1778 viventes,
2875 1722 2928 1767 et
2953 1711 3042 1781 qui
3063 1711 3232 1782 gratia
3278 1711 3572 1765 valeantac

1983 1802 2191 1869 ﬁducia,
2224 1817 2328 1858 non
2358 1804 2576 1866 invenit,
2607 1803 2694 1872 qui
2718 1803 2921 1872 peccati
2951 1816 3072 1858 reos
3111 1801 3321 1871 possint
3363 1801 3572 1870 pericu-

1984 1893 2048 1948 lis
2076 1893 2322 1956 liberare,
2355 1893 2419 1947 ad
2444 1894 2551 1948 vita
2575 1893 2787 1948 functos
2814 1893 3068 1962 confugit,
3101 1900 3156 1946 et
3185 1901 3405 1961 propter
3449 1891 3569 1946 illos

1981 1982 2055 2036 ait
2080 1996 2141 2037 se
2179 1982 2370 2037 delicta
2414 1982 2701 2048 dimittere,
2746 1981 3194 2052 quemadmodum
3233 1990 3290 2037 et
3331 1981 3574 2038 Ezechiae

1979 2073 2115 2128 dixit
2146 2090 2158 2126 :
2191 2073 2464 2144 Protegam
2506 2073 2678 2128 urbem
2715 2073 2866 2127 istam
2910 2083 3113 2142 propter
3154 2081 3334 2138 me,,et
3365 2081 3570 2142 propter

1979 2162 2147 2217 David
2186 2180 2384 2218 servant
2413 2179 2577 2217 meum
2608 2163 2683 2235 (4.
2708 2161 2837 2234 Reg.
2854 2163 2946 2217 20.
2977 2162 3058 2233 6),
3084 2162 3176 2233 qui
3195 2162 3305 2232 jam
3330 2169 3574 2216 mortuus

1979 2262 2113 2310 erat.
2143 2254 2281 2310 Cum
2305 2255 2464 2325 igitur
2483 2254 2597 2310 haec
2638 2253 2792 2310 nobis
2813 2254 3084 2323 explorata
3106 2253 3234 2318 sint,
3258 2252 3426 2307 Deum
3455 2265 3573 2306 om-

1979 2348 2066 2401 nia
2091 2337 2308 2402 movero
2331 2361 2395 2402 ac
2420 2346 2617 2412 moliri,
2651 2356 2706 2401 ut
2732 2359 2830 2401 nos
2854 2345 3029 2415 pomis
3052 2359 3117 2399 ac
3144 2342 3405 2413 supplicio
3435 2342 3568 2397 libe-

1979 2444 2082 2501 ret,
2132 2437 2327 2491 multas
2370 2438 2678 2493 occasiones
2722 2437 2799 2491 illi
2837 2437 3188 2505 praebeamus,
3236 2434 3574 2502 cenlitcntes,

1979 2527 2344 2598 paenitentiam
2389 2539 2628 2598 agentes,
2681 2527 2942 2598 lacrymas
2983 2525 3302 2591 fundentes,
3330 2535 3566 2586 orantes,

1980 2619 2110 2673 iram
2140 2619 2395 2689 proximis
2432 2617 2779 2684 dimittentes,
2809 2618 3232 2688 propinquorum
3279 2622 3572 2686 egestatem

1980 2707 2354 2774 sublevantes,
2391 2707 2446 2762 in
2489 2707 2817 2762 orationibus
2861 2705 3142 2777 vigilantes
3164 2747 3179 2770 ,
3214 2705 3570 2760 humilitatem

1979 2799 2311 2866 exhibentes,
2335 2808 2670 2869 peccatorum
2699 2796 2914 2854 assidue
2939 2797 3299 2852 recordantes.

2052 2888 2274 2943 Peccata
2313 2889 2606 2958 singulatim
2631 2887 2980 2956 exprimenda.
3006 2914 3081 2926 —
3103 2885 3218 2941 Non
3247 2885 3389 2939 enim
3417 2883 3567 2939 sutil-

1985 2980 2061 3034 cit
2088 2978 2287 3043 dicere,
2317 2978 2572 3042 Peccator
2597 2992 2737 3044 sum,
2765 2977 2861 3033 sed
2881 2985 2935 3032 et
2957 2976 3179 3048 singulae
3199 2985 3321 3030 sunt
3351 2975 3576 3032 delicto-

1985 3083 2103 3122 rum
2135 3067 2343 3138 species
2385 3066 2764 3137 exprimendae.
2813 3065 2879 3122 Ut
2906 3066 3049 3120 enim
3075 3065 3121 3120 si
3151 3065 3204 3120 in
3229 3065 3409 3135 spinas
3435 3065 3573 3136 ignis

1983 3158 2251 3225 inciderit,
2284 3156 2440 3213 facile
2467 3157 2586 3211 illas
2603 3157 2908 3212 consumit:
2939 3157 3017 3211 sic
3042 3157 3203 3212 etiam
3251 3169 3404 3212 mens
3453 3172 3574 3226 qua:

1980 3251 2174 3306 delicta
2193 3264 2287 3306 sua
2310 3250 2618 3320 frequenter
2637 3249 2780 3318 apud
2809 3263 2869 3305 se
2885 3257 3083 3315 versat,
3110 3249 3267 3304 facile
3289 3248 3378 3303 illa
3397 3248 3572 3318 perdit

1980 3355 2045 3397 ac
2071 3340 2353 3411 demergit,
2383 3341 2522 3395 Deus
2551 3348 2730 3395 autem
2769 3339 2859 3410 qui
2890 3338 3219 3409 transcendit
3241 3339 3568 3410 iniquitates.

1980 3440 2036 3487 et
2050 3433 2219 3487 aufert
2237 3431 2540 3500 injustitias,
2570 3445 2670 3486 nos
2686 3437 2742 3486 et
2769 3445 2799 3484 a
2822 3431 3059 3500 peccatis
3085 3429 3296 3496 liberet,
3326 3437 3383 3484 et
3410 3428 3571 3484 caelo-

1981 3537 2100 3577 rum
2129 3537 2293 3594 regno
2319 3522 2503 3588 donet,
2533 3522 2700 3591 gratia
2725 3529 2779 3576 et
2807 3521 3136 3591 benignitate
3163 3517 3374 3575 Domini
3399 3520 3571 3573 nostri

1987 3611 2115 3667 Jesu
2144 3611 2362 3673 Christi.
2394 3625 2490 3680 per
2515 3624 2672 3679 quem
2701 3617 2756 3665 et
2792 3625 2914 3682 cum
2936 3623 3041 3680 quo
3061 3609 3206 3664 Patri
3249 3607 3438 3679 gloria,
3463 3621 3573 3662 una

1986 3715 2106 3756 cum
2134 3700 2331 3771 Spiritu
2358 3708 2563 3766 sancto,
2592 3713 2732 3754 nunc
2753 3707 2809 3755 et
2834 3712 3066 3769 semper,
3092 3707 3148 3754 et
3171 3698 3224 3754 in
3247 3697 3438 3753 saecula
3463 3709 3569 3751 sat-

1986 3789 2248 3844 culorum.
2273 3792 2463 3844 Amen.
2955 3801 2960 3804 ·

290 3940 3533 3986 mm

1278 4116 1282 4120 ’
1321 4130 1426 4191 AD
1472 4131 1905 4193 CONCIONEM
1954 4133 2033 4194 IN
2081 4134 2517 4197 MARTYRES.

274 4341 625 4400 continebant
661 4355 730 4398 ex
761 4340 981 4397 civitate
1008 4343 1201 4410 multi;
1244 4343 1340 4400 sed
1391 4351 1682 4414 postquam
1725 4351 1779 4399 et
1808 4343 2017 4400 cultum
2052 4347 2389 4420 martyribus
2420 4347 2811 4415 exhibuerant,
2845 4360 2900 4407 et
2929 4353 3224 4412 conciones
3252 4356 3562 4425 audierant,

272 4456 347 4513 ad
379 4458 609 4528 popinas
634 4464 689 4512 et
725 4458 1164 4528 compotationes
1195 4458 1558 4517 divertebant.
1593 4459 1713 4528 Qua
1752 4461 1820 4518 de
1859 4477 1918 4519 re
1942 4463 1998 4517 in
2036 4477 2132 4520 eos
2175 4464 2377 4521 acriter
2420 4465 2706 4528 invehitur
2733 4479 2964 4526 sanctus
3008 4469 3223 4527 doctor.
3260 4469 3562 4542 Perpende,

273 4573 480 4642 inquit,
509 4589 670 4642 quam
690 4574 976 4629 ridiculum
1004 4578 1095 4644 sit,
1125 4585 1245 4646 post
1266 4577 1529 4646 ejusmodi
1559 4587 1904 4667 conuentum,
1918 4589 2034 4649 post
2067 4582 2298 4654 vigilias,
2330 4593 2449 4654 post
2471 4603 2756 4642 sacrarum
2784 4587 3106 4644 auditionem
3134 4585 3564 4660 Scripturarum,

271 4699 395 4760 post
425 4690 727 4749 divinorum
762 4698 1225 4767 participationem
1251 4701 1644 4770 mysteriorum,
1681 4709 1730 4755 et
1754 4711 1873 4771 post
1898 4704 2235 4777 sptiritualem
2265 4705 2630 4778 largitionem,
2652 4708 2825 4763 uirum
2856 4719 2952 4765 aut
2974 4711 3254 4767 mulierem
3286 4721 3425 4767 totos
3452 4710 3566 4766 dies

273 4805 334 4861 in
370 4805 578 4874 popinis
615 4809 968 4880 transigentes
997 4811 1184 4868 videri.

351 4919 736 4990 lnterpretatio
760 4921 952 4980 Latina
987 4935 1070 4982 est
1103 4924 1398 4983 Frontonis
1431 4927 1636 4986 Ducaai.

1195 5337 1310 5407 IN
1368 5335 1960 5410 MARTYRES
2008 5337 2474 5410 HOMILIA
2523 5324 2633 5410 (⁸).

1676 5477 2087 5520 ...δυο-κ..-

321 5588 577 5658 Martyres
615 5603 726 5641 vere
751 5589 914 5642 colere
941 5588 1061 5658 quid
1085 5589 1169 5643 sit.
1216 5586 1502 5657 Martyrum
1547 5587 1836 5641 solemnitas

1979 5569 2113 5622 :hola
2138 5569 2394 5624 virtutum.
2420 5602 2490 5611 —
2512 5571 2803 5644 Martyrum
2821 5572 2955 5629 festa
2982 5589 3088 5630 non
3107 5589 3177 5630 ex
3198 5575 3407 5631 dierum
3420 5579 3530 5632 eir-

312 5745 388 5807 (α)
419 5742 598 5794 Collata
619 5755 728 5795 cum
746 5747 852 5796 Cod.
879 5745 1066 5796 Coxslin.
1094 5759 1140 5796 n.
1165 5745 1269 5803 195,
1297 5746 1378 5808 qui
1405 5750 1481 5798 est
1499 5750 1569 5795 xx.
1602 5748 1783 5800 saeculi.

1938 5660 2081 5713 cuitu
2110 5662 2314 5728 solum,
2334 5663 2427 5717 sed
2453 5663 2614 5718 etiam
2636 5679 2701 5719 ex
2735 5679 2919 5721 eorum
2944 5666 3157 5735 animo,
3175 5667 3264 5737 qui
3293 5682 3354 5723 ea
3384 5669 3526 5723 cele-

1934 5749 2106 5820 brant,
2125 5753 2472 5816 aestimantur.
2494 5755 2738 5828 Exempli
2759 5772 2918 5814 causa
2947 5757 3210 5814 :imitatus
3225 5772 3285 5814 es
3313 5769 3514 5834 marty-
