4224 6302
697 354 803 414 663

697 484 815 529 rem
826 468 1103 530 lvirtutem
1118 476 1522 544 ‘eiustcmulatus
1536 480 1620 557 es?
1636 479 1984 552 philosophiae
1997 480 2163 551 ipsius
2178 497 2271 534 ve-

695 561 866 631 stigiis
888 563 1165 619 institisti?
1191 568 1347 621 etiam
1367 584 1488 624 cum
1503 569 1689 626 festum
1708 587 1812 626 non
1830 582 1977 629 esset
2003 576 2270 647 martyris,

702 649 1041 708 festivitatem
1063 656 1312 726 martyris
1327 657 1631 719 celebrasti.
1656 660 1839 716 Honor
1861 664 2056 733 quippe
2072 668 2274 736 marty-
2368 715 2380 724 .

699 755 775 795 ris
796 741 1019 798 imitatio
1038 754 1121 802 est
1144 747 1409 825 martyris.
1445 750 1514 806 Ut
1532 753 1670 807 enim
1691 753 1785 823 qui
1803 754 2009 811 scelera
2027 756 2272 810 commit-

696 838 833 894 tunt,
856 833 1014 887 etiam
1038 834 1089 893 in
1107 834 1480 895 festivitatibus
1504 841 1621 896 sine
1647 840 1780 899 festo
1805 853 1925 898 sunt
1947 854 2000 901 et
2022 847 2225 916 profani
2253 864 2267 901 :

692 919 772 974 sic
793 921 881 991 qui
900 924 1141 980 virtutem
1162 940 1447 997 exercent,
1472 932 1631 987 etiam
1654 947 1775 988 eum
1801 935 1943 990 nulla
1968 947 2049 991 est
2068 937 2268 993 solem-

692 1013 851 1080 nitas,
880 1013 1069 1069 festum
1090 1018 1362 1075 celebrant
1379 1037 1394 1076 :
1415 1023 1674 1096 siquidem
1687 1028 2026 1083 conscientia:
2042 1030 2269 1097 puritate

692 1100 882 1159 festum
901 1100 1232 1175 exprimitur.
1258 1113 1376 1171 lloe
1390 1114 1546 1168 etiam
1560 1115 1798 1173 indicans
1819 1118 2011 1173 Paulus
2023 1119 2230 1176 dicebat
2249 1139 2263 1175 :

689 1189 871 1261 Itaque
894 1198 1072 1263 festum
1092 1199 1393 1255 celebremus
1412 1220 1512 1257 non
1536 1205 1592 1258 in
1616 1206 1860 1275 fermento
1886 1209 2037 1263 ueteri
2057 1209 2267 1264 malitiae

688 1294 736 1337 et
758 1289 1009 1356 nequitia,
1034 1292 1124 1346 sed
1149 1293 1202 1346 in
1222 1296 1411 1365 azymis
1434 1297 1736 1353 sinceritatis
1749 1310 1798 1355 et
1817 1302 2033 1357 veritatis
2049 1302 2097 1372 (l
2110 1341 2124 1356 .
2142 1302 2261 1359 Cor.

687 1374 742 1429 5.
772 1375 849 1445 8).
875 1375 1011 1433 Sunt
1030 1380 1190 1451 igitur
1216 1398 1399 1457 azyma
1425 1387 1564 1457 apud
1591 1373 1825 1455 Iudaeos,
1872 1402 1995 1447 sunt
2020 1402 2076 1449 et
2123 1391 2262 1461 apud

687 1477 786 1521 nos
811 1482 824 1519 :
852 1482 1035 1523 verum
1063 1472 1202 1540 apud
1231 1473 1353 1530 illos
1375 1464 1585 1545 quidem
1613 1493 1857 1552 azymum
1879 1492 1961 1537 est
1986 1498 2049 1537 ex
2092 1481 2261 1537 farina

686 1552 1008 1622 confectum,
1040 1560 1181 1629 apud
1200 1576 1296 1617 nos
1315 1574 1490 1621 autem
1518 1568 1641 1622 vitae
1662 1569 1880 1638 puritas,
1938 1581 1992 1626 et
2040 1574 2263 1627 conver-

682 1643 824 1701 natio
844 1645 913 1701 ab
940 1650 1084 1704 omni
1108 1654 1341 1723 nequitia
1366 1656 1559 1712 aliena.
1582 1659 1683 1727 Qui
1705 1675 1832 1731 ergo
1847 1663 1915 1717 ab
1937 1666 2080 1718 omni
2102 1664 2261 1721 sorde

683 1746 749 1789 se
773 1738 978 1796 macula
1007 1756 1191 1810 puram
1213 1745 1375 1807 vitam
1405 1762 1558 1811 suam
1580 1761 1881 1818 conservat,
1917 1753 2151 1823 quotidie
2176 1754 2258 1810 fe-

685 1834 826 1881 atum
852 1828 1084 1887 celebrat
1105 1848 1165 1890 ac
1187 1838 1603 1907 solemnitatem,
1620 1842 1744 1898 licet
1772 1857 1869 1899 nec
1896 1846 1947 1899 in
1978 1845 2066 1902 die
2091 1862 2190 1903 nec
2206 1849 2257 1902 in

685 1920 896 1989 templis
917 1934 1228 1996 martyrum,
1249 1930 1342 1985 sed
1370 1931 1510 1988 domi
1531 1934 1734 1991 sedeat.
1759 1937 1941 1995 Potest
1961 1940 2100 1994 enim
2117 1940 2257 2010 apud

683 2020 743 2065 se
773 2014 1134 2085 unusquisque
1162 2017 1356 2076 festum
1407 2032 1696 2095 martyrum
1735 2024 2031 2087 celebrare.
2081 2034 2257 2103 Atque

685 2096 799 2154 hate
847 2115 876 2154 a
927 2116 1014 2161 tuo
1054 2105 1318 2175 dicuntur,
1350 2127 1455 2168 non
1498 2123 1556 2169 ut
1594 2116 1660 2171 ad
1696 2128 1987 2190 martyrum
2015 2096 2257 2194 sepulcra
2290 2138 2298 2146 '

680 2201 786 2242 non
802 2191 1119 2255 accedamus
1138 2212 1153 2259 ;
1170 2198 1277 2281 sed
1299 2208 1354 2254 ut
1377 2204 1693 2262 accedentes
1733 2222 1852 2263 cum
1890 2224 1952 2265 ea
1974 2191 2256 2281 qilavdccet

679 2278 955 2338 alacritate
972 2286 1137 2365 animi
1164 2279 1461 2359 veniamus,
1485 2306 1539 2350 et
1568 2312 1672 2352 non
1700 2300 1870 2356 solum
1900 2278 2111 2357 illorum
2140 2304 2254 2360 die-

680 2371 800 2439 bus,
824 2373 917 2432 sed
945 2377 1050 2432 alio
1078 2394 1289 2451 quoque
1307 2393 1544 2456 tempore
1576 2391 1826 2460 pietatem
1854 2395 2097 2450 eamdem
2143 2410 2251 2466 prae

678 2462 833 2519 nubis
882 2465 1136 2529 feramus.
1185 2473 1314 2542 Quis
1358 2492 1499 2533 enim
1546 2481 1801 2539 hodierno
1846 2486 1934 2541 die
1984 2501 2087 2543 non
2133 2503 2249 2546 ca:-

670 2920 820 2987 nuit,
876 2939 1048 2996 neque
1093 2945 1375 3002 pauperem
1419 2945 1668 3010 egestatis
1712 2950 2031 3016 necessitas,
2076 2954 2246 3025 neque

668 3022 851 3065 senem
878 3019 1050 3072 relatis
1102 3022 1439 3083 imbecillitas
1470 3071 1487 3097 ,
1542 3048 1713 3104 neque
1762 3041 2036 3098 mulierem
2084 3019 2243 3104 serus

668 3098 955 3202 mollities;
982 3122 1088 3162 non
1115 3110 1329 3169 divitem
1362 3117 1526 3176 fastus
1549 3098 1729 3192 opum,
1754 3142 1858 3184 non
1880 3098 2243 3202 magistratum

667 3192 918 3290 superbia
946 3200 1220 3266 potestatis
1250 3222 1264 3259 :
1293 3208 1387 3263 sed
1438 3225 1588 3267 amor
1616 3226 1930 3290 martyrum,
1951 3192 2050 3279 liae
2097 3230 2242 3284 omni

667 3280 876 3384 sublata
895 3285 1269 3363 inaequalitate,
1289 3306 1488 3356 natura:
1502 3280 1896 3378 ,itiibccillitate,
1918 3280 1990 3369 iac
2011 3280 2238 3391 panper:

667 3374 791 3469 tatis
831 3382 1176 3450 necessitate,
1222 3396 1422 3447 tantam
1458 3396 1847 3459 multitudinem
1893 3374 2026 3461 una.
2050 3374 2238 3469 eatena

666 3460 967 3523 devinctam
991 3469 1097 3527 buc
1110 3479 1350 3547 attraxit,
1377 3492 1431 3537 et
1460 3484 1651 3544 aﬂ'ectu
1704 3490 1753 3544 in
1781 3505 2044 3565 martyres
2086 3504 2237 3570 quasi

666 3556 862 3653 pennis
893 3560 1195 3632 subvectus,
1219 3572 1363 3626 velut
1391 3575 1455 3628 ad
1495 3577 1657 3633 vitam
1710 3583 1763 3637 in
1801 3587 1949 3643 etulis
1976 3556 2233 3660 agen-dam

665 3642 909 3753 incitavit
930 3668 944 3703 :
968 3652 1227 3723 siquidem
1254 3665 1396 3717 onmi
1422 3665 1653 3726 lasciviae
1678 3642 2236 3753 luxuritequejiertur-

663 3734 877 3796 hatione
892 3758 1163 3815 superata,
1194 3765 1483 3825 martyrum
1506 3776 1689 3821 amore
1709 3734 1954 3835 succensi
1975 3734 2122 3833 estis.
2165 3778 2237 3835 Ut

662 3828 806 3882 enim
833 3844 953 3887 cum
981 3838 1207 3905 primum
1232 3848 1363 3901 radii
1390 3852 1517 3907 solis
1545 3857 1803 3926 oriuntur,
1837 3864 2113 3937 aufugiuut
2151 3870 2233 3927 fe-

664 3931 760 3983 rte,
793 3934 955 3992 seque
976 3926 1209 3988 latibulis
1237 3930 1748 4003 suis—abscondunt:
1792 3953 1861 4006 ita
1908 3926 2027 4011 cuin
2068 3964 2233 4018 menti

658 4017 857 4065 nostra:
896 4026 1188 4089 martyrum
1217 4024 1395 4083 lumen
1415 4032 1690 4100 affulserit,
1722 4044 1898 4097 omnia
1931 4046 2054 4103 vitia
2085 4066 2231 4105 mor-

657 4098 815 4168 bique
928 4110 1212 4203 occultant,
1236 4130 1297 4170 ac
1324 4120 1596 4187 splendida
1627 4098 2231 4203 pliilosopliiar‘llamina

656 4195 1009 4292 succenditur.
1040 4202 1142 4258 Sed
1166 4216 1222 4260 ut
1249 4225 1350 4265 non
1381 4214 1551 4270 solum
1604 4195 1703 4274 hoc
1754 4195 2012 4297 tempore,
2046 4246 2228 4289 verum

655 4280 812 4392 etiam
841 4299 1069 4358 semper,
1105 4304 1158 4349 et
1185 4308 1460 4371 postquam
1488 4308 1717 4363 solutum
1749 4280 1906 4370 fuerit
1932 4280 2033 4375 hoc
2068 4326 2228 4392 spiri-

656 4375 793 4432 tuale
812 4377 1071 4436 theatrum
1099 4427 1112 4449 ,
1164 4388 1426 4447 flammam
1461 4397 1611 4453 istam
1638 4417 2010 4465 conservemus
2036 4452 2049 4476 ,
2098 4375 2228 4472 rcum

654 4466 839 4520 eadem
871 4472 1033 4526 animi
1052 4474 1329 4536 devotione
1348 4483 1564 4541 domum
1589 4492 1918 4562 recedamus,
1940 4515 2111 4572 neque
2129 4519 2226 4560 nos

627 4559 860 4631 popinis
888 4578 950 4618 ae
979 4566 1179 4634 lustris,
1210 4573 1452 4632 ebrietati
1491 4589 1544 4633 et
1572 4559 2046 4647 comessationibus
2073 4594 2223 4651 addi-

648 4662 848 4705 camus.
877 4652 1099 4713 Noctem
1128 4669 1464 4723 convertistis
1496 4670 1546 4724 in
1574 4673 1714 4730 diem
1745 4693 1837 4746 per
1865 4695 2045 4739 sacras
2096 4686 2223 4744 istas

648 4738 853 4815 vigilias
879 4760 891 4795 :
926 4747 1089 4803 nolite
1112 4766 1297 4809 rursus
1318 4758 1457 4812 diem
1492 4761 1541 4814 in
1570 4738 1775 4821 noctem
1799 4785 1895 4838 per
1909 4773 2219 4835 ebrietatem

647 4838 702 4883 et
722 4834 989 4901 crapulam
1008 4854 1071 4895 ac
1097 4847 1426 4903 meretricios
1454 4860 1642 4909 cantus
1662 4872 2001 4917 convertere.
2036 4865 2218 4922 llonn-

648 4922 777 4976 rasti
806 4934 1084 4998 martyres,
1114 4933 1237 4987 dum
1266 4937 1499 5006 adfuisti,
1524 4943 1646 4999 dum
1674 4949 1940 5015 audivisti,
1970 4955 2091 5010 dum
2110 4969 2221 5013 stu-

642 5011 792 5069 dium
818 5031 929 5085 pra:
971 5032 1020 5075 te
1046 5024 1207 5079 tulisti
1240 5045 1251 5080 :
1288 5028 1486 5087 honora
1514 5037 1670 5091 etiam
1706 5040 1833 5096 illos
1851 5046 2089 5103 modeste
2118 5050 2217 5105 do~

650 5118 789 5172 mum
808 5110 1127 5207 recedendo,
1163 5122 1361 5189 nequis
1393 5123 1476 5177 ubi
1509 5135 1557 5181 te
1587 5143 1769 5198 parum
1811 5132 2003 5190 decore
2030 5155 2217 5210 geren-

647 5203 748 5297 t‘cm
771 5196 962 5253 viderit
980 5201 1032 5255 in
1057 5206 1271 5275 popina,
1298 5220 1349 5266 te
1366 5228 1471 5268 non
1497 5196 1715 5288 propter
1734 5232 1992 5297 martyres
2012 5196 2217 5288 venisse

640 5284 802 5355 dicat,
830 5290 924 5346 sed
954 5302 1013 5348 ut
1042 5296 1227 5361 vitium
1256 5284 1507 5375 augeres,
1557 5284 1612 5364 ut
1642 5284 1899 5383 improbae
1942 5322 2211 5390 cupiditati

638 5380 889 5434 servires.
914 5382 1038 5440 nam
1061 5402 1163 5443 non
1187 5406 1253 5446 eo
1278 5394 1418 5461 dico,
1447 5408 1498 5451 ut
1531 5399 1735 5457 deliciis
1758 5406 1954 5474 perfrui
1994 5380 2163 5468 vetem
2193 5458 2207 5480 ,

636 5466 729 5519 sed
753 5477 809 5523 ut
837 5485 1049 5541 peccata
1071 5482 1336 5539 committi
1358 5496 1531 5544 vetem
1559 5507 1571 5543 :
1604 5508 1707 5547 non
1739 5466 1877 5564 quod
1905 5466 2210 5560 ωηατρῷὲῖ

637 5564 766 5625 tem,
790 5564 883 5617 sed
916 5575 971 5620 ut
991 5569 1198 5626 ebrium
1247 5575 1357 5631 ﬁeri
1382 5589 1573 5635 vetem.
1601 5583 1715 5639 Non
1744 5589 1883 5643 enim
1908 5592 2103 5653 malum
2131 5608 2212 5653 est

634 5652 839 5719 viuum,
856 5658 948 5711 sed
976 5662 1289 5721 immodicus
1316 5670 1429 5737 ejus
1448 5688 1574 5728 llallS
1598 5689 1678 5745 est
1699 5694 1891 5747 pravus
1914 5697 1924 5733 :
1948 5699 2008 5738 ac
2033 5686 2206 5741 vinum

631 5741 843 5809 quidem
872 5745 963 5804 Dei
987 5750 1181 5811 donum
1213 5766 1316 5826 est,
1337 5776 1462 5817 usus
1487 5776 1661 5821 autem
1682 5772 1996 5829 immodicus
2010 5774 2204 5837 diaboli

1402 360 1460 416 8.
1498 359 1774 417 JOANNIS
1809 360 2282 418 ειιιιῑδοδῑοω
2322 361 2640 423 ARCHIEP.
2681 367 3212 426 CGNSTANTINOP.

3857 372 3971 427 6&5

2384 488 2469 536 est
2502 482 2795 539 inventum.
2827 485 3023 540 Servitc
3054 488 3207 556 igitur
3237 485 3456 541 Domino
3480 486 3531 540 in
3561 486 3741 543 timore
3765 528 3779 553 ,
3814 496 3864 540 et
3883 505 3970 543 cs:-

2380 572 2562 627 su'tate
2584 575 2631 626 ei
2647 575 2701 629 in
2732 587 2945 630 tremore
2973 575 3148 646 (Psal.
3178 574 3233 630 2.
3268 577 3378 648 ιι).

2452 735 2495 779 Α
2542 729 2741 799 popinis
2784 732 3040 785 auditores
3081 732 3279 786 avertit.
3322 762 3392 772 —
3430 731 3523 788 Vis
3567 730 3769 806 deliciis
3812 728 3965 785 frui?

2377 812 2523 869 domi
2556 814 2757 886 fruere,
2783 819 2905 882 ubi,
2937 820 3063 876 licet
3106 820 3159 874 in
3203 819 3513 876 ebrietatem
3546 821 3777 885 incidas,
3809 822 3967 874 multi

2375 913 2520 971 sunt,
2547 907 2637 978 qui
2687 918 2738 964 te
2784 900 3005 980 possunt
3045 910 3300 982 obtegere
3330 928 3345 964 :
3375 925 3483 966 non
3531 912 3586 967 in
3640 912 3869 983 popina,
3894 929 3973 967 ne

2375 999 2733 1064 spectaculum
2766 999 2860 1055 ﬁas
2884 1004 3256 1071 praesentibus,
3290 1013 3344 1059 et
3371 1002 3678 1059 scandalum
3724 1007 3962 1059 exteris.

2373 1086 2546 1157 Atque
2567 1088 2682 1144 bare
2709 1104 2809 1161 ego
2828 1090 2968 1159 dico,
2992 1107 3096 1147 non
3124 1094 3267 1164 quod
3305 1091 3651 1149 ebrium‘lieri
3688 1094 3835 1151 domi
3870 1096 3961 1163 in-

2360 1174 2546 1241 beam,
2569 1180 2663 1235 sed
2703 1182 2845 1250 quod
2875 1183 2928 1238 in
2978 1186 3189 1255 popinis
3238 1186 3438 1241 versari
3471 1186 3806 1257 prohibeam.
3834 1189 3946 1244 Per

2371 1269 2547 1337 pende
2568 1286 2727 1341 quam
2752 1272 3032 1328 ridiculum
3066 1275 3155 1343 sit,
3182 1285 3300 1345 post
3321 1277 3586 1346 ejusmodi
3607 1290 3960 1347 conventum,

2369 1369 2491 1429 post
2517 1361 2760 1432 vigilias,
2790 1373 2911 1434 post
2951 1379 3224 1420 sacrarum
3270 1365 3594 1422 auditionem
3644 1367 3956 1439 Scriptura!

2368 1462 2510 1516 rum,
2544 1460 2665 1521 post
2705 1452 3003 1509 divinorum
3049 1453 3507 1525 participationem
3535 1460 3914 1529 mysteriorum
3937 1500 3957 1527 ,

2368 1547 2420 1591 et
2445 1548 2565 1609 post
2590 1541 2918 1611 spiritualem
2947 1543 3281 1614 largitionem
3307 1586 3323 1613 ,
3348 1546 3520 1600 virum
3551 1556 3643 1601 aut
3668 1548 3953 1603 mulierem

2366 1637 2507 1685 totos
2545 1631 2659 1687 dies
2685 1633 2737 1687 in
2778 1634 2988 1705 pepinis
3024 1636 3377 1706 transigentes
3405 1636 3591 1692 videri.
3624 1640 3707 1692 An
3736 1638 3959 1696 nescitis

2364 1729 2618 1789 quantum
2674 1723 2838 1779 ebriis
2888 1725 3201 1796 supplicium
3252 1727 3571 1782 immineat?
3608 1729 3874 1800 siquidem
3922 1748 3959 1787 ε

2363 1823 2526 1880 regno
2555 1810 2645 1866 Dei
2672 1813 3051 1884 expelluntur,
3099 1824 3155 1871 et
3200 1814 3559 1873 ineﬂ'abilibus
3603 1818 3765 1874 bonis
3814 1822 3960 1876 exci-

2362 1900 2534 1965 dunt,
2562 1910 2720 1989 atque
2745 1904 2796 1959 in
2827 1905 3002 1976 ignem
3032 1914 3291 1962 aeternum
3317 1907 3650 1979 ablegautur.
3678 1908 3815 1977 Quis
3841 1910 3958 1965 hac

2360 1990 2531 2049 dicit?
2573 1993 2768 2051 Beatus
2813 1996 3054 2054 Paulus:
3084 1997 3261 2070 Neque
3310 2001 3490 2068 avari,
3531 2001 3738 2072 inquit,
3793 2018 3959 2073 neque

2360 2085 2560 2154 ebriosi,
2583 2102 2743 2158 neque
2770 2089 3027 2157 maledici,
3053 2106 3211 2161 neque
3237 2107 3446 2163 rapaces
3474 2108 3683 2163 regnum
3708 2092 3807 2147 Dei
3828 2110 3952 2163 pos-

2357 2175 2587 2231 sidebunt
2627 2178 2706 2248 (Ι.
2735 2176 2854 2234 Cor.
2895 2179 2950 2235 6.
2996 2180 3120 2253 10).
3151 2180 3291 2249 Quid
3332 2182 3484 2238 ebrio
3530 2183 3780 2239 miserius
3835 2184 3954 2239 ﬁeri

2314 2298 2317 2299 ν
2358 2273 2567 2334 potest,
2597 2268 2688 2337 qui
2716 2267 2787 2323 ob
2814 2269 3062 2340 exiguam
3082 2271 3409 2341 voluptatem
3439 2280 3610 2328 tantas
3640 2274 3789 2342 regni
3815 2273 3952 2331 deli-

2356 2354 2467 2409 cias
2486 2357 2718 2412 amittit?
2763 2358 2876 2415 lmo
2907 2374 3038 2415 vero
3067 2376 3134 2416 ne
3161 2361 3435 2431 voluptate
3465 2362 3680 2433 quidem
3709 2364 3814 2418 ulla
3847 2364 3948 2423 frui

2356 2453 2532 2513 potest
2553 2446 2738 2503 ebrius
2768 2466 2783 2516 ;
2815 2450 3080 2520 siquidem
3122 2452 3174 2507 in
3228 2461 3524 2523 temperato
3566 2468 3666 2509 usu
3698 2456 3949 2526 voluptas

2356 2538 2637 2605 consistit,
2670 2540 2723 2595 in
2776 2542 3061 2598 immodico
3104 2552 3281 2600 autem
3306 2586 3320 2613 ,
3361 2554 3548 2617 stupor
3583 2557 3641 2603 et
3689 2561 3947 2604 sensuum

2354 2633 2605 2702 privatio.
2637 2635 2807 2691 Porro
2832 2638 2922 2706 qui
2947 2638 3149 2694 sentire
3189 2639 3371 2710 nequit
3396 2639 3483 2694 ubi
3525 2641 3711 2696 sedeat
3740 2651 3835 2697 aut
3863 2643 3945 2713 ja-

2353 2732 2494 2789 ceat,
2516 2725 2604 2794 qui
2633 2725 2827 2795 poterit
2854 2727 3141 2798 voluptatis
3180 2728 3234 2784 in
3283 2740 3408 2799 potu
3444 2745 3661 2786 sensum
3706 2733 3945 2801 capere?

2350 2814 2442 2885 qui
2489 2830 2557 2871 ne
2585 2817 2755 2871 solem
2800 2818 3019 2888 quidem
3061 2820 3233 2889 ipsum
3278 2820 3349 2876 ob
3393 2821 3616 2877 densam
3667 2822 3947 2878 ebrietatis

2351 2904 2600 2960 nebulam
2642 2908 2811 2976 possit
2857 2909 3092 2975 intueri,
3140 2910 3412 2981 quomodo
3460 2912 3641 2967 la‘titia
3693 2912 3945 2983 fruatur?

2350 2994 2535 3052 Tantm
2559 2998 2808 3052 nimirum
2837 2999 3011 3069 ipsum
3042 3010 3305 3071 occupant
3334 3000 3587 3071 tenebras,
3607 3012 3666 3056 ut
3696 3002 3765 3057 ad
3794 3003 3947 3058 illam

2347 3085 2735 3144 discutiendam
2761 3090 3039 3161 caliginem
3066 3092 3167 3162 ipsi
3190 3092 3320 3159 radii
3343 3108 3447 3147 non
3472 3093 3761 3151 sufficiant.
3787 3095 3943 3153 Sem-

2348 3189 2445 3244 per
2472 3177 2709 3247 quidem,
2746 3180 3098 3245 dilectissimi,
3130 3182 3327 3237 malum
3352 3191 3436 3239 est
3461 3185 3713 3253 ebrietas,
3746 3190 3942 3259 preci?

2347 3280 2450 3335 pne
2481 3283 2609 3323 vero
2634 3269 2769 3326 festo
2794 3280 3089 3343 martyrum
3116 3272 3221 3329 die.
3250 3273 3385 3329 Nam
3429 3285 3623 3345 printer
3656 3289 3935 3350 peccatum

2343 3357 2666 3413 contumelia
2716 3368 2802 3415 est
2855 3360 3107 3426 maxima,
3137 3371 3193 3417 et
3247 3362 3504 3430 stultitia,
3553 3358 3985 3440 sacrorumque-

2343 3445 2676 3519 eloquiorum
2712 3460 3051 3520 contemptus
3084 3470 3096 3506 :
3130 3469 3289 3523 quam
3323 3454 3392 3510 ob
3428 3471 3642 3511 causam
3678 3468 3735 3515 et
3759 3461 3935 3531 dupli-

2342 3552 2460 3594 cem
2489 3555 2698 3610 peeuam
2736 3552 2991 3597 meretur.
3017 3543 3075 3598 Si
3101 3559 3228 3615 ergo
3263 3554 3543 3617 postquam
3570 3549 3639 3604 ad
3670 3564 3938 3623 martyres

2341 3631 2613 3686 ac’cessisti
2636 3673 2650 3697 ,
2674 3641 2950 3703 postquam
2982 3633 3104 3689 hinc
3135 3634 3450 3692 discesseris
3472 3681 3488 3706 ,
3509 3638 3759 3695 ebrietati
3781 3658 3933 3698 vaca-

2342 3729 2492 3778 turus
2518 3737 2597 3790 es,
2625 3725 2816 3780 melius
2842 3735 2924 3781 est
2948 3766 2965 3792 ,
2997 3736 3054 3780 ut
3093 3727 3237 3782 domi
3269 3744 3486 3785 maneas
3508 3770 3524 3796 ,
3553 3747 3653 3787 nec
3680 3732 3933 3789 indecore

2341 3818 2395 3865 te
2422 3828 2575 3881 geras
2593 3853 2609 3879 ,
2634 3830 2808 3885 neque
2838 3829 3129 3888 martyrum
3160 3819 3552 3877 solemnitatem
3578 3823 3780 3891 probro
3809 3826 3926 3879 alti-

2339 3901 2449 3955 cias
2470 3942 2486 3968 ,
2517 3918 2691 3972 neque
2721 3907 2963 3974 proximo
2989 3909 3066 3962 sis
3095 3907 3414 3964 oll‘endiculo
3433 3953 3448 3978 ,
3474 3927 3648 3982 neque
3689 3925 3929 3970 mentem

2339 3991 2608 4059 obsideas,
2639 4010 2810 4067 neque
2854 4008 3070 4065 peccata
3124 4000 3215 4053 tibi
3257 4002 3579 4057 aceumules.
3613 4002 3823 4061 Venisti
3871 4019 3925 4060 ut

2339 4080 2582 4138 homines
2604 4087 2882 4140 tormentis
2900 4088 3159 4143 laceratos
3177 4080 3406 4158 videres,
3425 4107 3615 4149 cruore
3635 4094 3924 4160 stillantes,

2338 4174 2921 4243 vulnernmexamine
2971 4179 3287 4245 decoratos,
3343 4184 3435 4253 qui
3496 4187 3751 4255 praesenti
3819 4189 3923 4242 vita

2337 4264 2501 4326 exuti,
2529 4265 2592 4319 ad
2622 4264 2853 4322 futuram
2876 4270 3155 4325 evolarunt
3184 4289 3197 4324 :
3228 4273 3291 4327 da
3340 4288 3561 4343 operam
3606 4288 3663 4330 ut
3711 4277 3923 4334 athletis

2337 4354 2452 4409 istis
2477 4356 2664 4425 dignus
2691 4359 2904 4414 evadas.
2939 4362 3387 4428 Contempserunt
3408 4366 3484 4418 illi
3517 4367 3677 4421 vitam
3704 4410 3720 4431 ,
3748 4380 3803 4421 tu
3827 4371 3920 4423 de-

2336 4442 2483 4499 licias
2527 4456 2811 4503 contemne
2844 4466 2858 4501 τ
2887 4450 3195 4520 alijeccrunt
3249 4455 3322 4508 illi
3372 4456 3531 4509 vitam
3576 4470 3918 4527 promentem,

2334 4541 2389 4587 tu
2414 4534 2685 4591 ebrietatis
2710 4553 2946 4594 amorem
2971 4541 3162 4609 abjice.

2405 4688 2533 4742 Ossa
2577 4701 2621 4743 ct
2662 4693 2897 4761 sepulcra
2942 4694 3225 4765 Martyrum
3255 4696 3679 4756 benedictionibus
3704 4712 3916 4759 scatent.

2330 4806 2401 4817 -—
2418 4779 2518 4833 Sed
2542 4781 2746 4836 deliciis
2773 4783 2876 4838 frui
2905 4787 3094 4855 cupis?
3123 4789 3299 4842 asside
3339 4791 3587 4859 sepulcro
3629 4797 3878 4866 martyris
3899 4838 3915 4861 ,

2332 4871 2682 4941 lacrymarum
2734 4876 2843 4931 illic
2885 4876 3059 4933 fontes
3111 4879 3345 4947 effunde,
3393 4884 3627 4941 animam
3674 4892 3916 4955 Comere,

2330 4960 2755 5019 benedictionem
2773 4983 2799 5019 a
2814 4970 3058 5037 sepulcro
3074 4971 3187 5039 ejus
3206 4975 3363 5039 reler;
3382 4975 3606 5044 ejusque
3624 4981 3917 5045 patrocinio

2329 5052 2492 5106 fretus
2526 5056 2577 5107 in
2608 5060 2875 5122 precibus,
2912 5061 3306 5118 narrationibus
3350 5062 3703 5121 certaminum
3751 5070 3917 5138 ipsius

2328 5142 2567 5211 legendis
2597 5154 2647 5198 te
2682 5145 2990 5217 frequenter
3028 5166 3219 5206 exerce
3239 5195 3252 5218 ,
3280 5154 3510 5210 loculum
3552 5160 3876 5229 amplectere

2328 5236 2563 5302 capsula:
2594 5238 2939 5307 reliquiarum
2966 5241 3155 5297 al’tixus
3198 5254 3353 5301 esto:
3386 5264 3493 5302 non
3542 5264 3664 5304 ossa
3710 5262 3911 5324 marty-

2325 5341 2442 5383 rum
2492 5337 2713 5395 tantum,
2743 5328 2834 5384 sed
2865 5339 2918 5384 et
2946 5331 3179 5402 ipsorum
3210 5339 3454 5407 sepulcra
3480 5350 3532 5393 et
3557 5342 3790 5411 capsula:
3817 5344 3910 5397 be-

2324 5418 2716 5475 nedictionibus
2738 5422 2921 5476 multis
2946 5434 3170 5480 scatent.
3200 5427 3453 5484 Sanctum
3507 5433 3686 5487 oleum
3738 5450 3902 5496 sume,

2325 5518 2598 5581 totumque
2623 5520 2767 5566 tuum
2799 5527 2992 5585 corpus
3013 5516 3207 5588 inunge
3228 5560 3244 5585 ,
3273 5519 3544 5591 linguam,
3578 5523 3724 5580 labra
3745 5567 3762 5591 ,
3794 5540 3899 5581 eer-

2322 5602 2513 5669 vicem,
2546 5604 2746 5669 oculos,
2780 5621 2878 5660 nec
2907 5623 3155 5678 umquam
3188 5613 3241 5665 in
3272 5612 3547 5669 ebrietatis
3577 5615 3896 5687 naufragium

2325 5694 2547 5751 incides.
2579 5698 2849 5764 Siquidem
2883 5699 3055 5755 oleum
3094 5703 3274 5759 odoris
3308 5708 3569 5763 suavitate
3614 5721 3892 5767 martvrum

2328 5774 2417 5844 tibi
2469 5793 2758 5849 certamina
2809 5793 2861 5846 in
2912 5798 3226 5852 meme-tiam
3288 5810 3544 5873 revocat,
3599 5816 3651 5859 et
3698 5818 3897 5862 cannea:
