4206 6302
352 357 456 415 6615

347 472 620 532 lasciviam
643 472 898 542 refrenat,
931 483 1088 544 atque
1115 475 1165 529 in
1207 473 1372 527 multa
1395 472 1598 527 detinet
1638 470 1887 543 patientia
1915 513 1930 534 ,

347 567 618 636 animique
643 566 860 621 morbos
890 566 1659 637 expugnat.\’erumettimvcro
1686 564 1737 618 in
1763 561 1934 617 hortis

343 657 551 712 versari
578 658 752 728 cupis,
780 657 833 712 in
863 659 1030 728 pratis
1053 698 1070 724 ,
1101 659 1156 713 et
1190 657 1499 712 viridariis?
1525 655 1603 711 Ne
1641 656 1752 724 jam
1783 655 1832 709 id
1855 654 1931 708 fa-

345 745 484 812 cias,
513 761 632 802 cum
666 756 845 802 tantus
868 748 1044 802 adstat
1072 748 1319 818 populus,
1349 747 1444 802 sed
1475 747 1580 801 alio
1607 747 1694 801 die
1724 764 1737 799 :
1772 745 1934 801 hodie

341 831 579 908 namque
598 838 862 894 lectarum
891 849 1102 910 tempus
1129 851 1230 908 est,
1260 841 1418 896 hodie
1446 840 1806 911 spectaculum
1836 847 1934 896 .est

337 929 718 996 certaminum,
749 945 856 986 non
881 931 1194 988 deliciarum
1225 941 1316 986 aut
1343 932 1694 1001 voluptatum.
1728 931 1929 988 Venisti

339 1016 469 1083 huc,
503 1034 608 1074 non
640 1030 695 1077 ut
728 1021 955 1091 teipsum
995 1022 1226 1094 pigritia:
1270 1023 1435 1078 dedas
1456 1064 1470 1088 ,
1507 1022 1602 1079 sed
1631 1031 1690 1085 ut
1719 1031 1932 1078 certare

337 1106 550 1172 discas,
581 1112 854 1180 pancratio
885 1111 1101 1169 vincere
1121 1153 1137 1179 ,
1166 1123 1221 1170 et
1247 1113 1408 1169 homo
1437 1129 1558 1169 cum
1585 1114 1930 1181 sis,da2mo-

335 1213 470 1252 num
517 1198 857 1256 invisibilium
889 1203 1032 1259 vires
1060 1203 1372 1275 infringere.
1401 1203 1571 1261 Nemo
1597 1206 1795 1276 quippe
1831 1221 1929 1261 ve-

337 1289 418 1341 nit
438 1289 504 1343 ad
537 1291 832 1359 palaestram
857 1333 874 1356 ,
905 1301 964 1348 ut
986 1294 1190 1349 deliciis
1221 1303 1407 1362 vacet,
1433 1310 1610 1366 neque
1637 1310 1759 1352 eum
1790 1306 1928 1353 tem-

336 1393 472 1447 pore
501 1381 764 1438 luctarum
786 1385 1059 1456 ingressus
1089 1387 1252 1442 fuerit
1279 1429 1296 1455 ,
1321 1388 1547 1444 formam
1572 1405 1722 1445 suam
1761 1406 1928 1446 exco-

334 1469 418 1536 lit,
463 1483 555 1527 aut
587 1489 709 1529 cum
750 1478 896 1532 acies
942 1478 1238 1534 ordinanda
1260 1490 1382 1548 est,
1411 1496 1628 1537 mensas
1674 1482 1926 1552 exquirit.

338 1561 419 1616 Ne
445 1564 605 1634 igitur
636 1575 690 1622 tu
717 1583 930 1639 quoque
974 1585 1098 1626 cum
1146 1571 1213 1626 ad
1244 1574 1435 1629 anima:
1457 1573 1822 1630 fortitudinem
1864 1591 1929 1632 ac

333 1655 532 1722 mentis
563 1655 798 1725 vigorem
828 1659 1176 1728 spectandum
1215 1661 1496 1738 adveneris
1519 1706 1534 1731 ,
1566 1666 1633 1720 ad
1665 1674 1922 1736 tropaeum

332 1757 532 1797 novum
558 1755 612 1799 et
636 1747 971 1816 admirabile,
998 1765 1227 1821 pugnam
1253 1753 1580 1822 inusitatam,
1611 1757 1677 1812 ad
1704 1758 1926 1813 vulnera

335 1840 393 1885 et
446 1835 668 1901 praelia,
718 1845 774 1891 et
814 1841 1150 1906 pancratium
1190 1841 1460 1912 hominis,
1508 1861 1578 1902 ne
1621 1847 1924 1904 daemonum

334 1923 576 1978 actiones
624 1924 950 1996 introducas,
978 1940 1032 1985 et
1077 1942 1204 2001 post
1237 1935 1430 1989 mirum
1477 1945 1532 1991 et
1587 1939 1926 1997 tremendum

334 2011 440 2069 hoc
457 2017 816 2084 spectaculum
847 2020 1088 2076 ebrietati
1116 2037 1180 2078 ac
1203 2023 1406 2081 deliciis
1433 2029 1657 2097 teipsum
1684 2030 1922 2101 addicas,

331 2103 429 2158 sed
454 2105 692 2163 collectis
719 2109 913 2165 animat
941 2112 1105 2169 lucris
1134 2114 1351 2171 domum
1389 2118 1581 2174 deinde
1610 2130 1918 2190 revertere,

327 2200 489 2260 atque
515 2195 631 2264 ipso
656 2198 731 2253 tui
760 2211 1054 2271 conspectu
1083 2213 1279 2262 testare
1297 2209 1594 2264 omnibusa
1625 2222 1921 2284 martyrum

327 2289 386 2337 te
407 2289 716 2353 spectaculo
755 2290 954 2348 redire.
979 2292 1110 2349 Nam
1130 2298 1580 2366 quemadmodum
1601 2302 1742 2372 quia
1773 2303 1924 2360 thea-

1528 360 1594 418 ΙΝ
1635 363 1691 415 S.
1733 353 2073 414 JULIANUM
2113 356 2521 415 MARTYREM.

3533 361 3638 416 666

2045 469 2139 524 tris
2181 469 2530 534 descendunt,
2581 469 2734 526 facile
2780 471 3028 527 omnibus
3090 472 3463 537 innotescunt,
3518 486 3640 541 per-

2042 561 2256 626 turbati,
2275 563 2506 630 coufusi,
2528 563 2770 628 emolliti,
2796 570 2850 618 et
2874 577 3059 617 eorum
3087 577 3205 632 quae
3230 562 3335 616 illic
3364 562 3498 617 facta
3515 572 3639 615 sunt

2039 653 2325 710 simulacra
2382 663 2651 725 gestantes
2687 673 2701 708 :
2731 654 2800 708 ita
2849 661 2906 708 et
2948 669 3071 710 eum
3120 654 3210 722 qui
3250 669 3280 708 a
3332 653 3641 722 spectaculo

2039 754 2335 817 martyrum
2382 755 2717 812 revertatur,
2764 745 2920 801 facile
2971 747 3040 800 ab
3111 747 3359 800 omnibus
3426 755 3641 816 Oportet

2038 837 2255 905 agnosci
2299 851 2364 891 ex
2392 847 2630 907 aspectu,
2662 852 2728 893 ex
2760 838 2939 893 hahitu
2961 881 2974 905 ,
3016 853 3084 893 ex
3131 838 3364 904 incessu,
3396 853 3462 892 ex
3488 852 3641 892 eom-

2040 928 2346 997 punctione,
2375 944 2440 984 ex
2472 932 2664 986 mentis
2691 931 2934 986 collecta:
2960 912 3294 1000 attentione}
3325 932 3501 1002 ignem
3525 933 3640 1003 spi-

2043 1027 2249 1073 rantem
2274 1061 2289 1086 ,
2320 1020 2644 1097 modestum,
2672 1022 2982 1087 contritum,
3012 1022 3275 1088 sobrium,
3306 1024 3634 1094 vigilantem,

2038 1118 2095 1164 et
2115 1109 2425 1166 interiorem
2460 1113 2863 1182 temperantiam
2892 1128 2956 1168 ac
2980 1113 3368 1184 philosophiam
3395 1116 3639 1194 corporis

2039 1200 2276 1256 moribus
2299 1202 2683 1272 propalantem.
2701 1195 2790 1259 Sié
2807 1205 2965 1274 igitur
2984 1206 3049 1259 ad
3071 1206 3255 1261 urbem
3279 1202 3634 1272 revertamur,

2037 1306 2158 1346 cum
2188 1307 2252 1347 ea
2281 1309 2381 1362 qua
2407 1309 2502 1362 par
2517 1303 2600 1348 est
2626 1295 2909 1359 modestia,
2928 1311 3050 1351 cum
3075 1297 3286 1352 incessu
3313 1297 3633 1366 composito.

2037 1397 2158 1437 cum
2213 1383 2491 1452 prudentia
2538 1395 2593 1441 et
2635 1387 2996 1455 continentia,
3052 1403 3173 1442 cum
3227 1388 3435 1456 placido
3487 1397 3636 1442 tran-

2036 1472 2306 1542 quilloque
2322 1483 2561 1543 aspectu.
2588 1476 2813 1530 Amictus
2839 1479 2970 1530 enim
3003 1478 3095 1530 viri
3117 1518 3130 1542 ,
3153 1487 3199 1534 cl
3225 1478 3354 1530 risus
3384 1478 3633 1543 dentium,

2037 1573 2086 1617 et
2115 1564 2371 1633 ingressus
2397 1565 2614 1620 hominis
2640 1569 2920 1622 enuntiabit
2966 1567 3030 1621 de
3069 1567 3160 1621 illo
3193 1567 3378 1640 (Eccli.
3403 1568 3489 1623 10.
3512 1567 3633 1638 27).

2035 1656 2108 1713 lta
2152 1673 2418 1728 sempera
2462 1662 2786 1731 martyribus
2831 1671 3201 1729 revertamur,
3233 1662 3302 1717 ah
3350 1661 3636 1733 unguentis

2035 1749 2421 1819 spiritualihus,
2447 1765 2478 1804 a
2507 1752 2810 1808 czelestibus
2854 1753 3058 1822 pratis,
3100 1767 3131 1806 a
3177 1753 3331 1809 novis
3378 1755 3635 1824 mirisque

2033 1842 2373 1912 spectaculis,
2399 1852 2454 1898 ut
2479 1851 2534 1899 et
2556 1844 2656 1914 ipsi
2686 1845 2905 1900 multam
2935 1844 3241 1901 facilitatem
3268 1847 3630 1916 experiamur,

2033 1945 2087 1991 et
2131 1921 2341 1992 caeteris
2395 1937 2694 1994 libertatem
2744 1938 3114 2013 conciliemus,
3160 1953 3223 1993 ac
3270 1939 3444 1992 futura
3493 1939 3633 1994 bona

2033 2043 2454 2100 consequamur,
2508 2031 2678 2100 gratia
2730 2041 2785 2086 et
2823 2031 3151 2101 benignitate
3198 2029 3409 2084 Domini
3461 2032 3634 2085 nostri

2031 2122 2158 2178 Jesu
2186 2121 2404 2188 Christi,
2434 2137 2553 2178 cum
2574 2139 2682 2193 quo
2711 2123 2856 2178 Patri
2894 2123 3158 2192 simulque
3195 2120 3632 2192 SpirituiSancto

2032 2215 2218 2284 gloria,
2244 2215 2551 2285 imperium,
2573 2214 2766 2282 honor,
2791 2228 2931 2270 nunc
2955 2222 3010 2269 et
3034 2227 3267 2283 semper,
3286 2221 3340 2268 et
3363 2213 3414 2266 in
3437 2211 3632 2266 strcnla

2030 2298 2376 2361 smculorum.
2405 2292 2597 2361 Amen.

1013 2980 1114 3044 AD
1146 2981 1525 3045 HOMILIAM
1552 2983 1632 3045 IN
1663 2983 2019 3044 SANCTUM
2056 2983 2441 3048 JULIANUM
2470 2989 2923 3052 MARTYREM.

334 3312 693 3371 confessione
729 3311 934 3368 Christi
978 3328 1038 3369 se
1069 3314 1136 3369 ad
1171 3323 1480 3370 extremum
1512 3329 1687 3386 usque
1720 3314 2490 3386 spiritumpersevcraturum
2531 3320 2762 3386 diceret,
2799 3323 2855 3378 in
2896 3339 3116 3380 saccum
3156 3342 3323 3384 arena
3360 3339 3413 3386 et
3440 3330 3606 3388 vene-

335 3430 484 3484 natis
506 3429 793 3499 reptilibus
809 3429 1068 3486 refertum
1091 3431 1354 3496 inclusus,
1375 3437 1427 3487 In
1443 3448 1595 3488 mare
1615 3434 1887 3505 projectus
1903 3440 2072 3500 est,et
2091 3435 2338 3505 martyrii
2362 3450 2618 3492 coronam
2642 3441 2890 3510 adeptus.
2909 3442 3192 3498 Postremo
3205 3445 3422 3500 additur
3442 3466 3454 3501 :
3475 3447 3610 3500 Τοῦ-

335 3556 431 3597 τον
461 3547 490 3598 ὁ
515 3545 688 3615 μέγας
721 3547 1102 3616 Χρυσὸστομος
1139 3548 1436 3617 ὲγκωμέοις
1463 3549 1744 3620 ἐτίμησξν.
1773 3547 1926 3602 Hum:

2034 3565 2182 3618 igitur
2218 3546 2627 3621 Chrysoxtomus
2652 3554 2899 3610 laudibus
2932 3559 3227 3614 exornavit.
3261 3528 3318 3615 ln
3347 3562 3611 3635 Catalogo

335 3664 660 3735 Augustano
695 3674 958 3722 tractatus
990 3666 1075 3721 hic
1104 3676 1187 3723 est
1212 3651 1404 3746 ordine
1439 3667 1878 3739 scptuagesimus
1910 3678 1926 3723 t

2040 3685 2125 3736 us,
2155 3671 2239 3734 εὶς
2274 3671 2367 3725 τὸν
2397 3672 2650 3744 μάρτυρα
2687 3673 2997 3733 Ἰουλιανόν.
3032 3676 3095 3729 Ei
3117 3677 3175 3731 ἐν
3197 3680 3265 3750 τῇ
3298 3681 3390 3750 γῇ.
3425 3679 3607 3736 Codex

337 3784 615 3842 Hediceus
643 3788 922 3857 praefixum
965 3789 1161 3844 habuit
1186 3791 1327 3846 diem
1361 3790 1413 3862 μ’
1464 3791 1670 3864 Ίουνίῳ
1694 3799 1806 3848 κα’.
1829 3793 1890 3847 ιιι
1920 3791 2217 3864 Horologio
2246 3810 2465 3866 quoque
2492 3794 2805 3865 Graecorum
2832 3799 2972 3869 apud
3015 3798 3247 3855 Usuardi
3277 3800 3607 3874 Martyrolo-

339 3900 488 3971 gium
523 3918 554 3956 a
597 3902 816 3960 Molano
846 3905 1074 3973 editum,
1103 3907 1166 3962 2|
1222 3909 1394 3976 Junii,
1431 3908 1774 3966 Sacrosancti
1814 3911 2074 3983 Martyris
2113 3913 2324 3969 Juliani
2372 3918 2545 3970 Tarsi.
2586 3916 2847 3974 Diversus
2876 3927 2962 3974 est
2994 3919 3086 3976 hic
3121 3907 3191 3975 ab
3230 3921 3326 3976 illo
3362 3919 3607 3989 Juliano,

337 4018 500 4087 cujus
533 4021 592 4074 lit
644 4022 852 4077 mentio
900 4023 957 4077 in
990 4022 1292 4096 Menologio
1324 4028 1545 4098 vulgato
1574 4029 1826 4100 Antiqute
1853 4030 2128 4087 Lectionis
2154 4030 2218 4085 T.
2257 4031 2395 4088 Vill.
2425 4032 2614 4105 Neque
2640 4035 2785 4090 enim
2827 4036 2883 4090 in
2912 4035 3167 4108 Egypto,
3220 4038 3314 4094 sed
3340 4038 3394 4092 in
3415 4038 3605 4093 Cilicia

336 4141 538 4197 passus
569 4138 654 4184 est
682 4148 697 4185 :
733 4132 806 4187 ita
836 4142 897 4188 ut
923 4135 1064 4204 quod
1094 4136 1186 4191 ille
1214 4152 1242 4190 a
1274 4136 1667 4210 Chrysostomo
1695 4142 1951 4199 laudatus
1973 4144 2193 4209 dicitur,
2230 4146 2298 4201 ab
2330 4147 2432 4203 hoc
2458 4157 2647 4204 nostro
2677 4149 2745 4204 ad
2773 4131 2926 4205 illum
2954 4165 3237 4222 perperam
3273 4151 3602 4206 translatum

337 4238 510 4303 fuisse
551 4249 816 4307 videatur.
873 4256 932 4309 In
974 4255 1172 4313 Codice
1238 4258 1406 4328 Regio
1459 4259 1678 4317 llcnrici
1733 4263 1798 4328 ll,
1848 4274 1902 4318 et
1958 4262 2222 4318 Bavarico
2262 4265 2344 4319 sic
2401 4266 2800 4323 inscribebatur
2853 4267 2944 4322 hic
3007 4275 3272 4324 tractatus
3313 4284 3326 4320 ε
3361 4265 3458 4328 Εἰς
3508 4265 3605 4320 τὸν

334 4356 493 4424 ἅγιον
541 4360 1001 4435 μεγαλομάρτυρα
1050 4367 1358 4428 Ἰουλιανόν.
1412 4391 1431 4422 ι
1462 4370 1624 4427 Plura
1667 4375 1790 4430 vide
1826 4375 1880 4430 in
1924 4420 1926 4427 .

2034 4374 2077 4430 is
2110 4373 2439 4433 Sanctorum
2484 4379 2730 4436 Bollandi
2759 4381 2826 4436 ad
2855 4379 3123 4436 decimam
3163 4389 3374 4438 sextam
3422 4379 3603 4436 Martii

332 4470 504 4525 diem.

409 4619 790 4693 Interpretatio
820 4625 1008 4682 Latina
1040 4637 1123 4684 est
1152 4628 1448 4689 Frontonis
1479 4633 1681 4690 Duczei.

429 4906 2351 4938 ΨΜ

813 5217 1368 5299 LAUDATIO
1412 5228 1794 5306 SANCTI
1859 5238 2450 5319 MARTYRIS
2511 5248 2940 5323 JULIANI
3010 5234 3118 5322 (α).

1827 5396 2140 5463 W

385 5529 432 5584 Ι.
470 5528 526 5583 Si
545 5529 680 5585 tales
701 5530 753 5585 in
782 5534 936 5588 terris
966 5537 1194 5592 honores
1221 5541 1540 5611 martyribus
1565 5543 1898 5611 deferuntur.

317 5627 585 5689 pstquam
630 5625 958 5694 excesserint
1008 5643 1074 5681 ex
1121 5629 1218 5683 hac
1261 5631 1394 5696 vita,
1451 5632 1632 5701 quales
1682 5653 1895 5693 curent.-

2009 5555 2205 5609 sanctis
2237 5571 2420 5612 eorum
2455 5559 2717 5629 capitibus
2748 5562 2798 5616 in
2842 5561 2986 5619 earlis
3017 5565 3340 5620 nectuntur?
3381 5565 3425 5621 si
3468 5575 3606 5621 tanta

2009 5655 2085 5700 est
2127 5657 2248 5702 ante
2293 5653 2736 5708 resurrectionem
2775 5657 2964 5724 gloria,
2993 5667 3222 5727 quantus
3257 5670 3379 5728 post
3423 5676 3606 5713 risur-

371 5732 446 5791 (tr)
469 5733 892 5788 ('otttulituusmmt
920 5747 1005 5788 Mss
1046 5743 1202 5804 tu‘giis
1236 5741 1364 5801 1970,
1388 5745 1525 5805 2030,
1559 5755 1604 5796 ct
1635 5748 1778 5798 νεδιὶ.
2012 5743 2300 5800 rectionem
2341 5749 2438 5801 crit
2471 5748 2754 5816 splendet"?
2786 5753 2827 5805 si
2871 5761 3018 5809 tanto
3049 5768 3140 5810 cos
3177 5755 3420 5809 conservi
3457 5755 3602 5809 cuitu
