4206 6302
620 359 724 416 66⁸1

615 473 932 545 dignantur,
972 483 1165 545 quanta
1210 488 1303 530 eos
1349 475 1603 529 Dominus
1636 473 2005 530 benevolentia
2044 484 2192 525 com-

616 566 918 636 plectetur?
943 567 988 621 si
1018 581 1116 622 nos
1144 567 1267 621 mali
1298 580 1603 629 consonos,
1635 568 1725 637 qui
1755 573 1900 621 recte
1926 579 1984 621 se
2011 578 2196 633 gesse-

614 666 769 718 runt,
802 656 882 711 sic
928 657 1218 714 honoribus
1255 656 1470 713 afficere
1508 659 1751 713 novimus
1787 671 1849 712 ac
1889 657 2192 725 suspicere,

615 750 734 817 quia
773 761 869 817 pro
909 747 1123 804 Christo
1163 750 1536 816 decertanmt,
1586 759 1783 818 quanto
1826 748 1994 817 magis
2040 747 2229 823 Pater.

612 845 797 892 noster
821 836 1049 893 caelestis
1077 838 1353 894 innumera
1386 840 1527 894 bona
1544 838 1689 894 dabit
1711 839 1794 903 iis,
1822 838 1911 909 qui
1948 852 2045 907 pro
2079 838 2195 908 ipso

612 925 826 981 labores
865 926 1241 983 exantlartmt?
1285 928 1381 983 Est
1427 930 1567 983 enim
1619 928 1898 983 muniﬁcus
1940 938 1994 982 et
2040 927 2193 981 beni-

611 1030 787 1083 gnus;
821 1032 1004 1072 verum
1043 1033 1147 1071 non
1186 1018 1255 1073 ob
1288 1017 1388 1072 hoc
1416 1018 1585 1088 ipsum
1624 1017 1784 1071 modo
1823 1017 2063 1086 ingentes
2098 1032 2193 1072 eos

616 1107 848 1161 honores
875 1116 1087 1162 manent
1113 1148 1129 1172 ,
1172 1110 1263 1163 sed
1299 1110 1545 1179 quoniam
1583 1106 1795 1162 debitor
1824 1117 1902 1161 est
1934 1106 2188 1177 ipsorum.

614 1196 721 1251 Pro
749 1198 899 1253 nobis
925 1209 1184 1269 martyres
1222 1200 1430 1255 mactati
1464 1214 1569 1254 non
1598 1208 1740 1263 sunt,
1773 1207 1950 1254 tamen
1996 1200 2047 1253 in
2090 1200 2190 1253 bo-

618 1302 802 1341 norem
836 1287 1043 1342 illorum
1072 1289 1417 1345 convenimus
1446 1306 1460 1342 :
1500 1289 1643 1358 quod
1671 1288 1715 1343 si
1746 1302 1843 1342 nos
1868 1304 1963 1357 pro
2001 1290 2195 1358 quibus

618 1379 828 1433 mactati
856 1394 959 1433 non
988 1391 1132 1445 sunt,
1157 1382 1522 1445 convenimus,
1546 1378 1811 1443 Christus,
1843 1394 1941 1449 pro
1967 1394 2072 1448 quo
2097 1394 2193 1435 sua

613 1468 783 1536 capita
810 1468 1158 1535 devoverant,
1185 1469 1310 1540 quid
1337 1484 1441 1523 non
1466 1468 1778 1538 prmstabit?
1812 1470 1857 1522 si
1877 1470 2068 1538 quibus
2104 1469 2190 1522 ni-

615 1559 687 1613 hil
710 1560 935 1615 debebat
959 1569 1103 1615 tanta
1131 1562 1266 1615 bona
1291 1559 1458 1625 dedit,
1486 1559 1605 1626 bos,
1627 1558 1818 1628 quibus
1854 1559 2063 1615 debitor
2086 1567 2188 1629 est,

613 1647 804 1720 quibus
835 1651 990 1705 donis
1031 1666 1135 1705 non
1182 1652 1649 1706 remunerabitur?
1678 1650 1816 1705 Nihil
1844 1660 1998 1705 antea
2026 1662 2193 1708 terra-

613 1756 732 1794 rum
783 1741 898 1796 orbi
964 1741 1231 1797 debebat:
1283 1742 1471 1797 Omnes
1519 1744 1653 1797 enim
1703 1755 2029 1813 peccaverunt
2051 1786 2066 1810 ,
2119 1746 2195 1799 ait

611 1831 806 1890 Paulus
825 1872 841 1900 ,
871 1842 917 1887 et
950 1845 1093 1904 egent
1136 1834 1301 1904 gloria
1332 1834 1427 1887 Dei
1456 1834 1629 1903 (Rom.
1658 1834 1711 1889 5.
1739 1833 1834 1905 23)
1860 1851 1874 1888 :
1913 1835 2019 1889 imo
2062 1851 2193 1890 vero

616 1938 826 1992 ptenant
874 1939 937 1980 ac
975 1925 1288 1995 supplicium
1335 1924 1604 1991 debebat;
1654 1935 2019 1981 verumtamen
2068 1942 2191 1983 cum

616 2028 827 2082 penam
869 2015 1020 2068 nobis
1043 2029 1108 2070 ac
1133 2015 1451 2086 supplicium
1480 2014 1725 2092 deberet,
1753 2016 1914 2071 vitam
1938 2029 2191 2072 mternam

617 2102 836 2172 largitus
868 2112 980 2159 est.
1027 2104 1082 2159 Si
1120 2104 1312 2174 quibus
1360 2105 1517 2175 igitur
1558 2105 1878 2176 supplicium
1924 2105 2191 2172 debebat,

614 2192 700 2245 his
723 2206 941 2263 regnum
971 2192 1113 2248 dedit
1138 2210 1155 2247 :
1184 2195 1377 2263 quibus
1405 2194 1564 2253 vitam
1592 2204 1843 2250 tctcrnam
1862 2195 2039 2263 debet,
2068 2195 2195 2265 quid

614 2299 720 2338 non
760 2285 943 2339 dabit‘t
968 2285 1159 2355 quibus
1199 2300 1303 2341 non
1342 2301 1436 2341 eos
1465 2286 1754 2342 honoribus
1786 2288 2074 2344 cumulabit
2097 2289 2121 2341 ἲ
2146 2290 2192 2344 si

619 2390 716 2443 pro
740 2375 859 2449 illis,
899 2377 987 2446 qui
1020 2375 1192 2445 ipsum
1238 2377 1495 2444 oderant,
1527 2378 1811 2435 cruciﬁxus
1838 2387 1952 2444 est,
1992 2389 2047 2435 et
2071 2395 2193 2435 san-

616 2467 828 2535 guinem
859 2467 990 2521 fudit
1019 2484 1033 2519 :
1063 2482 1162 2537 pro
1180 2466 1315 2529 illis.
1344 2470 1434 2538 qui
1464 2470 1773 2540 sanguinem
1805 2485 1901 2539 pro
1924 2470 2040 2539 ejus
2065 2485 2196 2526 con-

617 2558 844 2613 fessione
873 2558 1137 2624 fuderunt,
1177 2559 1451 2629 quidnon
1492 2559 1773 2628 perﬁciet?
1813 2561 1859 2614 si
1885 2569 2193 2616 aversantes

616 2662 681 2703 ac
723 2649 1019 2703 resilientes
1057 2648 1128 2704 ita
1155 2648 1339 2712 dilexit
1364 2660 1422 2704 ut
1461 2666 1555 2719 pro
1583 2651 1710 2719 ipsis
1738 2661 2054 2717 moreretur,
2098 2666 2194 2707 cos

614 2741 704 2810 qui
752 2755 997 2795 mensura
1042 2741 1218 2810 ipsum
1278 2743 1505 2797 maxima
1535 2743 1885 2807 ,dilexerunt;
1939 2742 2193 2813 Major-em

615 2834 756 2885 euittt
792 2832 887 2886 Itac
935 2833 1247 2887 dilectionem
1291 2850 1437 2889 uento
1479 2834 1624 2888 habet
1642 2875 1658 2900 ,
1704 2843 1759 2888 ut
1790 2836 2012 2888 animant
2046 2852 2191 2889 suam

617 2935 771 2993 ponat
796 2926 907 2997 quis
940 2943 1031 2995 pro
1060 2928 1233 2981 amicis
1260 2928 1362 2981 suis
1390 2926 1563 2996 (locu.
1596 2928 1680 2981 i5.
1712 2925 1821 2998 l5),
1846 2936 2042 2997 quanta
2070 2943 2192 2983 sus-

611 3015 774 3083 cipiet
825 3015 1246 3072 benevolentia?
1296 3017 1488 3087 quibus
1542 3017 1733 3071 ciliciis
1799 3017 2191 3087 prosequetur?

618 3106 846 3159 Athletm
885 3106 1098 3174 quidem
1139 3107 1487 3161 certaminum
1530 3117 1867 3163 externorum
1907 3107 2094 3163 eodem
2137 3108 2191 3163 itt

615 3210 906 3253 scammate
932 3199 1235 3265 decertant,
1262 3207 1318 3254 et
1356 3205 1608 3264 vincunt,
1631 3200 1860 3255 victores
1885 3201 2193 3255 renuntian-

618 3297 723 3353 tur,
746 3297 799 3342 et
827 3298 1148 3344 comitantur
1186 3305 1201 3343 :
1248 3297 1303 3345 at
1336 3290 1419 3345 isti
1461 3288 1670 3358 pietatis
1699 3289 1912 3349 athleta:
1950 3304 2055 3344 non
2077 3291 2189 3355 ita;

616 3377 710 3432 sed
740 3378 794 3431 in
836 3379 1083 3447 pruenti
1113 3378 1325 3449 quidem
1366 3378 1561 3432 smculo
1593 3377 1887 3445 decertant,
1934 3378 1987 3431 in
2017 3377 2193 3433 futuro

616 3478 791 3522 autem
828 3478 1151 3542 coronantur
1179 3486 1192 3522 :
1218 3460 1518 3538 pugnatunt
1542 3467 1628 3523 hic
1649 3482 1769 3521 cum
1799 3467 2011 3522 diabolo
2035 3477 2194 3537 atque

620 3559 899 3624 vicerunt,
946 3558 1053 3612 illic
1099 3568 1276 3613 autem
1320 3558 1546 3613 victores
1591 3557 1981 3612 renuntiantur.
2025 3558 2090 3612 Et
2137 3565 2196 3612 ut

617 3672 737 3711 esse
777 3670 958 3711 verum
1000 3655 1137 3709 istud
1180 3655 1503 3725 intelligatis,
1554 3669 1653 3709 nec
1698 3654 1816 3708 illos
1859 3653 1944 3708 hic
1981 3653 2195 3708 coronis

620 3748 829 3813 donari,
862 3762 1045 3802 verum
1078 3748 1183 3801 illic
1212 3747 1356 3819 ipsos
1393 3747 1568 3803 omnia
1602 3761 1819 3802 manere
1845 3746 2007 3815 dona,
2049 3746 2192 3802 Pau-

618 3838 726 3892 lunt
766 3839 1027 3892 dicentem
1060 3840 1265 3903 audite,
1294 3837 1493 3893 Bonum
1534 3845 1783 3894 certamen
1819 3841 2029 3906 certari,
2072 3856 2191 3893 cur-

616 3946 728 3981 sunt
757 3929 1114 3993 consummari,
1138 3929 1287 3994 [idem
1315 3930 1501 3982 servavi
1527 3944 1544 3980 :
1581 3929 1634 3982 in
1664 3930 1851 3997 reliquo
1877 3931 2095 3998 reposita
2122 3939 2194 3981 est

623 4019 741 4073 tui/ti
769 4034 952 4072 corona
967 4020 1182 4088 justitia:
1201 4019 1275 4088 (Ξ.
1302 4018 1432 4071 Tim.
1462 4020 1516 4073 ι.
1546 4019 1597 4071 7.
1623 4020 1678 4087 8)
1711 4036 1723 4071 :
1766 4020 1853 4071 ttbi
1879 4030 1929 4072 et
1949 4020 2194 4087 quando?

629 4111 789 4173 Quam
816 4110 987 4162 reddet
1028 4110 1151 4162 nti/ti
1190 4096 1434 4163 Dominus
1472 4110 1526 4162 in
1567 4110 1657 4163 illa
1684 4109 1784 4175 die,
1803 4111 1973 4179 justus
2010 4111 2195 4180 jttdex.

622 4200 717 4254 Hic
760 4202 1012 4267 cucurrit,
1056 4202 1162 4255 illic
1200 4211 1520 4263 coronatur;
1568 4201 1654 4255 bie
1697 4203 1853 4267 vicit,
1885 4203 1991 4257 illic
2028 4204 2197 4257 victor

623 4294 976 4347 renuntiatur.
1006 4294 1239 4348 Audisﬁs
1262 4294 1431 4362 ipsum
1457 4293 1613 4348 hodie
1642 4309 1851 4363 quoque
1877 4295 2195 4348 clamantem

623 4398 685 4436 ac
724 4383 983 4438 dicentem
1017 4402 1031 4438 :
1075 4384 1235 4438 Juxta
1264 4386 1413 4454 ﬁdem
1452 4385 1672 4455 defuncti
1713 4395 1830 4438 sunt
1859 4402 2029 4439 omnes
2074 4386 2191 4449 isti,

632 4492 730 4526 non
768 4474 983 4542 acceptis
1020 4475 1487 4545 repromissionibus
1509 4514 1525 4538 ,
1561 4474 1648 4529 sed
1686 4491 1717 4527 a
1756 4475 1899 4545 longe
1935 4490 2022 4529 eas
2060 4474 2199 4543 aspi-

625 4565 805 4617 cientes
832 4572 879 4617 et
907 4565 1182 4619 salutantes
1222 4564 1403 4635 (Hebr.
1437 4567 1524 4619 11.
1557 4566 1666 4637 15).
1700 4565 1806 4619 Cttr
1839 4566 1995 4635 igitur
2022 4576 2201 4621 exter-

626 4656 707 4706 nis
743 4654 953 4723 quidem
987 4670 1050 4710 ac
1095 4654 1327 4725 profanis
1365 4656 1579 4711 athletis
1620 4656 1779 4711 simul
1816 4656 2101 4712 obveniunt
2144 4664 2200 4711 et

624 4745 856 4799 victoria:
884 4753 939 4807 et
960 4760 1194 4810 curante,
1224 4747 1432 4814 pietatis
1460 4755 1638 4800 autem
1667 4746 1879 4800 athletis
1902 4762 2007 4800 non
2037 4747 2197 4801 simul

623 4846 678 4889 et
704 4836 937 4890 victoria:
978 4844 1032 4891 et
1056 4851 1288 4903 coronae,
1319 4836 1411 4891 sed
1454 4846 1656 4890 tantum
1681 4845 1799 4906 post
1828 4838 2081 4905 temporis
2110 4838 2196 4889 in-

628 4926 903 4979 tervallum
925 4926 955 4988 ?.
987 4926 1275 4991 Sudaruut,
1315 4926 1523 4981 labores
1561 4927 1645 4981 hic
1677 4927 2048 4993 exantlarunt,
2080 4943 2199 4983 sex-

621 5025 773 5068 centa
806 5019 1021 5071 vulnera
1061 5026 1416 5095 exceperunt,
1456 5033 1555 5072 nec
1579 5019 1755 5071 statim
1795 5017 1873 5072 eis
1910 5018 2201 5072 obveninnt

622 5106 871 5159 coronaz?
914 5106 1285 5177 Nequaquam,
1319 5108 1529 5174 inquit:
1563 5123 1668 5161 non
1706 5108 1849 5162 enim
1892 5109 2012 5162 vita:
2056 5124 2198 5178 pra:-

626 5198 793 5249 scntis
829 5205 1013 5249 natura
1040 5198 1453 5267 magnitudinem
1490 5197 1705 5253 honoris
1733 5199 1871 5253 illius
1898 5200 2037 5268 capit
2068 5216 2081 5251 :
2110 5215 2199 5253 ca-

622 5285 814 5339 ducum
859 5295 941 5339 est
979 5288 1229 5342 smoulum
1269 5303 1543 5357 prmsens,
1590 5304 1651 5343 ac
1693 5289 1887 5356 breve;
1936 5289 2198 5344 infinitum

622 5376 771 5442 illud,
802 5378 1098 5433 immortale
1145 5386 1198 5434 et
1218 5388 1493 5434 aeternum.
2024 5394 2029 5399 '

695 5467 1027 5540 Temporanei
1056 5472 1250 5526 labares
1286 5488 1495 5526 coronas
1534 5472 1755 5541 referunt
1799 5470 2203 5524 immortales.—

626 5559 912 5627 Proptcrea
953 5562 1162 5619 labores
1202 5564 1415 5633 quidem
1443 5578 1563 5618 cum
1594 5563 1740 5617 brevi
1782 5577 1844 5617 ac
1883 5563 2202 5629 tennorar'o

626 5652 820 5705 gerulo
860 5653 959 5707 isto
984 5658 1294 5723 ctittttexuit,
1341 5670 1565 5710 coronas
1592 5664 1767 5708 autem
1814 5663 2013 5707 attento
2043 5662 2201 5721 atque

629 5746 907 5799 immortali
948 5750 1259 5817 reservavit,
1288 5758 1340 5802 ttt
1380 5759 1430 5802 ct
1463 5746 1703 5801 laborum
1736 5745 1979 5811 molestia
2008 5746 2195 5813 pr.eei~

1373 360 1430 418 S.
1469 357 1746 416 JOANNIS
1774 350 2245 413 CllRYSOSTOlll
2284 350 2600 409 ARClllEP.
2642 352 3175 410 CONSTANTINOP.

2303 464 2499 531 datur,
2546 483 2665 537 qua:
2692 483 2813 523 cum
2860 468 3116 539 temporis
3158 466 3418 523 brevitate
3459 466 3806 539 dissolvatur,
3833 484 3897 529 et

2302 557 2555 627 perennis
2592 573 2656 613 ac
2700 567 2983 629 perpetuus
3018 573 3337 633 coronarum
3383 572 3514 614 usus
3553 570 3886 631 permaneat,

2301 650 2391 719 qui
2428 665 2529 704 una
2560 666 2680 706 cum
2724 650 3053 706 inﬁnitarum
3081 651 3399 706 saeculorum
3430 652 3641 707 illorum
3668 651 3878 707 immor.

2304 743 2502 797 talitate
2560 742 2830 811 perduret.
2870 744 3022 810 Quod
3080 745 3241 814 igitur
3292 742 3583 814 majoribus
3638 758 3736 820 eos
3790 745 3884 799 ho-

2302 834 2522 889 noribus
2550 850 2742 890 ornare
2778 837 2960 901 vellet,
2993 851 3186 891 munus
3209 836 3413 893 distulit
3441 855 3455 891 :
3488 851 3588 893 nec
3614 836 3736 892 ideo
3767 847 3885 891 tan-

2304 935 2413 978 tum
2438 965 2452 988 ,
2493 924 2590 979 scd
2629 934 2686 978 ttt
2722 940 2850 994 pura
2892 926 3141 996 deinceps
3182 926 3453 997 voluptate
3482 927 3884 997 perfunduntur.

2301 1014 2433 1070 Nam
2472 1000 2923 1085 quemadmodum
2965 1019 3031 1085 is,
3073 1019 3164 1089 qui
3217 1019 3367 1087 prius
3412 1018 3617 1074 deliciis
3646 1035 3711 1075 ac
3738 1021 3890 1076 volu-

2303 1106 2536 1174 ptatibus
2561 1106 2775 1173 fruitur,
2799 1123 2862 1163 ac
2901 1108 3094 1163 deinde
3121 1109 3395 1163 vexandus
3428 1117 3545 1174 est,
3592 1121 3891 1179 praesentes

2300 1198 2517 1252 delicias
2559 1199 2629 1253 ob
2658 1198 2953 1254 futurorum
2994 1199 3256 1254 malorum
3295 1200 3747 1269 exspectationem
3788 1201 3887 1255 mi-

2302 1288 2444 1343 nime
2468 1289 2631 1343 sentit
2654 1306 2667 1343 :
2706 1290 2784 1345 sic
2813 1290 2901 1344 ille
2931 1290 3020 1360 qui
3047 1290 3191 1359 prius
3220 1299 3417 1360 pugnat
3444 1305 3505 1345 ac
3529 1290 3802 1357 decertat,
3830 1302 3885 1346 et

2300 1390 2551 1434 sexcenta
2581 1379 2718 1433 mala
2763 1379 2971 1444 tolerat,
3005 1379 3199 1435 deinde
3242 1394 3370 1434 vero
3407 1392 3713 1446 coronatur,
3746 1396 3885 1452 prae-

2299 1470 2529 1526 sentium
2572 1472 2832 1527 malorum
2880 1486 3097 1528 sensum
3145 1486 3251 1526 non
3298 1473 3460 1542 capit,
3506 1472 3633 1527 dum
3675 1473 3885 1528 futuro-

2299 1576 2418 1617 rum
2443 1561 2704 1631 bonorum
2732 1577 2827 1634 spe
2863 1571 3154 1618 recreatur.
3181 1561 3365 1633 Neque
3391 1577 3521 1617 vero
3548 1563 3734 1618 labore
3763 1572 3883 1619 tan-

2299 1652 2410 1708 tum
2447 1668 2539 1709 eos
2569 1655 2815 1724 praesenti
2853 1669 2947 1721 per
2973 1653 3111 1709 hanc
3153 1653 3450 1710 futurorum
3474 1670 3623 1726 spem
3663 1655 3882 1723 levavit,

2299 1744 2393 1800 sed
2430 1747 2588 1800 etiam
2617 1745 2759 1816 quod
2797 1744 3054 1811 effecerit,
3098 1756 3156 1800 ut
3198 1745 3386 1801 ordine
3413 1746 3563 1818 prior
3604 1746 3887 1817 voluptate

2298 1844 2440 1891 esset
2467 1835 2727 1891 afflictio:
2776 1851 2845 1891 ne
2880 1835 3226 1891 vehementer
3252 1851 3283 1890 a
3323 1838 3673 1907 prtesentibus
3699 1837 3882 1905 malis,

2298 1924 2424 1979 dum
2450 1924 2515 1978 ad
2544 1924 2634 1979 illa
2662 1925 2953 1994 respiciunt
2980 1934 3345 1997 torqueantur.
3371 1927 3461 1983 Sic
3478 1928 3553 1982 illi
3575 1927 3760 1996 etiam,
3787 1930 3885 2000 qui

2299 2013 2589 2085 pugilatum
2634 2022 2877 2082 certant,
2909 2016 3155 2072 alacriter
3191 2017 3410 2072 vulnera
3435 2018 3741 2089 excipiunt,
3769 2035 3881 2075 non

2298 2105 2533 2170 dolores,
2564 2104 2659 2161 sed
2687 2121 2941 2162 coronam
2986 2116 3290 2177 spectantes
3314 2124 3329 2174 ;
3361 2108 3440 2163 sic
3465 2117 3522 2165 et
3551 2121 3727 2166 nauta:
3752 2126 3880 2167 sex-

2300 2204 2453 2250 centa
2489 2195 2724 2267 pericula
2753 2196 3041 2253 subeuntes
3067 2238 3082 2263 ,
3125 2207 3510 2269 tempestates,
3537 2209 3591 2254 et
3626 2199 3881 2256 infestum

2298 2284 2565 2356 quoddam
2606 2285 2828 2352 bellum,
2867 2300 2932 2342 ac
2974 2287 3129 2341 saevis
3158 2303 3219 2343 se
3255 2287 3471 2355 belluis,
3510 2298 3567 2345 et
3590 2291 3883 2359 grassanti-

2297 2376 2395 2430 bus
2439 2375 2491 2428 in
2545 2370 2679 2429 mari
2729 2376 3071 2445 pradonibus
3115 2377 3466 2448 objicientes,
3511 2379 3642 2434 nihil
3685 2379 3881 2435 horum

2299 2474 2476 2521 mente
2504 2474 2739 2534 versant,
2767 2466 2863 2522 sed
2904 2466 2971 2522 ad
3002 2476 3188 2539 portus
3214 2482 3279 2522 ac
3304 2467 3516 2524 divitias
3543 2484 3608 2524 ex
3637 2470 3879 2540 negotia-

2299 2560 2445 2613 tione
2488 2558 2815 2628 colligendas
2866 2560 3197 2630 respiciunt:
3240 2561 3313 2616 ita
3349 2570 3404 2616 et
3455 2570 3716 2634 martyres
3757 2580 3883 2619 sex-

2296 2659 2451 2705 centa
2481 2650 2616 2703 mala
2642 2650 2948 2716 tolerantes,
2989 2666 3215 2722 corpore
3251 2652 3413 2707 variis
3440 2654 3718 2709 tormentis
3744 2669 3881 2710 con-

2290 2728 2429 2815 ,ciso,
2476 2742 2607 2796 nihil
2651 2743 2872 2796 istorum
2920 2743 3258 2811 spectabant,
3305 2744 3557 2799 sedendo
3592 2754 3647 2799 et
3688 2745 3878 2812 bonis,

2296 2846 2415 2901 qua:
2453 2830 2577 2886 inde
2604 2842 2905 2901 sperantur,
2952 2831 3245 2888 inhiabant.
3276 2835 3451 2903 Atque
3494 2844 3551 2888 ut
3575 2834 3883 2904 intelligatis

2295 2936 2380 2987 ea,
2423 2936 2543 2992 quae
2572 2931 2756 2975 natura
2800 2936 2894 2976 sua
2932 2922 3113 2991 gravia
3150 2930 3277 2977 sunt
3312 2932 3367 2978 et
3395 2923 3747 2991 intoleranda,
3785 2940 3884 2994 spe

2296 3013 2593 3069 futurorum
2622 3013 2756 3069 levia
2782 3013 2932 3068 reddi
2959 3029 3023 3069 ac
3060 3013 3329 3080 facillima,
3360 3017 3664 3084 praefectum
3693 3016 3883 3072 talium

2296 3107 2557 3162 bonorum
2588 3106 2851 3161 dicentem
2881 3106 3060 3161 audite
3087 3122 3101 3158 :
3133 3104 3197 3159 Id
3238 3106 3370 3159 enim
3395 3107 3530 3176 quod
3563 3107 3617 3160 in
3646 3108 3887 3177 presenti

2296 3207 2371 3251 est
2413 3204 2811 3251 ntomentmteum
2847 3206 2896 3249 et
2936 3196 3041 3249 leve
3082 3194 3418 3249 tribulationis
3464 3205 3647 3250 nostra
3664 3236 3681 3262 ,
3722 3212 3886 3266 supra

2298 3286 2502 3342 modum
2526 3287 2579 3341 in
2606 3286 2908 3341 sublimitate
2933 3295 3178 3339 mternum
3217 3284 3397 3356 gloria:
3421 3284 3622 3355 pondus
3643 3292 3885 3355 operatur

2298 3379 2439 3433 nobis
2461 3376 2540 3447 (2.
2571 3375 2689 3430 Cor.
2720 3377 2773 3432 4.
2801 3377 2910 3444 l7).
2943 3374 3061 3442 Quo
3087 3375 3300 3430 tandem
3329 3385 3482 3444 pacto
3504 3391 3688 3447 quzeso
3705 3376 3885 3432 i-Nots

2299 3465 2751 3541 contemplantibus
2775 3465 2931 3519 nobis
2957 3480 3069 3535 qua:
3113 3465 3360 3532 videmur,
3389 3465 3481 3520 sed
3520 3481 3635 3536 qua
3679 3482 3783 3521 non
3807 3467 3887 3520 vi-

2299 3559 2480 3613 dentur
2518 3556 2624 3629 (Ib.
2652 3573 2702 3610 tt.
2732 3556 2841 3627 18).

2369 3648 2426 3703 2.
2468 3649 2591 3703 llmc
2628 3657 2805 3702 autem
2848 3660 2955 3701 non
3002 3646 3097 3701 abs
3143 3661 3203 3700 re
3246 3645 3384 3700 dicta
3430 3654 3608 3700 sunta
3636 3660 3744 3709 me,
3786 3646 3885 3701 sed

2300 3747 2518 3812 propter
2559 3753 2675 3803 vos,
2726 3745 2781 3791 ut
2817 3749 2939 3791 cum
2977 3735 3206 3804 aliquem
3248 3734 3301 3787 in
3337 3733 3437 3788 hac
3458 3734 3569 3788 vita
3592 3733 3794 3789 deliciis
3820 3748 3887 3788 ac

2298 3830 2652 3901 voluptatibus
2675 3828 3030 3898 perfruentem
3047 3826 3307 3890 videritis,
3324 3826 3417 3880 sed
3448 3825 3559 3879 illic
3575 3833 3758 3893 postea
3782 3839 3884 3894 pu-

2301 3923 2573 3985 niendum,
2592 3935 2695 3975 non
2718 3934 2837 3974 eum
2853 3928 3069 3988 propter
3097 3926 3388 3986 praesentes
3415 3916 3632 3970 delicias
3648 3915 3883 3981 beatum,

2301 4017 2393 4070 sed
2425 4021 2640 4083 propter
2667 4010 2903 4065 futurum
2930 4009 3248 4079 supplicium
3284 4007 3534 4061 miserum
3563 4006 3883 4074 praedicetis.

2302 4108 2535 4161 Rursum
2567 4104 2653 4159 ubi
2676 4101 2977 4171 quempiam
3001 4115 3206 4163 eorum,
3232 4098 3324 4169 qui
3348 4098 3516 4152 multo
3542 4098 3651 4151 illic
3681 4099 3886 4153 honora

2303 4195 2587 4253 deeorandi
2634 4203 2779 4259 sunt,
2824 4192 3109 4247 afflictione
3136 4206 3198 4246 ac
3226 4190 3581 4254 tribulatione,
3612 4200 3771 4259 atque
3798 4189 3881 4243 in-

2306 4287 2539 4343 numeris
2564 4285 2715 4340 malis
2744 4285 2796 4338 in
2820 4284 2919 4337 hac
2939 4281 3214 4352 temporali
3237 4281 3337 4335 vita
3364 4279 3602 4335 videritis
3627 4280 3883 4337 obsideri.

2311 4394 2379 4433 ne
2425 4384 2642 4446 propter
2684 4375 2965 4443 prmSentia
3007 4373 3146 4426 mala
3193 4371 3500 4440 deploretis,
3546 4370 3640 4425 sed
3680 4370 3911 4425 feliceur

2299 4458 2545 4538 judieetis
2573 4481 2634 4519 ac
2658 4465 2869 4520 beatum
2896 4472 3112 4534 propter
3142 4461 3402 4533 repositas
3431 4459 3533 4528 ipsi
3576 4459 3627 4513 in
3670 4458 3891 4512 infinitis

2306 4561 2409 4615 illis
2438 4559 2646 4614 smeulis
2687 4571 2912 4612 coronas
2937 4554 3218 4611 censeatis.
3262 4552 3414 4607 llunc
3441 4552 3621 4621 itaque
3645 4562 3886 4605 sanctmn

2304 4651 2527 4705 Cilicum
2573 4649 2715 4702 natio
2762 4648 2896 4709 tulit,
2946 4660 3067 4716 qua:
3106 4644 3329 4699 Paulum
3377 4643 3536 4697 etiam
3568 4642 3726 4696 tulit:
3758 4643 3887 4696 civis

2305 4746 2446 4799 enim
2478 4743 2613 4796 illius
2641 4742 2756 4805 fuit,
2783 4748 2837 4795 et
2865 4747 3089 4806 uterque
3110 4736 3265 4791 nobis
3290 4734 3412 4790 inde
3429 4733 3672 4789 minister
3704 4731 3892 4787 Eccle-

2306 4838 2398 4892 sia:
2430 4834 2641 4905 prodiit.

2378 4926 2685 4980 Diuturnum
2724 4921 2923 4976 Iuliani
2965 4920 3361 4989 martyriunt.—-
3378 4916 3665 4985 Postquam
3712 4924 3889 4967 autem

2308 5017 2521 5087 pietatis
2549 5023 2789 5083 apertum
2816 5022 2897 5066 est
2924 5010 3171 5077 stadium,
3205 5017 3258 5062 et
3282 5008 3348 5062 ad
3370 5007 3661 5061 certamina
3684 5013 3894 5074 tempus

2308 5110 2478 5179 ipsum
2524 5106 2752 5170 vocavit,
2802 5104 2855 5157 in
2903 5117 3097 5161 saevam
3137 5100 3325 5155 incidit
3352 5098 3601 5161 belluam,
3628 5112 3749 5166 qua:
3779 5104 3889 5149 tum

2303 5199 2556 5269 judicium
2580 5193 2879 5248 exercebat.
2904 5194 2980 5245 Ac
3002 5189 3176 5243 videte
3195 5195 3554 5243 commentum
3573 5202 3591 5240 :
3610 5200 3731 5240 eum
3749 5182 3891 5239 enim

2308 5304 2430 5345 eum
2466 5286 2593 5340 forti
2614 5284 2791 5338 animo
2821 5281 3097 5351 prmditum
3124 5279 3349 5343 videret,
3380 5292 3554 5346 neque
3579 5289 3739 5345 posse
3762 5290 3890 5343 sup—

2310 5380 2449 5450 plicii
2484 5374 2818 5431 vehementia
2851 5372 3073 5443 rigidum
3103 5371 3231 5426 illud
3265 5369 3430 5424 animi
3459 5368 3623 5425 robur
3652 5366 3891 5435 infringi,

2310 5471 2359 5524 in
2390 5466 2891 5538 procrastinationcs
2929 5464 3071 5517 illum
3114 5462 3337 5531 conjicit’
3366 5476 3428 5515 ac
3464 5458 3763 5523 dilationes,
3809 5458 3893 5510 iu-

2311 5561 2593 5615 trmlncens
2622 5555 2907 5610 identidem
2954 5563 3007 5607 et
3055 5553 3307 5609 cducens.
3339 5551 3455 5607 Non
3481 5551 3622 5606 enim
3648 5564 3754 5603 uno
3780 5546 3893 5610 die,

2311 5671 2430 5709 cum
2460 5652 2715 5714 audisset,
2750 5648 2820 5709 illi
2848 5655 3005 5718 caput
3028 5645 3269 5709 abscidit,
3305 5660 3371 5700 ne
3394 5641 3635 5711 supplicii
3659 5637 3893 5695 brevitas

2317 5744 2601 5798 faciiiurcm
2632 5740 2705 5794 illi
2747 5753 2959 5793 cursum
3007 5734 3284 5802 redderet;
3329 5732 3419 5790 sed
3451 5731 3638 5788 diebus
3675 5726 3893 5799 singulis
