4182 6322
408 354 510 411 607

412 470 564 542 παρὰ
590 469 684 523 τοῦ
722 470 995 524 Δεσπότου
1016 471 1117 542 τῆς
1149 472 1397 539 εὐνοίας;
1428 476 1475 527 εἱ
1501 474 1663 545 ἡμεῖς
1682 474 1732 527 οἱ
1754 472 1983 544 πονηροὶ

407 554 630 625 οἴδαμεν
648 556 773 618 τοὺς
788 555 1182 627 κατορθοῦντας
1205 557 1313 610 τῶν
1336 557 1635 611 συνδούλων
1661 556 1805 611 οὕτω
1820 557 1985 627 τιμᾷν

409 640 503 692 καὶ
538 638 955 708 ἐκπλήττεσθαι,
980 640 1167 711 ἐπειδὴ
1194 640 1334 712 ὑπὲρ
1359 640 1596 711 Χριστοῦ
1625 641 1981 710 ὴγωνίσαντο’

408 721 561 791 πόσῳ
594 721 797 789 μᾶλλον
822 724 850 775 6
884 724 1074 793 Πατὴρ
1106 722 1264 793 ήμῶν
1283 726 1311 777 6
1335 723 1589 795 οὐράνιος
1624 722 1787 776 δώσει
1814 721 1985 794 μυρία

405 803 587 871 ἀγαθά
608 806 720 867 τοῖς
738 805 876 876 ὑπὲρ
899 804 1064 858 αὐτοῦ
1087 806 1457 877 πεπονηκόσι;
1486 807 1597 861 Καὶ
1616 807 1727 878 γὰρ
1752 805 1986 877 μεγαλό-

405 888 577 958 δωρός
604 890 720 941 ἐστι
758 890 853 942 καὶ
878 888 1281 959 φιλάνθρωπος⁹
1316 889 1433 943 ἀλλ’
1464 890 1524 943 οὐ
1565 890 1633 944 δι’
1668 891 1801 943 αὐτὸ
1823 889 1983 944 τοῦτο

409 971 663 1039 μένουσιν
691 970 891 1033 αὐτοὺς
923 971 1158 1041 μεγάλαι
1180 974 1235 1026 αἱ
1264 974 1445 1043 τιμαὶ,
1477 972 1593 1026 ἀλλ’
1616 974 1697 1027 ὅτι
1720 973 1812 1027 καὶ
1832 975 1983 1043 ὀφει-

403 1053 565 1124 λέτης
599 1054 749 1107 ἐστὶν
792 1055 991 1110 αὐτῶν.
1041 1056 1155 1109 Οὐκ
1188 1056 1508 1126 ἐσφάγησαν
1552 1056 1695 1129 ύπέρ
1737 1058 1893 1128 ήμῶν
1930 1058 1979 1110 οἱ

405 1139 706 1211 μάρτυρες,
730 1140 824 1192 καὶ
847 1139 997 1209 ὅμως
1027 1139 1389 1210 συντρέχομεν
1421 1141 1504 1203 εἰς
1531 1140 1629 1211 τὴν
1651 1140 1875 1194 ἐκείνων
1899 1158 1981 1193 τι-

404 1223 533 1294 μήν.
565 1223 628 1276 Εἰ
659 1222 717 1275 δὲ
747 1224 928 1293 ἡμεῖς,
960 1221 1104 1292 ὑπὲρ
1135 1215 1209 1274 ὧν
1234 1224 1336 1277 οὐκ
1376 1223 1718 1293 ἐσφάγησαν,
1755 1224 1980 1295 συντρέ-

398 1323 591 1377 χομεν,
626 1307 654 1358 6
680 1304 935 1377 Χριστὸς,
968 1305 1110 1375 ὑπὲρ
1142 1301 1203 1359 οὐ
1225 1304 1325 1369 τάς
1356 1306 1599 1375 κεφαλάς
1620 1305 1902 1370 ἀπέθεντο,
1925 1306 1979 1360 τί

398 1388 461 1442 οὐ
508 1390 759 1459 ποιήσει;
810 1390 858 1442 εἰ
900 1383 982 1453 οἷς
1037 1389 1205 1459 μηδὲν
1234 1388 1457 1458 ὤφειλε,
1496 1389 1735 1443 τοσαῦτα
1778 1390 1979 1445 ἔδωκεν

398 1472 597 1541 ἀγαθά,
621 1470 866 1535 τούτους,
892 1465 973 1534 οἷς
1001 1470 1285 1543 ὀφειλέτης
1308 1471 1445 1535 ἐστὶ,
1476 1472 1673 1536 πόσαις
1696 1473 1796 1526 οὐκ
1817 1472 1977 1543 ἀμεί-

396 1561 559 1630 ψεται
588 1560 858 1630 δωρεαῖς;
892 1558 1059 1633 Οὐδέν
1107 1559 1305 1629 ὤφειλε
1335 1559 1442 1632 πρὸ
1469 1560 1660 1614 τούτου
1692 1565 1759 1631 τῇ
1794 1563 1976 1614 οἰκου-

401 1645 560 1716 μένῃ’
608 1642 837 1707 Πάντες
918 1643 1031 1711 γὰρ
1079 1642 1381 1711 ἥμαρτον,
1426 1642 1561 1714 φησὶ
1600 1643 1830 1708 Παῦλος,
1876 1644 1974 1697 καὶ

396 1725 790 1795 ὑστεροῦνται
805 1723 917 1793 τῆς
934 1724 1124 1792 δόξης
1150 1726 1255 1780 τοῦ
1278 1726 1446 1780 880:7-
1468 1727 1671 1797 μᾶλλον
1698 1728 1753 1781 δὲ
1777 1727 1974 1795 ὤφειλε

396 1809 618 1863 κόλασιν
636 1808 728 1860 καὶ
743 1804 1029 1877 τιμωρίαν·
1048 1807 1161 1860 ἀλλ’
1178 1808 1329 1879 ὅμως
1352 1808 1575 1863 κόλασιν
1591 1811 1722 1880 ήμῖν
1747 1809 1976 1878 ὀφείλων

398 1894 495 1947 καὶ
523 1891 818 1961 τιμωρίαν,
851 1888 997 1959 ζωὴν
1026 1890 1243 1945 αἰώνιον
1265 1892 1575 1963 ἐχαρίσατο.
1598 1893 1659 1946 El
1682 1892 1862 1945 τοίνυν
1893 1887 1976 1956 οἷς

398 1975 623 2029 κόλασιν
646 1972 867 2043 ὤφειλε,
896 1972 1106 2037 τούτοις
1129 1973 1406 2043 βασιλείαν
1460 1970 1681 2027 ἔδωκεν·
1709 1970 1792 2035 οἷς
1830 1973 1975 2045 ζωὴν

397 2057 617 2111 αἰώνιον
640 2054 867 2124 ὀφείλει⁹
917 2056 972 2106 τί
1004 2055 1065 2108 οὐ
1100 2054 1261 2110 δώσει
1286 2073 1301 2122 ;
1326 2057 1421 2110 καὶ
1453 2056 1651 2120 πόσαις
1679 2059 1879 2121 αὐτοὺς
1912 2057 1971 2110 οὐ

392 2141 619 2211 τιμήσει
642 2142 830 2209 τιμαῖς
852 2154 867 2203 ;
891 2139 940 2191 εί
967 2137 1109 2208 ὐπέρ
1134 2138 1243 2193 τῶν
1278 2139 1585 2209 μισούντων
1605 2140 1769 2194 αὐτὸν
1789 2142 1977 2193 ἐσταυ-

397 2222 571 2296 ρώθη,
611 2221 707 2275 καὶ
737 2220 799 2273 τὸ
848 2215 990 2290 αἷμα
1031 2218 1269 2291 ἐξέχεεν,
1314 2221 1454 2291 ὑπὲρ
1482 2222 1591 2275 τῶν
1622 2222 1685 2274 τὸ
1712 2218 1852 2292 αἷμα
1884 2224 1976 2276 ἐκ·

392 2306 635 2377 χεάντων
679 2302 831 2376 [672]
900 2302 989 2357 διὰ
1042 2303 1141 2374 τὴν
1192 2306 1273 2367 εἰς
1329 2304 1492 2357 αὐτὸν
1548 2300 1863 2376 ¹ὁμολογίαν,
1921 2308 1974 2360 τί

391 2384 495 2437 οὐκ
520 2381 850 2453 ἐργάσεται;
888 2382 938 2434 εἰ
965 2380 1094 2444 τοὺς
1139 2381 1655 2453 ἀποστρεφομένους
1706 2384 1800 2436 καὶ
1835 2385 1973 2437 ἀπο-

392 2461 681 2531 πηδῶντας
713 2459 887 2524 οῦτως
925 2460 1233 2529 ἠγάπησεν,
1264 2460 1339 2522 ὡς
1382 2462 1477 2513 καὶ
1514 2461 1805 2515 ἀποθανεῖν
1834 2462 1973 2535 ὑπὲρ

392 2543 608 2607 αὐτῶν,
656 2542 786 2605 τούς
834 2542 1230 2613 ἀγαπήσαντας
1281 2542 1445 2596 αὐτὸν
1500 2542 1681 2615 μέτρῳ
1731 2545 1974 2615 μεγίστῳ

393 2627 665 2699 (Μείζονα
699 2627 809 2697 γάρ
844 2626 1065 2693 ταύτης
1096 2624 1338 2694 ἀγάπην
1361 2625 1559 2692 οὐδεὶς
1587 2628 1733 2695 ἔχει,
1760 2629 1861 2681 ἵνα
1883 2646 1974 2695 τις

389 2704 509 2771 τὴν
540 2702 754 2773 ψυχὴν
778 2703 966 2757 αὑτοῦ
1000 2700 1079 2770 θῇ
1100 2702 1254 2770 ὑπὲρ
1296 2700 1415 2757 τῶν
1456 2705 1649 2772 φίλων
1672 2705 1883 2775 αὐτοῦ)
1920 2718 1970 2769 ι,

391 2787 536 2859 πόσῃ
559 2786 768 2851 δέξεται
788 2786 973 2856 εὐνοίᾳ
992 2785 1085 2838 καὶ
1102 2784 1368 2855 θεραπεία
1388 2804 1402 2854 ;
1421 2784 1485 2839 Οἱ
1507 2787 1605 2857 μὲν
1626 2782 1719 2841 οῦν
1740 2788 1973 2859 ἀθληταὶ

391 2871 502 2925 τῶν
534 2871 734 2936 ἔξωθεν
769 2868 996 2937 ἀγώνων
1036 2869 1093 2921 ἐν
1131 2868 1211 2938 τῷ
1239 2869 1387 2939 αὐτῷ
1422 2872 1706 2941 σκάμματι
1741 2870 1835 2924 καὶ
1868 2889 1973 2925 πα-

391 2955 627 3019 λαίουσι,
664 2954 759 3007 καὶ
787 2952 999 3018 νικῶσι,
1031 2952 1125 3005 καὶ
1167 2952 1669 3023 ἀνακηρύττοντα.,
1713 2954 1809 3007 καὶ
1848 2970 1973 3007 στε-

392 3037 709 3109 φανοῦνται·
744 3029 888 3091 οὗτοι
935 3036 993 3089 δέ
1031 3037 1081 3088 οί
1128 3035 1360 3105 ἀθληταὶ
1401 3036 1502 3106 τῆς
1552 3036 1835 3099 εὐσεϐείας
1873 3038 1972 3108 οὐχ

390 3122 597 3185 οὕτως’
644 3120 759 3174 ἀλλ’
811 3119 1112 3173 ἐπάλαισαν
1164 3119 1265 3189 μὲν
1312 3121 1370 3173 ἐν
1404 3118 1483 3189 τῷ
1520 3120 1747 3191 παρόντι
1789 3119 1968 3185 αἰῶνι,

393 3203 786 3274 στεφανοῦνται
816 3203 871 3256 δὲ
906 3205 963 3256 ἐν
992 3201 1187 3273 ἐκείνῳ
1207 3202 1285 3273 τῷ
1316 3202 1593 3271 μέλλοντι·
1628 3202 1971 3258 ἐπύκτευσαν

390 3288 627 3343 ἐνταῦθα
658 3287 738 3358 τῷ
758 3285 989 3356 διαϐόλῳ
1020 3287 1111 3339 καὶ
1138 3286 1536 3355 περιεγένοντο,
1566 3287 1969 3358 ἀνακηρύττον-

389 3392 480 3427 ται
510 3375 566 3426 δέ
606 3374 741 3425 ἐκεῖ.
766 3370 878 3424 Καὶ
902 3369 989 3423 ἴνα
1018 3370 1248 3441 μάθητε,
1277 3370 1359 3422 ὃτι
1384 3368 1540 3423 τοῦτό
1570 3373 1718 3424 ἐστιν
1748 3371 1967 3441 ἀληθὲς,

391 3460 487 3512 καὶ
515 3456 616 3511 οὐκ
659 3452 893 3508 ἐνταῦθα
938 3452 1123 3515 αὐτοῖς
1179 3453 1228 3504 οἰ
1264 3454 1517 3521 στέφανοι
1556 3454 1811 3516 δίδονται,
1855 3454 1971 3508 ἀλλ’

391 3542 511 3595 ἐκεῖ
541 3540 712 3592 πᾶσαι
746 3537 946 3599 αὐτοὺς
967 3536 1330 3606 ἀναμένουσιν
1358 3538 1414 3589 αἰ
1438 3536 1660 3607 δωρεαὶ,
1696 3537 1969 3591 ἀκούσατε

389 3623 485 3677 τοῦ
508 3622 722 3676 Παύλου
746 3621 1015 3689 λέγοντος,
1041 3620 1152 3673 Τόν
1173 3618 1375 3687 ἀγῶνα
1406 3619 1513 3673 τὸν
1547 3619 1738 3675 καλὸν·
1772 3621 1975 3690 ἠγώνι-

396 3723 567 3775 σμαι,
598 3708 704 3757 τὸν
720 3699 942 3772 δρόμον
961 3701 1259 3763 τετέλεκα,
1279 3700 1395 3769 τὴν
1421 3704 1632 3757 πίστιν
1653 3703 1969 3773 τετήρηκα·

390 3788 609 3844 λοιπὸν
623 3785 937 3841 ἀπόκειταί
947 3802 1047 3854 μοι
1069 3786 1101 3838 ό
1118 3782 1227 3851 τῆς
1248 3783 1631 3853 δικαιοσύνης
1649 3787 1971 3855 στέφανος·

392 3869 498 3925 ποῦ
532 3871 625 3924 καὶ
655 3869 782 3922 πότε
802 3886 815 3934 ;
839 3870 947 3920 “Or
975 3866 1273 3921 ἀποδώσει
1298 3885 1400 3935 μοι
1440 3870 1648 3935 Κύριος
1676 3869 1747 3922 ἐν
1767 3870 1971 3940 ἐκείνῃ

390 3953 468 4022 τῇ
509 3953 712 4023 ἡμέρᾳ,
764 3954 798 4005 ό
851 3950 1079 4014 δίκαιος
1127 3949 1353 4017 κριτής.
1408 3951 1675 4005 Ἐνταῦθα
1712 3951 1969 4023 ἔδραμεν,

391 4040 508 4092 ἐκεῖ
534 4035 913 4105 στεφανοῦται·
945 4032 1182 4087 ἐνταῦθα
1209 4033 1451 4103 ἐνίκησε,
1487 4035 1647 4087 κάκεῖ
1675 4034 1973 4106 ἀναγορεύ-

392 4139 533 4175 εται.
576 4118 875 4173 Ἠκούσατε
908 4117 1073 4171 αὐτοῦ
1109 4116 1203 4171 καὶ
1230 4119 1467 4187 σήμερον
1499 4118 1728 4187 βοῶντος
1759 4120 1852 4172 καὶ
1885 4118 1972 4171 λέ-

392 4220 602 4275 γοντος,
631 4200 789 4256 Κατά
827 4200 1035 4253 πίστιν
1066 4200 1370 4253 ἀπέθανον
1407 4196 1573 4255 οὗτοι
1612 4200 1855 4268 πάντες,
1882 4201 1969 4270 μὴ

393 4284 777 4356 κομισάμενοι
800 4284 907 4348 τὰς
931 4282 1313 4351 ἐπαγγελίας,
1344 4282 1505 4336 ἀλλὰ
1534 4285 1838 4352 πόρρωθεν
1863 4288 1971 4339 αὐ-

392 4371 500 4436 τὰς
524 4369 787 4432 ἰδόντες,
841 4364 937 4420 καὶ
989 4364 1430 4432 ἀσπασάμενοι.
1474 4366 1629 4429 Τίνος
1665 4362 1757 4420 οὖν
1786 4369 1970 4424 ἐνεκεν

390 4456 505 4517 τοῖς
534 4452 632 4520 μὲν
658 4450 919 4519 ἀθληταῖς
947 4451 1060 4512 τοῖς
1086 4447 1283 4514 ἔξωθεν
1310 4448 1447 4519 ὁμοῦ
1478 4449 1573 4504 καὶ
1596 4452 1652 4503 al
1681 4454 1848 4517 νῖκαι,
1878 4456 1971 4509 καὶ

390 4538 441 4590 οῖ
488 4534 766 4603 στέφανοι,
817 4534 932 4595 τοῖς
977 4530 1036 4584 δὲ
1088 4530 1348 4599 ἀθληταῖς
1387 4532 1487 4601 τῆς
1536 4533 1821 4599 εὐσεϐείας
1873 4538 1971 4609 οὐχ

391 4617 527 4687 ὁμοῦ
552 4617 647 4669 καὶ
663 4618 720 4669 αἱ
738 4618 906 4677 νῖκαι,
928 4615 1020 4669 καὶ
1042 4616 1090 4667 οἱ
1116 4614 1391 4683 στέφανοι,
1410 4614 1545 4668 ἀλλά
1567 4617 1705 4686 μετά
1720 4618 1971 4674 τοσοῦτον

387 4701 451 4754 τὸ
469 4700 743 4769 διάστημα
764 4696 857 4751 τοῦ
876 4697 1069 4769 χρόνου
1091 4714 1105 4761 ;
1126 4697 1411 4768 Ἵδρωσαν,
1431 4698 1694 4753 ἐπόνεσαν
1715 4700 1967 4767 ἐνταῦθα,

394 4782 563 4853 μυρία
593 4781 894 4851 ὑπέμειναν
928 4778 1245 4850 τραύματα,
1280 4781 1374 4833 καὶ
1402 4780 1503 4833 οὐκ
1544 4781 1750 4846 εὐθέως
1774 4784 1970 4848 αὐτοὺς

393 4867 682 4933 στεφανοῖ;
708 4864 864 4933 Οὐχὶ,
898 4862 1063 4933 φησίν
1084 4878 1098 4892 ’
1130 4864 1191 4915 οὐ
1219 4863 1326 4933 γάρ
1369 4862 1583 4933 δέχεται
1617 4867 1650 4935 ή
1688 4864 1850 4934 φύσις
1875 4867 1969 4921 τοῦ

392 4947 663 5019 παρόντος
695 4948 810 5017 βίου
839 4946 899 5000 τὸ
936 4946 1167 5016 μεγέθος
1219 4945 1434 5017 ἐκείνης
1479 4947 1577 5016 τῆς
1628 4950 1812 5019 τιμῆς’
1853 4950 1972 5001 ἐπί-

392 5048 560 5103 κηρος
615 5034 643 5085 6
685 5029 877 5100 παρὼν
933 5029 1067 5083 αἰών
1126 5030 1268 5082 ἐστι.
1305 5029 1399 5083 καὶ
1456 5030 1691 5101 βραχὺς,
1746 5033 1972 5103 άπε.ρος

389 5116 626 5179 ἐκεῖνος.
666 5115 760 5168 καὶ
791 5113 1079 5175 ἀθάνατος.
1116 5114 1211 5169 καὶ
1236 5111 1612 5181 ἀτελεύτητος.

461 5198 562 5249 Διά
584 5196 739 5249 τοῦτο
772 5196 898 5257 τοὺς
931 5195 1028 5265 μὲν
1063 5196 1260 5258 πόνους
1306 5196 1686 5267 συνεκλήρωσε
1726 5196 1803 5267 τῷ
1834 5197 1969 5269 βρα-

389 5281 475 5349 χεῖ
517 5280 610 5333 καὶ
651 5279 974 5350 προσκαίρῳ
1023 5278 1202 5341 αἰῶνι,
1248 5280 1375 5342 τοὺς
1423 5279 1481 5332 δὲ
1519 5280 1816 5349 στεφάνους
1847 5284 1969 5335 ἑτα-

392 5361 653 5432 ιιιεύσατο
686 5362 763 5432 τῷ
796 5364 986 5433 ἀγήρῳ
1010 5362 1104 5415 καὶ
1132 5360 1405 5432 ἀθανάτῳ,
1434 5362 1520 5415 ἴνα
1548 5364 1640 5417 καὶ
1663 5363 1769 5417 τῶν
1791 5364 1968 5418 πόνων

454 5578 480 5607 ⁸
505 5575 653 5626 Savil.
679 5580 733 5641 e_t
764 5575 1036 5641 uniusAReg.
1064 5577 1180 5641 ὐπέρ
1211 5575 1384 5641 αὐτῶν.
1409 5577 1494 5625 Διὸ
1517 5580 1596 5626 καὶ
1624 5580 1762 5641 λέγει’
1794 5602 1817 5624 ι(
1844 5585 1969 5632 Mei-

388 5642 501 5704 ζονα
514 5640 604 5704 γὰρ
628 5639 800 5704 ταύτης
822 5638 1008 5704 ἀγάπῃν
1028 5638 1186 5704 9ύδεὶς
1209 5638 1325 5704 ἔχει,
1347 5638 1524 5704 ἵναῼτις
1543 5642 1629 5697 τὴν
1651 5638 1805 5704 ψυχήν
1820 5645 1968 5694 αὐτοῦ

388 5702 445 5770 θῇ
607 5702 703 5770 τῶν
729 5698 885 5770 ,φίλων
909 5698 1073 5770 aii-:01}-
1117 5719 1141 5770 ξ»
1162 5700 1271 5770 τοὺς
1292 5699 1626 5770 ἀγαπήσαντας
1650 5698 1791 5751 αὐτὸν
1812 5709 1965 5770 μέτρω

376 5759 455 5825 .
474 5759 589 5826 ισῴ,
613 5764 694 5810 καὶ
722 5759 915 5819 (du-mo;
938 5762 1053 5825 ὑπὲρ
1078 5759 1223 5810 αὐτοῦ
1247 5759 1466 5818 ἐκδόντας
1486 5764 1549 5819 εἰς
1567 5765 1776 5814 θάνατον.

1500 354 1567 413 IN
1610 356 1670 411 S.
1713 348 2063 410 JULIANUM
2108 352 2514 412 MARTYBEM.

3562 354 3669 410 668

2089 472 2149 524 τὸ
2180 472 2435 545 φορτικὸν
2468 471 2866 544 ὑποτέμνηται,
2907 476 2973 545 τῇ
3028 471 3303 542 ὀλιγότητι
3343 469 3440 523 τοῦ
3470 472 3667 541 χρόνον

2088 555 2631 625 συγκαταλυόμενον,
2678 558 2773 610 καὶ
2814 557 2923 609 τῶν
2958 555 3240 624 στεφάνων
3283 558 3317 624 ή
3364 554 3667 616 ἀπόλαυσις

2088 640 2225 712 μένῃ
2266 641 2500 711 διαρκὴς
2551 641 2647 695 καὶ
2701 640 3093 713 ἀτελεύτητος,
3134 641 3201 709 τῇ
3254 637 3363 691 τῶν
3423 636 3668 706 ἀπείρων

2083 721 2295 776 αἰώνων
2315 722 2540 777 ἐκείνων
2557 723 2826 795 ἀθανασία
2850 741 2913 778 συ
2921 719 3457 795 μπαρεκτεινομένη.
3474 717 3669 781 Μειζόο

2084 827 2190 873 νως
2216 811 2398 864 τοίνυν
2426 811 2627 873 αὐτοὺς
2654 810 2886 880 τιμῆσαι
2911 807 3235 878 βουλόμενος
3254 803 3547 858 ἀνεϐάλετο
3567 803 3666 874 τὴν

2080 894 2312 965 δωρεάν·
2344 895 2404 949 οὐ
2430 896 2519 949 διὰ
2537 893 2696 947 τοῦτο
2726 893 2783 948 δέ
2816 894 2998 964 μόνον,
3022 891 3137 945 ἀλλ’
3171 890 3262 943 ἴνα
3295 888 3391 944 καλ⁸
3416 888 3667 959 καθαρὰν

2080 984 2267 1039 λοιπὸν
2311 984 2476 1055 ἔχωσι
2518 983 2619 1056 τὴν
2651 984 2865 1055 ήδονήν.
2913 983 3128 1053 Ὠσπερ
3168 980 3280 1049 γὰρ
3320 980 3349 1032 6
3396 979 3667 1050 πρότερον

2078 1074 2302 1145 τρυφῶν
2327 1076 2422 1128 καὶ
2446 1074 2685 1137 ἀνέσεως
2720 1072 3033 1136 ἀπολαύων,
3072 1068 3213 1141 μετά
3243 1069 3301 1122 δὶ
3347 1067 3519 1122 ταῦτα
3548 1064 3667 1118 θλιο

2080 1159 2329 1231 ϐόμενος,
2364 1163 2467 1215 οὐκ
2517 1160 2837 1216 αἰσθάνεται
2866 1160 2967 1229 τῆς
3014 1157 3302 1231 παρούσης
3331 1156 3547 1229 τρυφῆς
3596 1156 3663 1224 τῇ

2079 1248 2378 1320 προσδοκίᾳ
2396 1248 2505 1302 τῶν
2542 1248 2845 1319 μελλόντων
2882 1246 3092 1301 δεινῶν·
3133 1245 3308 1309 οὕτως
3337 1247 3365 1299 6
3397 1243 3666 1317 πρότερον

2079 1336 2388 1398 πυκτεύων.
2426 1338 2522 1391 καὶ
2551 1336 2764 1399 ἀθλῶν,
2806 1336 2897 1390 καὶ
2945 1335 3114 1408 μυρία
3156 1334 3444 1404 ὑπομένων
3494 1331 3660 1397 κακὰ,

2082 1424 2221 1495 μετά
2245 1425 2302 1479 δὲ
2350 1424 2525 1480 ταῦτα
2561 1424 3020 1493 στεφανούμενος,
3051 1423 3153 1476 οὐκ
3200 1421 3521 1476 αἰσθάνεται
3551 1420 3663 1473 τῶν

2079 1514 2363 1584 παρόντων
2385 1511 2594 1574 δεινῶν,
2636 1516 2702 1583 τῇ
2732 1511 2907 1565 ἐλπίδι
2941 1510 3051 1563 τῶν
3098 1509 3402 1580 μελλόντων
3444 1506 3664 1575 ἀγαθῶν

2076 1601 2509 1673 ἀνανεούμενος..
2532 1604 2605 1655 Οὐ
2642 1602 2735 1657 τοῦ
2766 1602 3040 1674 παρόντος
3077 1598 3135 1651 δέ
3178 1598 3337 1669 μόνον
3373 1596 3664 1665 ἐκούφισεν

2076 1687 2275 1751 αὐτοὺς
2299 1688 2460 1742 πόνου
2488 1691 2555 1761 τῇ
2596 1688 2864 1760 μελλούσῃ
2890 1686 3090 1751 ἐλπίδι,
3130 1685 3266 1741 6116
3297 1685 3392 1738 καὶ
3417 1686 3484 1754 τῇ
3507 1683 3663 1747 τάξει

2077 1776 2351 1846 προτέραν
2399 1778 2499 1847 τῆς
2544 1776 2781 1837 ἀνέσεως
2821 1774 3242 1837 κατασκευάσας
3282 1771 3528 1840 γίνεσθαι
3563 1770 3663 1841 τὴν

2077 1860 2286 1931 θλῖψιν,
2325 1863 2412 1916 ῖνα
2466 1862 2540 1934 μὴ
2573 1864 2777 1932 σφόδρα
2822 1863 2927 1916 ὑπὸ
2978 1862 3088 1915 τῶν
3137 1860 3423 1930 παρόντων
3472 1857 3663 1917 δεινῶν

2076 1950 2502 2005 κατατείνωνται
2556 1952 2691 2022 πρὸς
2737 1952 2920 2004 ἐκεῖνα
2952 1949 3267 2020 βλέποντες.
3299 1947 3456 2001 Οὕτω
3485 1946 3581 1999 καὶ
3610 1945 3661 1998 οἱ

2074 2038 2441 2101 πυκτεύοντες
2486 2038 2732 2107 δέχονται
2782 2038 2853 2093 τά
2902 2036 3195 2108 τραύματα
3236 2033 3555 2105 προθύμως,
3595 2031 3658 2084 οὐ

2076 2126 2215 2196 7:96;
2244 2127 2343 2190 :6;
2377 2126 2699 2197 ἀλγηδόνας.
2728 2124 2863 2179 ἀλλά
2909 2126 3047 2196 πρὸς
3077 2125 3168 2179 τὸν
3206 2123 3469 2193 στέφανον
3506 2118 3660 2192 [673]

2077 2216 2568 2286 βλέποντες’.οῦτω
2616 2218 2710 2271 καὶ
2768 2216 2963 2271 ναῦται
3017 2215 3249 2287 μυρίους
3294 2211 3663 2282 ὑπομένοντες

2073 2304 2372 2369 κινδύνους,
2403 2304 2699 2375 χειμῶνας,
2733 2306 2826 2358 καὶ
2849 2303 3083 2374 πόλεμόν
3114 2317 3239 2355 τινα
3268 2297 3528 2370 χαλεπὸν,
3565 2297 3661 2350 καὶ

2074 2393 2211 2465 7:96;
2243 2394 2406 2464 θηρία
2452 2393 2654 2465 ἀγρια,
2702 2390 2969 2463 καὶπρὸς
3018 2390 3144 2453 τοὺς
3190 2390 3250 2442 ἐν
3301 2391 3367 2459 τῇ
3420 2385 3659 2456 θαλάττῃ

2074 2482 2415 2555 κακούργους
2444 2483 3038 2554 ἀντιπαραταττόμενοι
3058 2520 3072 2543 ,
3096 2478 3249 2532 οὐδὲν
3277 2476 3484 2530 τούτων
3512 2470 3667 2541 λογε-

2075 2570 2280 2635 ζονται,
2337 2570 2473 2624 ἀλλά
2508 2571 2642 2642 πρὸς
2670 2570 2797 2632 τοὺς
2828 2568 3079 2639 λιμένας,
3125 2566 3221 2618 καὶ
3267 2564 3358 2617 τὸν
3409 2561 3520 2615 ἀπὸ
3559 2560 3663 2629 τῆς

2074 2660 2344 2728 ἐμπορίας
2365 2658 2594 2712 πλοῦτον
2626 2658 2847 2728 ὁρῶσιψ
2874 2654 3019 2709 οῦτω
3046 2654 3143 2708 καὶ⁵
3174 2654 3223 2706 οἱ
3256 2653 3534 2722 μάρτυρες
3561 2666 3663 2718 μυ·

2074 2747 2167 2818 ρία
2200 2747 2501 2818 πάσχοντες
2533 2745 2700 2807 δεινά,
2732 2745 2825 2799 καὶ
2864 2743 2924 2798 :6
2976 2743 3136 2814 σῶμα
3179 2740 3461 2811 διαφόροις
3492 2736 3664 2807 βασά-

2071 2853 2182 2899 νοις
2215 2832 2700 2906 κατατεμνόμενοι,
2723 2832 2859 2905 7:96;
2881 2832 3034 2886 οὐδὲν
3060 2830 3266 2884 τούτων
3292 2826 3499 2899 ἐώρων,
3524 2825 3662 2879 ἀλλά

2071 2922 2208 2993 πρὸς
2236 2924 2327 2976 τὸν
2362 2922 2590 2994 οὐρανὸν
2634 2920 2729 2976 καὶ
2762 2920 2832 2974 :6
2860 2920 3071 2974 ἐκεῖθεν
3115 2919 3411 2989 κεχήνασιν
3455 2912 3659 2983 ἀγαθά.

2070 3012 2182 3066 Καὶ
2207 3013 2295 3066 ῖνα
2320 3011 2532 3083 μάθητε
2561 3012 2644 3064 ὅτι
2673 3010 2743 3064 :6
2774 3010 2936 3079 φύσει
2982 3007 3217 3080 φορτικὰ
3246 3006 3342 3060 καὶ
3384 3003 3657 3073 ἀφόρητα,

2070 3098 2242 3155 ταῦτα
2287 3102 2355 3171 τῇ
2388 3098 2562 3152 ἐλπίδι
2596 3099 2705 3153 τῶν
2740 3097 3045 3169 μελλόντων
3094 3094 3273 3164 κοῦφα
3331 3092 3426 3147 καὶ
3476 3092 3656 3162 ῥᾷστα

2070 3188 2316 3256 γίνεται,
2355 3187 2626 3242 ἀκούσατε
2674 3186 2769 3241 τοῦ
2822 3183 3211 3258 πρωτοστάτου
3254 3180 3362 3235 τῶν
3394 3177 3658 3233 τοιούτων

2070 3276 2291 3344 ἀγαθῶν
2321 3276 2590 3345 λέγοντος
2639 3276 2710 3329 T6
2736 3275 2847 3345 γὰρ
2880 3272 3218 3340 παραυτίκα
3255 3268 3521 3338 ἐλαφρὸν
3552 3264 3664 3335 τῆς

2072 3366 2333 3433 θλίψεως
2376 3366 2506 3418 καθ’
2535 3362 2882 3433 ὑπερϐολὴν
2908 3364 2994 3427 εἰς
3035 3356 3382 3427 ὑπερϐολὴν
3416 3351 3664 3409 αἰώνιον

2065 3450 2259 3520 ,ϐάρος
2294 3451 2482 3519 δόξης
2519 3449 2923 3521 κατεργάζεται
2965 3447 3128 3517 ἡμῖν.
3169 3444 3327 3511 Πῶς,
3366 3441 3489 3497 εἰπὲ
3533 3458 3657 3512 μοι;

2072 3540 2169 3609 Μὴ
2210 3541 2605 3596 σκοπούντων
2649 3538 2818 3609 ἡμῶν
2857 3539 2928 3592 τὰ
2954 3536 3310 3605 ,βλεπόμενα
3332 3573 3347 3600 ,
3376 3530 3540 3587 ἀλλὰ
3585 3530 3660 3583 τὰ

2068 3628 2154 3699 μὴ
2195 3629 2567 3697 βλεπόμενα.
3320 3682 3325 3685 λ

2146 3738 2209 3808 β’.
2229 3737 2415 3791 Ταῦτα
2444 3737 2501 3790 δέ
2528 3754 2617 3807 μοι
2646 3739 2744 3807 οὐχ
2773 3735 3217 3807 ἀπλῶςεῖρηται,
3237 3732 3375 3787 ἀλλά
3398 3732 3465 3787 δι’
3489 3731 3656 3801 ὑμᾶς.

2074 3827 2162 3879 ἵνα
2177 3827 2307 3879 ὅταν
2327 3825 2473 3894 ἴδητέ
2494 3842 2614 3877 τινα
2635 3824 2927 3895 τρυφῶντα
2945 3824 3043 3893 καὶ
3056 3823 3296 3879 ἀνέσεως
3314 3819 3659 3873 ἀπολαύοντα

2073 3914 2130 3967 ἐν
2145 3912 2223 3984 τῷ
2240 3912 2339 3983 βίῳ
2360 3912 2552 3983 τούτῳ.
2577 3911 2837 3982 μέλλοντα
2860 3910 2915 3963 δὲ
2947 3912 3064 3963 ἐκεῖ
3084 3906 3429 3971 κολάζεσθαι,
3455 3904 3529 3975 μὴ
3554 3922 3657 3974 μα-

2072 4019 2142 4054 κα
2152 4002 2334 4072 ρίζητε
2363 4001 2527 4055 αὐτὸν
2545 4000 2632 4052 διὰ
2661 3999 2759 4070 τὴν
2784 3998 3068 4071 παροῦσαν
3086 3996 3321 4067 τρυφὴν,
3338 3992 3475 4048 611-6
3494 3991 3657 4046 :a1a-

2073 4091 2256 4161 νίζητε
2279 4090 2366 4145 διὰ
2386 4092 2485 4163 τὴν
2511 4090 2812 4160 μέλλουσαν
2835 4088 3075 4143 κόλασιν.
3094 4087 3205 4140 Καὶ
3223 4084 3383 4139 πάλιν
3404 4085 3531 4136 ὅταν
3550 4082 3659 4150 ἴδη-

2070 4179 2133 4231 τέ
2156 4195 2277 4232 τινα
2310 4178 2419 4231 τῶν
2454 4179 2756 4249 μελλόντων
2784 4180 2903 4231 ἐκεῖ
2928 4176 3131 4245 πολλῆς
3166 4171 3461 4227 ἀπολαύειν
3486 4169 3655 4239 τιμῆς

2072 4268 2129 4319 ὲν
2158 4266 2335 4336 θλίψει
2369 4266 2464 4320 καὶ
2508 4266 2859 4337 στενοχωρίᾳ,
2892 4265 2986 4318 καὶ
3030 4263 3243 4335 μυρίοις
3280 4260 3411 4313 ὄντα
3465 4258 3657 4318 κακοῖς

2072 4356 2131 4408 ἐν
2164 4358 2230 4426 τῇ
2278 4355 2597 4426 προσκαίρῳ
2624 4354 2798 4428 ταύτῃ
2846 4353 2981 4424 ζωῇ,
3029 4353 3104 4423 μὴ
3152 4348 3426 4419 δακρύητε
3469 4345 3557 4428 διά
3588 4344 3657 4398 :6

2073 4444 2315 4513 παρόντα
2340 4442 2508 4508 δεινά,
2532 4441 2668 4497 ἀλλά
2710 4426 3074 4513 μακαρίζητε,
3108 4439 3202 4491 καὶ
3243 4432 3484 4505 ζηλωτὸν
3514 4426 3656 4485 εἶναι

2070 4530 2330 4600 νομίζητε
2359 4530 2447 4584 διὰ
2483 4530 2609 4594 τοὺς
2640 4528 3038 4597 ἀποκειμένους
3079 4523 3229 4595 αὐτῷ
3264 4522 3564 4591 στεφάνους
3596 4519 3655 4569 ἐν

2071 4620 2185 4680 τοῖς
2222 4618 2472 4689 ἀπείροις
2504 4619 2699 4670 αἰῶσιν
2735 4618 2987 4679 ἐκείνοις.
3030 4615 3269 4682 ’Ἢνεγκε
3314 4610 3413 4682 μὲν
3448 4606 3540 4662 οὖν
3562 4606 3656 4660 τὸν

2075 4705 2228 4772 ἅγιον
2254 4705 2442 4758 τοῦτον
2466 4704 2526 4757 :6
2547 4704 2655 4758 τῶν
2684 4704 2926 4757 Κιλίκων
2948 4703 3122 4765 ἔθνος,
3153 4702 3180 4755 6
3210 4702 3304 4754 καὶ
3326 4699 3418 4753 τὸν
3440 4696 3655 4751 Παῦλον

2072 4793 2299 4863 ήνεγκε’
2343 4793 2681 4864 συμπολίτης
2716 4793 2823 4864 γὰρ
2856 4789 2923 4863 ἦν
2958 4793 3192 4853 ἐκείνου,
3229 4789 3323 4843 καλ⁸
3353 4788 3654 4857 ἀμφότεροι

2074 4871 2339 4951 ὑπουργοὶ
2362 4882 2459 4951 τῆς
2489 4880 2813 4951 Ἐκκλησίας
2835 4879 3042 4933 ἐκεῖθεν
3065 4872 3195 4948 ἡμῖν
3217 4874 3651 4947 προεϐλήθησαν.

2156 4969 2372 5039 Ἐπειδὴ
2405 4968 2462 5021 δὲ
2508 4968 2570 5021 :6
2610 4968 2821 5021 στάδιον
2861 4967 3066 5037 ἀνέῳγε
3098 4966 3195 5035 τῆς
3224 4963 3528 5025 εὐσεϐείας,
3562 4962 3656 5016 καὶ

2072 5055 2210 5127 πρὸς
2247 5057 2372 5118 τοὺς
2398 5056 2593 5118 ἄθλους
2617 5055 2779 5108 αὐτὸν
2802 5057 2830 5107 6
2869 5053 3059 5123 καιρὸς
3091 5050 3297 5114 ἐκάλει,
3335 5049 3655 5121 περιπίπτει

2070 5142 2294 5214 χαλεπῷ
2320 5142 2494 5213 θηρίῳ
2526 5142 2602 5212 τῷ
2628 5143 2747 5195 τότε
2777 5141 3075 5205 δικάζοντι.
3132 5140 3243 5193 Καὶ
3272 5142 3527 5193 σκοπεῖτε
3552 5138 3652 5207 τὴν

2072 5233 2340 5301 μηχανήν.
2368 5231 2515 5283 Ἰδὼν
2553 5229 2661 5300 γάρ
2694 5230 2857 5283 αὐτοῦ
2894 5229 2954 5282 τὸ
2988 5229 3242 5300 φρόνημα
3274 5226 3521 5299 στερρὸν,
3561 5228 3653 5280 καὶ

2069 5317 2145 5380 ὡς
2164 5318 2225 5371 οὐ
2250 5318 2474 5372 δυνατὸν
2496 5322 2563 5389 τῇ
2590 5319 2910 5390 σφοδρότητι
2932 5318 3031 5388 τῆς
3049 5317 3321 5388 τιμωρίας
3348 5316 3651 5371 ὐπεκλῦσαι

2068 5406 2130 5459 :6
2157 5406 2369 5460 εὔτονον
2386 5408 2486 5478 τῆς
2510 5408 2839 5478 προθυμίας,
2864 5409 2944 5469 είς
2970 5406 3252 5478 μελλήσεις
3272 5405 3432 5461 αὐτὸν
3450 5405 3655 5477 ἐμϐάλ-

2068 5497 2148 5550 λει
2198 5498 2292 5550 καὶ
2319 5498 2612 5562 ἀναϐολὰς,
2645 5500 2883 5567 εἰσάγων
2910 5498 3004 5552 καὶ
3032 5497 3243 5565 ἐξάγων
3276 5498 3538 5569 συνεχῶς.
3573 5499 3648 5550 υύ

2067 5588 2176 5659 γὰρ
2218 5591 2274 5642 ἐν
2303 5591 2400 5660 μιᾷ
2434 5590 2620 5661 ἡμέρᾳ
2646 5590 2887 5652 ἀκούσας
2922 5589 3197 5659 ἀπέτεμεν
3226 5587 3392 5643 αὐτοῦ
3428 5588 3528 5659 τὴν
3563 5605 3655 5641 κε-

2068 5677 2266 5748 φαλὴν,
2290 5678 2377 5730 ἵνα
2415 5679 2490 5749 μὴ
2521 5679 2583 5731 :6
2624 5678 2886 5748 σύντομον
2915 5678 3015 5749 τῆς
3042 5677 3314 5747 τιμωρίας
3348 5676 3650 5731 εὐκολώτε⁴

2073 5783 2162 5837 ρον
2202 5766 2353 5837 αὐτῴ
2385 5768 2585 5839 ποιήσῃ
2635 5767 2726 5820 τὸν
2778 5766 3011 5839 δρόμον,
3062 5765 3196 5820 ἀλλά
3251 5766 3373 5821 καθ’
3414 5767 3654 5839 ἑκάστην
