4206 6302
240 349 346 406 669

238 456 624 524 introducebat,
672 452 963 518 educebat,
1019 445 1467 517 interrogationes
1521 437 1830 500 adhibebat.

237 551 389 609 mille
412 555 678 606 tormenta
706 542 1070 611 minitabatur,
1097 535 1413 594 adulatoriis
1437 534 1616 590 verbis
1639 527 1840 587 allicie-

239 646 355 712 bat,
397 655 587 697 omnes
631 636 906 693 mcbinas
933 615 1274 694 admovebat,
1299 636 1358 684 et
1395 627 1672 682 immotum
1712 618 1839 676 illud

241 733 649 791 fundamentum
689 732 980 782 concutere
1013 720 1319 786 nitebatur;
1348 731 1490 772 anno
1513 715 1720 785 integro
1746 725 1843 781 per

243 827 550 881 universam
575 815 730 874 illum
748 815 986 873 Ciliciam
1015 807 1475 874 circumducebat,
1522 802 1843 879 ignominia-

241 896 348 984 que
378 909 685 967 afﬁciebat:
712 909 822 963 imo
845 918 994 968 vero,
1021 902 1162 974 quod
1205 894 1428 954 minime
1467 894 1842 955 arbitrabatur,

239 1003 592 1062 illustriorem
635 987 890 1056 reddebat
935 1004 1263 1066 martyrem;
1316 996 1520 1061 martyr
1565 996 1743 1041 autem
1791 992 1848 1038 et

243 1100 362 1169 ipse
391 1092 783 1152 vociferabatur
808 1086 1235 1154 concinebatque
1258 1097 1381 1138 cum
1411 1080 1598 1167 Paulo,
1626 1078 1731 1131 Deo
1755 1093 1850 1130 au-

246 1201 348 1244 tem
394 1188 586 1261 gratias
623 1182 711 1254 qui
754 1179 1032 1250 triumphat
1082 1191 1176 1231 nos
1228 1177 1280 1230 in
1326 1174 1548 1237 Christo,
1574 1181 1620 1261 et
1645 1170 1850 1261 odorem

248 1254 445 1334 notitiis
473 1290 580 1331 sua:
616 1274 905 1345 manifestat
930 1286 1020 1341 per
1052 1285 1148 1323 nos
1175 1271 1230 1323 in
1254 1266 1390 1322 enini
1417 1266 1527 1320 loco
1548 1254 1623 1332 (Ξ.
1647 1261 1765 1316 Cor.
1793 1258 1848 1312 2.

254 1370 366 1442 14).
411 1367 488 1426 Ut
522 1367 664 1424 enim
710 1370 1059 1435 unguentum,
1104 1359 1363 1432 quamdiu
1411 1356 1626 1427 quidem
1667 1367 1772 1408 uno
1799 1352 1853 1406 iu

253 1462 377 1518 loco
404 1447 576 1516 situm'
593 1467 696 1522 est,
726 1455 902 1511 solum
933 1453 1080 1508 illum
1109 1464 1292 1506 aerem
1314 1447 1478 1520 odore
1503 1445 1702 1522 inlicit;
1732 1457 1854 1496 cum

252 1514 436 1606 autem
456 1514 508 1603 in
526 1514 695 1603 multa.
705 1545 867 1601 fuerit
880 1544 996 1597 loca
1012 1514 1538 1612 dispersum,‘omnia
1556 1514 1651 1590 s’ua
1664 1533 1859 1586 virtute

255 1641 493 1710 complet
521 1656 535 1694 :
565 1640 635 1693 ita
666 1634 914 1691 nimirum
945 1641 999 1687 et
1026 1633 1077 1684 in
1106 1638 1346 1700 martyre
1375 1625 1587 1682 accidit.
1615 1621 1858 1678 Circum-

256 1732 523 1804 agebatur;
541 1729 683 1800 enim
713 1737 828 1781 tum
858 1723 1115 1793 temporis
1145 1725 1207 1777 ut‘
1226 1718 1520 1776 inurendus
1545 1713 1856 1787 ignominia,

257 1821 358 1878 scd
383 1818 708 1887 contrarium
737 1815 1048 1871 eveniebat:
1075 1811 1334 1875 illustrior
1356 1810 1442 1864 illa
1471 1806 1864 1864 transvectiono

262 1912 429 1968 ﬁebat
468 1910 704 1975 athleta,
746 1916 1071 1976 cunctosque
1119 1905 1342 1961 Cilicum
1387 1902 1620 1974 regionis
1663 1899 1864 1955 incolas

261 2019 376 2062 sua:
419 2003 628 2056 virtutis
663 1985 1014 2055 aemulatores
1073 1997 1349 2053 reddebat.
1399 1995 1867 2064 Circumagebatur

262 2106 697 2165 quoquoversus,
744 2100 802 2146 ut
827 2090 943 2159 ejus
970 2090 1267 2146 certamina
1301 2103 1404 2143 non
1431 2102 1496 2141 ex
1527 2085 1666 2140 fama
1695 2085 1867 2139 solum

264 2185 562 2246 discerent,
589 2181 685 2236 sed
727 2189 783 2235 et
803 2180 996 2250 ipsum
1029 2189 1338 2236 coronatum
1366 2179 1621 2232 victorem
1648 2184 1870 2231 contue-

267 2283 458 2330 rentur
481 2280 850 2340 spectatores;
881 2279 1190 2341 quantoque
1229 2263 1496 2338 longiores
1523 2267 1596 2321 illi
1622 2266 1871 2322 circuitus

266 2364 429 2420 stadii
456 2360 837 2430 curriculaque
862 2359 1144 2425 reddebat,
1174 2368 1319 2414 tanto
1342 2357 1659 2413 illustriores
1685 2371 1874 2411 cursus

267 2470 461 2512 omnes
488 2455 724 2510 ﬁebant:
761 2462 964 2522 quanto
998 2453 1197 2523 majora
1239 2453 1310 2505 illi
1354 2461 1646 2506 scammata
1679 2463 1874 2519 propo-

273 2549 459 2612 nebat,
492 2555 640 2601 tanto
667 2544 1002 2602 mirabiliora
1025 2545 1315 2601 certamina
1342 2544 1606 2600 efﬁciebat
1634 2558 1650 2598 :
1679 2550 1876 2613 quanto

270 2641 619 2696 afﬁictionem
649 2639 914 2709 temporis
935 2637 1284 2692 diuturnitate
1319 2636 1690 2706 protendebat,
1731 2642 1878 2688 tanto

276 2731 643 2802 probatiorem
665 2719 980 2800 patientiam
1003 2727 1402 2798 ejusreddebat.
1427 2727 1560 2781 Nam
1587 2735 1642 2782 et
1666 2725 1876 2786 aurum.

275 2838 386 2894 quo
414 2822 615 2878 diutius
639 2838 766 2878 cum
795 2823 931 2895 ignis
960 2833 1143 2876 natura
1173 2831 1440 2889 versatur,
1467 2821 1648 2889 purius
1668 2817 1840 2890 evpdit
1859 2831 1880 2871 :

275 2912 733 2983 quemadmodum
761 2921 816 2969 et
861 2921 972 2968 tum
1000 2913 1167 2967 sancti
1208 2912 1384 2965 anima
1412 2920 1649 2978 tempore
1676 2908 1880 2962 exami-

277 3012 404 3061 nata
458 3006 630 3075 magis
681 3003 1001 3074 refulgebat,
1055 3017 1155 3057 nec
1203 3001 1346 3055 aliud
1398 3000 1669 3071 quiddam,
1722 3014 1880 3069 quam

283 3106 546 3167 tropaaum
593 3093 856 3152 adversus
900 3094 1132 3163 seipsum
1176 3107 1242 3148 ac
1268 3091 1559 3156 diabolum,
1591 3100 1884 3162 martyrem

282 3185 734 3248 circumferebat,
779 3184 1109 3240 crudelitatis
1153 3184 1430 3254 gentilium
1478 3193 1883 3252 argumentum,

282 3281 711 3338 Christianorum
741 3278 953 3349 pietatis
980 3276 1255 3341 indicium,
1273 3275 1482 3331 virtutis
1503 3273 1699 3331 Christi
1721 3273 1889 3326 maxi-

287 3389 440 3430 mum
483 3374 715 3443 signum,
767 3371 1172 3426 incitamentum
1216 3377 1271 3424 et
1314 3368 1597 3425 consilium
1622 3366 1885 3436 ﬁdelibus,

286 3473 345 3518 ut
371 3460 537 3519 alacri
566 3463 745 3517 animo
773 3461 832 3517 in
851 3460 1038 3516 iisdem
1052 3460 1432 3514 certaminibus
1460 3466 1887 3529 perseverarent,

287 3553 481 3608 divina:
498 3553 681 3624 gloria:
694 3550 1213 3622 praeconem,talium
1231 3549 1583 3607 certaminum
1596 3549 1728 3605 disci
1735 3549 1891 3618 plina:

289 3646 624 3715 magistrum.
673 3643 910 3700 Cunctos
949 3643 1094 3696 enim
1137 3641 1204 3696 ad
1249 3641 1615 3696 imitationema
1649 3640 1730 3694 sui
1781 3654 1890 3693 non

288 3749 425 3792 voce
453 3731 654 3790 tantum
685 3735 942 3799 suadens,
991 3731 1087 3787 sed
1112 3730 1264 3786 factis
1295 3732 1423 3801 ipsis
1436 3731 1571 3786 tuba
1611 3730 1892 3784 clariorem

295 3827 519 3883 mittens
540 3841 748 3894 vocem,
774 3824 1178 3882 cohortabatur.
1215 3823 1278 3877 Et
1303 3821 1749 3891 quemadmodum
1776 3820 1893 3875 ca-li

294 3935 402 3975 non
432 3921 626 3974 emissa
653 3934 785 3974 voce
815 3920 906 3973 Dei
935 3917 1162 3987 gloriam
1207 3924 1460 3970 enarrant
1497 3913 1667 3986 (Psat.
1701 3913 1787 3968 18.
1814 3913 1891 3982 l),

296 4013 392 4068 sed
419 4014 547 4067 dum
570 4022 818 4082 aspectus
842 4011 923 4066 sui
971 4009 1265 4079 splendore
1302 4015 1658 4085 spectatorem
1702 4007 1754 4059 in
1803 4005 1897 4060 ad-

296 4103 635 4158 mirationem
681 4102 973 4156 conditoris
1031 4099 1318 4155 traducunt
1365 4115 1378 4150 :
1423 4097 1495 4151 ita
1545 4098 1793 4150 nimirum
1844 4105 1898 4149 et

297 4204 503 4264 martyr
546 4195 634 4248 ille
666 4194 754 4247 Dei
785 4193 1007 4262 gloriam
1041 4202 1168 4254 tunc
1193 4189 1494 4255 cnarrabat,
1536 4202 1657 4241 cum
1707 4186 1895 4241 ca-lum

298 4294 445 4340 esset
471 4285 584 4354 ipse
610 4298 824 4353 quoque
851 4283 1017 4346 multo
1045 4282 1150 4336 isto
1179 4279 1426 4345 lucidius,
1459 4278 1601 4348 quod
1629 4277 1891 4331 videmus.

298 4372 416 4429 Non
471 4375 614 4427 enim
665 4374 738 4426 ita
786 4372 972 4427 caelum
1023 4384 1292 4426 astrorum
1354 4368 1508 4422 ebori
1559 4368 1898 4437 splendidum

300 4470 563 4532 reddunt,
605 4477 661 4521 ut
704 4467 954 4536 martyris
999 4477 1198 4534 corpus
1239 4459 1570 4532 splendidius
1618 4460 1898 4513 vulnerum

299 4561 482 4615 sanies
505 4557 753 4612 reddidit.
784 4559 958 4626 Atque
978 4565 1034 4609 ut
1055 4555 1306 4626 martyris
1330 4554 1548 4606 vulnera
1570 4551 1704 4606 cado
1727 4551 1903 4605 inﬁxis

303 4655 465 4705 astris
492 4650 852 4720 splendidiora
881 4663 1000 4703 esse
1025 4647 1263 4709 discatis,
1291 4645 1570 4699 advertite.

379 4741 645 4794 Daemones
674 4739 960 4808 Martyrum
998 4736 1232 4815 sepulcra
1260 4735 1646 4805 {ormidant.—
1665 4734 1744 4787 Ad
1777 4733 1901 4788 illud

305 4835 520 4905 quidem
570 4834 760 4887 caelum
809 4847 872 4886 ac
913 4831 1094 4885 Stellas
1138 4845 1256 4884 cum
1302 4828 1550 4882 homines
1591 4827 1900 4895 respiciunt,

308 4938 418 4981 tum
446 4925 757 4989 d.emones;
790 4923 886 4978 sed
929 4922 994 4975 ad
1027 4922 1185 4989 hujus
1206 4922 1368 4975 etiam
1413 4918 1630 4972 vulnera
1662 4917 1906 4970 homines

306 5017 524 5086 quidem
574 5015 862 5083 respiciunt
908 5013 1125 5076 ﬁdeles,
1173 5011 1448 5065 da'mones
1497 5017 1675 5064 autem
1726 5009 1908 5063 oculos

307 5117 498 5164 contra
527 5120 634 5159 non
669 5105 867 5158 audent
907 5103 1178 5167 attollere;
1228 5103 1353 5172 quin
1388 5103 1548 5156 etiam
1591 5101 1636 5154 si
1667 5107 1910 5169 spectare

309 5209 596 5269 conentur,
628 5200 880 5254 continuo
924 5196 1212 5252 luminibus
1243 5197 1523 5258 orbantur,
1551 5208 1651 5250 nec
1689 5203 1911 5263 possunt

312 5292 650 5349 exsilientem
678 5290 801 5344 inde
834 5288 1088 5359 fulgorem
1118 5289 1400 5343 sustinere.
1431 5286 1546 5342 Hoc
1575 5300 1674 5356 ego
1702 5301 1806 5338 non
1847 5296 1911 5338 ex

315 5385 379 5438 iis
409 5390 614 5436 tantum
643 5397 761 5450 quae
791 5381 916 5434 olim
939 5380 1268 5444 acciderunt,
1288 5379 1381 5432 sed
1410 5393 1472 5433 ex
1502 5377 1568 5431 iis
1589 5377 1771 5439 etiam,
1795 5392 1915 5446 qua:

317 5472 586 5541 hodieque
625 5469 776 5535 ﬁunt,
825 5468 1205 5538 comprobabo.
1226 5461 1409 5522 'Sume
1435 5469 1579 5522 enim
1610 5468 1914 5536 quempiam

318 5579 348 5619 a
379 5564 624 5618 da-mone
664 5572 966 5630 correptum
1013 5575 1074 5615 ac
1121 5560 1407 5626 furentem,
1457 5569 1510 5613 et
1556 5557 1624 5612 ad
1671 5568 1914 5612 sanctum

321 5655 796 5725 illud,sepulcrum
841 5653 1036 5732 dedite,
1068 5669 1174 5723 quo
1205 5653 1451 5722 reliqum
1469 5651 1723 5723 martyris
1749 5652 1919 5705 couti-

321 5757 540 5817 nentur,
567 5755 679 5802 tum
705 5745 1032 5802 resilientem
1074 5745 1230 5814 plane
1257 5757 1416 5817 atque
1446 5748 1734 5817 fugientem
1769 5747 1917 5801 vide-

1363 327 1427 384 IN
1461 329 1520 383 s.
1563 290 1909 381 memmi
1945 315 2355 377 murram.

3429 319 3534 378 070

1945 436 2046 490 bis.
2103 436 2175 494 Ut
2223 437 2367 494 enim
2412 436 2457 493 si
2504 451 2602 510 per
2648 451 2848 510 prunas
2892 437 3200 494 inccssurus
3252 446 3418 504 esset,
3458 438 3540 493 sic

1943 530 2014 586 ab
2041 529 2159 601 ipso
2200 529 2465 587 vestibulo
2492 529 2672 587 statim
2697 531 2895 600 exsilit,
2925 540 2979 587 et
3018 547 3086 587 ne
3113 531 3298 587 oculos
3321 531 3539 602 quidem

1946 619 2202 676 adversus
2229 621 2400 691 ipsam
2427 620 2633 678 thecam
2661 622 2823 678 audet
2851 623 3118 694 attollere.
3148 622 3302 690 Quod
3323 623 3368 679 si
3400 635 3542 682 nunc

1947 721 2096 766 tanto
2139 721 2261 783 post
2303 721 2564 783 tempore,
2613 726 2736 768 eum
2782 701 2956 784 pulvis
2985 722 3038 770 et
3076 714 3211 771 cinis
3235 723 3317 770 est
3346 714 3541 778 factus,

1949 802 2222 872 suspicere
2265 801 2317 856 in
2354 813 2758 859 monumentum
2794 820 2900 860 non
2939 805 3158 870 audent,
3187 820 3288 861 nec
3315 805 3370 860 in
3399 805 3539 860 nuda

1952 893 2120 948 sancti
2167 894 2568 972 ossa,.minime
2605 891 2825 950 dubium
2864 905 2969 962 est,
3006 897 3134 967 quin
3161 905 3274 952 tum
3309 911 3545 967 quoque,

1953 996 2072 1036 cum
2101 982 2252 1038 illum
2278 982 2537 1054 sanguine
2562 982 2908 1054 purpuratum
2942 987 3211 1054 videbant,
3239 987 3551 1043 vulneribus

1953 1073 2189 1142 undique
2233 1072 2465 1144 amplius
2516 1089 2676 1145 quam
2736 1076 2906 1131 solem
2949 1077 3115 1133 radiis
3153 1076 3505 1149 refulgentem
3532 1118 3553 1147 ,

1957 1164 2186 1234 perculsi
2211 1163 2430 1234 fuerint,
2459 1174 2513 1221 et
2533 1165 2701 1223 oculis
2729 1167 2842 1222 laesi
2865 1169 3207 1225 recesserint.

2029 1257 2081 1310 5.
2119 1255 2277 1312 Vides
2321 1266 2380 1312 ut
2423 1260 2584 1313 astris
2621 1259 2924 1317 cmlestibus
2968 1270 3263 1334 martyrum
3322 1262 3543 1320 vulnera

1959 1349 2315 1417 splendidiora
2335 1350 2516 1406 sintac
2539 1346 2887 1420 mirabiliora,
2907 1353 3202 1425 majorique
3225 1358 3421 1414 virtute
3435 1358 3553 1427 pol-

1963 1438 2146 1493 leant?
2171 1439 2396 1496 Sanctus
2439 1441 2619 1511 itaque
2657 1443 2711 1497 in
2764 1444 2998 1500 medium
3041 1447 3453 1515 producebatur,
3499 1457 3577 1504 et"

1963 1530 2154 1584 acerba
2170 1531 2400 1601 undique
2421 1533 2678 1602 supplicia
2693 1535 3135 1597 circumstabant.
3156 1549 3331 1594 metus
3347 1541 3554 1594 futuro-

1966 1635 2108 1686 rum,
2125 1621 2274 1676 labor
2292 1623 2656 1692 praesentium,
2675 1623 2829 1680 dolor
2844 1627 3223 1698 ingruentium,
3238 1645 3424 1684 eorum
3440 1647 3558 1700 quas

1967 1713 2413 1784 exSpectabantur
2429 1715 2658 1772 formido
2688 1735 2701 1771 :
2723 1726 2991 1790 tamquam
3014 1722 3158 1776 enim
3181 1723 3372 1778 bellua:
3403 1740 3556 1794 qua:—

1921 1793 1938 1803 ”
1967 1805 2090 1860 dam
2133 1806 2396 1862 immanes
2422 1809 2698 1891 carniﬁces
2725 1826 2920 1881 corpus
2955 1812 3070 1882 ejus
3117 1793 3564 1872 circumsidentes

1971 1898 2137 1954 latera
2163 1899 2507 1968 eﬁ‘odiebant,
2540 1916 2755 1958 carnem
2785 1893 3134 1972 deradebant,
3167 1922 3291 1962 ossa
3318 1907 3562 1962 denuda-

1971 1992 2121 2058 baut,
2139 1992 2341 2049 viscera
2365 1993 2477 2064 ipsa
2501 1995 2753 2050 interiora
2781 1978 3160 2065 pervadebant.
3178 2000 3425 2054 Attamen
3443 2014 3563 2054 cum

1973 2093 2162 2137 cuncta
2197 2087 2636 2157 pervestigarent,
2671 2087 2977 2143 thesaurum
3008 2089 3444 2162 ﬁdcideprmdari
3467 2092 3566 2145 mi-

1977 2175 2120 2228 nime
2141 2175 2775 2238 valuerunt.,;Enimvero
2805 2180 2856 2233 in
2886 2195 3070 2250 regum
3101 2183 3306 2237 mrariis
3327 2223 3341 2246 ,
3366 2183 3454 2237 ubi
3472 2198 3568 2236 au-

1979 2281 2098 2320 rum
2126 2266 2347 2336 aliasque
2373 2267 2605 2338 cepiosa:
2635 2279 2757 2323 sunt
2786 2285 2917 2339 opes
2940 2271 3250 2338 reconditae,
3271 2272 3318 2327 si
3338 2274 3568 2343 parietes

1979 2357 2148 2411 solum
2166 2355 2480 2426 perfoderis,
2504 2359 2550 2414 si
2571 2359 2710 2414 fores
2724 2364 3066 2430 reseraveris,
3084 2365 3340 2418 continuo
3358 2364 3572 2420 thesau-

1980 2464 2099 2503 rum
2135 2447 2401 2519 objectum
2423 2449 2606 2516 vides;
2637 2460 2692 2504 at
2720 2451 2805 2506 hic
2839 2453 2898 2507 in“
2932 2463 3119 2508 sancto
3146 2455 3248 2509 isto
3268 2444 3572 2511 Christum;

1981 2555 2084 2609 que
2109 2541 2400 2596 continenti
2452 2543 2654 2612 templo
2682 2545 3006 2601 contrarium
3046 2546 3342 2602 accidebat.
3380 2547 3590 2604 Perfow

1982 2630 2201 2685 diebant
2243 2647 2426 2688 muros
2446 2633 2757 2699 carniﬁces,
2789 2645 3110 2704 pectoraque
3140 2623 3575 2708 disrumpebant,

1984 2730 2040 2775 et
2060 2722 2360 2777 reconditas
2405 2737 2536 2793 opes
2564 2739 2662 2780 nec
2691 2726 3022 2794 cernebant,
3060 2743 3161 2785 nec
3199 2744 3393 2800 rapere
3423 2739 3577 2802 pote-

1986 2821 2147 2878 rant;
2172 2815 2265 2868 sed
2304 2815 2446 2884 quod
2474 2817 2650 2871 evenit
2680 2815 3005 2886 Sodomitis,
3039 2828 3098 2874 ut
3138 2819 3206 2876 ad
3253 2822 3444 2878 domus
3476 2823 3578 2878 Lot

1982 2904 2198 2974 januam
2239 2907 2454 2990 quidem
2505 2910 2670 2980 ipsam
2700 2920 2905 2966 starent
2927 2952 2944 2979 ,
2974 2913 3177 2969 aditum
3205 2930 3333 2971 vero
3356 2931 3463 2972 non
3509 2917 3581 2970 in-

1987 2997 2232 3051 venirent
2275 2997 2428 3068 (Gen.
2461 2999 2544 3054 19.
2577 3000 2666 3055 10.
2710 3017 2817 3071 sqq.
2853 3001 2870 3070 )
2907 3002 3028 3057 :sic
3068 3003 3320 3058 nimirum
3360 3015 3416 3060 et
3458 3005 3578 3072 isti,

1990 3102 2111 3142 cum
2137 3102 2330 3157 corpus
2376 3092 2624 3160 martyris
2656 3091 2997 3163 undiquaquc
3041 3103 3429 3162 scrutarentur,
3460 3096 3580 3152 tlte-

1991 3194 2207 3236 saurum
2229 3190 2404 3235 tamen
2451 3181 2855 3250 deprehendere
2884 3183 3115 3256 ﬁdeique
3139 3186 3354 3241 divitias
3381 3189 3583 3243 exhau-

1993 3271 2102 3324 rire
2125 3285 2228 3324 non
2251 3270 2519 3325 valebant.
2551 3271 2696 3326 Talia
2718 3282 2842 3327 sunt
2871 3273 3066 3329 animae
3103 3285 3413 3332 sanctorum
3440 3288 3586 3333 recte

1994 3362 2130 3416 facta
2153 3403 2168 3428 ,
2197 3378 2314 3433 qum
2354 3379 2453 3435 nec
2479 3365 2676 3418 auferr‘i
2706 3379 2803 3418 nec
2832 3365 2968 3422 vinci
2999 3379 3255 3437 possunt,
3283 3369 3336 3424 in
3386 3372 3581 3426 anima:

1995 3454 2306 3510 fortitudine
2356 3465 2624 3526 tamquam
2665 3457 2716 3510 in
2749 3458 2900 3529 asylo
2933 3459 3163 3528 quodam
3199 3470 3254 3515 et
3279 3475 3435 3515 sacro
3465 3462 3585 3516 luco

1997 3546 2270 3600 recondita
2292 3588 2308 3613 ,
2333 3555 2390 3602 ut
2421 3561 2518 3601 nec
2556 3548 2696 3602 oculi
2724 3559 3069 3620 tyrannorum
3095 3565 3158 3605 ea
3196 3561 3458 3619 cernant,
3491 3541 3590 3608 nec

1999 3651 2191 3691 manus
2231 3637 2538 3692 carniﬁcum
2592 3654 2780 3708 rapere
2838 3643 3079 3710 possint;
3125 3641 3218 3697 sed
3262 3643 3385 3697 licet
3412 3645 3585 3712 ipsum

2001 3744 2096 3784 cor
2116 3728 2404 3796 dissecent,
2437 3730 2521 3783 cui
2550 3731 2814 3798 prmeipue
2850 3731 3050 3786 credita
3097 3741 3179 3786 est
3217 3733 3594 3790 animasforti-

2002 3822 2151 3888 tudo,
2183 3821 2305 3877 licet
2332 3822 2384 3876 in
2416 3823 2614 3876 minuta
2653 3822 2817 3876 frusta
2842 3822 3142 3888 concidant,
3168 3839 3236 3879 ne
3270 3826 3349 3880 sic
3372 3825 3588 3895 quidem

2002 3928 2132 3982 opes
2181 3912 2522 3978 exhauriunt,
2551 3912 2644 3966 sed
2684 3927 2775 3967 eas
2825 3913 3113 3982 ampliores
3141 3914 3301 3969 etiam
3341 3914 3595 3971 reddunt.

2003 4004 2171 4072 Hujus
2191 4005 2269 4060 rei
2289 4019 2449 4059 causa
2485 4005 2624 4058 Deus
2646 4015 2748 4070 est,
2779 4005 2867 4075 qui
2895 4006 3107 4060 animas
3143 4005 3274 4061 tales
3301 4006 3594 4073 inhabitat;

2004 4100 2092 4169 qui
2116 4115 2244 4154 vero
2265 4099 2375 4154 Deo
2404 4099 2600 4153 bellum
2634 4099 2844 4164 inferat,
2876 4100 2994 4156 ﬁeri
3019 4104 3203 4171 nequit
3229 4116 3502 4170 umquam,
3538 4112 3598 4156 ut

2006 4191 2176 4245 vietor
2188 4190 2395 4254 evadat,
2424 4190 2514 4243 sed
2535 4206 2753 4245 necesse
2767 4200 2870 4258 est,
2887 4202 2942 4245 ut
2957 4192 3188 4261 ludibrio
3209 4192 3421 4246 habitus
3440 4193 3600 4263 turpi-

2008 4291 2192 4351 terque
2238 4292 2517 4350 superatus
2567 4282 2837 4336 abscedat.
2880 4283 3171 4353 Propterea
3216 4292 3327 4337 tum
3381 4299 3596 4354 quoque

2007 4386 2191 4430 contra
2212 4416 2224 4437 ,
2253 4391 2411 4444 quam
2446 4391 2542 4427 usu
2583 4376 2767 4429 venire
2813 4375 2985 4429 soleat
3005 4416 3018 4440 ,
3043 4374 3321 4430 accidebat
3351 4392 3366 4429 :
3400 4375 3596 4444 ubique

2009 4464 2268 4534 siquidem
2287 4481 2318 4519 a
2350 4467 2502 4519 lactis
2532 4467 2689 4518 verba
2719 4475 3059 4534 superantur,
3089 4476 3201 4520 tum
3230 4481 3358 4521 vero
3387 4480 3596 4521 sermo-

2012 4571 2106 4609 nes
2134 4556 2433 4610 actionibus
2461 4555 2825 4624 prmvulebant
2851 4573 2862 4608 :
2896 4555 3204 4624 quomodo?
3227 4554 3601 4610 Admovebant

2013 4651 2186 4718 ignem
2220 4649 2290 4702 illi
2317 4658 2371 4703 et
2389 4649 2585 4702 ferrum
2613 4657 2667 4702 et
2688 4656 2973 4711 tormenta;
3005 4647 3362 4703 admovebant
3394 4662 3606 4718 poenas,

2013 4743 2265 4812 supplicia
2287 4785 2300 4807 ,
2327 4741 2568 4812 ﬂagella;
2607 4739 2978 4811 perfodiebant
3000 4741 3234 4810 undique
3259 4741 3272 4768 ‘
3306 4741 3472 4796 latera
3508 4757 3522 4793 :
3557 4754 3614 4795 et

2013 4835 2102 4904 qui
2150 4835 2449 4904 patiebatur
2497 4832 2921 4901 inexpugnabilis
2971 4832 3253 4896 manebat;
3293 4832 3613 4902 loquebatur

2017 4924 2108 4979 ille
2131 4934 2356 4988 tantum,
2393 4924 2799 4992 simplicemque
2831 4937 3015 4977 vocem
3042 4923 3340 4989 emittebat,
3359 4933 3412 4976 et
3441 4937 3612 4992 Opera

2017 5032 2195 5072 sermo
2241 5017 2557 5070 vincebat’.
2603 5015 2904 5070 Exsiliebat
2954 5031 3017 5069 ex
3064 5016 3313 5086 martyris
3355 5029 3450 5068 ore
3501 5013 3606 5065 vos

2017 5118 2220 5169 sancta,
2250 5108 2515 5177 simulque
2550 5122 2673 5161 cum
2702 5108 2814 5176 ipsa
2845 5109 3026 5162 lumen
3056 5107 3211 5160 radio
3237 5107 3397 5160 solari
3432 5106 3609 5174 splen-

2020 5200 2195 5254 didius
2225 5200 2552 5254 eliciebatur.
2586 5200 2752 5269 Hujus
2779 5209 2983 5254 tantum
3009 5211 3091 5253 est
3117 5201 3317 5265 lumen,
3350 5208 3610 5268 quantum

2024 5295 2162 5349 inter
2197 5293 2386 5346 caelum
2429 5303 2484 5346 et
2526 5304 2720 5346 terram
2769 5292 3050 5359 interjacet
3096 5291 3466 5356 intervallum;
3507 5292 3616 5344 inm

2024 5401 2154 5441 vero
2199 5401 2266 5441 ne
2307 5386 2408 5440 hoc
2447 5385 2663 5455 quidem
2688 5386 2952 5455 integrum
2984 5394 3156 5453 potest
3186 5383 3475 5452 pervadere
3497 5423 3512 5448 ,
3546 5383 3617 5436 si-

2091 5569 2106 5599 ί
2145 5567 2226 5614 ttic
2249 5573 2300 5615 et
2326 5565 2445 5616 infra
2481 5568 2530 5615 in
2553 5566 2717 5616 Morel.
2743 5565 2964 5628 qumdam
2999 5565 3224 5622 deerant,
3257 5575 3365 5625 qum
3388 5575 3448 5610 ex
3475 5559 3611 5611 savii.

2030 5640 2080 5680 et
2104 5643 2167 5677 ex
2190 5637 2291 5678 Mss.
2317 5628 2622 5691 supplentur.

2093 5695 2112 5722 ²
2149 5698 2195 5738 ιη
2231 5684 2522 5748 Savil.'post,
2570 5689 2824 5745 (mittebat,
2851 5690 2920 5737 sic
2956 5688 3155 5748 legitur,
3179 5691 3414 5736 tormenta
3456 5684 3614 5746 despi-

2093 5706 2112 5722 ²
2149 5706 2195 5738 ιη
2231 5706 2368 5739 sum.
2417 5706 2522 5747 i051,
2570 5706 2824 5745 (multum,
2851 5706 2920 5737 SlC
2957 5706 3155 5748 It‘gltur,
3179 5706 3414 5736 tormenta
3456 5706 3526 5731 uc.

2030 5755 2158 5804 ciens
2173 5758 2232 5814 ,ct
2251 5706 2546 5815 ﬂagellatam
2565 5754 2821 5815 srqwravit.
2848 5752 2922 5803 sic
2943 5764 3088 5814 Opera
3112 5762 3268 5800 sermo
3291 5751 3526 5798 vincebat.
