4206 6302
733 304 793 361 7|
1320 300 1379 357 5.
1418 301 1695 358 JOlNNlS
1718 300 2189 359 CHRYSOSTOMI
2230 298 2547 359 ABCHIEP.
2587 304 3113 367 CONSTANTINOP.

697 418 910 485 quando
959 425 1193 481 tectum,
1234 416 1317 483 vel
1358 430 1575 480 murus,
1624 415 1705 471 vel
1754 415 1957 482 nubes,
1991 416 2077 469 vel
2126 413 2271 468 aliud

698 507 965 578 quoddam
993 521 1185 578 corpus
1213 504 1610 581 intercesserit,
1636 505 1729 560 sed
1753 505 2042 560 obstruitur
2070 516 2134 557 ac
2160 501 2275 557 dis-

699 597 931 679 cinditur
976 598 1142 667 septis
1184 596 1463 667 ejusmodi,
1490 610 1564 664 ne
1609 595 1830 651 ulterius
1859 594 2060 649 feratur
2101 608 2115 646 :
2170 607 2272 646 vox

698 698 876 743 autem
920 687 1172 758 martyris
1219 702 1285 742 ex
1326 687 1413 741 illa
1460 695 1644 742 sancta
1692 687 1867 757 lingua
1911 684 2191 755 prosiliens
2220 684 2273 740 in

696 779 886 833 caelum
938 778 1184 833 subsiliit.
1215 778 1569 833 Praetervecta
1601 786 1683 834 est
1722 778 1913 831 caelum
1951 778 2067 831 caeli
2089 792 2105 841 ;
2128 776 2276 831 vide-

698 880 948 926 runteam
966 870 1160 941 angeli,
1178 871 1401 941 locoque
1420 879 1717 937 cesserunt,
1730 868 2049 939 archangeli,
2069 876 2123 923 et
2136 868 2274 922 viam

695 962 978 1029 dederunt;
1006 961 1289 1019 Cberubim
1318 970 1372 1017 et
1414 961 1533 1016 alite
1575 962 1800 1023 virtutes
1846 974 2058 1015 sursum
2102 959 2271 1028 ipsam

695 1053 1057 1119 deduxerunt;
1086 1060 1186 1108 nec
1214 1053 1363 1121 prius
1387 1061 1742 1118 recesserunt,
1785 1066 1943 1121 quam
1974 1048 2041 1104 ad
2093 1050 2267 1119 ipsum

698 1144 946 1199 thronum
987 1143 1193 1213 regium
1243 1142 1606 1197 adduxissent.

768 1233 909 1287 Mors
958 1243 1239 1304 martyrum
1270 1243 1342 1284 est
1385 1232 1613 1285 victoria.
1645 1228 1708 1285 S.
1742 1228 1984 1283 Julianus
2032 1229 2085 1283 in
2134 1244 2275 1282 more

696 1325 967 1395 projectus.
1000 1353 1070 1363 ——
1096 1323 1227 1378 Post
1270 1322 1410 1376 hanc
1437 1331 1613 1375 autem
1663 1335 1846 1375 vocem
1900 1334 2020 1375 cum
2052 1320 2269 1374 vidisset

695 1416 760 1481 is,
790 1415 880 1485 qui
927 1422 1036 1468 tum
1061 1412 1318 1483 judicium
1345 1411 1659 1477 exercebat,
1689 1426 1748 1465 se
1774 1419 1976 1477 temere
1999 1420 2185 1464 cuncta
2218 1416 2274 1464 et

694 1506 961 1559 incassum
988 1519 1107 1561 esse
1152 1505 1507 1559 machinatum
1530 1545 1545 1568 ,
1570 1517 1734 1572 seque
1773 1512 1958 1557 contra
1996 1504 2270 1557 stimulum

692 1595 1001 1660 calcitrare,
1033 1604 1195 1664 atque
1240 1592 1575 1648 adamantem
1606 1601 1881 1662 percutere
1905 1633 1921 1658 ,
1948 1591 2071 1660 quid
2106 1589 2271 1671 facit?

690 1687 770 1742 Eo
808 1686 974 1741 tendit
1000 1685 1286 1755 deinceps,
1315 1692 1373 1743 ut
1402 1685 1569 1739 victas
1608 1698 1799 1736 manus
1846 1681 1976 1736 dare
2002 1682 2267 1745 videatur,

690 1788 746 1833 et
779 1786 1069 1849 martyrem
1097 1791 1165 1830 ex
1196 1775 1296 1830 hac
1321 1776 1425 1830 vita
1456 1774 1704 1830 subducit
1732 1790 1747 1828 :
1787 1788 1928 1829 mors
1957 1764 2100 1829 enim
2132 1789 2272 1826 mar-

692 1881 863 1941 tyrum
889 1885 1071 1925 eorum
1097 1911 1112 1936 ,
1140 1868 1225 1939 qui
1255 1869 1398 1938 ipsos
1425 1851 1688 1930 enecant,
1711 1874 1795 1921 est
1823 1877 2003 1936 aperta
2052 1864 2271 1929 clades;

690 1976 875 2015 eorum
907 1969 1083 2014 autem
1104 2000 1119 2026 ,
1145 1959 1234 2029 qui
1262 1966 1541 2028 necantur,
1569 1958 1711 2011 clara
1755 1957 1997 2011 victoria.
2038 1956 2119 2010 Tu
2146 1970 2272 2009 vero

689 2053 817 2106 mihi
833 2052 1132 2114 considera,
1147 2064 1253 2119 quo
1269 2061 1423 2119 pacto
1445 2062 1645 2101 sevum
1670 2045 1933 2117 quoddam
1948 2054 2001 2099 et
2019 2045 2269 2101 acerbum

687 2156 854 2211 genus
874 2142 1066 2195 mortis
1084 2142 1198 2208 ejus
1218 2124 1599 2207 excogitaverit
1620 2178 1635 2204 ,
1668 2136 1808 2206 quod
1839 2144 1894 2192 et
1916 2135 2127 2206 tyranni
2150 2150 2272 2191 cru-

688 2231 958 2290 delitatem
986 2244 1042 2289 et
1069 2232 1317 2304 martyris
1346 2230 1709 2285 fortitudinem
1747 2220 2113 2284 demOnstrare
2143 2243 2270 2298 pos-

688 2333 793 2379 set.
835 2322 1113 2391 Quodnam
1160 2321 1320 2390 igitur
1365 2319 1493 2374 illud
1546 2318 1796 2389 supplicii
1839 2319 2044 2388 genus?
2088 2318 2266 2393 Allato

690 2432 877 2483 sacco,
900 2424 957 2471 et
996 2431 1155 2470 arena
1185 2415 1483 2484 completo,
1512 2428 1632 2467 cum
1667 2413 1720 2466 in
1759 2427 1879 2465 eum
1924 2412 2266 2480 scorpiones,

688 2509 897 2578 viperas
938 2517 991 2563 et
1017 2507 1278 2561 dracones
1308 2505 1577 2575 iniecisset
1600 2545 1615 2570 ,
1646 2520 1767 2559 cum
1798 2503 1903 2559 illis
1942 2511 1998 2558 et
2019 2512 2262 2558 sanctum

688 2599 889 2670 injecit,
911 2606 965 2652 et
989 2590 1042 2652 in
1070 2611 1216 2651 mare
1240 2595 1474 2651 demisit.
1498 2594 1627 2650 Erat
1651 2608 1780 2664 ergo
1803 2603 2006 2665 martyr
2032 2608 2152 2648 cum
2179 2592 2271 2648 be-

687 2691 807 2746 stiis
830 2699 902 2755 ,et
925 2702 1110 2744 rursus
1133 2702 1254 2742 cum
1289 2686 1475 2741 bestiis
1511 2685 1793 2742 conclusus
1820 2694 1936 2739 erat
1960 2684 2227 2753 virjustus
2252 2700 2266 2736 :

688 2794 873 2835 rursus
899 2788 1073 2835 autem
1102 2778 1231 2843 dixi,
1253 2783 1313 2831 ut
1338 2782 1571 2830 veterem
1587 2774 1739 2849 vobis
1764 2774 1815 2827 in
1841 2774 2150 2828 memoriam
2180 2789 2269 2828 re-

688 2884 932 2923 vocarem
957 2867 1025 2922 de
1073 2867 1287 2921 Daniele
1305 2865 1685 2921 narrationem.
1708 2865 1861 2920 Illum
1879 2864 2091 2935 quidem
2115 2864 2166 2918 in
2192 2866 2271 2920 la-

685 2975 806 3013 cum
822 2958 1168 3022 incluserunt,
1187 2956 1325 3011 hunc
1336 2964 1511 3011 autem
1530 2956 1582 3011 in
1611 2952 1821 3010 saccum
1842 2956 2170 3026 iniecerunt:
2194 2956 2269 3010 illi

689 3061 797 3104 tum
821 3048 1050 3117 lapidem
1078 3048 1465 3118 imposuerunt,
1496 3046 1584 3101 hic
1605 3061 1817 3102 saccum
1849 3047 2079 3112 censuit,
2109 3057 2165 3101 et
2184 3046 2269 3116 ju-

678 3150 769 3195 sto
789 3156 1057 3196 carcerem
1078 3140 1435 3210 angustiorem
1452 3138 1647 3194 effecit.
1663 3141 1732 3193 At
1748 3139 1940 3208 ubique
1962 3147 2268 3194 sanctorum

684 3247 907 3304 corpora
950 3233 1135 3289 bestia:
1167 3243 1500 3297 reverentur,
1531 3233 1581 3286 in
1612 3248 1794 3287 eorum
1826 3234 2168 3303 ignominiam
2216 3242 2271 3289 et

684 3322 1202 3391 condemnationem,
1232 3324 1462 3394 quicum
1494 3323 1700 3378 ratione
1748 3324 1852 3378 sint
1882 3324 2053 3378 ornati
2098 3335 2153 3379 et
2180 3328 2270 3378 htt-

685 3432 856 3472 manse
873 3427 1074 3472 naturae
1095 3415 1397 3472 conditione
1418 3416 1557 3487 digni
1577 3415 1762 3478 habiti,
1785 3416 2045 3471 feritatem
2060 3416 2267 3471 illarum

684 3523 888 3563 summa
907 3523 999 3563 sua
1022 3509 1346 3562 immanitate
1371 3515 1652 3576 superant:
1672 3506 1880 3576 qualem
1899 3505 2039 3561 hunc
2059 3521 2271 3576 quoque

687 3609 965 3672 tyrannum
988 3597 1152 3653 fuisse
1180 3598 1443 3668 conjicere
1469 3611 1768 3666 possumus.
1792 3594 1987 3651 Videre
2016 3603 2129 3650 erat
2154 3604 2269 3650 stu-

686 3689 915 3758 pendum
943 3688 1254 3744 miraculum
1279 3728 1295 3756 ,
1329 3701 1427 3743 nec
1459 3702 1523 3741 eo
1549 3682 1724 3740 minus
1749 3726 1765 3751 ,
1797 3684 2022 3755 quod-in
2052 3685 2269 3740 Daniele

684 3782 921 3854 contigit.
970 3780 1103 3840 Nam
1152 3782 1289 3836 situt
1332 3795 1453 3835 cum
1505 3788 1625 3848 post
1673 3778 1867 3833 multos
1920 3777 2037 3832 dies
2071 3792 2103 3832 e
2150 3777 2267 3837 lacu

686 3874 896 3927 leonum
924 3871 1300 3926 ascendentem
1326 3869 1471 3924 illum
1500 3870 1775 3934 vidissent,
1802 3878 1912 3922 tum
1943 3867 2120 3921 mirati
2145 3878 2269 3922 sunt

685 3963 957 4034 Babylonii
1011 3961 1170 4032 (Dan.
1201 3962 1259 4031 7)
1290 3976 1305 4013 :
1331 3961 1408 4015 sic
1458 3968 1513 4016 et
1549 3960 1790 4027 animam
1824 3957 2039 4023 Juliani,
2071 3973 2193 4013 cum
2235 3974 2268 4014 e

691 4068 839 4108 sacco
862 4061 916 4108 et
945 4051 1188 4107 ﬂuctibus
1208 4052 1580 4111 ascendentem
1601 4050 1654 4103 in
1686 4051 1871 4103 cadum
1900 4048 2141 4103 viderent
2169 4063 2265 4101 an-

684 4148 819 4218 geli,
849 4146 1024 4201 mirati
1064 4153 1207 4199 sunt.
1244 4142 1423 4198 Daniel
1455 4142 1607 4196 binos
1646 4142 1828 4196 leones
1870 4140 2078 4210 subegit
2105 4154 2165 4194 ac
2192 4140 2269 4192 vi,

684 4238 776 4303 cit,
798 4237 889 4292 sed
917 4235 1193 4291 sensibiles
1216 4253 1228 4288 :
1254 4234 1339 4288 hic
1363 4233 1571 4289 leonem
1598 4248 1757 4286 unum
1780 4273 1793 4295 ,
1820 4230 1911 4286 sed
1939 4230 2264 4301 spiritualctn

685 4330 894 4399 subegit
928 4342 991 4382 ac
1019 4327 1165 4382 vicit.
1198 4326 1375 4381 llostis
1403 4327 1597 4395 quippe
1638 4334 1819 4378 noster
1846 4323 2089 4378 dialnlus
2125 4331 2266 4377 mut-

686 4433 845 4488 quam
874 4418 957 4477 Ieo
979 4418 1193 4488 rugiens
1216 4417 1443 4483 circuit,
1469 4429 1712 4485 qnmrens
1752 4429 1909 4484 quem
1940 4413 2157 4468 devoret
2188 4414 2263 4485 (l.

688 4510 800 4564 Pet.
831 4510 884 4565 5.
910 4508 966 4578 8)
993 4526 1007 4562 :
1042 4518 1096 4562 at
1125 4506 1430 4562 fortitudine
1459 4507 1705 4576 martyris
1733 4513 2012 4573 superatus
2031 4512 2145 4569 est,
2170 4520 2265 4560 ve-

686 4616 881 4656 nenum
943 4598 1204 4669 siquidem
1264 4596 1464 4667 peccati
1533 4595 1891 4665 deposuerat;
1944 4606 2268 4666 quapmpter

687 4694 828 4747 hunc
854 4690 1072 4745 minime
1100 4683 1391 4753 devoravit;
1421 4686 1618 4742 ideirco
1643 4702 1741 4741 nec
1762 4686 1990 4750 leonem,
2016 4701 2115 4742 nec
2133 4688 2265 4742 iram

688 4783 972 4839 bestiarum
999 4778 1380 4835 reformidavit.

754 4873 808 4928 4.
837 4870 1013 4927 Vultis
1038 4877 1093 4925 et
1118 4869 1275 4923 aliam
1299 4867 1583 4938 quamdam
1610 4875 1846 4922 veterem
1873 4866 2101 4923 referam
2135 4883 2263 4923 nar-

679 4965 940 5020 rationem
960 5003 974 5027 ,
1001 4960 1091 5015 ubi
1120 4967 1175 5015 et
1209 4959 1382 5030 justus
1409 4967 1463 5014 et
1482 4957 1706 5014 bestiae?
1733 4957 1923 5013 Diluvii
1961 4957 2072 5013 Noe
2100 4966 2260 5027 atque

680 5071 820 5111 arra:
850 5051 1202 5110 recordamini
1233 5069 1247 5106 :
1278 5062 1386 5106 tum
1412 5051 1552 5107 enim
1580 5064 1789 5122 quoque
1807 5050 1981 5119 justus
2007 5061 2059 5107 et
2080 5052 2263 5106 bestias

679 5148 837 5203 simul
862 5147 1098 5203 fuerunt.
1121 5147 1189 5202 At
1218 5143 1329 5201 Noe
1355 5144 1569 5215 quidem
1592 5144 1865 5214 ingressus
1889 5143 2049 5199 homo
2080 5153 2182 5211 est,
2207 5158 2262 5200 et

678 5252 929 5309 egressus
950 5246 1031 5293 est
1060 5237 1241 5303 homo;
1267 5234 1510 5291 Julianus
1532 5245 1711 5291 autem
1740 5235 2013 5306 ingressus
2043 5236 2259 5309 quidem

678 5306 762 5384 est
783 5329 973 5393 homo,
1008 5327 1100 5382 sed
1128 5327 1350 5397 angelus
1385 5336 1468 5381 est
1488 5341 1731 5397 egressus
1764 5342 1778 5379 :
1808 5325 1896 5380 ille
1920 5325 1987 5381 de
2011 5306 2149 5381 terra
2181 5306 2261 5381 in-

677 5433 891 5488 gressus
920 5426 1020 5484 est,
1049 5427 1103 5473 et
1131 5419 1180 5471 in
1210 5428 1404 5473 terram
1448 5429 1531 5473 εει
1556 5400 1741 5474 rursus
1766 5430 2043 5489 egressus;
2076 5420 2162 5475 hic
2190 5419 2258 5474 de

681 5520 819 5564 terra
849 5516 900 5562 In
929 5522 1142 5564 saccum
1170 5510 1439 5578 ingressus
1461 5518 1542 5563 est
1560 5550 1575 5574 ,
1603 5516 1658 5564 et
1698 5508 1764 5565 de
1805 5524 1961 5566 sacco
1990 5513 2041 5567 in
2067 5513 2255 5568 cadum

680 5610 762 5655 cst
785 5599 1072 5668 profectus.
1108 5600 1331 5670 Accepit
1370 5588 1491 5655 eum
1524 5615 1706 5669 mare,
1728 5615 1834 5658 non
1857 5611 1913 5657 ut
1950 5603 2254 5672 occideret,

678 5689 770 5745 scd
817 5700 875 5745 ut
918 5699 1197 5747 eoronaret
1220 5731 1236 5760 ,
1267 5700 1320 5747 et
1368 5701 1488 5763 post
1530 5705 1780 5750 coronam
1822 5693 1973 5751 nobis
2013 5707 2250 5754 sanctam

3866 320 3968 375 672

2385 417 2538 473 istam
2570 434 2748 475 arcam
2780 424 3032 495 martyris
3055 438 3249 494 corpus
3280 425 3549 482 reddidit:
3582 426 3722 485 hanc
3742 429 3798 486 in
3830 433 3974 489 hunc

2383 523 2550 580 usque
2590 510 2732 567 diem
2772 514 3101 580 retinemus,
3130 532 3250 587 qua:
3287 530 3660 576 sexcentorum
3704 522 3974 580 bonorum

2381 612 2463 657 est
2494 603 2793 661 thesaurus.
2816 606 3026 662 Etenim
3048 618 3311 681 martyres
3332 612 3606 667 nobiscum
3636 613 3784 669 Deus
3809 619 3975 685 parti-

2382 703 2467 750 tus
2495 704 2621 750 est:
2647 711 2770 751 cum
2815 699 3021 753 animas
3042 699 3145 755 sibi
3186 702 3537 771 sumpsisset,
3561 718 3787 774 corpora
3815 706 3975 761 nobis

2378 787 2776 856 quodammodo
2802 790 3022 862 largitus
3046 802 3162 857 est,
3189 804 3245 849 ut
3284 805 3556 866 perpetuae
3593 798 3809 855 virtutis
3850 814 3975 854 mo-

2379 889 2631 935 numenta
2661 891 2843 939 sancta
2878 882 3064 938 horum
3092 899 3212 939 ossa
3240 893 3535 942 teneamus.
3564 887 3700 943 Nam
3729 890 3776 946 si
3800 890 3973 946 bellae

2380 972 2512 1025 toris
2530 987 2679 1026 arma
2696 983 2971 1029 cruentata
2998 975 3118 1045 quis
3140 991 3399 1042 cernens,
3422 979 3689 1050 clypeum,
3717 980 3931 1039 hastam
3958 1022 3977 1050 ,

2377 1071 2432 1117 et
2450 1063 2689 1129 loricam,
2721 1066 2847 1122 licet
2882 1069 3121 1122 omnium
3147 1070 3214 1124 sit
3239 1070 3633 1141 ignavissimus,
3659 1076 3843 1131 statim
3872 1084 3971 1135 ex-

2378 1152 2503 1219 silit,
2534 1154 2853 1222 exardescit,
2882 1166 2937 1212 et
2966 1158 3033 1213 ad
3058 1158 3255 1214 bellum
3283 1171 3559 1232 promptus
3577 1164 3720 1229 exit,
3742 1174 3909 1235 atque
3936 1183 3970 1221 a

2377 1242 2665 1316 conspectu
2693 1263 2962 1304 armorum
2988 1252 3149 1306 sumit
3171 1252 3406 1307 animum
3424 1294 3439 1319 ,
3469 1262 3528 1308 ut
3549 1256 3765 1311 easdem
3792 1259 3973 1313 actio-

2378 1340 2472 1395 nes‘
2498 1341 2834 1411 aggrediatur
2863 1358 2876 1395 :
2901 1356 2999 1396 nos
3024 1344 3113 1413 qui
3141 1359 3244 1399 non
3268 1358 3437 1411 arma,
3454 1345 3549 1400 sed
3572 1360 3767 1417 corpus
3786 1349 3968 1417 ipsum

2376 1433 2643 1487 cernimus
2686 1436 2890 1501 sancti,
2920 1436 3061 1505 quod
3102 1436 3320 1507 dignum
3369 1437 3611 1496 habitum
3638 1416 3968 1509 est,'ut’ob

2375 1521 2569 1576 Christi
2606 1525 2994 1581 confessionem
3039 1537 3425 1593 cruentaretur,
3457 1530 3579 1585 licet
3619 1535 3860 1588 omnium
3888 1535 3969 1591 sio

2377 1629 2494 1668 mus
2535 1615 3010 1686 timidissimi,qui
3058 1632 3342 1687 possumus
3388 1634 3496 1675 non
3542 1634 3790 1695 prompto
3838 1640 3967 1682 esse

2375 1708 2575 1773 animo,
2603 1722 2723 1762 cum
2747 1708 2833 1763 hic
2857 1720 3105 1778 aspectus
3128 1712 3275 1766 velut
3304 1710 3443 1781 ignis
3466 1712 3679 1784 quidam
3712 1716 3765 1770 in
3810 1732 3967 1773 men-

2378 1807 2481 1852 tem
2519 1808 2756 1853 nostram
2784 1800 3016 1867 incidat,
3043 1801 3096 1855 et
3122 1802 3188 1856 ad
3218 1800 3359 1858 idem
3386 1818 3486 1859 nos
3521 1813 3792 1861 certamen
3820 1792 3965 1862 invi?-

2377 1890 2487 1943 tet?
2514 1889 2802 1957 Propterea
2829 1902 3135 1963 sanctorum
3162 1908 3390 1963 corpora
3430 1912 3598 1966 usque
3639 1896 3709 1952 ad
3749 1908 3967 1969 tempus

2374 1980 2784 2035 resurrectionis
2822 1982 2962 2050 apud
3009 1998 3107 2038 nos
3133 1983 3382 2053 deposuit
3418 1986 3592 2051 Deus,
3620 1996 3681 2042 ut
3712 1990 3967 2045 mximas

2376 2069 2721 2139 philosophias
2768 2076 3044 2127 materiam
3090 2074 3431 2130 haberemus.
3480 2074 3962 2134 Verumenimvero

2375 2177 2443 2218 ne
2481 2164 2729 2235 martyris
2768 2148 2953 2219 laudes
2990 2167 3183 2237 linguae
3223 2175 3421 2221 nostras
3461 2168 3826 2224 imbecillitate
3856 2170 3962 2225 mi-

2375 2262 2627 2321 tteantur,
2684 2254 2779 2309 sed
2831 2254 3207 2324 agonothetam
3264 2256 3435 2310 Deum
3478 2268 3791 2328 exspectent
3824 2262 3963 2330 :qui

2372 2358 2466 2399 eos
2514 2355 2766 2412 coronat,
2822 2346 2913 2401 ille
2955 2356 3010 2401 et
3063 2346 3408 2402 collaudabit.
3480 2347 3622 2403 Laus
3682 2350 3829 2403 enim
3869 2366 3969 2406 eo-

2372 2452 2488 2491 rum
2518 2452 2623 2491 non
2649 2453 2713 2493 ex
2761 2432 3065 2493 hominibus
3103 2448 3185 2494 est
3206 2480 3222 2502 ,
3254 2439 3348 2496 sed
3370 2455 3435 2496 ex
3460 2440 3590 2507 Deo;
3616 2457 3739 2496 nam
3765 2452 3824 2497 et
3846 2442 3967 2498 lure

2374 2525 2521 2593 ipsa,
2548 2523 2690 2596 'quze
2738 2527 3007 2593 diximus,
3062 2544 3166 2583 non
3212 2538 3272 2583 ut
3319 2530 3665 2585 illustriorem
3701 2531 3966 2587 reddere-

2375 2630 2495 2669 mus
2524 2626 2812 2688 martyrem
2833 2659 2848 2684 ,
2879 2618 3131 2686 diximus,
3159 2618 3253 2674 sed
3286 2630 3345 2674 ut
3375 2636 3470 2675 vos
3495 2622 3859 2692 promptiores
3881 2621 3964 2679 ef-

2373 2704 2671 2763 liceremus.

2444 2796 2660 2855 Horatia
2684 2800 2986 2856 exhortatio.
3026 2830 3096 2843 -
3123 2801 3231 2859 Nos
3261 2819 3410 2873 vero,
3439 2804 3685 2860 laudibus
3701 2805 3919 2861 omissis
3936 2840 3957 2870 ο

2371 2903 2587 2944 omnem
2609 2890 2677 2944 ad
2706 2906 2801 2946 vos
2841 2893 3138 2949 orationem
3167 2908 3549 2951 ronvertamus
3584 2916 3597 2951 :
3622 2898 3755 2968 quin
3786 2899 3965 2966 potius

2372 2989 2666 3057 martyrum
2690 2981 2874 3038 laudes
2905 2999 3010 3040 non
3039 2996 3263 3053 possunt
3298 2987 3470 3039 omitti
3495 3028 3511 3053 ,
3543 3001 3664 3041 cum
3697 2988 3750 3042 in
3778 2988 3961 3045 eccle-

2373 3071 2451 3125 sia
2474 3072 2593 3140 quis
2622 3071 2689 3127 de
2725 3072 2885 3129 rebus
2924 3074 3141 3129 utilibus
3166 3074 3326 3129 verba
3369 3076 3511 3130 facit.
3560 3075 3668 3131 Sed
3715 3078 3959 3133 animum

2372 3162 2672 3218 advertite:
2704 3177 2922 3232 pravam
2953 3165 3095 3220 enim
3132 3174 3188 3220 et
3214 3167 3561 3222 inveteratam
3603 3171 3960 3227 consuetudi-

2373 3266 2492 3308 nem
2514 3254 2831 3311 exscindere
2876 3258 3034 3311 statui
3066 3258 3455 3324 hodiernodie,
3480 3267 3664 3314 utnon
3694 3264 3872 3316 solum
3894 3263 3961 3318 ad

2373 3355 2633 3417 martyres
2661 3346 2978 3402 accedamus
3002 3390 3017 3415 ,
3049 3348 3141 3402 sed
3180 3349 3339 3403 etiam
3367 3358 3633 3421 martyres
3659 3350 3957 3408 imitemur.

2375 3435 2553 3491 Honos
2596 3438 2792 3508 quippe
2840 3448 3131 3509 martyrum
3166 3449 3281 3505 est,
3314 3455 3419 3493 non
3448 3441 3490 3494 si
3520 3440 3587 3495 ad
3627 3456 3725 3496 eos
3754 3451 3961 3498 tantum

2374 3527 2752 3598 procedamus,
2786 3530 2877 3586 sed
2907 3547 3014 3600 pra:
3060 3530 3163 3585 hoc
3204 3532 3250 3585 si
3300 3531 3664 3586 fortitudinem
3716 3534 3959 3605 ipsorum

2372 3620 2703 3674 aemulemur.
2730 3619 3083 3686 Quamobrem
3130 3621 3279 3691 prius
3320 3622 3635 3692 exponenda
3664 3633 3749 3679 est
3796 3640 3960 3694 prava

2374 3712 2474 3765 ista
2508 3710 2839 3767 consuetudo
2873 3728 3041 3781 :nam
3079 3714 3263 3783 ignoto
3324 3715 3514 3769 morbo
3543 3715 3697 3769 facile
3736 3731 3842 3770 non
3875 3727 3961 3772 est

2372 3802 2628 3858 adbibere
2644 3800 2962 3858 medicinam
2982 3822 2995 3858 :
3016 3804 3136 3859 ideo
3152 3804 3341 3859 vulnus
3363 3807 3509 3875 prius
3524 3806 3737 3876 detego,
3760 3807 3959 3863 deinde

2371 3895 2817 3951 medicamentum
2838 3910 3068 3965 appono.
3091 3896 3344 3964 Quaenam
3377 3898 3539 3968 igitur
3564 3899 3653 3954 illa
3682 3910 3767 3954 est
3792 3915 3958 3969 prava

2371 3988 2742 4042 consuetudo?
2765 3986 3015 4043 Nonnulli
3036 4004 3218 4045 eorum
3244 4031 3259 4056 ,
3285 3991 3375 4059 qui
3408 3990 3493 4046 hic
3533 3991 3692 4047 hodie
3734 4007 3961 4063 congre-

2371 4081 2476 4150 gati
2509 4090 2633 4135 sunt
2653 4082 2816 4151 (absit
2842 4082 2982 4138 enim
3014 4092 3069 4137 ut
3097 4070 3573 4140 totam'Eeclesiam
3611 4086 3836 4141 crimine
3864 4086 3962 4141 tali

2372 4171 2765 4246 condemnem),
2787 4189 2894 4242 prze
2916 4174 3158 4231 socordia
3177 4177 3401 4245 quadam
3431 4191 3491 4230 ac
3508 4178 3850 4245 simplicitate
3870 4178 3962 4233 die

2373 4264 2624 4330 crastino,
2652 4263 2923 4319 derelictis
2950 4266 3123 4333 nobis,
3156 4266 3408 4335 Daphnen
3432 4266 3506 4339 (α)
3540 4278 3868 4338 properant,
3898 4278 3960 4323 ut

2372 4369 2489 4423 quae
2510 4355 2824 4423 collegimus
2852 4355 3040 4423 hodie,
3080 4373 3200 4412 cras
3224 4356 3497 4412 effundant
3521 4398 3538 4422 ,
3563 4369 3618 4413 et
3643 4374 3761 4429 quae
3790 4360 3960 4415 :edifi-

2371 4448 2641 4512 cavimus,
2674 4448 2971 4503 destruant.
3021 4450 3099 4509 Ne
3147 4450 3306 4520 igitur
3347 4452 3548 4521 absque
3606 4451 3782 4508 fructu
3835 4454 3959 4510 huic

2370 4540 2613 4594 coneioni
2658 4537 3029 4607 interfuerint,
3060 4540 3147 4595 uhi
3195 4542 3264 4596 de
3306 4541 3388 4597 his
3428 4557 3592 4610 pauca
3638 4544 3961 4600 disserueri-

2371 4644 2491 4684 mus
2514 4671 2529 4697 ,
2561 4631 2789 4685 orationi
2822 4631 2981 4685 finem
3030 4632 3380 4699 imponemus.
3428 4632 3564 4699 Quid
3602 4649 3786 4705 quaeso
3828 4649 3958 4705 pro-

2371 4734 2524 4789 peras
2552 4722 2616 4775 ad
2644 4721 2955 4775 suburbium
2988 4723 3257 4778 civitatis?
3288 4726 3421 4780 Ecce
3461 4726 3776 4780 suburbiunt
3801 4727 3958 4781 Jeru-

2371 4810 2535 4863 salem
2569 4811 2741 4877 illius,
2779 4827 2897 4881 quae
2928 4827 3138 4866 sursum
3173 4823 3275 4879 est;
3307 4829 3433 4870 ecce
3453 4816 3673 4884 Daphne
3699 4818 3956 4887 spiritua-

2370 4902 2434 4955 lis
2463 4920 2477 4956 :
2501 4904 2605 4957 illic
2630 4902 2806 4957 fontes
2835 4920 3125 4973 aquarum,
3161 4905 3248 4961 hic
3274 4904 3451 4962 fontes
3472 4917 3603 4962 Sunt
3622 4918 3918 4982 martyrum
3936 4917 3963 4969 :‘

2367 4994 2477 5050 illic
2520 4996 2762 5066 cupressi
2807 4997 3027 5051 arbores
3052 4996 3282 5052 infructu
3320 5015 3394 5054 διε
3414 5040 3428 5063 ,
3458 4999 3543 5053 hic
3571 5000 3809 5068 reliquite
3830 5016 3953 5057 sano

2367 5080 2722 5144 etorumsunt
2750 5105 2813 5145 ac
2837 5089 3042 5146 radices
3068 5091 3121 5146 in
3152 5102 3289 5147 terra
3322 5094 3591 5161 plantatm,
3622 5108 3744 5162 qua:
3775 5108 3957 5149 ramos

2368 5179 2419 5234 in
2448 5181 2634 5236 crelum
2662 5182 3009 5251 protendunt.
3045 5183 3205 5238 Visne
3232 5200 3502 5239 ramorum
3531 5186 3691 5240 etiam
3720 5186 3952 5240 istorum

2366 5268 2595 5327 fructum
2625 5273 2855 5328 intueri?
2883 5274 3042 5343 Aperi
3080 5275 3267 5332 oculos
3294 5275 3450 5343 fidei,
3486 5285 3595 5331 tum
3626 5277 3803 5331 subito
3850 5275 3955 5329 mi-

2366 5364 2607 5428 rabilium
2638 5366 2729 5420 tibi
2754 5366 3019 5421 fructuum
3048 5376 3290 5423 naturam
3318 5368 3625 5425 ostendam.
3666 5368 3781 5425 Non
3804 5368 3949 5423 enim

2366 5470 2667 5526 pontorum,
2698 5468 2789 5512 aut
2809 5474 3023 5525 nucum,
3053 5474 3153 5515 nec
3176 5459 3315 5513 aliud
3335 5460 3587 5530 quiddam
3620 5475 3800 5517 eorum
3827 5476 3949 5521 aurs

2362 5560 2777 5621 corrumpuntur
2832 5562 2886 5606 et
2936 5562 3190 5620 pereunt,
3241 5567 3509 5607 ramorum
3564 5562 3645 5624 est
3699 5551 3948 5607 fructus:

2425 5707 2501 5772 (α)
2534 5707 2728 5772 Daphne
2754 5708 2802 5758 in
2817 5720 2936 5772 agro
2956 5708 3213 5760 antiochus
3232 5708 3533 5759 suburhmo.
