4182 6322
704 298 809 357 673

703 410 800 465 καὶ
830 406 1239 478 ἁμαρτημάτων
1298 406 1638 480 συγχώρησις
1661 447 1678 472 ,
1711 409 1908 470 κακίας
1962 408 2259 477 ἀναίρεσις,

702 492 1020 562 νοσημάτων
1040 490 1215 560 ψυχῆς
1247 490 1530 561 θεραπεία,
1550 492 1682 561 εὐχὴ
1710 490 1951 560 ἐκτενὴς,
1986 489 2263 562 παρρησία

702 574 839 645 πρὸς
866 572 1016 636 Θεὸν,
1048 573 1226 627 πάντα
1245 574 1606 644 πνευματικά,
1628 575 1721 627 καὶ
1740 574 2004 643 οὐρανίων
2027 574 2261 643 γέμοντα

700 654 939 724 ἀγαθῶν.
964 650 1121 709 Οῦτοι
1141 658 1189 709 οἰ
1216 656 1415 726 καρποί⁵
1435 657 1523 709 ἀεὶ
1547 654 1887 729 τρυγώμενοι
1904 656 1992 710 ἀεὶ
2016 654 2259 725 βρύουσι,

701 736 795 790 καὶ
818 737 1074 790 οὐδέποτε
1107 734 1257 809 [678]
1295 736 1729 807 ἀπολιμπάνουσι
1756 739 1883 797 τοὺς
1914 735 2145 799 οἰκείους
2166 736 2263 789 αὐ-

698 817 807 871 τῶν
833 819 1127 888 γεωργούς.
1160 816 1266 870 Καὶ
1295 817 1365 871 τὰ
1399 817 1497 889 μὲν
1530 819 1624 871 ἐπὶ
1662 819 1764 888 γῆς
1794 818 2035 888 φυόμενα
2072 816 2261 888 δένδρα

698 899 847 966 ama
882 900 977 953 τοῦ
1008 898 1253 953 ἐνιαυτοῦ
1277 899 1460 953 δίδωσι
1488 899 1587 971 τὴν
1618 898 1931 973 φοράν,κάν
1963 899 2036 969 μὴ
2056 899 2263 970 τρυγή-

700 997 819 1051 σῃς,
857 980 1153 1051 ἐπιστάσης
1177 981 1275 1050 τῆς
1301 980 1451 1051 ὥρας
1478 980 1572 1033 τοῦ
1592 979 1858 1051 χειμῶνος
1882 981 2143 1034 ἀπόλλυσι
2164 980 2261 1051 τὴν

696 1065 899 1116 οἰκείαν
915 1064 1269 1135 εὐπρέπειαν,
1296 1063 1653 1134 φθειρομένου
1678 1062 1773 1116 τοῦ
1805 1063 2019 1133 καρποῦ
2041 1064 2135 1116 καὶ
2161 1080 2261 1116 κα-

693 1146 1045 1215 ταρρέοντοςσ
1080 1144 1254 1198 ταῦτα
1298 1144 1355 1197 δέ
1400 1144 1463 1197 οὑ
1492 1144 1736 1215 χειμῶνα
1765 1140 1926 1208 οἶδεν,
1972 1145 2031 1197 οὑ
2080 1143 2257 1215 θέρος,

692 1226 791 1279 οὐκ
815 1228 1028 1297 ἀνάγκῃ
1053 1225 1259 1298 καιρῶν
1286 1226 1589 1290 ὑπόκειται,
1620 1226 1741 1279 οὑδὲ
1786 1224 1901 1278 ἐστι
1932 1223 2115 1295 γυμνά
2150 1224 2259 1279 τῶν

692 1308 917 1378 καρπῶν
948 1307 1089 1363 αὒτά
1115 1308 1225 1362 τῶν
1242 1308 1459 1361 οἰκείων
1481 1308 1630 1373 ἰδεῖν,
1666 1308 1803 1361 ἀλλά
1828 1306 1915 1361 διά
1945 1307 2142 1371 παντὸς
2167 1308 2258 1359 ἐπὶ⁸

688 1389 790 1458 τῆς
820 1391 988 1461 αὐτῆς
1014 1391 1245 1462 ἐστηκεν
1278 1390 1611 1462 εὐπρεπείας
1631 1406 1645 1419 ⁸
1675 1391 1775 1460 οὑχ
1810 1391 2036 1444 ἅπτεται
2076 1388 2258 1442 αὐτῶν

690 1472 885 1543 φθορά,
908 1473 1028 1526 ούδέ
1061 1473 1326 1543 μεταϐολὴ
1355 1472 1583 1544 καιρῶν.
1620 1473 1782 1526 Πόσοι
1810 1473 1962 1541 γοῦν,
1986 1472 2069 1537 ,ἐξ
2105 1465 2165 1524 οὗ
2195 1474 2257 1526 τὸ

692 1554 847 1624 σῶμα
889 1555 1155 1626 ἐφυτεύθη
1195 1556 1351 1609 τοῦτο
1397 1558 1457 1609 ἐν
1488 1559 1554 1627 τῇ
1592 1558 1684 1626 γῇ,
1722 1556 1918 1627 μυρίας
1952 1555 2257 1627 ἐτρύγησαν

691 1636 861 1700 ἰάσεις
880 1637 987 1690 ἀπὸ
1014 1638 1111 1708 τῆς
1132 1639 1291 1707 ἁγίας
1314 1638 1516 1707 ταύτης
1542 1638 1734 1707 θήκης,
1758 1640 1853 1691 καὶ
1881 1638 1980 1691 οὐκ
2002 1636 2255 1692 ἐπέλιπεν

685 1717 715 1768 6
746 1718 989 1788 καρπός·
1017 1719 1267 1790 ἐθέρισαν
1299 1720 1367 1772 τά
1393 1720 1541 1788 λήῐα,
1578 1720 1672 1772 καὶ
1714 1720 1813 1771 οὐκ
1842 1718 2255 1790 ἐδαπανήθησαν

684 1801 736 1853 οἰ
763 1800 1020 1871 στάχυες·
1071 1801 1341 1872 ήντλησαν
1386 1802 1482 1864 τάς
1508 1802 1714 1872 πηγὰς,
1765 1802 1859 1855 καί¹
1887 1801 2253 1872 οὑκ-ἐκενώθη

684 1880 754 1934 τὰ
785 1883 1022 1952 νάματα,
1049 1883 1183 1936 ἀλλά
1210 1884 1436 1954 συνεχής
1465 1884 1547 1947 τίς
1569 1886 1716 1937 ἐστιν
1740 1884 1774 1953 ή
1807 1883 2037 1955 ἐπιρροὴ
2055 1922 2069 1946 ,
2103 1883 2255 1936 οὐδέ-

685 1981 816 2019 ποτε
848 1966 1303 2035 ἐπιλιμπάνουσα,
1327 1966 1463 2019 ἀλλά
1497 1965 1593 2019 τοῦ
1631 1966 1957 2035 κενουμένου
1991 1966 2149 2020 πλέον
2169 1967 2255 2019 ἀεὶ

684 2046 999 2117 παρέχουσα
1024 2048 1090 2101 τὸ
1121 2047 1418 2111 ἀναϐλύζον
1440 2048 1642 2117 θαῦμα.
1677 2047 1751 2101 Οὑ
1781 2047 2033 2117 θαύματα
2060 2048 2118 2101 δὲ
2158 2048 2254 2119 μό-

686 2145 774 2181 νον
805 2130 1116 2197 ἐργάζεται,
1149 2129 1284 2182 άλλά
1332 2130 1425 2183 καὶ
1455 2129 1762 2198 φιλοσοφεῖν
1810 2128 2006 2183 πείθει.
2066 2130 2165 2193 Ἂν
2195 2147 2255 2183 τε

684 2210 794 2281 γάρ
824 2211 1075 2274 πλούσιος
1095 2207 1182 2284 ᾖς,
1208 2211 1300 2287 καὶ
1326 2210 1754 2281 μεγαλοφρονῇς,
1773 2211 1867 2265 καὶ
1899 2211 2256 2280 φλεγμαίνου-

686 2309 785 2347 σαν
803 2293 929 2364 ἔχῃς
950 2295 1048 2364 τὴν
1063 2293 1260 2363 ψυχὴν,
1279 2291 1447 2344 ἐλθὼν
1464 2290 1719 2354 ἐνταῦθα,
1742 2294 1835 2345 καὶ
1860 2291 1982 2345 ἰδὼν
1997 2293 2088 2346 τὸν
2108 2295 2252 2365 μάρ-

683 2392 844 2446 τυρα,
871 2378 965 2430 καὶ
996 2376 1057 2429 τὸ
1088 2378 1249 2447 μέσον
1274 2375 1626 2444 λογισάμενος
1645 2373 1740 2426 τοῦ
1773 2373 1865 2427 σοῦ
1892 2374 2144 2439 πλούτου,
2161 2378 2255 2431 καὶ

683 2460 784 2528 τῆς
814 2460 1003 2513 τούτου
1030 2458 1366 2529 περιουσίας,
1394 2456 1741 2519 καταστελεῖς
1768 2456 1970 2521 εὐθέως
1996 2457 2057 2510 τὸ
2080 2457 2253 2530 φύση-

685 2559 783 2610 μα,
812 2542 905 2595 καὶ
931 2542 1028 2613 τὴν
1063 2539 1367 2611 φλεγμονὴν
1386 2535 1721 2609 ἀποθέμενος
1741 2538 2015 2612 ἀπελεύσῃ
2054 2541 2254 2612 πολλὴν

683 2624 821 2693 ἔχων
844 2623 1050 2691 ὑγίειαν
1078 2625 1135 2677 ἐν
1164 2626 1231 2693 τῇ
1265 2621 1437 2692 ψυχῇ’
1476 2621 1541 2675 ἄν
1568 2636 1626 2673 τε
1679 2620 1847 2691 πένης
1876 2622 1970 2674 καὶ
2016 2622 2251 2677 εὐκατα-

684 2706 949 2776 φρόνητος
976 2702 1112 2759 εἶναι
1141 2704 1384 2775 νομίσῃς,
1409 2703 1578 2756 ἐλθὼν
1612 2702 1707 2776 καὶ
1748 2703 1869 2756 ἰδὼν
1900 2704 1991 2757 τὸν
2026 2705 2253 2758 πλοῦτον

683 2773 776 2841 τοῦ
819 2773 1111 2859 μάρτυρος,
1144 2773 1237 2840 καὶ
1276 2773 1655 2854 καταγελάσας
1690 2784 1798 2837 τῶν
1818 2787 2114 2856 χρημάτων
2145 2787 2252 2841 τῶν

683 2871 899 2936 ἔξωθεν,
934 2871 1106 2935 οὓτως
1130 2870 1502 2940 ἀναχωρήσεις
1522 2867 1724 2937 πολλῆς
1752 2870 1945 2922 σαυτὸν
1968 2869 2252 2941 ἐμπλήσας

682 2954 1016 3023 φιλοσοφίας»
1046 2952 1148 3005 κᾶν
1174 2950 1445 3022 ἐπήρειαι,
1478 2950 1581 3004 κᾶν
1605 2948 1821 3020 ζημίαι,
1865 2950 1967 3003 κάν
1993 2952 2252 3021 μάστιγες

682 3036 1043 3106 ἐπενεχθῶσιν
1062 3052 1074 3065 ·
1107 3033 1249 3095 ἰδὼν,
1287 3035 1369 3086 ὅτι
1398 3031 1609 3085 οὐδέπω
1630 3035 1866 3088 τοσαῦτα
1904 3032 2121 3099 ἔπαθες,
2152 3026 2253 3091 ὅσα

682 3121 710 3170 6
741 3118 949 3188 μάρτυς
968 3112 1121 3180 οὗτος
1147 3116 1175 3167 6
1206 3116 1379 3184 ἀγιος,
1416 3115 1607 3184 ἱκανὴν
1637 3113 1798 3167 πάλιν
1826 3114 1972 3187 λήψῃ
1997 3132 2253 3187 παραμυ-

683 3200 803 3253 θίαν
832 3199 1100 3253 ἐντεῦθεν.
1143 3193 1295 3261 Εἶδες
1329 3192 1433 3249 οἷοι
1461 3197 1512 3248 οἱ
1540 3198 1740 3267 καρποὶ
1767 3196 1875 3251 τῶν
1918 3197 2086 3267 ῥιζῶν
2125 3198 2251 3252 τού-

681 3299 823 3349 τωνς
855 3281 973 3346 πῶς
1015 3281 1316 3346 ἀνάλωτοι;
1347 3279 1465 3342 πῶς
1492 3279 1849 3349 πνευματικοί
1868 3297 1883 3345 ;
1929 3281 2045 3344 πῶς
2081 3282 2249 3352 αὐτῆς

680 3365 940 3419 ἅπτονται
972 3364 1069 3433 τῆς
1095 3362 1304 3433 ψυχῆς;
1344 3362 1419 3415 Ού
1441 3361 1635 3415 κωλύω
1658 3362 1913 3417 ἀπελθεῖν
1933 3366 2011 3427 εἰς
2032 3364 2092 3417 τὸ
2120 3381 2252 3437 προ-

680 3450 928 3514 άστειον,
982 3447 1095 3500 ἀλλ’
1151 3444 1338 3516 αὔριον
1371 3444 1583 3499 κωλύω
1624 3445 1766 3509 τίνος
1798 3447 2013 3512 ἐνεκεν;
2071 3448 2185 3502 Ἵνα
2216 3451 2248 3518 ή

680 3530 868 3599 τέρψις
896 3529 971 3600 μὴ
992 3529 1089 3600 ἔχῃ
1117 3529 1480 3596 κατάγνωσιν,
1499 3528 1586 3582 ἴνα
1609 3528 1823 3600 καθαρὰ
1905 3532 1938 3599 ή
1961 3530 2149 3599 ἡδονὴ,
2174 3530 2249 3601 μὴ

682 3611 974 3682 ὑπεισέλθῃ
1007 3625 1031 3651 ι
1061 3612 1119 3665 δέ
1164 3613 1198 3681 ή
1233 3610 1573 3679 κατάγνωσις
1596 3627 1610 3641 ο
1670 3613 1764 3664 καὶ
1811 3611 1919 3684 γὰρ
1952 3612 2157 3676 ἔξεστιν
2192 3616 2248 3666 ἐν

681 3694 814 3764 ἄλλῃ
833 3693 1014 3765 ἡμέρα
1040 3694 1134 3747 καὶ
1151 3695 1216 3763 τῇ
1242 3694 1429 3765 τέρψει
1449 3693 1800 3764 χαρίσασθαι,
1819 3695 1913 3747 καὶ
1940 3694 2039 3762 τῆς
2069 3696 2252 3768 ἁμαρ-

678 3776 797 3839 τίας
825 3775 1222 3847 ἀπαλλαγῆναι.
1254 3776 1317 3828 Εἰ
1336 3776 1391 3829 δέ
1414 3774 1590 3845 βούλει
1612 3776 1706 3828 καὶ
1725 3774 1819 3847 νῦν
1849 3776 2092 3847 τέρψεως
2114 3779 2251 3832 ἀπο-

680 3858 896 3944 λαῦσαι,
924 3858 976 3911 τί
1007 3859 1363 3929 τερπνότερον
1402 3857 1494 3911 τοῦ
1518 3841 2040 3927 συλλόγου’τούτου;
2074 3863 2127 3914 τί
2152 3879 2249 3933 χα-

682 3939 954 4012 ριέστερον
984 3940 1077 3994 τοῦ
1112 3940 1336 4010 θεάτρου
1366 3939 1460 3993 τοῦ
1486 3940 1891 4009 πνευματικοῦ;
1929 3942 2036 3996 τῶν
2069 3944 2248 4014 μελῶν

679 4023 788 4076 τῶν
816 4024 951 4090 σῶν;
979 4023 1080 4092 τῆς
1096 4022 1207 4075 τῶν
1228 4021 1468 4091 ἀδελφῶν
1499 4025 1818 4091 συνουσίαςς
1850 4024 2007 4078 Ἀλλά
2028 4028 2121 4079 καὶ
2145 4043 2249 4078 σω-

683 4107 915 4175 ματικῆς
946 4105 1119 4169 θέλεις
1142 4105 1417 4176 τραπέζης
1450 4110 1765 4176 μετασχεῖν;
1799 4106 2033 4160 ἐνταῦθα
2073 4108 2245 4172 ἔξεστι

683 4189 819 4259 μετά
845 4188 906 4241 τὸ
932 4189 1155 4261 λυθῆναι
1176 4188 1267 4242 τὸν
1305 4188 1579 4257 σύλλογον,
1640 4190 1733 4242 τοῦ
1772 4192 2071 4261 μαρτυρίου
2113 4191 2247 4261 πλη-

682 4274 793 4325 σίον
820 4272 923 4324 ὑπὸ
950 4273 1118 4342 συκῆν
1167 4273 1260 4325 καὶ
1310 4272 1549 4343 ἄμπελον
1602 4272 1984 4331 καταλύσαντι,
2025 4272 2120 4326 καὶ
2167 4272 2246 4343 τῷ

682 4356 892 4424 σώματι
924 4354 1360 4425 χαρίσασθαιτὴν
1386 4354 1589 4419 ἄνεσιν,
1610 4356 1703 4407 καὶ⁹
1721 4356 1783 4432 τδ
1809 4354 2046 4417 συνειδὸς
2068 4355 2243 4408 ἀπαλ-

679 4437 835 4501 λάξαι
874 4435 1291 4504 καταγνώσεως.
1335 4436 1392 4486 '0
1418 4436 1526 4506 γὰρ
1552 4436 1759 4505 μάρτυς
1786 4436 2011 4505 ἐγγύθεν
2036 4437 2245 4507 ὁρώμε-

679 4536 767 4583 νος
792 4517 886 4573 καὶ
912 4518 1136 4589 πλησίον
1171 4516 1247 4570 ῶν
1286 4516 1379 4570 καὶ
1429 4517 1792 4588 παρεστηκὼς
1838 4518 1972 4588 αὐτῇ
2014 4522 2080 4588 τῇ
2115 4536 2245 4589 τρα-

678 4601 840 4674 πέζῃ,
866 4600 967 4653 οὑκ
994 4600 1188 4670 ἀφίησι
1223 4598 1322 4668 τὴν
1357 4599 1547 4670 ἡδονὴν
1586 4601 1666 4662 εἰς
1698 4600 1966 4669 ἁμαρτίαν
2008 4602 2242 4671 ἐκχυθῆ-

678 4700 786 4747 ναι,
820 4682 934 4736 ἀλλ’
963 4681 1151 4751 ῶσπερ
1198 4698 1281 4743 τις
1326 4680 1684 4748 παιδαγωγὸς,
1735 4682 1768 4751 ἢ
1802 4682 1981 4753 πατὴρ
2024 4683 2242 4752 ἀριστος

676 4768 787 4828 τοῖς
814 4766 909 4836 τῆς
935 4765 1170 4825 πίστεως
1189 4763 1461 4835 ὁρώμενος
1482 4762 1775 4833 ὀφθαλμοῖς
1792 4764 2241 4819 καταστέλλειτὸν

677 4848 908 4917 γέλωτα,
943 4847 1259 4919 περικόπτει
1284 4845 1383 4908 τὰς
1395 4845 1587 4916 ἡδονὰς
1600 4844 1697 4909 τάς
1722 4847 1974 4910 ἀτόπους,
2001 4847 2069 4900 τά
2091 4865 2241 4919 σκιρ-

677 4933 895 5002 τήματα
923 4930 1022 4999 τῆς
1052 4928 1253 4999 σαρκὸς
1286 4928 1498 4981 ἄπαντα
1529 4929 1758 5000 ἀναιρεῖ,
1808 4928 1950 4998 άπερ
1997 4931 2112 4982 ἐκεῖ
2140 4931 2240 4983 οὐκ

677 5013 792 5066 ἐστι
825 5013 1123 5081 διαφυγεῖν.
1158 5010 1313 5073 Τίνος
1344 5011 1527 5063 ἕνεκεν
1549 5027 1563 5075 ;
1587 5011 1709 5062 Ὅτι
1734 5011 1885 5081 χοροὶ
1913 5010 2118 5082 ἀνδρῶν
2140 5012 2238 5065 αῦ-

680 5110 791 5165 ριον
818 5094 878 5146 τὸ
910 5093 1228 5164 προάστειον
1252 5091 1783 5161 καταλαμϐάνουσιν
1828 5094 1861 5160 ή
1902 5091 1957 5143 δέ
1990 5092 2096 5145 τῶν
2128 5111 2239 5146 τοι-

674 5176 845 5229 ούτων
877 5174 997 5245 ὄψις
1034 5175 1128 5231 καὶ
1172 5174 1263 5228 τὸν
1313 5173 1631 5244 βουλόμενον
1681 5176 1980 5242 σωφρονεῖν
2037 5177 2238 5229 ἄκοντα

675 5260 935 5327 ὑπεξάγει
964 5257 1219 5321 πολλάκις
1246 5258 1380 5327 πρὸς
1409 5258 1507 5326 τὴν
1530 5256 1629 5326 τῆς
1654 5257 1823 5326 αὐτῆς
1855 5257 2238 5330 ἀσχημοσύνης

675 5341 826 5413 [679]
858 5342 1107 5413 μίμησιν,
1123 5341 1215 5394 καὶ
1240 5340 1473 5411 μάλιστα
1498 5340 1622 5393 ὅταν
1644 5340 1735 5392 καὶ⁵
1762 5341 1789 5391 6
1806 5339 2046 5405 διάὸολος
2076 5342 2237 5412 μέσος

676 5424 902 5487 ἐκείνοις
930 5427 1077 5494 παρῇ
1100 5440 1113 5453 ·
1150 5423 1244 5477 καὶ
1272 5423 1378 5494 γάρ
1412 5422 1671 5491 πάρεστιν
1695 5422 1799 5475 ὑπὸ
1834 5422 1942 5476 τῶν
1968 5426 2235 5495 πορνικῶν

676 5507 951 5577 ᾀσμάτων,
975 5507 1078 5559 ὑπὸ
1102 5506 1209 5561 τῶν
1231 5505 1471 5576 αἰσχρῶν
1494 5507 1772 5577 ῥημάτων,
1796 5505 1899 5559 ὑπὸ
1927 5507 2022 5577 τῆς
2046 5509 2232 5579 δαιμο-

744 5738 769 5767 λ
792 5737 890 5787 Alﬁ
914 5737 1174 5798 ἐπεισέλθῃ.

1382 294 1440 351 8.
1496 294 1780 351 JOANNIS
1798 291 2302 351 ‘CHRYSOSTOMI
2344 291 2659 348 ARCHIEP.
2702 290 3243 348 CONSTANTINOI’.

3816 296 3924 351 οη

2368 406 2521 476 νικῆς
2556 407 2775 476 πομπῆς
2797 406 3144 478 καλούμενος.
3170 408 3241 462 Σὺ
3268 407 3325 460 δὲ
3350 405 3604 473 ἀπετάξω
3632 408 3780 481 πάσῃ
3799 410 3930 463 ταύ-

2365 504 2434 560 τῃ
2458 490 2523 559 τῇ
2546 491 2757 559 πομπῇ,
2787 489 2882 542 καὶ
2912 492 2980 560 τῇ
3011 489 3104 543 τοῦ
3133 490 3369 562 Χριστοῦ
3398 490 3627 560 λατρεία
3656 493 3935 558 συνετάξω

2367 572 2507 627 κατὰ
2549 572 2646 641 τὴν
2687 572 2901 642 ἡμέραν
2937 572 3180 643 ἐκείνην,
3219 572 3341 626 καθ’
3368 573 3437 644 ἢν
3465 573 3575 625 τῶν
3603 572 3765 642 ιερῶν
3804 590 3935 625 κατ-

2366 651 2601 725 ηξιώθης
2626 653 2956 723 μυστηρίων.
2986 655 3386 725 Ἀναμνήσθητι
3405 654 3585 708 τοίνυν
3605 654 3714 707 τῶν
3750 656 3921 724 ῥημάο

2366 751 2469 787 των
2496 733 2722 787 ἐκείνων
2747 734 2955 806 καὶτῆς
2974 734 3265 807 συνθήκης,
3301 736 3395 790 καὶ
3440 735 3579 806 φύγε
3622 735 3721 805 τὴν
3753 735 3919 806 παρά-

2366 816 2542 871 ϐασιν.

2435 976 2493 1030 ε’.
2515 974 2780 1045 Βούλομαι
2796 974 2852 1028 δὲ
2868 974 2963 1027 καὶ
2984 973 3119 1045 πρὸς
3132 974 3259 1037 τοὺς
3275 972 3546 1045 παρόντας
3559 974 3652 1027 καὶ
3675 973 3752 1045 μὴ
3767 973 3897 1027 ἀνιόε

2363 1074 2461 1121 τας
2488 1058 2847 1127 διαλεχθῆναι,
2882 1057 2977 1110 καὶ
3004 1056 3212 1119 τούτοις
3247 1056 3549 1127 ἐγχειρίσαι
3579 1056 3678 1126 τὴν
3706 1056 3927 1109 ἐκείνων

2364 1139 2658 1210 σωτηρίαν.
2686 1140 2799 1192 Καὶ
2819 1139 2928 1211 γάρ
2955 1139 3135 1210 ἰατρὸς
3164 1138 3301 1209 πρὸς
3328 1138 3419 1191 τὸν
3450 1138 3727 1207 κάμνοντα
3755 1139 3911 1190 είσελ-

2363 1221 2470 1275 θὼν
2499 1222 2655 1290 ὀλίγα
2682 1222 2760 1292 τῷ
2785 1223 3021 1293 κειμένῳ
3050 1222 3383 1288 διαλέγεται·
3414 1220 3485 1274 τά
3520 1221 3578 1274 δὲ
3617 1221 3746 1290 περὶ
3786 1238 3921 1290 φαςρ

2366 1303 2554 1374 μάκων
2579 1303 2673 1357 καὶ
2703 1302 2886 1356 σιτίων
2916 1303 3007 1356 καὶ
3036 1303 3136 1373 τῆς
3160 1302 3322 1373 ἄλλης
3352 1303 3665 1372 θεραπείας,
3693 1302 3924 1361 καλέσα,

2361 1386 2485 1449 τοὺς
2503 1385 2651 1456 αὺτῷ
2674 1385 3071 1457 προσήκοντας,
3092 1385 3318 1446 ἐκείνοις
3340 1384 3553 1437 ἄπαντα
3576 1385 3924 1454 ἐπισκήπτει.

2361 1467 2428 1519 Τί
2485 1468 2716 1538 δήποτε;
2764 1470 2882 1521 Ὀτι
2932 1469 2961 1521 6
2999 1467 3097 1537 μὲν
3131 1467 3355 1538 κάμνων
3382 1468 3442 1519 οὐ
3477 1466 3691 1537 δέχεται
3723 1467 3925 1529 εὐθέως

2360 1550 2458 1620 τὴν
2484 1549 2822 1619 παραίνεσιν,
2840 1550 2869 1602 6
2893 1548 2949 1601 δὲ
2969 1549 3227 1617 ὑγιαίνων
3245 1549 3381 1619 μετὰ
3396 1547 3594 1617 πολλῆς
3620 1547 3927 1619 προθυμίας

2360 1631 2615 1702 προσέχει
2639 1633 2751 1694 τοῖς
2769 1631 3080 1701 λεγομένοις
3099 1647 3112 1662 ·
3144 1631 3232 1685 διά
3257 1632 3414 1685 τοῦτο
3439 1633 3575 1703 μετά
3600 1632 3807 1685 τούτων
3837 1634 3921 1684 καὶ

2360 1714 2487 1783 ὑμῖν
2521 1714 2777 1784 βούλομαι
2803 1713 3168 1784 διαλεχθῆναι.
3198 1713 3709 1785 Προκαταλάόωμεν
3739 1713 3924 1783 αὑριον

2359 1798 2457 1859 τὰς
2488 1795 2682 1861 πύλας,
2720 1796 3131 1866 ἐφεδρεύσωμεν
3179 1799 3299 1861 ταῖς
3357 1797 3519 1860 ὁδοῖς,
3573 1796 3769 1867 ἄνδρες
3804 1798 3924 1857 τοὺς

2360 1877 2580 1947 ἄνδρας,
2609 1881 2865 1945 γυναῖκες
2909 1878 3006 1941 τὰς
3048 1881 3315 1947 γυναῖκας
3342 1878 3791 1947 κατασπάσωμεν
3820 1878 3925 1930 ἀπὸ

2344 1960 2467 2013 ιτῶν
2500 1959 2809 2028 ὑποζυγίων
2827 1977 2841 1991 ·
2867 1961 3301 2031 ἐπαναγάγωμεν
3320 1961 3554 2015 ἐνταῦθα
3582 1962 3633 2027 δ,
3665 1961 3741 2032 μὴ
3776 1963 3902 2015 ἐπαι

2360 2044 2705 2115 σχυνθῶμενο
2741 2044 2869 2099 ἔνθα
2893 2046 3133 2116 σωτηρία
3165 2042 3415 2114 ἀδελφοῦ,
3433 2045 3533 2097 οὐκ
3561 2042 3708 2097 ἐστιν
3736 2045 3924 2115 αἰσχύ-

2361 2144 2446 2199 νη.
2474 2126 2536 2180 Εί
2562 2128 2760 2180 ἐκεῖνοι
2797 2128 2897 2180 οὑκ
2924 2126 3270 2197 αἰσχύνονται
3306 2127 3441 2198 πρὸς
3477 2128 3575 2197 τὴν
3610 2127 3924 2197 παράνομον

2360 2209 2583 2278 πομπὴν
2621 2208 2882 2273 ἀνιόντες,
2917 2207 3096 2279 πολλῷ
3145 2208 3345 2279 μᾶλλον
3377 2210 3524 2279 ἡμᾶς
3576 2208 3924 2279 αἰσχύνεσθαι

2353 2290 2418 2354 οὐ
2438 2292 2543 2361 χρὴ
2571 2292 2704 2362 πρὸς
2740 2291 2838 2363 τὴν
2874 2291 3025 2363 ἰεράν
3049 2290 3252 2362 ταύτην
3282 2293 3589 2362 πανήγυριν
3635 2291 3924 2359 μέλλοντας

2358 2374 2555 2436 αὐτοὺς
2579 2375 2964 2443 ἐπαναγαγεῖν.
2995 2375 3163 2426 Ὅταν
3186 2373 3415 2442 ἀδελφοῦ
3438 2375 3679 2444 σωτηρία
3701 2374 3922 2443 προκέη-

2358 2473 2468 2555 ται,
2506 2457 2671 2529 μηδὲν
2697 2455 3114 2555 παραιτώμεθα.
3145 2457 3210 2509 Et
3426 2457 3925 2555 chﬂb;.dnéeavs

2358 2539 2423 2592 δι’
2444 2542 2608 2610 ἡμᾶς,
2650 2541 2863 2594 ἅπαντα
2908 2539 3196 2609 ὑπομένειν
3239 2539 3304 2591 δι’
3344 2539 3542 2603 αὐτοὺς
3576 2540 3727 2609 ἡμᾶς
3783 2541 3923 2609 κρὴ’

2358 2621 2461 2677 κᾶν
2484 2622 2695 2692 πληγὰς
2710 2622 3056 2687 ἐντείνονται,
3083 2622 3187 2675 κᾶν
3209 2622 3643 2693 λοιδορήσωνται,
3662 2622 3925 2692 κάτασχε,

2359 2709 2455 2761 καὶ
2500 2706 2575 2779 μὴ
2605 2707 2873 2778 πρότερον
2901 2708 3163 2777 ἀποστῇς,
3192 2706 3396 2770 ἐῶς’ἂν
3423 2708 3621 2771 αὐτοὺς
3645 2708 3925 2773 ἐπαναγάο

2361 2806 2464 2861 γῃς
2492 2790 2628 2861 πρὸς
2658 2790 2749 2843 τὸν
2790 2792 2941 2858 ἅγιον
2978 2788 3231 2859 μάρτυρα
3250 2804 3264 2819 ο
3314 2790 3419 2841 κᾶν
3450 2788 3803 2861 δικαστήριον
3832 2790 3928 2863 δέη

2360 2874 2583 2926 καθίσαι
2612 2876 2677 2925 ἐκ
2700 2872 2809 2925 τῶν
2839 2873 3142 2941 παριόντων
3169 2911 3184 2937 ,
3217 2873 3265 2924 οἰ
3309 2871 3617 2943 βουλόμενοι
3650 2874 3927 2927 ἀκουέτωο

2359 2970 2487 3007 σανο
2540 2953 2789 3024 ἀδελφὸν,
2842 2954 2997 3020 εἰπὲ,
3052 2953 3317 3033 βούλομαι
3365 2953 3559 3018 σῶσαι,
3609 2954 3723 3026 ὀρῶ
3748 2956 3928 3027 ψυχὴν

2357 3036 2760 3108 ἀπολλυμένην,
2782 3037 2874 3089 καὶ
2898 3037 2997 3089 οὑκ
3026 3037 3294 3107 ἀνέχομαι
3322 3036 3582 3107 περιιδεῖν
3614 3040 3716 3108 τήν
3737 3040 3928 3107 συγγέ-

2358 3127 2534 3171 νειαν’
2571 3119 2599 3171 6
2629 3118 2948 3188 βουλόμενος
3005 3117 3322 3185 ἐγκαλείσω,
3374 3120 3403 3171 6
3432 3117 3752 3188 βουλόμενος
3804 3137 3929 3174 κατ-

2355 3200 2625 3271 ηγορείτω
2648 3216 2661 3229 ·
2717 3200 2919 3271 μᾶλλον
2966 3198 3023 3253 δὲ
3073 3199 3247 3263 οὐδεὶς
3300 3200 3584 3267 ἐγκαλέσει
3611 3240 3627 3266 ,
3664 3201 3803 3255 ἀλλά
3836 3204 3930 3258 καὶ

2356 3282 2556 3345 πάντες
2606 3283 3021 3344 ἐπαινέσονται,
3070 3281 3271 3345 πάντες
3304 3282 3661 3338 ἀσπάσονται.
3699 3286 3775 3338 Ού
3817 3286 3928 3355 γάρ

2357 3364 2497 3434 ὑπὲρ
2533 3363 2865 3435 χρημάτων,
2915 3365 3034 3417 οὑδέ
3076 3364 3144 3417 δι’
3181 3365 3389 3418 οἰκείαν
3436 3366 3731 3436 ἀπέχθειαν
3780 3368 3929 3437 ἀμυ-

2355 3447 2610 3517 νόμενος,
2671 3446 2791 3499 οὐδὲ
2845 3448 2983 3517 ὑπὲρ
3049 3446 3209 3501 ἄλλου
3266 3448 3411 3511 τινὸς
3484 3448 3593 3502 τῶν
3656 3448 3927 3518 βιωτικῶν

2354 3529 2641 3600 φιλονεικῶ
2696 3528 2791 3582 καὶ
2839 3532 3115 3600 μάχομαι,
3175 3530 3289 3582 ἀλλ’
3345 3530 3485 3601 ὑπὲρ
3527 3530 3756 3600 ἀδελφοῦ
3814 3549 3926 3585 σω-

2353 3613 2578 3683 τηρίας·
2618 3612 2788 3665 ταῦτα
2839 3612 2923 3676 τίς
2978 3615 3078 3667 οὐκ
3127 3613 3479 3679 ἀποδέξεται;
3538 3614 3621 3676 τίς
3681 3615 3743 3666 οὑ
3796 3616 3929 3669 θαυ-

2358 3694 2629 3765 μάσεται;
2670 3694 2837 3752 Οὐδὲν
2867 3697 3015 3765 ἡμᾶς
3064 3695 3439 3765 προσήκοντας
3492 3695 3744 3765 ἀλλήλοις
3788 3696 3929 3750 κατὰ

2355 3782 2670 3849 συγγένειαν
2688 3782 2956 3852 σαρκικὴν
2978 3779 3371 3850 ήπνευματικὴ
3391 3780 3676 3849 συγγένεια
3704 3782 3927 3852 πατρῶν

2355 3863 2863 3934 φιλοστοργοτέρους
2919 3863 3194 3932 ἐποίησεν.
3260 3862 3323 3914 Et
3385 3861 3661 3932 βούλεσθε,
3702 3864 3927 3917 καὶτὸν

2357 3946 2605 4015 μάρτυρα
2658 3944 2910 4015 λάϐωμεν
2954 3945 3071 4015 μεθ’
3111 3944 3346 3999 ἐαυτῶψ
3384 3945 3483 3998 οὑκ
3532 3944 3927 4016 ἐπαισχύνεται

2352 4028 2459 4099 γὰρ
2498 4029 2670 4081 ἐλθεῖν
2701 4029 2794 4081 καὶ
2814 4028 2982 4082 σῶσαι
3012 4030 3137 4092 τοὺς
3181 4029 3462 4095 ἀδελφούς.
3508 4028 3928 4099 Ἑπιστήσωμεν

2353 4112 2531 4174 αὐτοῖς
2553 4111 2774 4164 ἐκείνων
2804 4110 3122 4181 ὀφθαλμοῖς,
3165 4110 3442 4181 φοϐηθῶσι
3484 4111 3749 4182 παρόντα,
3783 4113 3929 4165 αἰδε-

2353 4192 2521 4246 σθῶσι
2548 4192 2967 4263 παρακαλοῦντα
3011 4195 3106 4246 καὶ
3132 4194 3407 4263 δεόμενον
3436 4193 3498 4246 οὑ
3526 4192 3635 4265 γάρ
3680 4194 3929 4263 αἱσχύνε·

2349 4293 2437 4329 ται
2463 4278 2554 4330 καὶ
2585 4277 2980 4349 παρακαλέσαι.
3009 4276 3071 4330 Εἰ
3110 4276 3219 4349 γὰρ
3249 4279 3278 4331 ὁ
3306 4278 3585 4345 Δεσπότης
3618 4276 3787 4329 αὑτοῦ
3824 4295 3929 4332 πα-

2352 4361 2578 4432 ρακαλεῖ
2611 4362 2707 4431 τὴν
2738 4361 3011 4431 ἡμετέραν
3044 4360 3225 4428 φύσιν·
3261 4358 3440 4428 Ὑπὲρ
3476 4361 3739 4426 Χριστοῦ
3782 4377 3927 4429 πρε-

2348 4446 2658 4512 σϐεύομεν,
2693 4444 2858 4513 φησὶν
2883 4444 2911 4495 ὀ
2944 4442 3172 4509 Παῦλος,
3203 4443 3285 4508 ὡς
3323 4441 3433 4496 τοῦ
3474 4442 3623 4495 Θεοῦ
3652 4458 3929 4511 παρακα-

2347 4529 2605 4595 λοῦντος
2637 4529 2721 4587 δι’,
2740 4526 2929 4595 ἡμῶν,
2948 4524 3375 4595 Καταλλάγητε
3400 4522 3479 4589 τῷ
3507 4524 3628 4588 Θεῷ
3662 4536 3714 4563 ε’
3744 4528 3927 4598 πολλῷ

2351 4612 2548 4680 μᾶλλον
2578 4614 2606 4665 ὀ
2629 4610 2814 4671 δοῦλος
2838 4608 2995 4661 τοῦτο
3020 4609 3254 4679 ποιήσει’
3275 4607 3337 4660 ἓν
3361 4608 3522 4661 αὑτὸν
3549 4606 3717 4660 λυπεῖ
3739 4609 3925 4677 μόνον,

2348 4693 2652 4763 ήάπώλεια
2697 4696 2730 4763 ἡ
2781 4691 3047 4763 ήμετέρατ
3098 4692 3156 4744 ἓν
3208 4691 3513 4761 εὐφραίνει,
3542 4692 3577 4760 ἡ
3611 4693 3859 4763 σωτηρία
3888 4696 3924 4762 ἡ

2345 4779 2607 4849 ἡμετέρα,
2627 4777 2721 4831 καὶ
2750 4776 2841 4830 διά
2874 4774 3032 4827 τοῦτο
3063 4775 3124 4827 οὐ
3171 4776 3566 4845 παραιτήσεται
3600 4775 3753 4827 οὐδὲν
3782 4775 3927 4844 ὑπὲρ

2345 4863 2512 4931 αὐτῆς
2549 4860 2796 4928 ποιῆσαι.
2832 4858 2923 4927 Μὴ
2965 4857 3146 4909 τοίνυν
3182 4857 3323 4926 μηδὲν
3350 4857 3510 4925 ἡμεῖς
3544 4856 3925 4926 ἐπαισχυνθῶ-

2349 4962 2467 5014 μεν,
2510 4942 2644 5012 μηδέ
2676 4940 2930 5011 περιττὸν
2965 4935 3105 4991 εἷναι
3135 4938 3464 5008 νομίσωμεν.
3483 4938 3544 4991 Εἰ
3572 4936 3682 5008 γὰρ
3712 4938 3928 5008 άιθριυο

2346 5045 2436 5079 ποι
2467 5026 2533 5096 θη
2545 5025 2704 5096 ραταὶ
2730 5024 3012 5092 κρημνοὺς
3049 5020 3143 5073 καὶ
3170 5021 3269 5091 ὅρη
3288 5020 3382 5073 καί¹
3408 5020 3657 5091 βάραθρα
3687 5021 3786 5073 καὶ
3812 5023 3925 5076 πᾶν

2344 5110 2537 5161 άῦατον
2568 5108 2902 5178 ἀπέρχονται
2926 5104 3146 5175 χωρίον,
3175 5102 3288 5155 εἴτε
3318 5102 3548 5169 λαγωὸν,
3568 5102 3722 5175 [680]
3752 5104 3786 5173 ἢ
3809 5104 3927 5175 δορ-

2344 5194 2502 5255 κάδα,
2535 5192 2569 5261 ἢ
2599 5191 2725 5245 ἄλλο
2753 5207 2808 5242 τι
2835 5188 2943 5241 τῶν
2959 5185 3237 5249 τοιούτων,
3266 5185 3299 5255 ἢ
3337 5186 3431 5239 καὶ
3466 5186 3689 5255 ὑρνιθας
3720 5186 3924 5240 πολλά-

2344 5291 2430 5337 κις
2461 5274 2662 5336 ταύτας
2677 5273 2774 5336 τὰς
2798 5271 3001 5342 ἀγρίας
3036 5268 3301 5340 θηρεῦσαι
3333 5267 3671 5338 βουλόμενοι·
3706 5270 3771 5322 σὺ
3799 5268 3923 5339 μὲλ-

2342 5357 2449 5410 λων
2478 5357 2577 5410 οὐκ
2604 5356 2799 5422 ἀλογον
2828 5354 3064 5417 εὐτελὲς,
3107 5352 3223 5404 ἀλλ’
3253 5349 3484 5420 ἀδελφὸν
3521 5352 3919 5421 πνευματικὸν,

2341 5443 2407 5496 δι’
2442 5442 2500 5494 ὃν
2525 5444 2552 5494 ὁ
2587 5440 2815 5512 Χριστὸς
2831 5438 3125 5500 ἀπέθανεν,
3157 5437 3525 5503 ἐπαναγαγεῖν
3540 5435 3600 5501 ἐξ
3617 5435 3919 5497 ἀπωλείας,

2342 5514 2435 5577 καὶ
2465 5524 2566 5576 οὑκ
2600 5523 2701 5595 ὅρη
2736 5523 2830 5575 καὶ
2887 5521 3087 5585 νάπας,
3124 5518 3261 5573 ἀλλά
3307 5517 3405 5589 τὴν
3453 5516 3633 5588 πύλην
3660 5516 3921 5583 ἐξελθεῖν,

2404 5675 2433 5710 ιι
2454 5674 2535 5721 Sic
2554 5672 2699 5720 Savil.
2726 5678 2779 5719 (ιι
2798 5670 2896 5719 duo
2923 5683 3035 5718 mss.
3061 5667 3224 5730 Regii.
3251 5668 3306 5717 In
3330 5664 3735 5730 Mor-eLivraBB:
3753 5667 3919 5715 deest.

2407 5736 2431 5765 '
2457 5734 2603 5783 Savil.
2629 5740 2682 5783 el
2703 5746 2828 5783 unus
2847 5745 2937 5782 ms.
2964 5729 3312 5792 καταλλαγῆναι
3330 5731 3399 5795 τῷ
3421 5729 3551 5793 Θεῷ.
