4182 6322
232 333 334 388 673

230 440 320 491 sed
351 449 633 504 corporum
653 433 1010 488 mutilatorum
1041 430 1264 496 sanatio,
1284 438 1339 484 et
1365 437 1702 499 peccatorum
1721 441 1806 480 re-

234 527 436 590 missio,
450 524 669 580 abolitio
688 523 819 588 vitii,
836 521 1141 576 morborum
1162 520 1353 573 anima:
1377 518 1610 583 curatio,
1638 517 1808 571 oratio

228 619 497 684 continua,
513 618 704 672 fiducia
723 601 862 685 apud
885 616 1071 680 Deum,
1093 613 1386 684 spiritualia
1401 620 1612 677 cuncta,
1630 610 1809 664 bonis-

229 727 333 781 que
360 712 659 784 cmlestibus
686 708 1057 763 redundantia.
1079 706 1144 762 Hi
1164 706 1365 761 fructus
1390 718 1605 774 semper
1624 701 1810 756 decer-

236 804 332 872 pti,
359 818 572 872 semper
593 800 873 881 pullulant,
895 814 992 854 nec
1009 813 1258 868 umquam
1279 810 1405 851 suos
1426 795 1658 851 cultores
1675 790 1808 846 defi-

229 895 395 950 ciunt.
423 896 595 965 Atque
616 893 840 947 arbores
868 890 1106 962 quidem,
1127 904 1247 960 qua:
1268 895 1556 943 nascuntur
1573 886 1623 939 in
1646 893 1806 950 terra,

229 985 394 1040 semel
412 987 463 1038 in
478 999 618 1038 anno
636 984 863 1038 fructum
884 982 1079 1047 ferunt;
1093 979 1235 1050 quod
1256 979 1299 1033 si
1327 994 1431 1032 non
1453 975 1808 1044 decerpseris,

230 1078 551 1133 adventante
596 1076 802 1147 hyemis
853 1085 1096 1144 tempore
1142 1082 1392 1141 corrupto
1433 1084 1496 1124 ae
1543 1066 1811 1122 dilabente

229 1167 405 1222 fructu
431 1166 704 1237 preprium
725 1164 978 1219 decorem
1007 1163 1258 1216 amittunt
1289 1178 1302 1214 :
1335 1159 1418 1214 ha:
1439 1172 1566 1212 vero
1593 1151 1811 1226 ‘hyemis

230 1255 424 1310 nescia:
451 1263 576 1308 sunt
602 1262 656 1308 et
681 1252 883 1307 aestatis
903 1291 919 1317 ,
949 1266 1054 1306 non
1082 1260 1380 1319 temporum
1410 1245 1688 1315 snbjacent
1716 1258 1812 1297 ne-

229 1345 484 1410 cessitati,
513 1358 614 1398 nec
641 1343 752 1397 suis
797 1341 1056 1396 fructibus
1103 1339 1317 1393 nudatae
1358 1347 1582 1406 possunt
1607 1334 1806 1400 videri,

229 1435 324 1490 sed
368 1433 612 1489 eumdem
659 1441 918 1501 perpetuo
957 1429 1208 1485 decorem
1249 1427 1522 1491 obtinent;
1563 1439 1668 1488 non
1721 1438 1813 1478 eas

231 1542 481 1596 umquam
511 1524 786 1593 corruptio
809 1524 894 1577 vel
919 1522 1143 1576 mutatio
1173 1528 1549 1589 tempestatum
1581 1517 1811 1585 attingit.

229 1619 399 1684 Quam
445 1618 597 1672 multi
639 1615 900 1684 siquidem
921 1656 936 1676 ,
972 1630 1038 1669 ex
1060 1629 1165 1683 quo
1183 1611 1475 1681 plantatum
1505 1618 1587 1664 est
1621 1623 1815 1677 corpus

230 1708 374 1764 istud
407 1707 459 1760 in
511 1713 988 1770 terra,sexcentas
1025 1702 1336 1756 sanationes
1379 1716 1445 1754 ex
1488 1702 1589 1753 hoc
1631 1706 1816 1751 sancto

226 1797 408 1853 loculo
434 1797 814 1865 decerpserunt
833 1835 849 1860 ,
879 1807 978 1848 nec
999 1792 1201 1846 fructus
1221 1790 1448 1854 defecit;
1478 1795 1818 1841 messuerunt

227 1900 492 1958 segetem,
513 1903 614 1944 nea
634 1895 967 1955 consumptre
984 1894 1108 1938 sunt
1131 1884 1313 1952 spiam;
1329 1896 1360 1935 e
1374 1880 1607 1934 fontibus
1635 1878 1820 1932 hauseo

229 1989 378 2047 runt,
403 1995 500 2035 nec
519 1979 773 2035 exinaniti
803 1985 929 2031 sunt
958 1975 1162 2039 latices,
1185 1973 1277 2027 sed
1300 1970 1552 2042 perennis
1572 1979 1653 2024 est
1669 1983 1816 2038 qua:-

228 2073 359 2126 dam
406 2071 706 2139 scaturigo,
756 2081 1047 2136 numquam
1096 2050 1380 2129 deﬁciens,
1413 2061 1510 2115 sed
1551 2074 1646 2125 eo,
1677 2056 1819 2127 quod

233 2162 483 2217 haustum
514 2169 624 2226 est,
669 2157 938 2227 copiosius
983 2169 1197 2223 semper
1233 2151 1546 2207 miraculum
1598 2160 1821 2202 manans

232 2253 490 2319 eﬂ‘undit.
508 2250 693 2320 Neque
718 2234 853 2304 vero
889 2257 1098 2302 tantum
1143 2244 1401 2300 miracula
1422 2249 1695 2312 operatur,
1727 2238 1820 2293 sed

234 2343 602 2416 philosophari
645 2322 820 2397 etiam.
857 2340 1068 2395 suadet.
1100 2337 1227 2392 Sive
1255 2336 1398 2392 enim
1451 2334 1602 2388 dives
1647 2333 1722 2386 sis
1759 2345 1822 2385 ac

236 2434 522 2502 superbias
568 2442 624 2487 et
665 2431 806 2485 elato
853 2431 927 2484 sis
971 2430 1334 2494 auimo,cum
1382 2425 1486 2479 huc
1511 2423 1721 2479 veneris
1761 2435 1824 2476 ac

235 2532 528 2593 martyrem
555 2521 777 2575 intuitus
803 2518 971 2574 fueris
996 2560 1012 2586 ,
1041 2525 1404 2587 quantumque
1429 2515 1500 2569 sit
1527 2515 1665 2568 inter
1685 2511 1823 2568 divi-

235 2614 338 2667 tias
378 2623 494 2666 tuas
519 2621 572 2666 et
599 2610 756 2679 hujus
777 2608 1106 2678 opulentiam
1151 2606 1441 2661 discrimen
1464 2645 1478 2671 ,
1508 2613 1683 2658 tecum
1711 2601 1826 2671 ipse

235 2704 576 2773 reputaveris
607 2719 620 2754 :
648 2700 816 2756 elatos
857 2699 1066 2754 animos
1108 2697 1284 2753 subito
1329 2695 1626 2765 deprimes,
1652 2702 1706 2746 et
1732 2692 1828 2746 de-

236 2796 416 2867 posito
453 2793 591 2848 fastu
637 2809 699 2848 ac
725 2802 970 2857 tumore,
1000 2789 1166 2844 multa
1209 2803 1330 2844 cum
1373 2788 1565 2840 animai
1603 2785 1828 2838 sanitate

236 2886 506 2951 discedes;
537 2885 650 2939 sive
673 2899 870 2953 pauper
902 2897 965 2936 ac
985 2881 1268 2950 despectus
1295 2878 1392 2932 tibi
1415 2892 1535 2932 esse
1559 2873 1822 2938 videaris,

238 2995 362 3035 cum
390 2979 493 3032 huc
518 2978 726 3032 veneris
749 2985 803 3031 et
825 2974 1037 3029 divitias
1066 2971 1315 3042 martyris
1333 2969 1551 3032 videris,
1577 2977 1828 3022 contem-

239 3070 349 3139 ptis
383 3080 437 3123 et
481 3067 651 3121 irrisis
684 3065 1019 3120 smcularium
1061 3063 1290 3125 divitiis,
1324 3059 1490 3115 multa
1534 3058 1828 3112 inStructus

240 3157 582 3228 philosophia
630 3155 884 3218 recedes,
925 3154 1028 3209 etsi
1052 3151 1431 3213 contumeliae,
1475 3149 1574 3205 etsi
1604 3147 1826 3213 damna,

240 3249 348 3305 etsi
382 3249 601 3304 verbera
641 3245 968 3317 inﬂigantur;
1002 3259 1123 3300 cum
1154 3255 1206 3299 te
1255 3241 1488 3308 nondum
1519 3247 1662 3294 tanta
1705 3253 1828 3308 pas-

237 3354 364 3394 sum
391 3353 512 3393 esse
532 3379 547 3404 ,
574 3345 774 3408 quanta
800 3346 1016 3392 sanctus
1054 3334 1142 3391 hic
1169 3344 1370 3404 martyr
1413 3330 1657 3401 pertulit,
1678 3328 1829 3384 vide-

242 3431 323 3486 ris
345 3471 361 3496 ,
394 3443 639 3499 magnam
689 3427 817 3482 hinc
851 3427 1032 3496 capies
1071 3425 1512 3481 consolationem.
1545 3420 1708 3475 Vides
1733 3433 1828 3474 cu-

237 3520 477 3591 jusmodi
520 3518 759 3574 radicum
800 3519 1022 3572 istarum
1067 3517 1176 3572 sint
1227 3513 1472 3569 fruetus?
1513 3522 1569 3568 ut
1590 3512 1830 3568 consumi

243 3609 557 3680 nequeant?
585 3617 642 3664 ut
667 3609 972 3680 spirituales
1015 3608 1161 3663 sint?
1189 3617 1245 3660 ut
1279 3605 1345 3661 ad
1387 3607 1618 3659 animam
1664 3604 1830 3672 ipsam

243 3700 589 3772 pertingant?
611 3699 727 3753 Non
752 3699 1010 3768 prohibeo
1031 3740 1045 3763 ,
1081 3713 1149 3752 ne
1177 3698 1295 3767 quis
1323 3697 1375 3750 in
1404 3695 1718 3751 suburbium
1749 3695 1835 3748 ab—

242 3799 359 3856 eat,
381 3789 564 3845 sedne
588 3789 827 3844 crastino
855 3789 963 3854 die,
997 3787 1258 3856 prohibeo
1293 3801 1491 3856 :quam
1525 3785 1734 3840 tandem
1766 3783 1836 3838 ob

235 3878 508 3934 causam?
535 3877 614 3933 Ne
659 3877 992 3932 damnationi
1041 3878 1110 3931 sit
1161 3877 1392 3931 obnoxia
1439 3875 1752 3937 delectatio;
1781 3883 1838 3927 ut

244 3969 497 4038 voluptas
523 3970 595 4024 sit
612 3983 765 4038 pura,
799 3967 1072 4022 damnatio
1100 3983 1230 4021 vero
1257 3982 1361 4022 non
1389 3966 1660 4034 subrepat.
1690 3964 1837 4018 Licet

242 4060 395 4115 ettim
424 4060 531 4115 alio
557 4059 644 4115 die
667 4069 722 4115 et
750 4060 1004 4129 voluptati
1027 4059 1302 4130 indulgere
1321 4067 1378 4114 et
1404 4058 1562 4114 eximi
1593 4068 1834 4127 peccato.

241 4151 405 4218 Quod
437 4151 480 4204 si
504 4165 644 4206 nunc
681 4153 842 4207 etiam
873 4151 1076 4222 placeat
1101 4151 1370 4219 voluptate
1399 4149 1677 4220 perfundi,
1709 4149 1836 4219 quid

238 4240 536 4312 jucundius
576 4240 679 4296 hoc
698 4243 1001 4297 conventu?
1027 4241 1152 4311 quid
1182 4243 1391 4296 theatro
1431 4240 1690 4311 Spirituali
1720 4255 1841 4308 gra-

249 4332 362 4386 tius
387 4372 402 4395 ,
432 4332 822 4387 membris‘tuis
842 4372 857 4396 ,
891 4341 1102 4388 tuorum
1146 4331 1369 4385 fratrum
1415 4332 1745 4400 congressu?
1773 4332 1841 4385 At

241 4422 415 4475 etiam
436 4422 729 4490 corporalis
756 4437 955 4477 mensae
977 4423 1058 4477 vis
1091 4420 1205 4476 fieri
1231 4422 1530 4491 particeps?
1553 4420 1639 4476 hic
1666 4421 1842 4475 soluto

242 4513 522 4569 cenventu
549 4515 673 4572 licet
697 4515 847 4585 juxta
898 4515 1214 4585 martyrium
1237 4515 1316 4585 (α)
1358 4515 1457 4570 sub
1488 4514 1590 4568 ficu
1611 4513 1694 4569 vel
1733 4515 1851 4569 vite

244 4605 545 4662 diversanti
566 4645 583 4671 ,
615 4606 774 4658 etiam
801 4605 1011 4672 corpori
1043 4605 1428 4659 recreationem
1454 4605 1759 4674 indulgere,
1789 4613 1844 4658 et

247 4697 702 4753 eondemnatione
721 4696 1103 4751 conscientiam
1138 4697 1386 4750 liberare.
1417 4697 1620 4767 Martyr
1647 4696 1790 4749 enim
1812 4712 1842 4751 e

245 4789 556 4860 prepinquo
591 4799 862 4859 spectatus
891 4829 905 4854 ,
953 4798 1007 4843 et
1044 4799 1166 4843 cum
1218 4799 1287 4842 snt
1335 4789 1576 4854 vicinus,
1631 4788 1844 4857 ipsique

250 4894 462 4935 mensa:
491 4879 696 4946 adstet,
724 4880 1052 4950 voluptatem
1099 4880 1150 4933 in
1184 4889 1460 4949 peccatum
1491 4879 1691 4934 effundi
1737 4897 1842 4936 non

244 4971 406 5036 sinit;
423 4970 518 5024 sed
548 4980 815 5040 tamquam
838 4972 1154 5042 paedagogus
1179 4985 1272 5024 aut
1299 4980 1448 5040 pater
1467 4973 1698 5041 optimus
1719 4989 1846 5028 ocu-

248 5061 329 5117 lis
371 5060 492 5115 ﬁdei
522 5074 843 5131 conspectus
873 5050 1038 5117 risum
1077 5065 1414 5133 comprimit,
1446 5065 1723 5120 indecoras
1747 5081 1845 5119 vo-

252 5152 493 5221 luptates
521 5153 885 5219 circumcidit,
916 5155 1142 5208 lascivos
1186 5170 1373 5209 omnes
1417 5155 1651 5211 insultus
1670 5157 1848 5210 carnis

253 5242 426 5309 tollit,
458 5259 591 5312 quos
618 5244 726 5298 illic
751 5259 856 5298 non
885 5245 1009 5299 licet
1038 5245 1287 5300 evadere.
1312 5245 1448 5312 Quid
1473 5248 1541 5300 ita
1563 5247 1588 5300 ?
1610 5247 1744 5314 Quia
1769 5247 1849 5300 ni-

255 5339 459 5394 mirum
485 5336 788 5391 saltantium
818 5338 1052 5392 virorum
1077 5337 1229 5393 chori
1274 5339 1360 5392 die
1386 5339 1623 5394 crastino
1658 5339 1849 5394 subur-

257 5428 412 5483 binm
440 5428 775 5496 occupabunt
802 5446 815 5482 :
839 5426 1180 5498 at'ejusmodi
1227 5429 1504 5484 hominum
1531 5439 1850 5498 conSpectus

253 5533 636 5589 saepenumero
666 5520 814 5574 illum
844 5520 1035 5588 etiam,
1068 5521 1157 5590 qui
1182 5529 1546 5592 temperanter
1574 5535 1765 5591 gerere
1791 5536 1850 5575 se

329 5645 418 5715 (tt),
435 5651 707 5715 Iartyrium
730 5651 836 5700 sive
856 5651 1062 5704 ecclesia
1082 5659 1152 5702 ss.
1178 5658 1457 5715 lartyrum,
1475 5663 1571 5714 qua
1587 5649 1651 5701 de
1673 5664 1728 5702 re
1754 5665 1849 5701 non

249 5714 425 5762 tentet
447 5714 673 5776 superius
688 5720 846 5762 actum
871 5723 962 5764 est.

1399 313 1465 371 ΙΝ
1503 311 1562 372 S.
1593 311 1930 370 JULlANUM
1972 311 2379 369 MARTYREM.
3390 320 3494 374 674

1921 423 2169 491 voluerit,
2199 425 2396 481 sensim
2420 422 2486 479 ad
2518 424 2759 494 ejusdem
2787 423 3126 495 turpitudinis
3149 426 3498 482 imitationem

1918 517 2174 585 impellit;
2204 530 2268 571 ac
2303 526 2412 571 tum
2435 516 2663 571 maxime
2693 531 2813 570 cum
2845 515 2900 570 in
2928 515 3106 571 medio
3131 517 3345 570 illorum
3381 517 3501 570 dia-

1918 608 2068 662 bolus
2097 606 2326 662 adfuerit
2357 624 2372 660 :
2399 606 2551 661 adest
2583 607 2725 661 enim
2775 621 2805 659 a
2833 606 3148 684 meretriciis
3173 607 3458 662 cantilenis
3485 649 3503 675 ,

1916 706 1946 744 a
1972 691 2146 745 verbis
2171 690 2438 745 obscmnis
2461 732 2476 756 ,
2506 698 2539 744 a‘
2561 689 2825 745 diabolica
2856 705 3050 760 pompa
3076 698 3315 745 vocatus.
3339 692 3410 744 At
3451 705 3508 746 tu

1919 779 2219 849 hujusmodi
2246 785 2454 850 pompae
2500 781 2744 835 nuntium
2775 780 3065 848 remisisti,
3101 792 3256 851 teque
3304 781 3506 835 Christi

1917 869 2080 922 cultui
2113 871 2423 940 maneipasti
2444 869 2532 925 die
2554 871 2666 937 illo,
2692 885 2798 940 quo
2827 871 2994 925 sacris
3020 871 3290 941 mysteriis
3311 871 3509 941 dignus

1917 958 2132 1013 habitus
2166 974 2244 1013 es.
2292 958 2598 1015 Recordare
2645 961 2824 1029 itaque
2866 961 3152 1016 verborum
3183 961 3399 1018 illorum
3457 972 3511 1014 et

1921 1048 2059 1117 pacti
2085 1050 2352 1114 conventi,
2389 1059 2441 1104 et
2462 1065 2530 1104 ne
2557 1050 2684 1104 illud
2702 1051 2871 1104 violes
2896 1065 3046 1106 eave.

1990 1138 2045 1192 5.
2077 1137 2323 1193 Fratrum
2346 1149 2633 1193 nos'rorum
2648 1142 2875 1194 curanda
2899 1141 3058 1196 salus.
3079 1171 3147 1183 ο-
3163 1142 3310 1198 Libet
3327 1149 3510 1197 autem

1919 1239 1972 1284 et
1998 1228 2066 1284 ad
2092 1244 2205 1296 eos,
2250 1229 2342 1300 qui
2384 1229 2578 1285 adsunt
2623 1246 2723 1286 nec
2769 1232 2893 1286 illuc
2933 1233 3200 1301 abierunt,
3233 1234 3397 1288 verba
3428 1231 3510 1286 fa-

1918 1335 2061 1384 ccre,
2088 1330 2246 1389 atque
2271 1319 2357 1374 his
2401 1321 2629 1376 salutem
2661 1322 2878 1379 illorum.
2896 1323 3273 1379 commendare
3297 1341 3312 1388 ;
3341 1325 3510 1394 siqui-

1919 1411 2041 1464 dom
2059 1411 2295 1465 medicus
2310 1410 2378 1465 ad
2393 1421 2650 1481 aegrotum
2670 1413 2960 1481 ingressus,
2979 1429 3145 1483 pauca
3168 1429 3286 1469 cum
3300 1413 3514 1484 jacente

1919 1501 2278 1570 colloquitur;
2309 1517 2429 1572 quae
2471 1516 2600 1556 vero
2641 1504 2910 1572 pertinent
2949 1504 3017 1559 ad
3049 1509 3432 1561 medicamenta
3457 1515 3514 1560 et

1920 1594 2177 1649 alimenta
2217 1592 2585 1665 reliquamque
2610 1597 2962 1661 curationem,
2995 1598 3198 1651 vocatis
3242 1599 3358 1666 ejus
3381 1612 3509 1667 pro-

1921 1685 2153 1755 pinquis,
2185 1685 2366 1740 omnia
2415 1686 2524 1741 illis
2569 1687 2814 1757 injungit.
2847 1687 2955 1742 Cur
2998 1687 3050 1742 id
3096 1688 3512 1757 tandem?Quia

1922 1777 2172 1829 nimirum
2217 1779 2358 1847 aeger
2401 1776 2614 1846 quidem
2661 1792 2767 1832 non
2814 1778 3057 1848 protinus
3099 1778 3514 1834 admonitionem

1923 1866 2191 1931 admittit;
2221 1881 2384 1920 sanus
2414 1875 2589 1922 autem
2621 1882 2810 1937 magna
2839 1882 2960 1923 cum
2991 1869 3263 1939 diligentia
3301 1869 3368 1925 iis
3395 1885 3517 1938 qua:

1925 1955 2173 2010 dicuntur
2187 1955 2438 2010 attendit:
2458 1956 2656 2011 ideirco
2678 1967 2732 2012 et
2751 1972 2871 2012 cum
2890 1957 3007 2013 istis
3019 1958 3170 2013 vobis
3183 1960 3339 2013 etiam
3357 1959 3518 2014 collo-

1925 2048 2012 2117 qui
2029 2048 2211 2102 statui.
2235 2048 2679 2118 Prmoccupemus
2694 2050 2928 2105 crastino
2939 2050 3027 2105 die
3046 2061 3248 2119 portas,
3270 2049 3518 2106 obsidea-

1927 2153 2047 2194 mus
2067 2139 2198 2204 vias,
2225 2139 2324 2194 viri
2353 2140 2519 2208 viros,
2550 2139 2762 2195 feminae
2804 2140 3030 2196 feminas
3057 2140 3124 2196 de
3143 2142 3400 2212 jumentis
3423 2141 3523 2198 de-

1933 2228 2205 2286 trahamus
2229 2248 2244 2297 ;
2272 2231 2592 2288 reducamus
2622 2232 2745 2298 huc,
2775 2248 2948 2304 neque
2983 2234 3359 2290 erubescamus
3387 2253 3401 2290 :
3435 2235 3523 2290 ubi

1929 2320 2074 2375 salus
2103 2331 2183 2376 est
2213 2321 2413 2390 fratris,
2447 2323 2621 2392 pudor
2649 2338 2755 2379 non
2781 2332 2882 2378 est.
2916 2323 2972 2379 Si
2999 2325 3117 2380 illos
3142 2340 3246 2380 non
3272 2325 3435 2396 pudet
3457 2327 3523 2381 ad

1930 2411 2166 2482 iniquam
2197 2413 2343 2468 illam
2383 2429 2633 2484 pompam
2662 2416 2896 2484 prodire,
2927 2417 3095 2471 multo
3120 2418 3296 2473 minus
3325 2419 3527 2488 pudere

1930 2519 2030 2559 nos
2068 2504 2227 2560 debet
2255 2506 2372 2560 illos
2413 2506 2478 2560 ad
2523 2521 2728 2562 sacram
2768 2508 2922 2563 istam
2950 2509 3338 2565 solemnitatem
3367 2527 3526 2566 revo-

1931 2608 2078 2649 care.
2111 2594 2242 2650 Cum
2268 2596 2336 2650 de
2379 2597 2550 2652 salute
2599 2597 2780 2652 fratris
2820 2599 3012 2668 agitur,
3041 2601 3172 2654 nihil
3199 2616 3531 2658 recusemus.

1931 2684 2154 2752 Quando
2178 2686 2322 2740 enim
2345 2685 2587 2742 Christus
2609 2696 2830 2758 propter
2872 2705 2968 2745 nos
2998 2701 3241 2747 mortuus
3280 2702 3382 2758 est,
3429 2710 3529 2750 nos

1933 2786 2150 2846 pr0pter
2201 2776 2323 2831 illos
2364 2785 2578 2847 oportet
2622 2787 2812 2834 cuncta
2860 2781 3088 2836 tolerare
3130 2781 3300 2839 :licet
3345 2784 3530 2854 alapas

1935 2865 2247 2936 impingam,
2277 2866 2402 2921 licet
2445 2868 2737 2923 maledictis
2784 2870 3068 2936 incessunt,
3119 2873 3370 2939 retineto,
3419 2890 3522 2931 nec

1934 2958 2082 3025 prius
2108 2955 2366 3023 desistito,
2401 2972 2558 3027 quam
2581 2959 2648 3014 ad
2675 2973 2918 3016 sanctum
2942 2973 3228 3035 martyrem
3255 2981 3348 3021 eos
3371 2966 3532 3023 redu-

1935 3048 2076 3103 xeris
2101 3065 2115 3112 ;
2144 3048 2269 3104 licet
2294 3049 2357 3104 ad
2385 3054 2815 3120 praetereuntium
2843 3055 3101 3122 judicium
3131 3061 3525 3126 provocandam

1936 3139 2023 3202 sit,
2055 3138 2293 3207 audiant,
2320 3142 2410 3210 qui
2438 3142 2618 3197 volent
2651 3161 2664 3197 :
2696 3143 2802 3210 dic,
2827 3145 3043 3201 Salvum
3072 3147 3250 3204 facere
3277 3149 3401 3205 volo
3426 3150 3535 3206 fra-

1936 3239 2094 3299 trem,
2126 3241 2436 3301 pereuntem
2484 3234 2717 3290 animam
2760 3251 2945 3304 cerno,
2995 3255 3170 3310 neque
3212 3242 3532 3312 cognatione

1932 3321 2148 3389 junetos
2176 3336 2389 3391 possum
2418 3333 2764 3380 contemnere
2794 3345 2808 3380 :
2841 3328 3199 3397 reprehendat
3226 3333 3316 3402 qui
3349 3335 3491 3390 volet
3514 3377 3529 3400 ,

1937 3423 2151 3469 accuset
2169 3416 2256 3485 qui
2285 3416 2449 3482 volet,
2472 3416 2580 3472 imo
2600 3433 2729 3473 vero
2748 3435 2909 3474 nemo
2929 3423 3315 3491 reprehendet;
3345 3442 3535 3483 omnes

1940 3505 2251 3574 laudabunt,
2284 3522 2472 3563 omnes
2511 3510 2919 3578 amplectentur.
2951 3512 3066 3567 Non
3096 3513 3241 3569 enim
3279 3513 3532 3585 pecunia-

1942 3612 2062 3650 rum
2087 3612 2266 3659 eausa.
2311 3613 2411 3653 nec
2441 3609 2497 3653 ut
2522 3611 2742 3670 propter
2765 3601 2945 3656 odium
2990 3603 3254 3674 privatum
3283 3622 3370 3660 me
3398 3607 3533 3662 ulci-

1941 3701 2080 3750 scar,
2105 3702 2205 3741 nec
2220 3686 2288 3742 ob
2303 3687 2461 3741 aliam
2480 3703 2594 3744 rem
2613 3690 2915 3760 quampiam
2938 3695 3247 3749 smcularem
3268 3697 3536 3751 contendo

1941 3792 2247 3847 pugnoque,
2277 3780 2371 3834 sed
2399 3780 2644 3834 fraternae
2673 3782 2858 3837 salutis
2898 3785 3063 3852 gratia
3096 3803 3109 3838 :
3140 3788 3258 3856 quis
3285 3787 3399 3843 haec
3428 3804 3534 3843 non

1943 3871 2299 3940 approbabit?
2324 3872 2443 3941 quis
2473 3887 2581 3926 non
2627 3872 2860 3928 laudabit
2885 3875 2909 3927 ?
2933 3875 3087 3930 Nulla
3130 3876 3306 3933 carnis
3334 3893 3535 3949 cogna-

1945 3962 2089 4017 tione
2128 3962 2341 4031 junctos
2389 3977 2487 4017 nos
2531 3964 2952 4034 propinquorum
2998 3969 3341 4036 amantiores,
3374 3985 3533 4038 quam

1945 4065 2144 4124 patres,
2189 4055 2436 4125 cognatio
2475 4056 2764 4124 spiritualis
2807 4057 2997 4112 effecit.
3043 4057 3100 4113 Si
3131 4059 3326 4126 velitis,
3375 4061 3536 4115 etiam

1947 4155 2234 4217 martyrem
2263 4146 2541 4202 nobiscum
2568 4163 2902 4204 assumamus
2929 4168 2942 4204 :
2973 4166 3078 4205 non
3104 4152 3246 4205 enim
3272 4154 3539 4216 erubescit

1945 4239 2129 4293 venire
2156 4238 2225 4294 ad
2253 4238 2477 4293 fratrum
2508 4239 2755 4297 salutem.
2790 4240 3110 4311 Objiciamus
3134 4258 3256 4297 eum
3302 4245 3541 4313 ipsorum

1947 4331 2116 4386 oculis
2133 4349 2144 4384 :
2163 4330 2514 4387 reformident
2534 4345 2872 4402 praesentem,
2898 4344 3243 4390 revereantur
3264 4347 3539 4406 rogantem

1949 4430 2003 4477 et
2013 4423 2380 4476 obsecrantem
2398 4441 2408 4474 :
2425 4438 2532 4476 non
2548 4424 2691 4478 enim
2710 4423 2977 4479 erubescit
2995 4425 3154 4480 etiam
3174 4442 3380 4496 rogare.
3406 4427 3540 4482 Nam

1948 4515 1995 4569 si
2023 4515 2276 4570 Dominus
2291 4515 2412 4585 ejus
2431 4527 2677 4570 naturam
2705 4528 2940 4572 nostram
2968 4527 3148 4588 rogat:
3179 4518 3284 4573 Pro
3310 4518 3538 4590 Christo;

1951 4607 2122 4676 inquit
2143 4607 2358 4672 Paulus,
2377 4609 2626 4675 legatione
2644 4611 2901 4679 fungimur
2926 4620 3181 4680 tamquam
3204 4612 3308 4666 Deo
3333 4624 3546 4683 rogante

1952 4715 2040 4768 per
2067 4698 2604 4765 nos,Reconciliamini
2631 4699 2737 4754 Deo
2753 4699 3155 4774 (2.60r.5.20),
3187 4703 3354 4757 multo
3374 4705 3544 4776 magis

1952 4806 2140 4846 servus
2165 4791 2268 4846 hoc
2291 4791 2450 4848 faciet
2476 4809 2492 4847 :
2520 4807 2682 4847 unum
2706 4794 2876 4862 ipsum
2903 4795 3188 4863 contristat
3205 4797 3402 4858 solum.
3426 4810 3551 4865 per.

1952 4882 2084 4937 ditio
2120 4892 2301 4937 nostra
2325 4902 2338 4946 ;
2370 4899 2536 4938 unum
2563 4884 2846 4949 exhilarat,
2870 4885 3013 4939 salus
3032 4893 3236 4953 nostra,
3272 4895 3326 4940 et
3349 4885 3548 4941 idcirco

1954 4973 2089 5028 nihil
2116 4974 2233 5042 ejus
2276 4975 2442 5044 gratia
2483 4974 2757 5043 suscipere
2785 4983 3017 5029 recusat.
3047 4974 3230 5045 Neque
3260 4991 3358 5031 nos
3389 4977 3544 5047 igitur

1959 5063 2354 5127 erubescamus,
2404 5069 2588 5134 neque"
2625 5081 3074 5134 supermeancnm
3119 5082 3240 5122 esse
3268 5067 3549 5123 ducamus.

1955 5155 2009 5209 Si
2036 5155 2179 5209 enim
2208 5163 2486 5210 venatores
2511 5156 2625 5210 loca
2650 5166 2938 5226 prmrupta,
2967 5166 3178 5213 montes
3198 5169 3251 5213 et
3276 5159 3551 5226 barathra,

1955 5259 2008 5302 et
2036 5248 2173 5302 invia
2200 5263 2423 5318 qumque
2446 5247 2562 5302 loca
2586 5249 2901 5317 pervadunt,
2929 5265 3024 5303 seu
3049 5250 3310 5320 leporem,
3329 5261 3419 5304 aut
3451 5266 3541 5305 ca‘

1957 5353 2160 5407 pream,
2209 5347 2300 5392 aut
2337 5338 2477 5393 aliud
2527 5339 2796 5409 quidpiam
2837 5341 3120 5411 ejusmodi,
3168 5357 3264 5396 seu
3309 5343 3554 5397 volucres

1956 5429 2115 5484 etiam
2143 5431 2275 5484 istas
2300 5420 2611 5501 plerumque
2630 5432 2920 5503 sylvestres
2942 5433 3121 5487 venari
3145 5433 3312 5487 velint
3339 5451 3355 5492 :
3387 5445 3442 5488 tu
3461 5435 3553 5503 qui

1957 5535 2067 5575 non
2094 5519 2317 5574 bestiam
2347 5520 2532 5585 vilem,
2561 5521 2655 5576 sed
2687 5520 2904 5576 fratrem
2948 5522 3301 5590 spiritualem,
3336 5533 3554 5591 propter

1960 5628 2121 5682 quem
2152 5622 2393 5668 mortuus
2415 5622 2498 5668 est
2517 5613 2760 5685 Christus
2787 5653 2802 5678 ,
2826 5627 2856 5666 a
2894 5613 3188 5682 perditione
3208 5621 3554 5667 revocaturus

1961 5723 2040 5772 es,
2065 5722 2169 5761 non
2189 5708 2297 5776 jam
2317 5717 2526 5762 montes
2537 5717 2589 5761 et
2616 5707 2801 5774 saltus,
2825 5705 2918 5764 sed
2939 5715 3143 5778 portam
3164 5705 3339 5761 solum
3367 5705 3548 5778 egredi
