4206 6302
684 338 794 393 675

691 445 888 516 refugis
930 451 984 497 et
1024 434 1330 495 erubescis?
1359 448 1515 504 quam
1542 429 1749 484 tandem
1778 439 1984 496 qumso,
2018 421 2220 476 veniam
2244 459 2258 484 ,

691 533 998 592 obtinebis?
1025 545 1128 584 non
1153 522 1301 581 audis
1328 525 1615 592 sapientem
1636 517 1912 589 quemdam
1937 522 2259 577 monentem,

690 642 753 681 ac
779 626 1064 686 dicentem,
1093 619 1183 672 Est
1201 616 1428 684 confusio
1449 611 1702 664 adducens
1721 615 1972 677 peccatum
1997 601 2185 671 (Eccli.
2205 601 2256 654 4.

687 714 823 785 25)?
851 712 955 768 Sed
980 728 1046 766 ne
1077 705 1427 779 reprehendat
1453 701 1710 772 quispiam
1729 739 1744 764 ,
1775 692 1972 750 times?
2013 689 2261 745 Transfer

688 808 740 860 in
767 820 850 859 me
867 803 1094 870 culpam,
1118 800 1203 869 qui
1226 796 1364 860 dixi;
1387 794 1470 848 die
1500 795 1568 847 ita
1594 790 1814 861 jussisse
1830 784 2133 840 doctorem:
2164 794 2262 850 ego

689 907 904 967 paratus
924 909 1040 948 sum
1057 907 1174 946 cum
1201 889 1323 953 illis,
1347 887 1434 957 qui
1457 879 1870 952 reprehendunt,
1888 876 2182 943 disceptare
2203 887 2263 925 ac

693 990 952 1045 rationem
981 984 1204 1039 reddere
1237 1000 1248 1033 :
1283 981 1387 1034 imo
1435 990 1560 1030 vero
1589 988 1758 1041 neque
1801 983 1917 1031 vos,
1965 979 2137 1034 neque
2164 977 2264 1018 nos

690 1080 948 1149 quispiam
994 1070 1368 1141 reprehendet,
1414 1062 1620 1120 tametsi
1649 1059 1796 1113 valde
1837 1057 1906 1110 sit
1946 1053 2259 1124 impudens;

688 1169 780 1223 sed
807 1165 1092 1221 laudabunt
1123 1175 1308 1214 omnes
1329 1199 1342 1221 ,
1371 1173 1430 1210 ac
1454 1169 1550 1208 nos
1577 1167 1718 1206 curae
1745 1147 2007 1214 studiique
2050 1143 2263 1197 nomine

687 1256 1150 1317 commendabunt,
1199 1265 1304 1304 non
1334 1249 1383 1301 in
1409 1244 1578 1316 patria
1619 1250 1820 1296 tantum
1854 1245 2056 1298 nostra,
2087 1232 2178 1287 sed
2211 1241 2264 1286 et

688 1352 723 1404 ii
753 1351 841 1420 qui
873 1349 1072 1402 vicinas
1097 1343 1332 1396 habitant
1365 1338 1539 1397 urbes,
1571 1332 1710 1402 quod
1736 1328 1873 1399 apud
1905 1342 2002 1381 nos
2027 1326 2095 1379 sit
2122 1333 2262 1378 tanta

688 1414 784 1494 vis-
798 1438 1052 1501 caritatis,
1083 1443 1256 1487 tantus
1280 1428 1436 1482 ardor
1461 1424 1658 1479 amoris
1688 1423 1738 1475 in
1767 1419 1976 1474 fratres.
2006 1415 2109 1470 Sed
2140 1414 2263 1483 quid

690 1544 790 1598 ego
822 1526 1058 1580 homines
1100 1521 1256 1575 dico?
1285 1519 1397 1587 ipse
1423 1514 1728 1584 angelorum
1753 1525 1852 1568 nos
1882 1507 2132 1562 Dominus
2157 1505 2257 1557 col-

687 1594 929 1672 la'udabit.
979 1614 1107 1668 Cum
1139 1610 1317 1679 itaque
1360 1607 1676 1676 propositam
1709 1599 2003 1656 mercedem
2044 1594 2256 1648 noveri-

689 1723 846 1772 mus,
896 1719 964 1759 ne
1009 1701 1342 1757 venationem
1392 1696 1751 1765 negligamus,
1804 1705 1974 1758 neque
2023 1687 2123 1740 soli
2170 1685 2259 1738 die

685 1801 918 1856 crastino
945 1803 1294 1856 revertamur,
1323 1788 1416 1842 sed
1437 1785 1795 1853 unusquisque
1821 1780 2050 1850 prmdam
2077 1792 2258 1832 secum

687 1891 889 1944 habens
918 1885 1178 1940 adveniat.
1231 1881 1287 1933 Si
1333 1879 1420 1932 illa
1469 1885 1668 1929 tantum
1717 1873 1843 1924 hora
1890 1868 2116 1931 veneris,
2164 1879 2266 1934 qua

685 1979 909 2049 quisque
950 1975 1109 2030 domo
1147 1982 1389 2040 egressus
1415 1967 1466 2019 in
1506 1965 1642 2017 viam
1689 1976 1745 2016 se
1789 1959 1897 2023 dat,
1947 1970 2172 2026 eumque
2201 1953 2264 2006 ad

1443 321 1500 376 S.
1539 317 1811 374 JOANNIS
1846 309 2322 370 CHRYSOSTOMI
2362 306 2676 362 ARCHIEP.
2720 299 3243 360 CONSTANTINOP.

3846 290 3950 342 (ἶτϐ

2375 419 2530 486 hujus
2558 418 2658 472 loci
2686 416 3035 470 visitationem
3065 408 3380 473 traduxeris,
3405 406 3548 460 nulla
3576 407 3832 473 deinceps
3853 405 3954 456 erit

2369 511 2688 574 difﬁcultas;
2735 507 2830 562 sed
2883 511 3001 574 post
3046 503 3250 569 lapsum
3297 498 3549 568 temporis
3597 499 3818 550 multam
3871 492 3956 544 ille

2369 617 2579 672 quoque
2610 601 2701 654 tibi
2731 599 2952 668 gratiam
3004 592 3250 654 habebit,
3299 603 3353 646 et
3397 605 3492 644 vos
3533 587 3710 642 ueteri
3764 599 3957 638 omnes

2369 692 2657 748 laudabunt
2682 697 2738 745 et
2775 687 2997 742 efferent
3030 700 3043 740 :
3076 683 3325 753 quodque
3367 679 3604 733 omnium
3660 676 3956 729 maximum

2367 794 2470 847 εει,
2491 783 2652 835 multa
2672 779 2820 833 vobis
2847 777 2915 832 ob
2942 774 3123 828 isthmc
3153 772 3401 826 celerum
3433 769 3687 822 Dominus
3713 763 3958 818 coaferet

2369 872 2603 943 prmmia,
2628 881 2680 925 et
2704 869 2907 922 lucrum
2939 863 3077 918 istud
3103 872 3154 916 et
3178 861 3385 915 laudem
3415 857 3643 927 augebit.
3677 856 3955 920 Quaestum

2369 964 2527 1034 igitur
2554 963 2730 1014 animo
2760 964 3050 1021 versantes,
3097 967 3252 1022 quem
3300 949 3420 1003 inde
3465 947 3802 1014 colligimus,
3833 951 3959 995 ante

2369 1033 2553 1107 urbem
2577 1064 2762 1103 omnes
2789 1047 2938 1101 effusi
2965 1042 3375 1110 eomprelensos
3406 1040 3593 1090 fratres
3617 1045 3831 1089 nostros
3855 1033 3960 1084 huc

2368 1141 2701 1201 reducamus,
2733 1145 2788 1189 ut
2813 1135 3045 1189 crastino
3071 1132 3227 1184 etiam
3256 1129 3342 1182 die
3372 1126 3584 1196 plenum
3621 1125 3779 1178 nobis
3808 1121 3960 1174 thea-

2369 1242 2507 1286 trum
2553 1231 2822 1290 reddatur,
2875 1241 2935 1279 ac
2965 1230 3257 1277 conventus
3304 1220 3370 1271 sit
3399 1216 3664 1287 perfectus
3694 1231 3708 1272 :
3739 1224 3796 1268 ut
3827 1229 3955 1282 pro-

2370 1338 2485 1394 pter
2530 1325 2631 1378 hoc
2672 1321 2901 1375 studium
2945 1326 3185 1370 nostrum
3227 1328 3289 1366 ac
3330 1312 3652 1380 diligentiam
3685 1310 3770 1362 hic
3799 1309 3955 1361 adhi-

2371 1417 2530 1470 bitam
2579 1416 2630 1468 in
2679 1422 2874 1466 arterna
2915 1405 3262 1461 tabernacula
3304 1412 3516 1457 sanctus
3545 1410 3746 1468 martyr
3791 1400 3956 1451 multa

2371 1520 2489 1560 cum
2512 1503 2697 1557 fiducia
2718 1516 2812 1555 uos
2840 1500 3061 1568 recipiat
3086 1515 3100 1558 ;
3127 1510 3285 1565 quam
3312 1494 3508 1546 utinam
3526 1490 3780 1558 consequi
3806 1488 3957 1542 nobis

2369 1594 2614 1649 Omnibus
2635 1593 2921 1658 contingat,
2956 1604 3050 1656 per
3094 1586 3314 1656 gratiam
3343 1591 3398 1636 et
3426 1581 3802 1648 benignitatem
3849 1579 3953 1630 lio-

2371 1685 2496 1737 miui
2524 1683 2687 1736 nostri
2717 1680 2839 1734 Jesu
2881 1677 3102 1739 Christi,
3137 1688 3230 1743 per
3255 1687 3411 1740 quem
3443 1679 3496 1723 et
3525 1684 3644 1722 cum
3674 1684 3780 1738 quo
3812 1668 3955 1721 Patri

2373 1776 2558 1844 gloria,
2594 1787 2691 1826 una
2725 1786 2844 1825 cum
2890 1777 3076 1824 sancto
3116 1775 3172 1821 et
3221 1763 3426 1818 vivifico
3467 1763 3690 1831 Spiritu,
3739 1775 3878 1815 nunc
3904 1767 3958 1813 et

2374 1878 2606 1931 semper,
2632 1869 2686 1917 et
2713 1862 2763 1914 in
2791 1859 2983 1914 saecula
3013 1856 3347 1912 seculorum.
3378 1855 3561 1908 Amen.

1793 2255 3388 2283 .___._.__————-————-—-———--,,,
2481 2281 2550 2283 ἀμ
2709 2269 3388 2283 _______._.____—

1477 2245 3914 2288 _________________________________._____________.___-

2115 2503 2528 2568 ADMONITIO

783 2775 850 2830 Ut
877 2780 1030 2828 notat
1052 2771 1254 2826 Fronto
1291 2769 1542 2833 Ducteus,
1571 2766 1625 2819 in
1657 2760 1964 2831 Menologio
1991 2758 2305 2814 Graecorum
2345 2753 2580 2822 quodam
2613 2745 2990 2816 manuscripto
3015 2743 3083 2798 ad
3122 2742 3266 2796 diem
3294 2737 3361 2791 16
3390 2732 3718 2791 Novembris
3741 2743 3962 2783 annun—

713 2892 876 2946 tiatur
906 2889 1101 2944 festum
1135 2885 1193 2941 S.
1221 2883 1490 2939 Barlaami
1513 2880 1786 2951 martyris,
1822 2873 2281 2947 quemadmodum
2312 2877 2367 2924 et
2396 2868 2449 2921 in
2477 2862 2861 2935 Martyrologio
2891 2859 3161 2913 Romano.
3187 2854 3306 2907 Alia
3332 2863 3463 2906 vero
3488 2847 3804 2903 Graecorum
3845 2841 3959 2894 lle-

716 3007 930 3076 nologia
960 3005 1065 3058 hoc
1096 3002 1289 3057 festum
1325 3002 1391 3054 ad
1423 2998 1687 3053 decimam
1717 3008 1918 3048 nonam
1947 2988 2267 3044 Novembris
2289 2986 2553 3042 referunt.
2581 2981 2687 3037 Sed
2714 2981 2876 3049 longe
2896 2977 3004 3031 alia
3033 2979 3352 3043 tempestate
3373 2983 3436 3023 ea
3471 2962 3791 3020 solemuitas
3825 2966 3966 3010 tem-

712 3139 844 3194 pore
869 3120 1243 3192 Chrysostomi
1264 3116 1658 3174 celebrabatur.
1688 3111 1820 3167 Nam
1848 3113 1900 3166 in
1933 3109 2156 3164 homilia
2179 3109 2233 3162 in
2263 3106 2394 3161 illud
2417 3103 2664 3174 Apostoli
2695 3101 2925 3162 dictum,
2958 3094 3102 3149 Nolo
3132 3109 3217 3148 vos
3245 3093 3508 3161 ignorare,
3545 3084 3787 3145 Fratres,
3823 3077 3962 3148 quod

716 3239 902 3293 Patres
943 3239 1109 3292 nostri
1138 3252 1314 3291 onmes
1351 3235 1444 3289 sub
1476 3233 1608 3288 nube
1642 3232 1877 3298 fuerunt,
1911 3238 2041 3291 etc.,
2077 3242 2200 3298 quae
2229 3225 2453 3280 homilia
2479 3223 2565 3278 die
2605 3221 2805 3275 festum
2832 3217 2890 3272 S.
2930 3214 3201 3272 Barlaami
3237 3208 3388 3283 [681]
3419 3208 3743 3276 insequente
3775 3201 3965 3255 habita

714 3362 817 3417 est,
852 3363 910 3407 ut
934 3351 1130 3406 ibidem
1165 3352 1238 3404 ait
1263 3349 1704 3422 Chrysostomus,
1735 3347 1939 3401 diserte
1965 3344 2099 3398 dicit
2127 3342 2186 3397 S.
2238 3342 2426 3396 doctor
2451 3340 2701 3410 hyemem
2737 3302 2858 3405 jam
2892 3331 3221 3404 praeteriisse
3248 3335 3601 3392 aestatemque
3628 3317 3914 3374 advenisse
3947 3335 3964 3373 τ

717 3467 955 3520 Liberati
982 3482 1184 3531 sumus,
1239 3465 1435 3534 inquit,
1471 3462 1670 3533 hyeme,
1709 3469 1757 3514 et
1796 3468 1980 3514 testate
2009 3457 2358 3526 perfruimur,
2413 3453 2602 3507 blande
2632 3451 2841 3521 amante
2884 3447 3128 3515 zephyro.
3163 3443 3296 3509 Quae
3324 3456 3447 3498 cum
3492 3438 3560 3493 ad
3596 3435 3964 3491 Novembrem

718 3597 957 3639 mensem
989 3583 1211 3638 minime
1263 3583 1529 3652 quadrare
1567 3581 1799 3641 valeant,
1855 3578 1982 3632 hinc
2011 3590 2141 3631 sane
2189 3575 2542 3644 consequitur
2573 3573 2729 3640 longe
2772 3566 2990 3621 diverso
3033 3565 3161 3618 anni
3198 3571 3441 3632 tempore
3468 3558 3800 3615 celebratum
3831 3565 3967 3608 tunc

1895 3831 3942 3866 Μ

1725 3857 1884 3867 -—-—-

1149 4055 1693 4131 LAUDATIO
1749 4047 2131 4124 SANCTI
2185 4043 2771 4118 MARTYBIS
2821 4046 3351 4118 BARLAAM
3406 4031 3515 4118 (α).

793 4397 846 4450 Ι.
879 4392 1053 4448 Omnis
1083 4399 1296 4463 potestas
1325 4389 1586 4460 impatiens
1611 4388 1851 4440 consortis
1887 4391 1976 4438 est.
1999 4409 2071 4423 --
2097 4380 2173 4434 Ad
2201 4393 2279 4434 sa-

715 4499 860 4539 cram
891 4484 1043 4536 istam
1068 4481 1455 4535 solemnitatem
1486 4477 1783 4545 festumque
1810 4474 1998 4528 beatus
2037 4486 2134 4525 nos
2161 4470 2289 4524 Bar-

717 4579 853 4631 laam
893 4572 1234 4636 convocavit,
1287 4586 1392 4625 non
1437 4578 1493 4622 ut
1532 4569 1702 4636 ipsum
1744 4566 2040 4630 laudemus,
2092 4561 2186 4617 sed
2231 4571 2289 4616 ut

716 4669 886 4735 ipsum
925 4663 1268 4722 mmulemur;
1311 4669 1502 4714 nonut
1546 4657 1754 4711 laudum
1792 4656 1957 4709 simus
1986 4654 2284 4717 auditores,

719 4757 811 4810 sed
842 4764 898 4810 ut
923 4753 1298 4823 prmelarorum
1321 4751 1435 4819 ejus
1457 4749 1746 4803 facinorum
1771 4745 1955 4799 fiamus
1977 4746 2283 4798 imitatores.

726 4849 778 4900 lu
824 4846 1162 4901 stecularibus
1210 4841 1420 4912 quidem
1466 4839 1660 4904 rebus,
1704 4837 1794 4907 qui
1841 4836 1904 4891 ad
1954 4836 2287 4904 magistratus

719 4949 956 4989 summos
997 4931 1372 5003 provehuntur,
1403 4929 1542 4983 haud
1587 4927 1720 4981 alios
1760 4940 2004 4994 umquam
2049 4924 2285 4994 ejusdem

727 5024 941 5079 honoris
972 5023 1328 5092 praergativae
1355 5026 1629 5074 consortes
1652 5017 1848 5072 vellent
1877 5030 2094 5070 cernere
2114 5032 2126 5066 ε
2150 5013 2286 5066 livor

721 5119 861 5171 enim
890 5116 996 5170 illic
1026 5123 1078 5169 ct
1106 5113 1296 5168 invidia
1338 5111 1579 5165 dividunt
1619 5110 1889 5164 caritatem
1919 5125 1930 5156 :
1960 5108 2011 5159 in
2037 5105 2283 5176 spiritua-

719 5210 858 5264 libus
887 5224 1014 5262 vero
1042 5223 1146 5261 non
1195 5207 1263 5258 ita
1286 5247 1299 5268 ,
1334 5203 1426 5258 sed
1467 5203 1790 5256 cmitrarium
1834 5199 2038 5266 penitus
2067 5196 2240 5250 evenit
2272 5214 2283 5248 :

715 5311 839 5354 tunc
877 5299 1014 5353 enim
1056 5297 1283 5349 maxime
1322 5293 1539 5348 honoris
1584 5293 1778 5360 preprii
1824 5304 2033 5343 sensum
2075 5289 2286 5356 capiunt

717 5399 996 5461 martyres.
1023 5404 1142 5442 eum
1191 5402 1314 5441 suos
1351 5398 1641 5440 conservos
1682 5382 1748 5437 ad
1776 5382 2030 5436 bonorum
2069 5397 2283 5434 quorum:

780 5588 851 5649 (ρ)
885 5584 1057 5636 Collata
1082 5600 1189 5634 cum
1217 5594 1315 5634 Mss.
1346 5585 1501 5647 Regiis
1541 5581 1674 5640 ωδε),
1703 5589 1752 5629 et
1774 5579 1911 5629 ρδιδ.

2398 4385 2721 4436 consortium
2749 4385 2975 4439 viderint
3006 4388 3331 4455 pervenisse.
3359 4384 3539 4455 itaque
3565 4387 3607 4440 si
3632 4386 3753 4456 quis
3781 4397 3986 4458 marty-

2397 4488 2482 4526 res
2513 4475 2728 4529 laudare
2765 4478 2912 4539 velit,
2940 4489 3202 4547 martyres
3232 4478 3468 4532 imitetur
3497 4496 3510 4531 :
3541 4479 3585 4531 si
3615 4478 3736 4547 quis
3768 4478 3983 4546 religio-

2395 4565 2477 4617 nis
2503 4565 2733 4620 athletas
2755 4567 3025 4623 eelebrare
3045 4570 3325 4637 prteconiis
3353 4570 3499 4630 velit,
3529 4569 3739 4624 illorum
3772 4569 3984 4622 labores

2396 4656 2673 4710 aemuletur
2706 4704 2715 4711 .
2751 4657 2853 4712 hoc
2884 4660 3051 4712 nihilo
3082 4660 3364 4720 minorem,
3395 4674 3552 4726 quam
3597 4658 3807 4725 propria
3837 4669 3984 4712 recte

2394 4744 2550 4809 facta,
2580 4748 2902 4819 martyribus
2927 4748 3113 4804 afferet
3152 4750 3501 4817 voluptatem.
3534 4749 3706 4819 Atque
3736 4758 3792 4802 ut
3820 4748 3982 4804 intel-

2395 4840 2526 4908 ligas
2553 4851 2674 4895 tunc
2704 4857 2797 4895 cos
2827 4842 3095 4911 pearcipue
3122 4856 3214 4895 sua
3233 4841 3370 4895 bona
3394 4841 3611 4903 sentire,
3640 4856 3761 4894 eum
3791 4842 3842 4894 in
3872 4853 3984 4892 uno

2395 4945 2492 4986 nos
2538 4933 2765 4988 viderint
2810 4934 3116 4997 collocatos,
3164 4948 3384 5001 remque
3424 4933 3565 4986 illam
3607 4933 3840 4986 maximo
3881 4934 3979 4985 sibi

2398 5020 2583 5074 honori
2613 5022 2826 5085 ducere,
2857 5023 3074 5076 Paulum
3097 5022 3359 5076 dicentem
3386 5023 3506 5074 alii“
3534 5041 3547 5076 :
3573 5022 3724 5074 Nunc
3747 5023 3981 5089 vivimus,

2394 5114 2434 5166 si
2463 5130 2546 5166 vos
2575 5115 2718 5167 statis
2744 5115 2794 5167 in
2821 5113 3034 5166 Domino
3066 5115 3140 5180 (l.
3161 5112 3336 5166 Thess.
3359 5115 3409 5167 5.
3432 5111 3508 5183 8).
3537 5113 3599 5165 Et
3619 5128 3746 5166 vero
3767 5114 3983 5183 Moyses

2394 5215 2517 5259 ante
2564 5208 2702 5259 hunc
2735 5208 2841 5260 Deo
2871 5207 3109 5270 diccbat,
3138 5207 3199 5259 Si
3237 5206 3434 5272 quidem
3459 5205 3668 5257 dimittis
3695 5205 3766 5258 eis
3797 5222 3986 5272 percn—

2396 5306 2522 5362 tum,
2556 5298 2749 5350 dimitte
2777 5313 2795 5352 :
2822 5298 2898 5350 sin
2942 5306 3128 5358 autem,
3163 5297 3272 5348 dele
3299 5313 3376 5348 mc
3402 5296 3464 5348 de
3505 5294 3630 5348 libro
3672 5311 3816 5362 quon
3855 5297 3990 5347 scri-

2397 5388 2538 5457 psisti
2571 5387 2772 5460 (Exod.
2816 5389 2902 5442 32.
2953 5389 3042 5442 ⁸51.
3089 5386 3179 5455 5‘2)
3216 5387 3523 5440 :ca'lestem
3562 5385 3820 5439 honorem
3871 5402 3978 5440 non

2394 5478 2566 5533 sentio
2613 5489 2829 5548 propter
2858 5480 3078 5533 istorum
3125 5477 3475 5531 calamitatem
3506 5495 3518 5529 :
3549 5477 3788 5546 corporis
3827 5493 3981 5543 qua:-

2394 5572 2512 5626 dam
2543 5573 2803 5627 connexio
2830 5581 2912 5626 est
2953 5581 3005 5625 et
3035 5579 3296 5624 structura
3340 5577 3510 5623 cmtus
3539 5567 3774 5623 fidelium
3807 5584 3817 5618 :
3847 5567 3977 5634 quid
