4182 6322
750 421 855 476 ιη

826 531 934 586 Καὶ
962 529 1074 595 πῶς
1099 527 1341 599 δυνατὸν,
1364 531 1514 602 φησὶ,
1541 534 1880 607 μιμήσασθαι
1904 533 2182 603 μάρτυρας
2201 529 2315 592 νῦν;

750 615 873 670 οὐδὲ
891 614 999 686 γάρ
1031 617 1147 668 ἐστι
1170 614 1411 685 διωγμοῦ
1456 615 1666 685 καιρός.
1719 613 1848 671 Οἶδα
1873 615 2047 684 κάγώ·
2077 612 2316 684 διωγμοῦ

754 696 852 766 μὲν
883 697 1070 767 καιρὸς
1091 697 1191 749 οὐκ
1231 697 1396 758 ἐστιν.
1433 697 1568 751 ἀλλά
1615 701 1914 770 μαρτυρίου
1959 698 2148 767 καιρός
2179 699 2314 757 ἐστι·

751 778 1143 848 παλαισμάτων
1167 778 1418 831 τοιούτων
1440 779 1539 832 οὐκ
1562 779 1676 834 ἐστι
1706 782 1915 852 καιρὸς,
1954 780 2091 833 ἀλλά
2123 779 2319 846 στεφά-

753 878 858 912 νων
891 861 1080 933 καιρός
1104 865 1240 914 ἐστι·
1265 863 1326 914 οὐ
1387 861 1673 916 διώκουσιν
1714 864 2008 936 ἄνθρωποι,
2034 863 2172 918 ἀλλά
2192 863 2316 916 διώ-

753 961 907 996 κουσι
944 945 1212 1014 δαίμονες·
1255 945 1355 996 οὐκ
1405 945 1619 998 ἐλαύνει
1649 946 1927 1017 τύραννος,
1959 945 2076 999 ἀλλ’
2102 945 2317 999 ἐλαύνει

750 1028 1016 1091 διάϐολος,
1044 1028 1321 1098 τυράννων
1351 1028 1570 1082 πάντων
1603 1029 1998 1100 χαλεπώτερος·
2037 1029 2136 1098 οὐχ
2186 1030 2316 1099 ὁρᾷς

749 1111 1026 1183 ἄνθρακας
1070 1112 1478 1182 προκειμένους,
1511 1113 1624 1166 ἀλλ’
1669 1115 1798 1185 ὁρᾷς
1823 1114 1994 1183 φλόγα
2021 1113 2317 1182 ἐπιθυμίας

751 1195 1148 1264 ἀναπτομένην.
1198 1195 1598 1263 Κατεπάτησαν
1627 1198 1822 1249 ἐκεῖνοι
1857 1198 1986 1259 τοὺς
2016 1195 2313 1266 ἄνθρακας,

750 1276 1136 1344 καταπάτησον
1158 1277 1223 1329 σὺ
1252 1276 1354 1346 τῆς
1390 1277 1602 1346 φύσεως
1632 1279 1954 1358 τὴνοπυράν·
1974 1278 2316 1332 ἐπύκτευσαν

748 1362 943 1413 ἐκεῖνοι
997 1359 1133 1430 πρὸς
1171 1358 1356 1428 θηρία,
1406 1359 1713 1430 χαλίνωσον.
1751 1363 1814 1414 σὺ
1858 1362 1950 1414 τὸν
2007 1361 2197 1430 θυμὸν,
2256 1362 2316 1415 τὸ

748 1443 1023 1513 ἀνήμερον
1055 1441 1150 1494 καὶ
1176 1441 1462 1494 ἀτίθασσον
1477 1442 1682 1512 θηρίον·
1705 1444 1936 1515 ἔστησαν
1973 1444 2316 1512 ἐκεῖνοιπρὸς

749 1524 939 1587 ὀδύνας
969 1526 1292 1595 ἀφορήτους,
1349 1526 1635 1595 περιγενοῦ
1689 1528 1753 1581 σύ
1799 1528 1905 1580 τῶν
1949 1527 2164 1581 ἀτόπων
2221 1527 2314 1578 καὶ

751 1607 1000 1680 πονηρῶν
1066 1606 1338 1676 λογισμῶν
1417 1607 1524 1660 τῶν
1587 1608 1858 1680 βρυόντων
1913 1612 1970 1662 ἐν
2017 1612 2082 1679 τῇ
2120 1609 2314 1679 καρδίᾳ

752 1707 866 1743 σου·
904 1689 1046 1744 οὕτω
1102 1692 1313 1761 μιμήση
1373 1692 1670 1762 μάρτυρας.
1700 1691 1848 1764 [682]
1895 1693 2024 1746 Νῦν
2055 1693 2165 1761 τὰρ
2202 1695 2313 1746 οὐκ

748 1774 920 1827 ἐστιν
947 1772 1092 1841 ἡμῖν
1118 1772 1156 1838 ἡ
1189 1773 1349 1841 πάλη
1375 1787 1400 1813 ⁸
1430 1774 1574 1842 πρὸς
1599 1768 1740 1842 αἷμα
1768 1774 1866 1827 καὶ
1909 1774 2126 1842 σάρκα,
2155 1774 2316 1827 ἀλλὰ

751 1855 900 1922 πρὸς
922 1857 1026 1921 τὰς
1051 1856 1260 1924 ἀρχὰς,
1295 1857 1444 1924 πρὸς
1493 1857 1597 1922 τὰς
1647 1856 1952 1921 ἐξουσίας,
1997 1857 2146 1924 πρῦς
2174 1857 2316 1922 τοὺς

751 1939 1236 2006 κοσμοκράτορας
1292 1938 1395 1992 τοῦ
1451 1939 1708 2004 σκότους
1760 1941 1994 2004 τούτου,
2045 1939 2195 2006 πρὸς
2244 1939 2318 1991 τὰ

743 2019 1116 2097 ,πνευματικὰ
1161 2021 1271 2088 τῆς
1301 2022 1611 2089 πονηρίας.
1646 2020 1764 2092 Πῦρ
1791 2022 1942 2074 ἐστιν
1991 2022 2023 2092 ή
2054 2020 2317 2090 ἐπιθυμία

749 2103 846 2172 τῆς
888 2102 1119 2172 φύσεως,
1161 2102 1272 2174 πῦρ
1301 2103 1559 2157 ἄσϐεστον
1591 2104 1683 2157 καὶ
1722 2103 1987 2174 διηνεκές·
2020 2103 2164 2155 κύων
2202 2103 2317 2155 ἐστὶ

747 2187 952 2240 λυττῶν
982 2188 1074 2240 καὶ
1105 2186 1378 2257 μεμηνὼς,
1402 2186 1503 2240 κᾶν
1529 2188 1785 2258 μυριάκις
1820 2187 1982 2239 αὐτὸν
1996 2185 2316 2257 διακρούσῃ,

752 2269 1008 2339 μυριάκις
1035 2269 1295 2338 ἐπιπηδᾷ,
1327 2269 1420 2322 καὶ
1445 2269 1545 2322 οὐκ
1591 2269 1904 2337 ἀφίσταται·
1931 2269 2138 2338 χαλεπὴ
2164 2268 2192 2306 δ
2217 2269 2316 2337 μὲν

749 2357 783 2424 ὴ
812 2353 920 2407 τῶν
977 2352 1262 2422 ἀνθράκων
1289 2351 1439 2419 φλὸξ.
1487 2352 1602 2406 ἀλλ’
1636 2351 1774 2419 αὐτη
1819 2352 2116 2421 δεινοτέρα,
2150 2352 2182 2420 ἡ
2213 2349 2314 2420 τῆς

749 2437 1060 2508 ἐπιθυμίας·
1092 2436 1344 2489 οὐδέποτε
1376 2435 1570 2504 ἔχομεν
1601 2436 1907 2507 ἐκεχειρίαν
1955 2435 2047 2488 τοῦ
2076 2435 2313 2504 πολέμου

746 2521 952 2583 τούτου,
975 2519 1228 2572 οὐδέποτε
1261 2517 1454 2588 ἔχομεν
1476 2519 1763 2593 ἀνακωχὴν
1786 2518 1926 2571 κατά
1953 2519 2042 2570 τὸν
2076 2518 2316 2588 παρόντα

751 2603 882 2672 βίον,
913 2601 1046 2655 ἀλλὰ
1066 2601 1318 2672 διηνεκὴς
1346 2603 1374 2652 6
1399 2599 1568 2668 ἀγὼν,
1599 2600 1687 2653 ῖνα
1733 2601 1828 2653 καὶ
1851 2601 2111 2669 ξλαμπρὸς
2139 2602 2167 2652 6
2194 2599 2315 2652 στέ-

748 2703 914 2754 φανος
942 2685 1188 2754 γένηται.
1215 2683 1312 2736 Διά
1338 2684 1494 2736 τοῦτο
1527 2684 1675 2754 ἡμᾶς
1705 2685 1793 2737 ἀεὶ
1822 2683 2032 2747 Παῦλος
2063 2682 2318 2736 καθοπλί-

742 2769 851 2831 ζει,
883 2766 1068 2836 ἐπειδὴ
1097 2766 1187 2819 ἀεὶ
1221 2767 1462 2836 πολέμου
1493 2768 1700 2834 καιρὸς,
1725 2767 1912 2837 ἐπειδὴ
1940 2767 2027 2820 ἀεὶ
2057 2767 2320 2837 γρηγορεῖ

747 2853 776 2904 6
807 2851 1018 2921 ἐχθρός.
1055 2849 1241 2902 Βούλει
1301 2849 1515 2919 μαθεῖν,
1547 2851 1629 2903 ὅτι
1679 2851 1849 2920 πυρὸς
1884 2851 1985 2902 οὐκ
2033 2850 2312 2919 ἐλαττονή

748 2933 1013 3003 ἐπιθυμία
1039 2933 1212 2996 καίει;
1250 2933 1516 2985 ’Ἄκουσον
1549 2933 1642 2986 τοῦ
1675 2931 2016 3003 Σολομῶντος
2044 2932 2314 3000 λέγοντος,

749 3014 1145 3084 Περιπατήσει
1193 3031 1282 3080 τις
1309 3015 1402 3067 ἐπ’
1456 3013 1766 3083 ἀνθράκων
1820 3015 2028 3082 πυρὸς,
2073 3015 2213 3079 τοὺς
2249 3014 2317 3067 δὲ

751 3099 941 3163 πόδας
963 3100 1034 3152 οὺ
1064 3099 1460 3160 κατακαύσει;
1506 3099 1691 3164 οὕτως
1725 3101 1757 3151 ό
1787 3100 2204 3165 εἰσερχόμενος
2231 3099 2317 3161 είς

755 3183 866 3251 τὴν
886 3179 1138 3251 γυναῖκα
1165 3178 1272 3232 τοῦ
1293 3180 1557 3249 πλησίον
1572 3180 1779 3244 αὐτοῦ,
1810 3181 1907 3233 καὶ
1937 3179 2056 3245 πᾶς
2081 3183 2112 3233 ό
2139 3179 2318 3233 ἀπτό-

743 3281 930 3334 μενος
975 3262 1186 3329 αὐτῆς,
1219 3264 1330 3315 οὐκ
1361 3262 1795 3328 άθωωθήσεται.
1836 3263 2000 3333 ὐρᾷς
2045 3263 2127 3315 ὅτι
2158 3261 2318 3330 φύσις

750 3345 1043 3416 ἐπιθυμίας
1073 3344 1364 3414 ἁμιλλᾶται
1393 3343 1550 3412 φύσει
1586 3345 1784 3415 πυρός;
1813 3345 2022 3416 Ὠσπερ
2054 3344 2162 3415 γάρ
2191 3343 2317 3397 άδύ-

749 3446 910 3482 νατον
939 3428 1106 3496 πυρὸς
1132 3425 1432 3495 ἀπτόμενον
1468 3427 1542 3496 μὴ
1576 3427 1824 3491 δέξασθαι
1852 3428 2199 3498 ἐμπρησμὸν,
2227 3426 2317 3479 οὐο

750 3531 828 3564 τω
871 3511 1040 3581 πυρὸς
1071 3509 1322 3580 ὀξύτερον
1368 3509 1476 3561 τῶν
1518 3509 1806 3579 εὐμόρφων
1841 3509 2016 3580 ὄψεων
2043 3512 2076 3574 ή
2112 3511 2316 3581 θεωρία

751 3593 1169 3663 τῆςάκολάστως
1206 3592 1504 3662 βλεπούσης
1535 3592 1961 3663 ἐπιλαμϐάνεται
1993 3593 2189 3663 ψυχῆς·
2222 3596 2316 3647 καὶ

754 3678 1001 3747 καθάπερ
1034 3675 1132 3745 ὐλη
1172 3692 1254 3737 τις
1287 3674 1594 3745 εὐπρηστος
1623 3675 1829 3738 ο,οὐτω
1863 3676 1929 3728 τὰ
1961 3675 2189 3747 λαμπρά
2210 3676 2316 3729 τῶν

752 3761 1020 3831 σωμάτων
1045 3761 1154 3820 τοῖς
1177 3756 1284 3810 τῶν
1309 3758 1552 3826 ἀσελγῶν
1577 3759 1860 3812 ὑπόκειται
1885 3759 2201 3830 ὀφθαλμοῖς.
2228 3758 2318 3810 Διὸ

751 3845 855 3915 χρὴ
892 3842 965 3912 μὴ
996 3841 1254 3911 παρέχειν
1285 3841 1362 3908 τῷ
1395 3843 1527 3911 πυρὶ
1554 3841 1653 3908 τῆς
1675 3841 1968 3923 ἐπιθυμίας
1997 3842 2201 3913 τροφὴν
2221 3841 2318 3912 τὴν

751 3925 951 3991 ἔξωθεν
970 3923 1222 3994 θεωρίαν,
1256 3923 1391 3974 ἀλλὰ
1414 3923 1783 3992 περιστέλλειν
1815 3924 1948 3976 αὐτὸ
1982 3924 2318 3993 πανταχόθεν

753 4009 847 4060 καὶ
871 4006 1297 4060 κατασϐεννύναι
1347 4005 1624 4074 λογισμοῖς
1656 4006 1923 4069 εὐσεϐέσι,
1968 4006 2320 4076 χαλινοῦντας

758 4090 942 4162 πρόσω
992 4089 1288 4158 φερόμενον
1316 4087 1404 4140 τὸν
1443 4088 1788 4158 ἐμπρησμὸν,
1841 4090 1937 4141 καὶ
1978 4089 2051 4159 μὴ
2103 4106 2320 4159 συγχω-

759 4173 981 4243 ροῦντας
1005 4171 1155 4240 αὐτῷ
1201 4171 1550 4240 περιτρέπειν
1601 4169 1661 4222 τὸ
1706 4169 1928 4242 στερρὸν
1953 4171 2053 4240 τῆς
2081 4171 2320 4235 διανοίας

751 4255 852 4324 τῆς
883 4253 1176 4324 ἡμετέρας.
1211 4252 1320 4304 Καὶ
1358 4254 1505 4306 πᾶσα
1544 4252 1601 4305 δέ
1640 4251 1800 4322 ἡδονὴ
1827 4257 1884 4305 ὲν
1913 4253 1990 4321 τῷ
2019 4253 2194 4324 καιρῷ
2218 4255 2318 4325 τῆς

753 4338 1164 4408 ἐπικρατήσεως
1191 4336 1298 4388 τῶν
1330 4334 1518 4388 παθῶν
1544 4335 1714 4404 πυρὸς
1760 4336 2115 4407 σφοδρότερον
2141 4338 2317 4390 καίειν

755 4420 913 4473 εῐωθε
942 4420 1042 4489 τὴν
1069 4419 1326 4481 διάνοιαν,
1361 4419 1408 4469 εί
1441 4419 1513 4488 μή
1548 4433 1633 4479 τις
1663 4418 1926 4485 γενναίως
1955 4417 2074 4487 μεθ’
2109 4419 2314 4489 ὐττομοο

756 4503 851 4572 νῆς
879 4503 973 4554 καὶ
1023 4500 1255 4562 πίστεως
1311 4497 1727 4566 ἀνταγωνίζοιτο
1781 4499 1912 4570 πρὸς
1953 4499 2183 4554 ἕκαστον
2215 4503 2321 4555 τῶν

757 4583 960 4637 παθῶν·
1000 4583 1059 4635 ὃν
1078 4583 1276 4650 τρόπον
1305 4583 1333 4633 ό
1365 4581 1631 4652 μακάριος
1679 4582 1770 4634 καὶ
1807 4584 2050 4649 γενναῖος
2082 4582 2321 4653 ἀθλητὴς

753 4666 848 4720 τοῦ
893 4665 1126 4735 Χριστοῦ
1158 4664 1420 4734 Βαρλαὰμ
1446 4664 1698 4732 ἐποίησεν
1732 4664 1823 4716 ἐπὶ
1845 4663 1945 4732 τῆς
1973 4663 2168 4717 ἐαυτοῦ
2205 4682 2316 4734 χει-

758 4751 870 4823 ρὸς,
917 4748 1208 4819 ὁλόκληρον
1247 4750 1304 4801 ἐν
1355 4751 1422 4819 τῇ
1459 4747 1606 4816 δεξιᾷ
1649 4749 1825 4819 πυρὰν
1869 4749 2172 4820 βαστάζων,
2224 4749 2319 4802 καὶ

756 4833 893 4901 πρὸς
929 4832 1025 4902 τὴν
1051 4830 1241 4899 όδύνην
1293 4830 1392 4883 οὐκ
1419 4830 1670 4894 ἐνδιδοὺς,
1692 4831 1825 4885 ἀλλά
1851 4831 1956 4886 τῶν
1983 4832 2314 4902 ἀνδριάντων

754 4915 1124 4985 ἀπαθέστερον
1151 4913 1509 4984 διακείμενος,
1540 4914 1736 4982 μᾶλλον
1775 4915 1830 4968 δὲ
1862 4915 2016 4986 ήλγει
2062 4915 2180 4985 μὲν,
2222 4914 2318 4968 καὶ

753 5000 981 5068 ἔπασχε·
1019 4997 1176 5068 σῶμα
1209 4996 1316 5067 γάρ
1341 4993 1409 5067 ἦν
1441 4998 1503 5050 τὸ
1530 4998 1904 5068 ὑποκείμενον,
1938 4998 2029 5051 καὶ
2067 4998 2128 5050 οὐ
2161 4998 2312 5066 σίδη-

756 5099 868 5154 ρος·
900 5081 1078 5149 ἀλγῶν
1114 5081 1170 5133 δέ
1199 5082 1290 5133 καὶ
1319 5081 1539 5152 πάσχων
1566 5082 1665 5152 τὴν
1693 5083 1799 5134 τῶν
1822 5081 2127 5150 ἀσωμάτων
2159 5081 2319 5134 δυνά-

757 5181 902 5237 μεων
932 5166 989 5217 ἐν
1018 5163 1228 5234 σώματι
1249 5163 1425 5235 θνητῷ
1454 5164 1766 5234 φιλοσοφίαν
1810 5164 2176 5216 ἐπεδείκνυτο.

825 5249 892 5318 β’.
933 5247 1220 5317 ’Λλλάγάρ
1244 5246 1446 5300 ἀνωθεν
1475 5247 1634 5300 αὐτοῦ
1660 5247 1718 5299 1:6
1744 5246 2038 5318 μαρτύριον
2055 5246 2313 5316 διηγήσο-

756 5349 855 5402 μαι
884 5329 1022 5387 ὥστε
1046 5330 1378 5402 σαφεστέραν
1412 5329 1660 5398 γενέσθαι
1692 5329 1790 5398 τὴν
1840 5331 2098 5399 ἱστορίαν·
2153 5330 2230 5381 ci;
2260 5328 2316 5380 δέ

757 5433 848 5486 μοι
882 5418 1069 5468 σκόπει
1097 5415 1188 5467 τοῦ
1214 5414 1457 5468 διαϐόλου
1478 5414 1575 5482 τὴν
1609 5413 1961 5482 κακουργίαν.
1996 5413 2114 5465 Τῶν
2145 5413 2320 5481 ἁγίων

754 5501 880 5564 τούς
923 5500 1021 5570 μὲν
1054 5499 1258 5569 ἢγαγεν
1305 5499 1396 5550 ἐπὶ
1428 5498 1654 5565 τήγανα,
1701 5497 1825 5550 τούς
1876 5496 1931 5548 δὲ
1978 5499 2056 5558 είς
2084 5487 2316 5567 λέϐητας

818 5709 840 5730 ’⁸
868 5707 952 5756 Hic
979 5705 1110 5756 addit
1137 5706 1434 5764 Savil.:-q1‘w
1459 5708 1482 5753 ὁ
1510 5704 1708 5759 Παῦλος.

822 5769 848 5804 θ’
871 5770 962 5830 Alii
982 5770 1304 5830 χαλεπωτέρα.

817 5831 839 5859 ⁶
869 5827 962 5878 Alii
983 5827 1279 5889 ἷύθραυστος.

1487 419 1542 500 8.
1581 417 1868 476 JOANNIS
1902 413 2385 476 υηιιγεοετοιίι
2424 411 2738 469 ARCHIEP.
2777 404 3329 466 CONSTANTINOP.

3885 396 3994 454 678

2419 527 2640 580 ἐνέϐαλε
2672 524 2766 578 τοῦ
2795 508 2963 589 πυρδς
2996 520 3347 592 σφοδρότερον
3373 516 3608 582 ζέοντας·
3635 514 3728 568 καὶ
3755 512 3861 566 τῶν
3893 515 3996 577 μὲν

2417 613 2516 676 τάς
2549 612 2792 684 πλευρὰς
2839 609 3144 673 κατέξαινε,
3182 608 3310 668 τοὺς
3336 605 3390 658 δέ
3436 605 3514 666 εἰς
3572 602 3809 669 πέλαγος
3859 615 3995 653 κατ-

2418 702 2717 763 επόντισεν,
2735 697 2926 761 ἄλλους
2943 695 3153 767 θηρίοις
3171 693 3504 764 παρέδωκεν,
3519 688 3744 759 ἐτέρους
3771 687 3853 748 είς
3885 684 3990 738 κά-

2433 806 2586 860 μινον
2612 789 2893 858 εἰσήγαγε,
2921 785 3017 838 καὶ
3048 785 3157 836 τῶν
3183 782 3282 852 μέν
3309 779 3658 849 ἐξεμόχλευοε
3685 776 3757 828 τά
3787 774 3990 844 ἄρθρα,

2415 876 2523 929 τῶν
2545 875 2602 929 δὲ
2629 866 2726 938 τάς
2757 873 2919 946 δορὰς
2943 872 3021 925 ἐτι
3042 869 3259 934 ζώντων
3281 867 3552 937 ἀπέσυρεν
3577 861 3626 927 (³,
3653 861 3856 932 ἐτέρων
3875 863 3990 922 τοῖς

2419 962 2662 1033 σώμασιν
2711 962 3055 1034 ᾑμαγμένοις
3103 956 3377 1026 ὑπέθηκεν
3434 952 3730 1024 ἄνθρακας,
3787 949 3882 1001 καὶ
3939 949 3989 999 oi

2418 1049 2709 1120 σπινθῆρες
2734 1049 3020 1118 ἐπεπήδων
3043 1048 3154 1107 τοῖς
3188 1041 3391 1103 ἕλκεσι,
3413 1039 3603 1110 θηρίου
3635 1037 3832 1100 παντὸς
3866 1035 3988 1105 δρι-

2419 1135 2648 1206 μύτερον
2687 1135 2756 1188 τὰ
2779 1131 3066 1204 τραύματα
3103 1130 3407 1190 δάκνοντες·
3445 1125 3624 1187 ἀλλοις
3657 1124 3824 1186 ἄλλας
3857 1123 3988 1174 ἐπε-

2416 1223 2525 1275 νόει
2557 1222 2938 1292 χαλεπωτέρας
2969 1217 3252 1290 τιμωρίας.
3301 1216 3452 1270 Ἐπεὶ
3483 1209 3576 1268 οὖν
3601 1208 3738 1264 εἶδεν
3770 1211 3988 1265 ᾶπαντα

2413 1309 2588 1362 ταῦτα
2599 1307 3086 1376 καταγελασθέντα,
3101 1305 3336 1366 καὶτοὺς
3351 1301 3522 1354 ταῦτα
3543 1299 3816 1362 παθόντας

2419 1399 2556 1468 μετὰ
2581 1396 2780 1466 πολλῆς
2806 1395 2908 1464 τῆς
2951 1393 3266 1464 περιουσίας
3297 1391 3694 1462 κρατήσαντας,
3738 1387 3834 1439 καὶ
3877 1387 3987 1447 τοῖς

2419 1487 2538 1555 μετ’
2565 1485 2761 1547 αὐτοὺς
2785 1481 3100 1552 ἐρχομένοις
3127 1481 3221 1532 ἐπὶ
3241 1478 3311 1531 τά
3339 1477 3480 1531 αὐτά
3508 1476 3863 1545 παλαίσματα
3893 1489 3988 1543 με·

2415 1572 2608 1642 γίστην
2637 1569 2730 1624 τοῦ
2788 1570 3007 1640 θαρρεῖν
3039 1567 3292 1620 ὑπόθεσιν
3343 1564 3689 1634 γενομένους,
3716 1561 3768 1615 τί
3807 1561 3984 1625 ποιεῖς

2416 1659 2617 1713 Καινδν
2636 1659 2840 1712 ἐπινοεῖ
2868 1658 3068 1727 τρόπον
3110 1654 3420 1724 ἐπιϐουλῆς,
3445 1652 3532 1706 ῖνα
3567 1652 3627 1705 τὸ
3656 1649 3986 1721 ἀμελέτητον

2415 1748 2510 1800 καὶ
2548 1747 2714 1815 ἀηθες
2761 1745 2862 1813 τῆς
2892 1742 3162 1812 τιμωρίας
3187 1740 3465 1811 καταϐάλῃ
3500 1739 3562 1791 1.6
3591 1738 3849 1809 φρόνημα
3891 1734 3985 1788 τοῦ

2421 1829 2716 1900 μάρτυρος.
2767 1826 2841 1878 T6
2885 1829 2984 1900 μὲν
3018 1825 3125 1895 γὰρ
3169 1823 3436 1878 άκουσθέν
3485 1821 3582 1875 καὶ
3627 1820 3840 1891 νοηθέν,
3884 1817 3986 1872 κάν

2415 1917 2687 1988 ἀφόρητον
2721 1910 2781 1988 ᾖ,
2813 1915 2879 1984 τῇ
2913 1912 3205 1983 προσδοκίᾳ
3247 1909 3537 1982 μελετηθέν
3578 1905 3986 1976 εὐκαταφρόνη⁴

2415 2022 2506 2058 τον
2530 2004 2757 2072 γίνεται·
2783 1999 2844 2052 τὸ
2864 1999 2922 2052 δὲ
2948 1998 3301 2069 ἀμελέτητον,
3329 1997 3430 2051 κᾶν
3459 1996 3659 2066 κοῦφον
3686 1991 3745 2070 ᾖ,
3769 1996 3987 2048 πάντων

2418 2095 2562 2146 ἐστὶν
2595 2090 3012 2161 ἀφορητότερον.
3060 2088 3240 2141 Ἔστω
3285 2086 3465 2139 τοίνυν
3506 2084 3688 2148 καινὸς
3741 2085 3771 2137 6
3816 2081 3985 2150 ἀγὼν,

2418 2180 2557 2233 ἔστω
2579 2179 2722 2242 ξένον
2753 2177 2814 2229 τὸ
2837 2176 3150 2247 μηχάνημα,
3171 2174 3258 2227 ἵνα
3275 2173 3337 2226 τὸ
3359 2173 3545 2226 καινὸν
3571 2172 3664 2225 καὶ
3688 2169 3987 2240 παράδοξον

2418 2265 2719 2340 θορυϐῆσαν
2762 2263 2852 2316 τὸν
2889 2261 3123 2331 ἀθλητὴν
3168 2258 3497 2327 ὑποσκελίση
3531 2257 3744 2328 ῥαδίως.
3792 2256 3860 2308 Τί
3897 2251 3988 2308 οὖν

2419 2355 2594 2416 ποιεῖ;
2638 2350 2852 2418 Ἐξάγει
2885 2350 2976 2402 τὸν
3010 2347 3162 2416 ἅγιον
3191 2345 3298 2398 ἀπὸ
3321 2344 3415 2398 τοῦ
3443 2342 3819 2414 δεσμωτηρίου
3845 2341 3986 2397 δεδε-

2419 2439 2598 2507 μένον.
2633 2438 2741 2490 Kal
2787 2436 2895 2505 γὰρ
2924 2436 3016 2487 καὶ
3069 2433 3227 2486 τοῦτο
3269 2433 3368 2502 τῆς
3413 2431 3617 2484 ἐκείνου
3652 2427 3986 2498 κακουργίας

2415 2520 2503 2594 ἦν,
2524 2524 2584 2577 τὸ
2619 2524 2692 2594 μὴ
2725 2523 2924 2586 εὐθέως
2959 2523 3024 2575 ἐκ
3051 2521 3351 2593 προοιμίων
3375 2517 3584 2589 χαλεπά
3613 2518 3985 2588 προσαγαγεῖν

2417 2613 2485 2668 τά
2529 2615 2914 2684 μηχανήματα,
2943 2611 3078 2682 μηδὲ
3096 2610 3196 2674 τάς
3223 2609 3457 2681 φρικτάς
3487 2609 3790 2675 ἐπαγαγεῖν
3811 2623 3984 2674 τιμω-

2419 2703 2560 2774 ρίας,
2589 2703 2702 2755 ἀλλ’
2722 2701 2828 2754 ἀπὸ
2857 2702 2964 2753 τῶν
2991 2699 3285 2753 ἐλαττόνων
3329 2695 3796 2769 ἀκροϐολίζεσθαι·
3822 2695 3878 2746 τί
3897 2695 3988 2762 δή·-

2417 2806 2580 2853 ποτε;
2610 2790 2728 2842 Ἵνα
2775 2788 2841 2842 ἂν
2889 2788 2986 2857 μὲν
3019 2785 3326 2857 ἡττηθῶσιν
3378 2785 3428 2835 οἱ
3465 2782 3884 2853 ἀγωνιζόμενοι,
3906 2781 3989 2834 αί-

2419 2877 2557 2948 σχρά
2595 2875 2771 2930 αὐτῶν
2803 2879 2836 2946 ή
2859 2871 2997 2948 ἧττα
3019 2874 3261 2944 γένηται,
3289 2873 3370 2926 ὅτι
3392 2872 3528 2944 μηδὲ
3550 2871 3684 2942 πρὸς
3715 2871 3784 2923 τά
3815 2871 3986 2941 μικρὰ

2416 2966 2767 3036 ἀντέστησαν·
2799 2963 2865 3018 ἀν
2904 2963 2961 3016 δὲ
3004 2961 3396 3032 περιγένωνται
3438 2959 3526 3012 καὶ
3569 2960 3896 3028 νικήσωσιν,
3931 2962 3989 3013 ἐν

2418 3055 2529 3116 τοῖς
2553 3051 2800 3104 ἐλάττοσι
2825 3047 3372 3119 προκαταϐληθείσης
3386 3047 3568 3109 αὐτοῖς
3593 3047 3690 3117 τῆς
3705 3046 3988 3118 δυνάμεως

2422 3140 2733 3210 εὐχείρωτοι
2787 3137 3048 3206 γένωνται
3110 3135 3241 3205 πρὸς
3292 3133 3360 3187 τὰ
3415 3132 3655 3205 μείζονα.
3690 3134 3790 3187 Διά
3832 3133 3988 3188 τοῦτο

2421 3228 2740 3301 προσήγαγε
2764 3224 2832 3278 τά
2856 3224 3116 3279 ἐλάττονα
3167 3222 3454 3293 πρότερον,
3481 3223 3569 3276 ἵνα
3601 3221 3703 3276 κᾶν
3734 3221 3855 3295 ἐλῃ,
3885 3222 3989 3277 κᾶν

2422 3317 2494 3387 μὴ
2527 3315 2646 3386 ἐλῃ,
2684 3314 2760 3385 μὴ
2784 3314 3048 3384 ἀποτύχῃ·
3079 3312 3144 3366 ἂν
3180 3312 3277 3382 μὲν
3301 3311 3409 3383 γάρ
3427 3311 3551 3376 ἐλω,
3577 3312 3730 3381 φησι,
3758 3311 3990 3379 κατεγέ-

2417 3406 2576 3458 λασα·
2605 3403 2670 3456 ἂν
2691 3403 2748 3457 δέ
2787 3402 2860 3473 μὴ
2881 3401 3016 3467 ἕλω,
3050 3399 3469 3471 ἀσθενεστέρους
3499 3399 3728 3466 ἐποίησα
3758 3399 3895 3469 πρὸς
3921 3397 3988 3454 τά

2421 3492 2700 3564 μέλλοντα.
2742 3489 2957 3559 Ἐξάγει
2991 3489 3169 3541 τοίνυν
3215 3487 3377 3540 αὐτὸν
3429 3487 3538 3541 ἀπὸ
3574 3487 3668 3540 τοῦ
3701 3487 3987 3558 δεσμωτη-

2421 3578 2558 3650 ρίου·
2591 3577 2693 3631 ὀδέ
2726 3576 2872 3648 ἐξῄει
2900 3575 3146 3648 καθάπερ
3173 3574 3412 3645 ἀθλητὴς
3440 3576 3686 3642 γενναῖος
3708 3575 3769 3627 ἐν
3797 3573 3992 3628 παλαί-

2421 3682 2557 3737 στρα
2580 3665 2749 3719 πολὺν
2777 3662 3193 3734 γυμνασάμενος
3211 3661 3420 3730 χρόνον·
3447 3659 3754 3729 παλαίστρα
3777 3661 3888 3729 γάρ
3915 3658 3991 3728 τῷ

2423 3753 2658 3824 μάρτυρι
2685 3751 2748 3804 τὸ
2777 3751 3147 3821 δεσμωτήριον
3176 3744 3267 3819 ἦν,
3297 3747 3458 3801 κάκεῖ
3489 3747 3608 3800 κατ’
3627 3747 3764 3800 ίδίαν
3783 3748 3862 3818 τῷ
3874 3747 3990 3817 Θεῷ

2418 3839 2800 3910 διαλεγόμενος
2823 3840 2953 3908 παρ’
2978 3837 3188 3890 ἐκείνου
3220 3835 3290 3888 τὰ
3321 3834 3668 3905 παλαίσματα
3689 3833 3991 3905 ἐμάνθανεν

2421 3926 2656 3979 ἅπαντα·
2687 3924 2818 3976 ὅπου
2835 3922 2943 3994 γὰρ
2968 3921 3142 3993 δεσμά
3172 3920 3436 3988 τοιαῦτα,·
3452 3921 3566 3974 ἐκεῖ
3585 3921 3678 3974 καὶ
3705 3923 3734 3974 6
3760 3922 3993 3992 Χριστὸς

2423 4013 2710 4081 πάρεστιν.

2504 4098 2677 4168 Ἐξῄει
2700 4095 3238 4166 τοίνυν’ίσχυρότερος
3258 4096 3548 4165 γενόμενος
3571 4096 3636 4166 τῇ
3675 4095 3992 4167 μακροτέρα

2420 4185 2513 4238 τοῦ
2547 4184 2918 4256 δεσμωτηρίου
2971 4182 3240 4253 διατριϐῇ·
3277 4181 3560 4248 ἐξελθόντα
3607 4180 3664 4234 δὲ
3693 4181 3860 4235 αὐτὸν
3913 4182 3991 4243 είς

2424 4273 2583 4344 μέσον
2617 4271 2837 4340 ἀγαγὼν
2853 4272 2880 4324 6
2903 4269 3146 4335 διάϐολος
3169 4269 3257 4323 διὰ
3282 4269 3390 4322 τῶν
3419 4267 3876 4340 ὑπηρετουμένων
3893 4269 3993 4321 αὐ-

2419 4358 2512 4412 τοῦ
2543 4361 2608 4432 τῇ
2643 4358 2979 4430 παρανομία,
3013 4358 3072 4410 οὐ
3115 4356 3414 4426 προσέδησε
3451 4356 3529 4427 τῷ
3561 4355 3722 4426 ξύλῳ,
3742 4355 3806 4408 οὐ
3835 4373 3995 4426 περι·

2423 4448 2616 4518 έστησε
2651 4446 2897 4517 δημίους·
2936 4445 3082 4516 ἐώρα
3111 4445 3219 4516 γὰρ
3245 4445 3406 4498 αὐτὸν
3435 4444 3635 4497 τούτων
3662 4443 3994 4515 ἐπιθυμοῦν-

2420 4551 2508 4595 τα,
2552 4535 2646 4588 καὶ
2677 4533 2842 4587 πάλαι
2874 4533 3014 4586 αὐτά
3071 4532 3566 4604 προμελετήσαντα·
3598 4530 3733 4584 ἀλλά
3760 4530 3914 4596 ξένον
3941 4548 3992 4584 τι

2422 4621 2513 4673 καὶ
2539 4618 2745 4683 καινὸν,
2785 4617 2881 4671 καὶ
2912 4617 3177 4688 μηδέποτε
3201 4617 3453 4670 ἐλπισθὲν
3487 4617 3784 4687 μηχάνημα
3821 4633 3993 4688 προσ-

2423 4706 2542 4774 άγει
2583 4704 2662 4775 τῷ
2689 4704 2903 4776 πύργῳ,
2949 4703 3145 4774 ῥᾳδίως
3173 4705 3420 4774 ἐμποιεῖν
3440 4703 3733 4773 δυνάμενον
3763 4701 3866 4773 τὴν
3895 4720 3995 4756 καο

2421 4793 2713 4850 τάπτωσιν·
2747 4790 2905 4844 τοῦτο
2932 4790 3040 4860 γάρ
3070 4790 3218 4842 ἐστιν
3257 4788 3406 4860 αὐτῷ
3457 4789 3518 4842 τὸ
3563 4789 3995 4858 σπουδαζόμενον

2423 4881 2514 4933 ἐπὶ
2540 4881 2756 4934 πάντων
2773 4877 3148 4943 ὑποσκελίζειν
3165 4877 3365 4948 μᾶλλον
3385 4877 3417 4947 ἢ
3435 4877 3622 4948 όδυνᾷν
3645 4878 3771 4940 τοὺς
3781 4877 3991 4946 ἀγίους.

2421 4966 2486 5020 Τί
2513 4969 2692 5021 τοίνυν
2723 4966 2839 5018 ἐστὶ
2865 4965 2926 5018 τὸ
2952 4964 3278 5034 μηχάνημα;
3312 4964 3423 5035 Τήν
3454 4966 3610 5036 χεῖρα
3643 4963 3994 5028 κελεύσαντες

2422 5055 2615 5107 ὑπτίαν
2640 5054 2870 5107 ἐκτεῖναι
2900 5051 3154 5122 ὑπεράνω
3191 5050 3287 5120 τοῦ
3323 5049 3529 5120 βωμοῦ,
3579 5049 3854 5119 ἐπέθηκαν
3899 5050 3994 5104 ἄν·

2421 5142 2628 5211 θρακας
2652 5139 2746 5192 καὶ
2777 5137 3071 5192 λιϐανωτὸν
3095 5140 3163 5207 τῇ
3203 5137 3366 5207 χειρὶ,
3390 5136 3478 5190 ῖνα
3503 5135 3598 5189 ἐὰν
3617 5136 3851 5209 ἀλγήσῃ,
3902 5136 3994 5190 καὶ

2422 5226 2723 5303 περιτρέψῃ
2749 5224 2847 5295 τὴν
2877 5225 3053 5294 χεῖρα,
3081 5222 3271 5275 θυσίαν
3296 5220 3446 5291 αὐτῷ
3474 5222 3568 5274 καὶ
3594 5219 3907 5291 παράϐασιν
3935 5223 3992 5275 τὸ

2424 5316 2573 5383 πρᾶγ
2580 5332 2664 5385 μα
2678 5313 3020 5381 λογίσωνται.
3046 5305 3198 5371 Εἶδες
3213 5309 3330 5371 πῶς
3345 5305 3646 5377 κακοῦργος
3666 5307 3696 5358 6
3715 5307 3988 5372 διάϐολος,

2436 5401 2570 5453 Ἀλλ’
2596 5402 2697 5471 δρα
2725 5399 2842 5461 πῶς
2878 5399 2906 5450 6
2925 5396 3288 5467 δρασσόμενος
3321 5395 3446 5456 τοὺς
3468 5395 3662 5462 σοφοὺς
3684 5393 3744 5445 ἐν
3767 5397 3834 5465 τῇ
3859 5412 3994 5447 παν-

2421 5487 2614 5559 ουργίᾳ
2652 5486 2830 5541 αὐτῶν
2856 5484 3033 5553 άκυρα
3051 5481 3302 5553 ἐποίησεν
3323 5480 3487 5534 αὐτοῦ
3507 5479 3574 5534 τὰ
3603 5483 3990 5551 μηχανήματα,

2484 5694 2511 5734 d
2556 5694 2700 5743 Savil.
2745 5703 2797 5744 ει
2828 5707 2953 5743 unus
2986 5692 3110 5752 Reg.
3157 5692 3392 5755 έπέσυρεν.
3433 5691 3515 5740 Sic
3558 5694 3725 5755 auten;
3775 5696 3984 5755 pergunt

2424 5759 2570 5864 i'idgom
2597 5764 2650 5804 et
2680 5759 2804 5806 alter
2839 5756 3022 5816 Regius
3051 5766 3061 5800 :
3099 5754 3271 5815 ἑτέροις
3304 5752 3398 5801 τῶν
3441 5752 3676 5814 σωμάτων
3699 5753 3981 5813 ᾒμαγμὲνων

2425 5835 2510 5866 νπε
2539 5835 2669 5874 ηκεν.
3655 5831 3658 5834 ⁴
