4206 6302
311 412 411 467 6??

306 536 438 590 ergo
468 529 628 588 caput
656 519 900 575 coronari
933 518 1167 588 prodest,
1201 518 1323 573 dum
1355 519 1519 588 pedes
1545 520 1898 588 torquentur?

388 610 641 681 Martyres
665 627 764 677 quo
795 621 941 680 pacto
970 610 1221 664 imitandi.
1249 641 1320 650 —
1347 611 1414 665 Et
1437 611 1523 680 qui
1555 611 1668 666 ﬁeri
1700 620 1896 680 potest,

306 701 453 755 dicet
478 703 692 773 aliquis,
726 712 779 756 ut
811 713 1070 774 martyres
1096 703 1396 756 imitemur?
1419 718 1522 758 non
1553 703 1694 759 enim
1717 718 1900 773 perse~

308 794 582 861 quutionis
607 803 692 849 est
719 804 941 864 tempus.
983 794 1240 864 Equidem
1271 795 1321 848 id
1342 795 1501 850 etiam
1527 795 1639 849 scio
1673 811 1685 846 :
1714 809 1896 863 perse-

307 883 585 949 quutionis
605 884 816 952 quidem
843 892 1048 952 tempus
1075 892 1300 950 nonest,
1321 892 1375 937 at
1395 884 1633 953 martyrii
1655 892 1738 938 est
1759 891 1898 937 tem-

309 986 413 1040 pus
444 988 456 1023 :
491 972 747 1027 lectarum
775 973 1034 1043 ejusmodi
1066 984 1273 1043 tempus
1299 989 1408 1028 non
1433 982 1534 1037 est,
1578 984 1632 1028 at
1669 988 1898 1028 corona-

305 1078 428 1116 rum
460 1073 540 1119 est
571 1071 780 1134 tempus
809 1082 821 1117 :
852 1080 956 1118 non
987 1073 1378 1134 persequuntur
1403 1065 1667 1130 homines,
1699 1074 1752 1117 at
1777 1079 1896 1134 pcr-

304 1163 607 1222 sequuntur
631 1156 902 1210 daemones
943 1173 957 1209 :
1000 1170 1104 1208 non
1135 1163 1607 1227 vexattyrannus,
1653 1165 1708 1210 at
1736 1164 1899 1210 vexat

306 1241 557 1298 diabolus
585 1253 927 1316 tyrannorum
951 1247 1186 1299 omnium
1214 1247 1539 1302 saevissimus
1565 1263 1579 1306 ;
1610 1263 1715 1301 non
1750 1248 1899 1317 obje-

306 1344 427 1388 ctas
463 1350 659 1404 prunas
687 1336 984 1404 conspicis,
1015 1344 1070 1390 at
1099 1335 1400 1405 cupiditatis
1438 1339 1702 1407 conspicis
1739 1338 1896 1392 ﬂam-

306 1439 453 1478 mam
476 1440 755 1480 accensam
787 1443 800 1479 :
832 1426 903 1479 illi
937 1442 1136 1495 prunas
1166 1427 1457 1493 calcarunt,
1489 1436 1544 1481 tu
1574 1437 1776 1482 natura:
1802 1444 1897 1499 py-

307 1531 427 1570 ram
449 1518 593 1570 calca
629 1533 639 1568 :
667 1517 743 1570 illi
773 1532 892 1570 eum
923 1517 1106 1571 bestiis
1133 1526 1450 1586 pugnarunt,
1485 1527 1537 1572 tu
1570 1518 1698 1572 iram
1725 1520 1896 1572 immi—

309 1617 420 1674 tem
452 1617 504 1661 et
527 1606 834 1661 indomitam
868 1607 1101 1661 belluam
1129 1593 1274 1660 frena
1305 1624 1317 1659 :
1357 1608 1432 1661 illi
1463 1608 1718 1663 adversus
1758 1609 1896 1662 into-

201 1683 208 1687 ’
305 1695 559 1750 lerabiles
608 1697 822 1752 dolores
863 1706 1156 1762 steterunt,
1201 1707 1254 1751 tu
1304 1697 1562 1752 absurdus
1604 1713 1896 1767 pravasque

304 1785 659 1853 cogitationes
680 1826 693 1849 ,
724 1802 843 1855 qua:
873 1787 924 1840 in
962 1787 1125 1840 corde
1165 1797 1254 1840 tuo
1294 1787 1572 1855 pullulant,
1595 1789 1746 1843 vince
1777 1807 1790 1842 :
1824 1792 1893 1842 ita

305 1885 576 1944 martyres
602 1875 898 1930 imitabere.
929 1875 977 1928 Ν
984 1892 1079 1929 unc
1106 1878 1236 1929 enim
1260 1877 1400 1930 nobis
1430 1894 1530 1930 non
1551 1887 1622 1932 est
1650 1880 1893 1932 collucta-

306 1966 382 2019 tio
408 1967 646 2020 adversm
673 1983 874 2021 carnem
898 1976 941 2021 et
964 1970 1257 2038 sanguinem
1279 1986 1298 2034 ;
1324 1971 1412 2022 sed
1439 1971 1676 2025 adversus
1702 1972 1894 2040 princi-

306 2071 420 2124 pes,
450 2056 687 2110 adversus
734 2066 1019 2127 potestates,
1049 2059 1290 2113 adversus
1318 2060 1493 2113 mundi
1515 2071 1728 2115 rectores
1755 2071 1894 2116 tene-

307 2147 516 2202 brarum
542 2149 741 2216 harum,
771 2161 948 2204 contra
989 2152 1274 2222 spiritualia
1307 2154 1540 2220 nequitia:
1581 2153 1601 2223 (
1619 2153 1807 2223 Ephes.
1839 2154 1892 2208 6.

309 2236 427 2307 12).
458 2238 598 2307 Ignis
623 2249 704 2294 est
732 2240 993 2308 cupiditas
1019 2251 1256 2304 naturae,
1288 2241 1422 2311 ignis
1449 2242 1801 2297 inexstinetus
1833 2258 1896 2299 ae

308 2329 563 2396 perennis
583 2369 599 2395 ,
642 2330 790 2384 canis
815 2340 896 2385 est
924 2331 1140 2386 rabidus
1166 2338 1220 2386 et
1259 2332 1475 2386 insanus
1499 2349 1511 2384 :
1543 2333 1665 2388 licet
1703 2335 1895 2390 millies

293 2430 433 2472 .eum
487 2420 768 2487 propellas,
821 2421 1015 2485 millies
1059 2422 1311 2490 impetum
1341 2423 1481 2489 facit,
1521 2439 1620 2479 nec
1644 2425 1891 2480 absistit:

309 2519 451 2558 saava
483 2507 695 2575 quidem
740 2523 1027 2576 prunarum
1069 2521 1151 2564 est
1173 2511 1406 2577 ﬂamma,
1441 2529 1624 2568 verum
1651 2515 1764 2570 haec
1801 2532 1894 2571 ve-

309 2594 612 2651 hementior
633 2609 715 2654 est
734 2599 946 2654 ﬂamma
969 2601 1272 2671 cupiditatis
1298 2620 1311 2656 :
1341 2620 1627 2674 numquam
1658 2607 1896 2662 inducias

308 2687 436 2742 belli
460 2689 616 2758 hujus
641 2691 962 2759 obtinemus,
997 2709 1282 2763 numquam
1315 2709 1505 2766 pugnae
1542 2700 1896 2755 cessationem

307 2778 614 2833 obtinemus
639 2780 764 2834 dum
792 2782 843 2834 in
877 2781 975 2837 hae
996 2784 1099 2837 vita
1131 2799 1426 2851 versamur,
1458 2786 1550 2840 sed
1583 2799 1897 2857 perpetuum

308 2877 396 2922 est
433 2878 702 2925 certamen
725 2911 739 2935 ,
767 2881 826 2926 ut
849 2882 902 2927 et
930 2873 1205 2943 splendida
1245 2875 1336 2928 ﬁat
1363 2891 1579 2930 corona.
1609 2878 1898 2948 Pmpterea

310 2957 509 3013 Paulus
535 2974 633 3015 nos
654 2975 866 3031 semper
893 2973 1084 3029 armat,
1114 2965 1236 3034 quia
1263 2965 1385 3022 belli
1407 2977 1488 3021 est
1519 2977 1745 3038 tempus,
1774 2969 1898 3039 quia

307 3051 497 3121 vigilat
524 3067 734 3123 semper
783 3053 973 3110 hostis.
1018 3056 1180 3110 Visne
1223 3059 1515 3128 intelligere
1555 3061 1896 3129 cupiditatem

312 3156 422 3194 non
453 3143 628 3196 minus
653 3159 810 3213 quam
852 3146 1026 3214 ignem
1056 3148 1250 3201 urere?
1281 3148 1420 3201 Audi
1459 3148 1798 3204 Salomonem
1820 3151 1900 3206 di—

309 3241 545 3301 centem,
570 3233 852 3289 Ambulabit
867 3239 977 3305 quis
1003 3253 1154 3307 super
1181 3255 1373 3308 prunas
1397 3241 1545 3310 ignis,
1565 3251 1610 3294 et
1627 3243 1778 3311 pedes
1797 3258 1898 3297 non

309 3322 606 3377 comburet?
644 3325 715 3377 sic
742 3326 830 3395 qui
857 3327 1010 3380 intrat
1050 3327 1118 3379 ad
1147 3327 1402 3381 mulierem
1433 3331 1649 3397 proximi
1692 3333 1806 3397 sui,
1854 3343 1900 3388 et

310 3411 400 3477 qui
427 3413 586 3482 tangit
610 3429 720 3466 eam
741 3455 756 3480 ,
806 3431 907 3468 non
935 3416 1026 3468 erit
1065 3417 1298 3470 innoxius
1342 3416 1532 3485 (Prov.
1566 3419 1617 3474 6.
1646 3421 1735 3476 28.
1768 3423 1838 3478 29
1856 3425 1895 3493 ).

316 3500 478 3558 Vides
506 3512 562 3556 ut
589 3511 777 3557 natura
806 3505 1108 3575 cupiditatis
1140 3517 1380 3562 naturam
1422 3509 1556 3578 ignis
1581 3513 1900 3567 aemuletur?

310 3590 464 3646 Sicut
487 3593 629 3648 enim
656 3594 772 3650 ﬁeri
801 3597 1002 3667 nequit,
1030 3608 1088 3651 ut
1108 3600 1196 3668 qui
1225 3601 1390 3670 tangit
1418 3602 1615 3670 ignem,
1641 3619 1744 3659 non
1776 3621 1899 3660 ura-

313 3689 444 3734 tur:
479 3682 552 3736 ita
578 3681 934 3739 formosorum
972 3687 1213 3741 vultuum
1239 3701 1490 3758 aspectus
1517 3691 1637 3761 igne
1676 3694 1902 3751 celerius

315 3772 516 3828 lascive
551 3773 844 3830 intuentem
871 3776 1102 3831 animam
1144 3780 1393 3849 corripit;
1422 3789 1476 3836 et
1506 3783 1650 3838 velut
1673 3799 1902 3842 accensu

312 3858 488 3917 facilis
521 3864 762 3933 quaedam
793 3868 1073 3933 materies,
1105 3867 1176 3922 ita
1202 3884 1426 3939 corpora
1463 3874 1703 3941 speciosa
1743 3876 1902 3931 lasei-

316 3967 510 4006 vorum
533 3955 699 4009 oculis
719 3964 843 4010 sunt
870 3957 1097 4026 objecta.
1130 3958 1486 4026 Quamobrem
1507 3973 1784 4034 aspectum
1808 3981 1903 4020 ex-

315 4034 569 4100 teriorem
614 4047 916 4116 cupiditatis
962 4050 1067 4119 igni
1101 4065 1204 4104 non
1245 4061 1457 4121 oportet
1495 4055 1548 4108 in
1593 4055 1902 4111 alimentum

315 4133 534 4206 oﬂ‘erre,
557 4137 652 4191 sed
679 4138 825 4192 omni
846 4154 909 4192 ex
930 4148 1081 4208 parte
1103 4141 1354 4214 cohibere
1380 4143 1548 4207 illum,
1573 4145 1909 4215 cogitationi-

315 4224 418 4280 bus
447 4227 548 4296 piis
577 4229 952 4298 exstinguere,
997 4241 1156 4301 atque
1191 4232 1414 4289 ulterius
1438 4246 1770 4304 grassantem
1811 4241 1906 4294 de.

315 4315 684 4385 ﬂagratiunem
713 4319 1003 4386 refrenare,
1036 4337 1133 4378 nec
1164 4324 1325 4378 animi
1358 4328 1522 4381 nostri
1553 4333 1904 4388 constantiam

317 4405 497 4461 sinere
523 4408 877 4477 supplantari.
908 4411 1048 4467 Sane
1073 4413 1287 4482 quidem
1310 4417 1550 4485 voluptas
1575 4422 1771 4489 omnis,
1799 4439 1905 4493 quo

319 4504 563 4566 tempore
601 4500 1027 4568 perturbationes
1049 4506 1434 4574 prmvaluerint
1454 4549 1467 4573 ,
1493 4511 1633 4579 solet
1670 4515 1906 4570 animum

318 4585 443 4655 igne
487 4588 858 4645 vehementius
884 4591 1237 4662 inﬂammare,
1270 4598 1372 4652 nisi
1403 4600 1520 4669 quis
1548 4600 1755 4658 fortiter
1783 4621 1903 4660 cum

243 4713 246 4716 ι
315 4677 600 4733 tolerantia
644 4679 852 4750 ﬁdeque
894 4683 1153 4739 adversus
1202 4688 1438 4758 singulas
1484 4695 1908 4760 perturbationes

316 4765 603 4822 decertet:
636 4783 742 4839 quo
776 4782 932 4841 pacto
973 4774 1161 4831 beatus
1198 4789 1358 4847 atque
1383 4796 1675 4850 generosus
1705 4787 1908 4843 athleta

317 4857 521 4913 Christi
555 4859 799 4916 Barlaam
838 4861 962 4944 fecit
982 4905 997 4930 ,
1029 4866 1157 4921 dum
1186 4883 1376 4924 manus
1415 4873 1581 4941 ipsius
1611 4884 1901 4947 torquetur,

316 4949 578 5019 integram
599 4952 649 5005 in
675 4953 894 5010 dextera
915 4971 1099 5027 pyram
1120 4969 1354 5029 gestans,
1380 4978 1477 5018 nec
1493 4964 1663 5021 dolori
1688 4970 1905 5036 cedens,

315 5040 414 5094 sed
445 5042 514 5095 ita
542 5041 793 5109 affectus,
831 5055 887 5100 ut
916 5047 1091 5102 minus
1120 5064 1277 5118 quam
1307 5060 1479 5109 statua
1506 5055 1779 5114 doloribus
1803 5062 1905 5115 ob-

315 5132 512 5187 noxius
539 5142 702 5190 esset.
726 5134 837 5191 lmo
863 5152 991 5193 vero
1016 5139 1230 5196 dolebat
1255 5142 1343 5198 ille
1374 5145 1586 5213 quidem
1607 5146 1709 5214 ,ae
1743 5154 1910 5220 patie-

314 5226 509 5290 batur;
532 5239 727 5296 eorpus
751 5227 893 5282 enim
922 5240 1067 5298 erat,
1094 5233 1236 5302 quod
1274 5235 1614 5306 subjacebat,
1663 5256 1767 5295 non
1802 5242 1909 5298 fer-

316 5331 434 5369 rum
470 5333 483 5369 :
519 5316 612 5371 sed
637 5317 824 5375 dolens
854 5335 915 5375 ae
943 5323 1151 5391 patiens
1176 5324 1607 5395 incorporearum
1650 5334 1905 5390 virtutum

315 5407 370 5458 in
404 5409 613 5461 mortali
636 5422 861 5476 corpore
890 5413 1281 5483 pltilOSOphiam
1311 5433 1418 5485 pra:
1444 5433 1502 5474 se
1525 5420 1748 5486 ferebat,

389 5497 446 5549 ἶ.
490 5497 852 5555 Narrationem
876 5503 938 5557 de
963 5506 1205 5575 martyrio
1233 5505 1475 5561 Barlaam
1505 5512 1907 5572 ordinm—Vc-

320 5590 718 5646 rumcnimvero
745 5594 1057 5664 martyrium
1085 5596 1200 5665 ejus
1226 5598 1382 5652 altius
1399 5614 1624 5656 exorsus
1653 5607 1900 5674 narrabo,

321 5692 380 5735 ut
409 5682 745 5738 manifestior
775 5684 864 5739 ﬁat
890 5687 1111 5741 historia
1138 5705 1148 5740 :
1187 5699 1240 5743 tu
1269 5705 1396 5745 vero
1425 5692 1679 5748 malitiam
1710 5696 1905 5754 diaboli

313 5775 615 5831 considera.
638 5776 905 5843 Quosdam
950 5779 1162 5851 quidem
1188 5793 1494 5841 sanctorum
1523 5785 1578 5841 in
1604 5790 1902 5860 sartagines

1346 403 1410 459 IN
1451 404 1508 460 S.
1551 401 1978 459 BARLAAMUM
2017 402 2426 462 MARTYBEM.

3440 411 3541 467 678

2007 515 2250 585 impulit,
2277 517 2533 587 quosdam
2563 526 2742 574 autem
2774 520 2825 573 in
2859 519 3061 576 lebetes
3090 520 3308 578 immisit
3350 524 3469 594 igne
3499 542 3589 578 ve-

2005 608 2309 663 hementius
2343 610 2659 675 bullientes;
2691 619 2745 666 et
2771 612 2961 666 borum
2987 613 3199 683 quidem
3229 614 3393 670 latera
3421 604 3586 671 lania-

2005 700 2100 766 vit,
2131 701 2249 754 illos
2272 710 2447 756 autem
2477 702 2530 755 in
2566 717 2712 758 mare
2736 703 2993 759 demersit
3019 721 3033 758 :
3066 707 3199 762 alios
3236 707 3420 763 bestiis
3442 709 3592 769 obje-

2003 789 2096 854 eit,
2131 790 2266 845 alios
2309 791 2362 845 in
2404 791 2673 847 fornacem
2704 793 2916 863 injecit;
2969 805 3023 849 et
3073 795 3261 850 horum
3300 812 3591 869 compages

2003 882 2364 937 membrorum
2392 883 2627 950 divulsit,
2663 885 2873 940 illorum
2903 886 3077 941 adhuc
3099 889 3392 944 viventium
3423 893 3590 960 pelles

2004 971 2232 1027 detraxit
2255 989 2268 1025 :
2295 975 2517 1028 aliorum
2543 977 2836 1031 cruentatis
2853 979 3164 1047 corporibus
3188 996 3384 1050 prunas
3405 983 3589 1051 subje-

2002 1062 2097 1127 cit,
2127 1062 2266 1116 unde
2287 1063 2532 1117 scintillze
2561 1064 2910 1134 prosiliebant
2939 1069 2990 1121 in
3022 1069 3223 1136 ulcera,
3249 1070 3364 1125 fera
3392 1074 3581 1141 quavis

2001 1153 2246 1207 acerbius
2277 1153 2496 1208 vulnera
2527 1155 2831 1211 mordentes
2862 1173 2877 1211 :
2910 1158 3028 1211 aliis
3051 1160 3154 1213 alia
3185 1161 3427 1230 gravium
3465 1177 3591 1232 sup-

2003 1242 2162 1310 plicia
2186 1244 2540 1313 exeogitabat.
2573 1245 2862 1316 Postquam
2887 1248 3048 1318 igitur
3073 1249 3188 1305 haec
3212 1253 3389 1307 omnia
3413 1253 3588 1308 derisa

2002 1333 2150 1397 vidit,
2179 1343 2231 1387 et
2255 1347 2348 1388 eos
2368 1336 2453 1403 qui
2477 1337 2616 1405 passi
2636 1335 2749 1390 haec
2769 1336 3002 1406 fuerant,
3029 1354 3151 1394 cum
3174 1357 3235 1396 ea
3265 1342 3432 1397 multa
3463 1342 3591 1400 faei-

2003 1422 2149 1478 litate
2193 1439 2257 1478 ae
2299 1426 2653 1494 prmstantiori
2704 1428 2898 1483 virtute
2945 1443 3326 1500 superassent,
3382 1437 3592 1490 ueteris

2002 1514 2089 1580 qui
2135 1514 2410 1581 sequuturi
2461 1529 2554 1568 eos
2603 1525 2782 1571 essent
2836 1526 2892 1572 et
2937 1518 2991 1572 in
3044 1523 3340 1576 certamina
3397 1524 3590 1579 eadem

2001 1600 2351 1668 descensuri,
2397 1618 2643 1672 magnam
2685 1606 3025 1663 conﬁdentiae
3067 1611 3403 1666 occasionem
3447 1623 3589 1667 attu-

2002 1693 2128 1747 lisse
2158 1711 2172 1749 :
2203 1695 2328 1764 quid
2350 1695 2497 1766 agit?
2521 1695 2726 1750 Novum
2755 1699 3062 1752 insidiarum
3088 1716 3257 1771 genus
3300 1704 3589 1772 excogitat,

1998 1792 2061 1837 ut
2101 1784 2444 1855 incogitatum
2473 1795 2526 1840 et
2553 1787 2820 1842 insolitum
2859 1791 3177 1860 supplicium
3204 1793 3416 1862 dejiciat
3445 1811 3592 1849 mar-

2001 1874 2155 1943 tyris
2181 1876 2414 1928 animum
2456 1885 2615 1946 atque
2658 1879 2932 1946 percellat.
2975 1881 3127 1948 Quod
3171 1883 3314 1938 enim
3352 1885 3590 1940 auditum

2001 1974 2082 2021 est
2109 1974 2163 2020 et
2184 1968 2450 2037 cognitum
2472 2009 2486 2033 ,
2520 1969 2642 2025 licet
2673 1971 3008 2028 intolerabile
3037 1975 3140 2042 sit,
3189 1980 3591 2046 exSpectatione

2003 2057 2314 2113 meditatum
2342 2058 2496 2116 facile
2526 2061 2578 2116 in
2619 2073 2982 2133 contemptum
3011 2067 3155 2122 venit
3187 2087 3201 2122 :
3241 2071 3382 2138 quod
3410 2057 3589 2128 autem

2003 2155 2084 2201 est
2113 2146 2442 2217 inopinatum
2464 2191 2478 2215 ,
2512 2151 2635 2206 licet
2672 2152 2787 2207 leve
2813 2155 2915 2220 sit,
2947 2155 2996 2208 id
3042 2171 3149 2225 prae
3178 2160 3593 2216 cmterisomni-

2004 2235 2104 2290 bus
2131 2245 2214 2292 est
2253 2239 2664 2295 intolerandum.
2697 2244 2826 2298 Esto
2873 2246 3031 2315 igitur
3056 2262 3251 2303 novum
3283 2262 3551 2306 certamen
3579 2294 3593 2315 ,

2003 2326 2309 2382 inusitatum
2342 2331 2850 2401 machinamentum,
2877 2345 2933 2389 ut
2958 2352 3092 2392 nova
3120 2348 3174 2392 et
3204 2339 3449 2395 inusitata
3480 2342 3596 2412 ejus
3663 2353 3665 2355 ‘

2003 2419 2211 2486 species
2241 2422 2603 2487 perturbatum
2635 2423 2788 2480 facile
2824 2427 3078 2482 athletam
3105 2431 3430 2499 supplautet.
3458 2431 3596 2498 Quid

2001 2523 2129 2578 ergo
2157 2511 2316 2564 facit?
2339 2512 2592 2567 Sanctum
2611 2529 2640 2570 e
2658 2530 2872 2572 carcere
2899 2518 3134 2573 vinetum
3165 2520 3360 2576 educit.
3382 2521 3594 2577 Etenim

2006 2598 2108 2653 hoe
2132 2615 2342 2671 quoque
2369 2603 2582 2659 malitia:
2611 2605 2751 2662 illius
2781 2606 2909 2674 fuit,
2950 2609 3094 2679 quod
3115 2612 3292 2666 statim
3335 2627 3365 2666 a
3396 2614 3597 2682 princi-

2007 2692 2096 2760 pio
2134 2708 2322 2762 graves
2361 2695 2636 2753 machinas
2678 2714 2785 2753 non
2814 2700 3139 2768 admoverit,
3189 2719 3288 2760 nec
3333 2706 3598 2762 horrenda

2007 2782 2263 2851 supplicia
2297 2786 2565 2853 intulerit,
2594 2788 2689 2843 sed
2712 2805 2741 2844 a
2763 2791 3062 2849 minoribus
3089 2810 3316 2864 pugnam
3349 2798 3596 2865 iuiverit;

2007 2872 2132 2942 quid
2151 2874 2260 2928 ita?
2291 2874 2357 2931 Ut
2385 2877 2432 2931 si
2476 2879 2690 2948 quidem
2720 2881 2792 2949 ii,
2832 2884 2921 2952 qui
2968 2884 3382 2956 depugnabant,
3416 2891 3598 2946 vince-

2002 2972 2208 3029 rentur,
2239 2967 2405 3036 turpis
2436 2967 2588 3025 ﬂeret
2612 2985 2797 3042 e9rum
2827 2973 3007 3029 clades
3033 3017 3048 3042 ,
3093 2977 3235 3046 quod
3283 2993 3351 3033 ne
3393 2983 3599 3051 exiguis

2011 3053 2228 3123 quidem
2269 3059 2618 3126 restitissent;
2666 3063 2745 3115 sin
2774 3072 2949 3118 autem
2989 3069 3293 3134 superiores
3317 3082 3499 3127 essent
3539 3089 3602 3129 ac

2009 3141 2322 3219 vincerent,
2373 3163 2495 3203 cum
2527 3151 2580 3204 in
2633 3153 2930 3210 minoribus
2983 3157 3129 3225 prius
3158 3173 3343 3214 eorum
3390 3163 3602 3219 afﬂicta:

2010 3233 2150 3288 vires
2186 3245 2394 3304 essent,
2421 3253 2450 3292 a
2495 3241 2787 3310 majoribus
2816 3249 3109 3315 expugnari
3155 3247 3312 3306 facile
3361 3265 3601 3321 possent.

2007 3322 2212 3380 Idcirco
2237 3327 2444 3383 minora
2478 3331 2622 3399 prius
2650 3332 2921 3403 adhibuit,
2952 3346 3006 3391 ut
3036 3338 3150 3394 sive
3188 3344 3600 3412 expugnaverit,

2006 3416 2120 3471 sive
2163 3433 2268 3472 non
2301 3423 2713 3499 expugnaverit,
2747 3440 2835 3480 res
2892 3438 3085 3496 prmter
3125 3438 3305 3485 votum
3346 3449 3452 3488 non
3482 3450 3604 3489 suc-

2007 3507 2163 3561 cedat
2191 3525 2205 3561 :
2238 3508 2361 3564 Sive
2390 3513 2532 3565 enim
2578 3504 2985 3587 expugnavere,
3019 3519 3226 3590 inquit,
3277 3523 3424 3591 ipsos
3463 3525 3603 3581 deri-

2009 3611 2162 3664 sero;
2194 3600 2236 3653 si
2261 3610 2438 3656 autem
2458 3619 2562 3659 non
2594 3619 2989 3678 expugnavere,
3016 3610 3341 3670 inﬁrmiores
3366 3614 3433 3670 ad
3463 3617 3604 3672 iutu-

2009 3705 2067 3744 ra
2094 3691 2394 3749 reddidero.
2426 3696 2468 3749 E
2497 3710 2712 3754 carcere
2739 3700 2895 3770 igitur
2919 3702 3091 3769 ipsum
3110 3703 3319 3771 educit;
3351 3707 3439 3762 ille
3475 3723 3604 3763 vero

2011 3790 2278 3853 tamquam
2309 3799 2601 3855 generosus
2643 3789 2840 3845 athleta
2873 3793 3040 3846 multo
3071 3803 3311 3865 tempore
3348 3798 3402 3852 in
3443 3799 3606 3868 palin-

2010 3883 2120 3929 stra
2163 3878 2487 3934 exercitatus
2529 3881 2708 3936 exibat
2737 3899 2749 3934 :
2777 3884 3021 3952 palaestra
3074 3888 3334 3957 siquidem
3384 3874 3608 3963 martyri

2012 3981 2195 4022 career
2220 3979 2368 4034 erat;
2399 3970 2576 4040 ibique
2617 3987 2858 4029 seorsum
2890 3989 3009 4030 cum
3043 3977 3154 4033 Deo
3197 3980 3508 4051 colloquens
3536 3985 3607 4039 ab

2013 4058 2108 4112 illo
2146 4074 2334 4116 cuncta
2366 4062 2670 4120 luctationis
2714 4067 2934 4122 artiﬁcia
2984 4069 3220 4126 discebat
3260 4089 3274 4126 :
3328 4074 3417 4128 ubi
3462 4076 3606 4131 enim

2013 4152 2138 4206 talia
2167 4152 2408 4221 vincula,
2438 4156 2509 4210 ibi
2540 4165 2594 4210 et
2630 4156 2874 4214 Christus
2899 4160 3072 4226 adest.

2085 4244 2426 4316 Intponuntur
2453 4250 2628 4302 manui
2656 4250 2764 4320 ejus
2793 4268 2972 4321 pruna
2995 4255 3263 4320 ardentes;
3285 4257 3501 4327 eleganti
3529 4259 3603 4313 εἱ-

2015 4337 2301 4391 militudine
2325 4338 2513 4407 {actum
2539 4343 2768 4394 exornat.
2790 4372 2860 4382 —
2889 4341 3069 4413 Itaque
3088 4347 3461 4415 egrediebatur
3487 4351 3606 4406 lon-

2014 4427 2150 4497 giori
2174 4429 2406 4483 careeris
2446 4429 2773 4486 habitatione
2795 4433 3061 4488 robustior
3091 4434 3264 4493 factus
3288 4456 3302 4503 ;
3328 4455 3602 4509 egressura

2015 4527 2194 4572 autem
2226 4518 2374 4572 illum
2404 4534 2523 4574 eum
2565 4521 2617 4575 in
2663 4521 2898 4576 medium
2945 4523 3186 4582 diabolus
3224 4543 3318 4597 per
3346 4546 3474 4597 eos,
3514 4537 3607 4604 qui

2016 4607 2183 4676 ipsius
2212 4608 2539 4678 improbitati
2571 4609 2981 4678 famulabantur,
3016 4615 3357 4683 adduxisset,
3389 4639 3493 4676 non
3541 4626 3605 4679 ad

2016 4699 2300 4767 equuleum
2349 4699 2620 4769 alligavit,
2680 4717 2784 4756 non
2838 4705 3180 4762 carniﬁcibus
3221 4710 3438 4766 cinxit:
3493 4715 3608 4771 haec

2017 4788 2156 4840 enim
2185 4801 2309 4841 eum
2334 4787 2656 4860 percupere,
2682 4806 2745 4846 ac
2775 4795 3202 4863 praemeditatum
3233 4816 3353 4856 esse
3375 4803 3606 4876 jampri-

2017 4875 2136 4931 dem
2160 4878 2409 4943 videbat;
2441 4881 2533 4934 sed
2565 4882 2798 4938 insolens
2824 4886 3089 4954 quoddam
3136 4905 3199 4944 ac
3228 4907 3459 4962 novum,
3504 4875 3610 4954 luce

2017 4984 2265 5037 umquam
2288 4968 2626 5037 formidatum
2657 4974 3143 5035 machinamentum
3173 4983 3427 5040 admovet
3453 4991 3605 5055 turri,

2019 5073 2124 5128 quo
2153 5058 2308 5114 facile
2349 5062 2517 5130 possit
2547 5061 2859 5119 deturbari:
2909 5067 3009 5122 hoc
3038 5070 3181 5124 enim
3212 5083 3323 5141 est,
3365 5077 3509 5145 quod
3554 5079 3609 5135 iu

2017 5152 2262 5207 omnibus
2292 5154 2470 5210 studet
2509 5158 2767 5222 maxime,
2799 5169 2852 5214 ut
2881 5164 3185 5232 supplautet
3215 5168 3422 5236 potius,
3452 5188 3610 5241 quam

2017 5251 2074 5296 ut
2098 5243 2284 5298 dolore
2321 5255 2567 5316 torqueat
2597 5258 2832 5304 sanctos.
2863 5251 3140 5318 Quodnam
3171 5258 3329 5326 igitur
3370 5261 3500 5317 illud
3531 5274 3614 5319 est

2017 5334 2541 5391 machinamentum?
2570 5338 2702 5394 Cum
2725 5357 2885 5411 super
2909 5359 3056 5399 aram
3081 5350 3370 5406 extendere
3393 5369 3610 5410 manum

2019 5429 2258 5498 Supiuam
2282 5429 2571 5498 jussisseut
2595 5474 2610 5498 ,
2657 5449 2854 5502 prunas
2885 5447 2938 5491 et
2963 5439 3086 5494 thus
3113 5444 3292 5497 manui
3333 5445 3611 5516 imposue-

2018 5529 2177 5586 runt,
2207 5529 2263 5574 ut
2292 5522 2336 5575 si
2381 5521 2561 5577 doleat
2589 5539 2652 5579 ac
2686 5541 2904 5581 manum
2955 5531 3217 5600 invertat,
3267 5537 3489 5604 perinde
3537 5539 3617 5597 illi

2018 5612 2214 5666 factum
2243 5613 2537 5683 imputent,
2573 5631 2633 5671 ac
2669 5619 2708 5671 si
2734 5622 3290 5696 sacrilieaveritatque
3312 5638 3616 5699 transgres-

2017 5715 2108 5755 sus
2150 5702 2332 5770 lapsus
2361 5704 2535 5760 fuerit.
2573 5707 2732 5762 Vides
2756 5725 2915 5779 quam
2950 5713 3196 5770 versutus
3224 5715 3294 5770 sit
3321 5717 3613 5778 diabolus?

2023 5795 2089 5847 At
2120 5793 2259 5863 vide,
2290 5812 2392 5866 quo
2417 5807 2568 5868 pacto
2605 5799 2677 5865 is,
2714 5803 2801 5869 qui
2831 5804 3229 5874 comprehendit
3262 5808 3531 5876 sapientes
3555 5820 3609 5876 in
