4206 6302
375 497 599 569 jacens,
623 499 793 570 spolia
815 483 1044 556 sublime
1069 493 1351 568 pendentia
1372 532 1395 558 ,,
1417 499 1689 548 recentem
1717 504 1964 547 cruorem

376 604 445 643 ex
489 591 738 646 manibus
778 591 894 660 ejus
950 586 1273 653 stillantem,
1317 584 1408 654 qui
1461 592 1719 654 tropaeum
1758 580 1964 649 erexit,

375 681 574 751 ubique
603 683 816 737 lanceas
835 693 888 737 et
907 682 1122 752 clypeos
1136 719 1166 745 ,,
1181 687 1235 732 et
1257 690 1446 743 arcus,
1479 683 1536 731 et
1558 689 1772 729 omnem
1805 673 1962 728 aliam

381 784 710 828 armaturam
727 773 1014 844 iacentem.
1046 772 1246 828 Idcirco
1270 783 1366 823 nos
1396 768 1554 823 etiam
1586 767 1673 822 hic
1700 764 1962 821 conveni-

373 880 498 920 mus
526 880 540 918 :
575 867 863 918 tentorium
906 863 1049 918 enim
1090 871 1173 916 est
1198 860 1426 914 militare
1460 866 1754 929 martyrum
1784 865 1961 912 tumu-

373 955 463 1008 lus
492 971 508 1008 :
532 967 596 1008 ac
615 953 662 1009 si
687 954 807 1008 ﬁdei
835 954 1017 1007 oculos
1046 951 1319 1020 aperueris
1340 990 1355 1014 ,
1386 948 1472 1003 hic
1495 949 1716 1018 iustitia»
1741 945 1960 1001 loricam

364 1043 638 1113 iacentem
692 1044 998 1104 intuebere.
1044 1053 1251 1097 scutum
1297 1040 1454 1102 ﬁdei,
1493 1041 1698 1109 galeam
1729 1037 1914 1092 salutis
1941 1078 1957 1101 ,

367 1148 557 1189 ocreas
587 1128 885 1204 Evangelii.
909 1130 1143 1201 gladium
1175 1129 1404 1202 Spiritus
1424 1129 1642 1199 (Ep/tes.
1666 1128 1719 1182 6.
1746 1125 1958 1197 ll-l'l),

365 1219 546 1294 ipsum
577 1223 778 1279 diaboli
803 1233 961 1292 caput
988 1223 1040 1277 in
1073 1231 1266 1277 terram
1296 1219 1610 1291 projectum.
1653 1217 1787 1273 Cum
1814 1219 1956 1271 enim

363 1313 640 1370 hominem
666 1324 970 1384 correptum
988 1329 1018 1368 a
1046 1313 1290 1368 daemone
1324 1312 1472 1381 juxta
1501 1310 1755 1387 martyris
1781 1307 1958 1377 sepul-

359 1419 518 1460 crum
545 1405 744 1460 videris
769 1407 1016 1475 supinum
1038 1406 1307 1474 jacentem
1327 1445 1344 1470 ,
1376 1417 1440 1458 ac
1457 1403 1691 1471 seipsum
1716 1413 1956 1469 persaepe

359 1493 654 1551 laniantem
676 1540 692 1560 ,
717 1495 846 1550 nihil
873 1496 1015 1550 aliud
1053 1495 1153 1549 nisi
1184 1495 1307 1548 mali
1335 1502 1494 1561 caput
1516 1500 1844 1562 amputatum
1871 1490 1954 1543 vi-

358 1585 480 1641 des.
511 1586 750 1656 Namque
775 1586 970 1641 Christi
999 1585 1253 1640 militibus
1285 1585 1400 1638 hmc
1448 1598 1596 1637 arma
1627 1596 1766 1636 nunc
1794 1581 1953 1635 etiam

355 1663 608 1746 adjacent
651 1696 666 1732 :
706 1686 758 1732 et
808 1675 1253 1745 quemadmodum
1303 1675 1587 1730 beliatores
1636 1672 1952 1727 fortissimos

355 1779 482 1820 cum
510 1767 648 1841 suis
691 1767 955 1836 sepeliunt
1001 1766 1165 1820 armis
1215 1764 1588 1834 imperatores,
1616 1763 1686 1817 ita
1730 1762 1855 1817 fecit
1897 1768 1952 1815 et

352 1853 601 1911 Christus
629 1874 644 1909 :
669 1871 788 1911 cum
811 1857 923 1911 suis
946 1871 1040 1912 eos
1063 1855 1226 1910 armis
1250 1855 1526 1926 sepelivit,
1552 1863 1607 1908 ut
1631 1854 1790 1908 etiam
1824 1860 1949 1906 ante

352 1947 804 2001 resurrectionem
833 1947 1057 2016 gloriam
1083 1961 1298 2000 omnem
1330 1945 1685 2014 virtutemque
1731 1952 1946 1998 sancto-

351 2051 475 2090 rum
505 2037 829 2092 ostenderet.
859 2038 1134 2108 Cognosce
1174 2029 1332 2108 igitur
1353 2037 1684 2105 spiritualem
1706 2035 1943 2106 ipsorum

350 2137 718 2196 armaturam;
761 2140 816 2186 et
857 2131 1105 2185 maximis
1155 2131 1419 2200 perceptis
1467 2130 1779 2184 utilitatibus
1819 2128 1944 2184 hinc

347 2217 617 2274 discedes.
649 2220 871 2275 Multum
892 2229 946 2276 et
970 2221 1063 2276 tibi
1087 2237 1206 2275 cum
1234 2221 1448 2275 diabolo
1477 2219 1672 2275 bellum
1710 2230 1793 2274 est
1815 2262 1829 2285 ,
1860 2221 1943 2276 di-

347 2307 642 2365 lectissime
659 2352 675 2376 ,
695 2320 916 2377 multum
945 2311 1159 2380 inquam
1177 2353 1191 2376 ,
1216 2309 1464 2380 magnum
1491 2319 1547 2365 et
1570 2324 1829 2379 perenne.

423 2397 690 2454 Invenitur
714 2401 766 2454 in
786 2401 994 2455 delicias
1021 2410 1068 2456 et
1110 2402 1286 2455 luxum
1304 2439 1323 2468 ,
1343 2411 1390 2454 ε]
1417 2401 1470 2453 in
1499 2416 1585 2455 eos
1608 2400 1696 2470 qui
1720 2401 1940 2454 theatro-

345 2507 462 2544 rum
487 2492 777 2562 spectacula
802 2496 1091 2564 frequenter
1115 2492 1555 2547 adeunt—Disce
1585 2493 1744 2564 igitur
1767 2494 1940 2549 lucta-

345 2582 559 2650 tiones,
588 2591 647 2637 ut
691 2583 942 2639 victorias
986 2584 1254 2640 imiteris:
1297 2599 1584 2655 aspernare
1619 2585 1837 2641 divitias
1878 2601 1941 2642 ac

345 2675 635 2743 peCunias,
688 2684 744 2730 et
810 2690 1028 2731 omnem
1081 2676 1340 2745 reliquam
1393 2677 1573 2732 smculi
1625 2692 1874 2747 pompam
1919 2694 1934 2732 :

345 2779 415 2818 ne
441 2764 845 2836 beatosjudices
865 2781 979 2830 eos,
1009 2768 1099 2835 qui
1126 2767 1318 2822 divites
1338 2778 1482 2835 sunt,
1507 2768 1600 2823 sed
1631 2770 1814 2824 beatos
1843 2783 1939 2824 eos

338 2854 521 2925 iudica
544 2896 561 2922 ,
583 2857 673 2926 qui
713 2858 1025 2929 martyrium
1055 2857 1330 2926 patiuntur
1360 2875 1375 2911 :
1402 2873 1506 2912 non
1529 2873 1623 2913 eos
1641 2859 1732 2928 qui
1763 2859 1814 2913 in
1836 2858 1936 2913 de-

341 2948 514 3014 liciis,
544 2948 640 3004 sed
682 2950 772 3019 qui
813 2949 865 3003 in
901 2950 1258 3020 sartaginibus
1289 2958 1573 3004 versantur
1604 2967 1618 3004 :
1649 2965 1755 3005 non
1805 2967 1933 3018 eos,

339 3040 434 3109 qui
480 3040 715 3110 opiparas
740 3055 941 3096 mensa:
969 3040 1244 3106 assident,
1269 3039 1364 3094 sed
1389 3055 1484 3094 eos
1503 3080 1518 3104 ,
1556 3040 1646 3110 qui
1676 3040 1730 3094 in
1762 3040 1936 3097 lebete

341 3142 617 3186 torrentur
642 3149 658 3187 :
681 3147 787 3186 non
814 3146 942 3197 eos,
974 3132 1064 3202 qui
1085 3131 1288 3186 diurnis
1311 3131 1361 3185 in
1390 3130 1596 3186 balneis
1619 3172 1636 3196 ,
1667 3130 1764 3185 sed
1804 3146 1897 3186 eos
1916 3174 1931 3198 ,

336 3222 430 3290 qui
454 3222 506 3276 in
534 3221 669 3276 diris
692 3229 819 3276 sunt
857 3220 1161 3276 fornacibus
1186 3238 1201 3277 :
1233 3236 1339 3275 non
1379 3235 1474 3275 eos
1493 3261 1509 3287 ,
1538 3221 1626 3290 qui
1655 3221 1804 3276 olent
1836 3238 1936 3276 un-

333 3323 567 3382 guenta,
597 3312 691 3367 sed
717 3327 845 3380 eos,
873 3313 961 3383 qui
1002 3312 1204 3367 fumum
1250 3325 1318 3369 ac
1336 3305 1588 3367 nidorem
1628 3312 1731 3366 usti
1774 3314 1933 3368 emit-

335 3412 462 3460 tunt
495 3423 508 3458 :
537 3403 625 3459 hic
654 3404 819 3458 multo
863 3403 959 3460 illo
1001 3404 1340 3474 prtestantior
1368 3412 1423 3457 et
1462 3403 1643 3460 utilior
1656 3412 1740 3458 est
1766 3404 1931 3470 odor;

334 3495 605 3565 siquidem
628 3495 718 3550 ille
743 3494 808 3550 ad
836 3495 1161 3565 supplicium
1204 3495 1324 3550 illos
1344 3495 1431 3564 qui
1454 3509 1519 3549 eo
1545 3493 1814 3561 fruuntur,
1846 3494 1934 3550 hic

333 3595 515 3641 autem
541 3585 607 3639 ad
635 3585 849 3655 prmmia
874 3599 1204 3654 coronasque
1223 3585 1464 3640 caelestes
1491 3585 1725 3642 abducit.
1757 3587 1933 3656 Atque

332 3682 397 3729 ut
416 3674 682 3745 intelligas
696 3673 888 3728 malam
900 3689 1016 3729 rem
1031 3690 1150 3731 esse
1162 3674 1400 3740 delicias,
1418 3691 1680 3745 usumque
1695 3691 1935 3746 unguen-

332 3773 515 3820 torum
535 3805 551 3829 ,
599 3774 655 3821 et
682 3765 995 3821 ebrietatem
1016 3806 1032 3832 ,
1054 3774 1109 3820 et
1135 3766 1312 3819 vinum
1341 3767 1623 3822 immodice
1636 3777 1927 3838 sumptum,

330 3864 394 3912 et
420 3857 694 3925 opiparam
719 3870 958 3912 mensam
978 3897 993 3921 ,
1027 3856 1149 3910 audi
1179 3855 1304 3924 quid
1333 3856 1476 3912 dicat
1500 3857 1758 3927 propheta
1793 3874 1805 3909 :
1842 3856 1932 3914 Vw

331 3951 644 4005 dentientes
668 3951 721 4004 in
743 3949 884 4004 lectis
911 3950 1156 4012 eburneis,
1180 3950 1434 4020 aﬂluentes
1463 3951 1656 4006 deliciis
1680 3952 1734 4004 in
1759 3951 1932 4022 stratis

330 4041 474 4105 suis,
499 4051 548 4095 et
573 4041 887 4095 eomedentes
907 4039 1081 4094 hmdos
1105 4041 1167 4093 de
1187 4041 1438 4110 gregibus,
1468 4051 1514 4095 et
1531 4041 1768 4097 lactentes
1797 4043 1930 4096 vitu-

322 4131 417 4191 los
457 4132 522 4186 de
544 4131 818 4197 armentis;
845 4133 929 4201 qui
958 4130 1130 4185 bibunt
1161 4132 1328 4184 uinum
1355 4131 1658 4202 defwcatum
1679 4173 1694 4197 ,
1745 4141 1792 4186 et
1819 4133 1928 4202 pri-

329 4222 433 4278 mis
457 4221 724 4292 unguentis
752 4229 1013 4290 unguntur
1058 4221 1238 4292 (Amos
1277 4221 1331 4276 6.
1363 4220 1508 4293 4-6).
1537 4222 1690 4292 Quod
1719 4223 1763 4276 si
1811 4223 1930 4278 haec

331 4313 535 4368 veteris
587 4311 916 4367 Testamenti
967 4320 1203 4381 tempore
1271 4311 1706 4382 prohibebantur,
1761 4314 1930 4369 multo

330 4404 510 4476 magis
551 4414 793 4474 tempore
829 4403 1048 4475 gratiae,
1101 4403 1190 4458 ubi
1238 4404 1410 4473 major
1451 4412 1534 4460 est
1571 4404 1928 4474 philosophia.

331 4495 467 4552 Haec
485 4509 607 4550 cum
638 4493 706 4548 ad
732 4494 875 4549 viros
893 4535 909 4560 ,
935 4501 1047 4548 tum
1071 4493 1139 4548 ad
1171 4493 1420 4549 mulieres
1439 4509 1468 4548 a
1497 4510 1584 4550 me
1612 4495 1926 4549 suntdicta:

329 4600 624 4641 commune
646 4584 907 4654 siquidem
923 4593 1002 4640 est
1025 4585 1251 4641 stadium
1267 4602 1283 4652 ;
1307 4600 1412 4639 non
1437 4597 1653 4656 propter
1669 4601 1828 4641 sexus
1842 4587 1928 4664 di-'

333 4677 652 4732 versitatem
673 4677 876 4732 divisus
898 4689 983 4732 est
1002 4677 1201 4733 Christi
1229 4680 1496 4734 exercitus
1519 4720 1536 4746 ,
1559 4680 1654 4735 sed
1682 4695 1819 4735 unus
1847 4690 1929 4737 est

330 4776 528 4822 cretus.
559 4767 789 4822 Possunt
811 4776 866 4823 et
894 4768 1104 4822 feminae
1131 4769 1351 4824 loricam
1380 4769 1637 4834 induere,
1690 4786 1752 4826 ac
1803 4771 1923 4844 cly-

333 4872 496 4928 peum
535 4872 810 4930 Opponere
837 4899 852 4922 ,
900 4857 1170 4929 telumque
1217 4859 1474 4928 jaculari,
1517 4876 1642 4916 cum
1681 4864 1922 4935 martyrii

332 4957 616 5017 tempore,
645 4956 759 5003 tum
803 4950 962 5005 etiam
993 4949 1098 5003 alio
1123 4990 1138 5014 ,
1169 4949 1312 5019 quod
1361 4950 1609 5006 ﬁduciam
1656 4953 1926 5024 ingentem

333 5038 594 5108 requirat.
620 5038 689 5093 Et
714 5039 852 5106 sicut
877 5041 1108 5109 optimus
1127 5041 1430 5110 sagittarius
1446 5083 1462 5110 ,
1492 5044 1580 5112 qui
1608 5054 1753 5100 recte
1777 5045 1928 5100 colli-

333 5146 492 5187 nians
516 5131 780 5187 achorda
815 5133 1059 5203 sagittam
1111 5134 1382 5201 emiserit,
1429 5151 1644 5192 omnem
1693 5138 1924 5194 hostium

331 5222 620 5277 conturbat
646 5222 818 5277 aciem
849 5239 865 5277 :
908 5223 987 5278 sic
1020 5232 1076 5278 et
1103 5225 1270 5278 sancti
1299 5233 1563 5297 martyres
1604 5235 1764 5297 atque
1788 5228 1924 5284 adeo

331 5311 516 5370 cuncti
547 5313 788 5378 veritatis
817 5312 1098 5369 bellatores
1119 5355 1136 5384 ,
1168 5316 1256 5384 qui
1285 5315 1542 5371 adversus
1567 5317 1788 5373 insidias
1808 5319 1920 5374 dia-

1485 381 1554 438 IN
1591 381 1649 437 S.
1691 375 2121 435 BARLAAMUM
2150 378 2554 436 MARTYREM.

2073 486 2181 543 boli
2221 486 2540 559 fraudesque
2577 487 2912 561 depugnant,
2945 499 3210 563 tamquam
3236 509 3266 549 a
3296 494 3495 552 chorda
3523 512 3662 568 qua-

2074 578 2225 644 dam,
2255 594 2284 632 a
2315 583 2489 650 lingua
2519 581 2676 636 verba
2722 581 2859 637 bene
2888 582 3223 640 collimautes
3247 589 3526 656 emittunt,
3562 605 3660 645 ea-

2069 685 2175 739 que
2202 679 2467 741 tamquam
2490 672 2589 727 tela
2610 687 2706 741 per
2730 687 2910 729 aerem
2931 674 3159 730 volantia
3177 716 3195 740 ,
3222 691 3345 732 cum
3368 679 3662 736 invisibiles

2069 758 2374 815 dzemonum
2406 762 2458 815 in
2505 761 2792 833 phalanges
2846 763 3170 833 inciderint,
3211 781 3426 822 omnem
3471 784 3658 824 eorum

2067 852 2237 906 aciem
2289 854 2648 908 conturbant:
2681 855 2822 924 quod
2875 856 3056 925 utique
3104 866 3157 912 et
3211 857 3370 914 beato
3406 860 3658 916 Barlaam

2069 942 2290 996 evenit:
2340 942 2496 998 nudis
2520 944 2664 997 enim
2705 944 2883 999 verbis
2927 955 3195 1013 tamquam
3213 948 3527 1003 ‘volantibus
3570 966 3656 1004 sa-

2065 1029 2214 1098 gittis
2257 1031 2500 1110 emissis,
2543 1040 2710 1086 totum
2753 1032 2947 1088 diaboli
2971 1035 3262 1090 exercitum
3304 1039 3658 1105 perturbavit.

2065 1117 2213 1174 Hane
2249 1127 2305 1174 et
2352 1134 2451 1174 nos
2488 1120 2753 1190 jaculandi
2789 1123 3066 1187 solertiam
3116 1125 3407 1180 imitemur.
3462 1128 3653 1184 Nonne

2065 1206 2186 1262 illos
2210 1251 2224 1274 ,
2245 1210 2336 1280 qui
2367 1225 2396 1264 a
2426 1210 2648 1265 theatris
2671 1211 3034 1281 descendunt,
3064 1214 3254 1269 videtis
3279 1197 3552 1274 molliores,
3579 1219 3659 1273 ef-

2063 1295 2265 1352 fectos?
2304 1300 2357 1354 id
2379 1315 2506 1355 vero
2536 1301 2589 1354 in
2633 1315 2791 1355 causa
2819 1311 2931 1368 est,
2955 1304 3098 1373 quod
3139 1304 3205 1358 iis
3234 1306 3504 1376 studiose,
3534 1324 3655 1380 quae

2063 1389 2133 1442 ibi
2156 1387 2317 1458 ﬁunt,
2348 1394 2624 1447 attendant
2651 1410 2664 1445 :
2697 1410 2819 1448 nam
2841 1410 2966 1449 cum
2997 1397 3272 1450 oculorum
3298 1399 3651 1466 inversioues,

2061 1485 2808 1563 manunmquelcontorsiones
2832 1527 2847 1552 ,
2891 1501 2955 1540 ac
2980 1487 3172 1561 pedum
3192 1503 3386 1560 gyros,
3433 1499 3487 1545 et
3534 1507 3652 1547 om-

2059 1572 2205 1627 nium
2248 1575 2685 1643 simulacrorum,
2731 1594 2851 1647 qua:
2882 1579 2936 1633 in
2962 1579 3287 1636 distorsione
3331 1583 3643 1641 circumacti

2057 1664 2299 1730 corporis
2319 1675 2608 1732 apparent,
2640 1667 2898 1737 imagines
2927 1669 2980 1723 in
3008 1671 3276 1725 mentibus
3303 1674 3415 1728 suis
3439 1673 3646 1730 deﬁxe-

2056 1752 2197 1819 rint,
2227 1753 2423 1811 deinde
2449 1755 2749 1813 discedunt.
2793 1759 2983 1814 Annon
3032 1761 3192 1831 igitur
3231 1752 3506 1835 indignum
3532 1775 3643 1834 est,

2055 1855 2113 1898 ut
2140 1845 2214 1899 illi
2239 1855 2436 1902 tantam
2464 1850 2517 1902 in
2544 1850 2737 1905 anima:
2765 1865 2875 1906 suae
2914 1856 3149 1923 pernicie
3177 1857 3508 1925 procuranda
3537 1860 3644 1914 sol-

2055 1936 2385 1995 licitudinem
2407 1943 2726 2011 exhibeant,
2751 1959 2814 1999 ac
2837 1959 3122 2013 perennem
3144 1962 3330 2002 eorum
3350 1990 3365 2013 ,
3389 1964 3508 2020 qua:
3537 1951 3645 2007 illic

2051 2037 2175 2081 sunt
2198 2039 2342 2097 gesta
2363 2072 2378 2095 ,
2411 2033 2721 2086 memoriam
2766 2045 3109 2100 conservent,
3139 2053 3236 2092 nos
3263 2046 3472 2104 autem,
3505 2055 3642 2110 quos

2050 2115 2236 2171 isthaac
2259 2119 2482 2174 imitatio
2511 2136 2665 2190 pares
2687 2123 2891 2193 angelis
2921 2123 3187 2180 redditura
3215 2134 3315 2191 est,
3339 2142 3404 2182 ne
3433 2131 3640 2199 aequale

2047 2209 2262 2276 quidem
2306 2211 2410 2264 illis
2458 2213 2691 2267 studium
2738 2217 2806 2269 ad
2851 2230 2947 2282 ea,
2976 2231 3096 2287 quae
3135 2216 3276 2272 dicta
3319 2226 3476 2284 sunt,
3503 2229 3645 2275 “con-

2046 2300 2306 2354 servanda
2334 2298 2713 2360 conferamus?
2740 2306 2847 2370 Ne,
2879 2321 2976 2361 oro
2995 2349 3012 2374 ,
3039 2308 3389 2381 obtestorque
3415 2325 3529 2380 vos,
3571 2328 3642 2368 ne

2046 2390 2270 2446 salutem
2315 2403 2551 2449 nostram
2602 2396 2672 2451 ita
2727 2398 3091 2469 negligamus,
3120 2400 3215 2456 sed
3245 2402 3512 2457 mentibus
3537 2419 3640 2458 no-

2044 2480 2171 2535 stris
2195 2496 2385 2538 omnes
2414 2496 2677 2557 martyres
2702 2488 2945 2543 conditos
2967 2498 3261 2557 teneamus,
3281 2506 3387 2546 una
3413 2498 3534 2548 cum
3559 2494 3640 2549 le-

2045 2568 2293 2637 betibus,
2345 2587 2447 2627 una
2482 2589 2601 2630 cum
2651 2577 2768 2632 aliis
2806 2577 3110 2647 suppliciis,
3160 2587 3214 2633 et
3242 2580 3381 2633 sicut
3410 2581 3641 2649 pictores

2043 2661 2328 2732 imaginem
2359 2680 2502 2734 saepe
2529 2665 2677 2722 fumo
2721 2682 2785 2722 ac
2824 2669 3042 2738 fuligine
3088 2671 3353 2740 longoque
3399 2679 3642 2740 tempore

2043 2751 2438 2808 inobscuratam
2465 2756 2747 2828 detergunt
2771 2773 2834 2812 ac
2853 2759 3131 2822 mundant,
3163 2761 3240 2815 sic
3263 2769 3318 2814 tu
3333 2769 3639 2816 sanctorum

2041 2856 2339 2919 martyrum
2386 2860 2537 2905 utere
2583 2851 2864 2918 memoria,
2893 2851 3237 2908 dilectissime
3278 2870 3291 2906 :
3328 2842 3448 2908 c'um
3483 2853 3640 2908 obre-

2040 2946 2230 3008 pentes
2275 2941 2558 2995 saeculares
2601 2957 2746 2996 cura:
2803 2950 2947 2997 tuam
2986 2953 3222 2998 mentem
3262 2926 3636 3007 obseurarint,

2041 3041 2159 3082 eam
2191 3043 2286 3096 per
2307 3040 2602 3101 martyrum
2630 3033 2942 3086 memoriam
2964 3032 3200 3102 deterge.
3231 3032 3284 3088 Si
3325 3035 3468 3089 enim
3499 3035 3638 3091 hanc

2043 3119 2096 3173 in
2121 3121 2297 3174 anima
2336 3131 2423 3175 tua
2466 3123 2778 3177 memoriam
2810 3126 3173 3192 conservaris,
3206 3140 3312 3180 non
3364 3142 3494 3197 opes
3543 3144 3637 3182 su-

2043 3212 2273 3280 Spicies,
2305 3203 2818 3283 nonpaupertatem
2850 3215 3173 3284 deplorabis,
3205 3231 3310 3269 non
3334 3217 3559 3286 gloriam
3584 3226 3640 3272 ct

2041 3303 2333 3372 potentiam
2354 3305 2598 3359 laudabis
2618 3347 2632 3373 ,
2665 3305 2798 3359 nihil
2825 3306 3055 3378 denique
3085 3323 3148 3362 ex
3179 3311 3338 3362 rebus
3366 3309 3637 3377 humanis,

2039 3401 2174 3456 nihil
2220 3416 2445 3471 eorum,
2501 3416 2638 3471 qua:
2667 3401 2946 3471 splendida
2993 3412 3155 3468 sunt,
3209 3418 3457 3475 magnum
3507 3419 3628 3460 esse

2039 3491 2288 3562 quiddam
2317 3492 2646 3548 arbitrabere
2664 3534 2681 3558 ,
2705 3493 2838 3548 nihil
2860 3509 3067 3560 eorum,
3096 3510 3215 3564 quae
3237 3496 3461 3550 molesta
3483 3505 3630 3562 sunt,

2039 3585 2466 3658 intolerandum;
2495 3586 2590 3641 sed
2619 3601 2740 3640 cum
2773 3587 2857 3641 his
2885 3585 3132 3644 omnibus
3157 3588 3402 3656 superior
3443 3603 3637 3644 evase-

2039 3680 2133 3743 ris,
2158 3687 2484 3748 perpetuum
2511 3694 2576 3734 ex
2623 3678 2868 3749 imaginis
2898 3679 3057 3747 hujus
3085 3679 3530 3748 contemplatione
3548 3693 3639 3733 ca-

2037 3772 2153 3842 pies
2181 3771 2582 3826 documentum.
2602 3770 2736 3825 Nam
2758 3771 2848 3840 qui
2878 3770 3075 3825 milites
3099 3770 3150 3824 in
3177 3770 3331 3825 bellis
3351 3785 3414 3846 ac
3435 3770 3636 3838 prreliis

2037 3871 2255 3919 strenue
2284 3878 2344 3918 se
2365 3872 2611 3933 gerentes
2638 3861 2876 3931 quotidie
2905 3869 3142 3932 spectat,
3174 3877 3283 3917 non
3315 3862 3631 3917 deliciarum

2038 3968 2289 4024 umquam
2317 3953 2606 4022 cupiditate
2631 3953 2921 4018 tenebitur,
2954 3968 3057 4006 non
3101 3952 3383 4007 delicatam
3420 3962 3475 4007 et
3500 3953 3633 4006 mol-

2036 4045 2141 4099 lem
2164 4043 2376 4098 vivendi
2406 4044 2664 4099 rationem
2693 4043 2745 4097 in
2767 4043 2940 4111 pretio
2961 4043 3176 4098 habebit
3194 4084 3208 4107 ,
3255 4043 3350 4098 sed
3387 4059 3634 4113 asperam

2037 4144 2093 4190 et
2117 4134 2342 4205 rigidam
2365 4143 2527 4204 atque
2562 4135 2628 4188 ad
2656 4145 2928 4190 certamen
2951 4135 3322 4204 compositam.
3346 4135 3476 4202 ane
3487 4135 3633 4191 enim

2036 4225 2270 4279 societas
2307 4232 2390 4279 est
2427 4224 2675 4279 ebrietati
2717 4238 2839 4278 cum
2888 4223 3099 4293 pugna?
3145 4238 3290 4277 cura:
3331 4225 3634 4280 abdominis

2035 4331 2158 4370 cum
2187 4315 2366 4370 studio
2399 4313 2762 4370 fortitudinis?
2788 4314 3064 4383 urguentis
3090 4327 3212 4367 cum
3244 4314 3408 4368 armis
3430 4356 3447 4381 ,
3491 4314 3637 4370 bello

2034 4415 2089 4461 et
2116 4405 2632 4461 comessationibus?
2682 4404 2834 4460 Miles
2881 4403 3082 4459 Christi
3132 4417 3213 4468 es,
3244 4403 3631 4471 dilectissime;

2035 4509 2272 4562 armare,
2300 4510 2406 4548 non
2449 4509 2667 4549 comere
2691 4512 2705 4548 :
2737 4493 2940 4548 athleta
2962 4509 3020 4547 es
3041 4507 3334 4563 generosus
3360 4511 3375 4560 ;
3405 4494 3636 4550 viriliter

2034 4600 2154 4656 age,
2186 4602 2292 4640 non
2322 4585 2545 4641 concilia
2575 4593 2931 4640 venustatem.
2965 4583 3038 4638 lta
3084 4592 3301 4638 sanctos
3346 4586 3477 4640 istos
3517 4586 3638 4639 imi-

2037 4686 2244 4743 temur;
2284 4664 2353 4732 iia
2386 4678 2552 4733 fortes
2577 4677 2884 4745 bellatores,
2911 4684 3197 4731 coronatos
3222 4675 3486 4745 athletas,
3538 4676 3634 4732 Dei

2035 4769 2238 4825 amicos
2268 4767 2566 4824 honoribus
2597 4783 3025 4840 prosequamur;
3053 4777 3248 4823 etcum
3273 4783 3368 4839 per
3386 4769 3635 4824 eamdem
3721 4807 3733 4817 .

2036 4876 2158 4916 cum
2201 4862 2302 4917 illis
2329 4862 2469 4917 viam
2500 4861 2902 4927 incesserimns,
2933 4861 3148 4916 easdem
3179 4876 3301 4916 cum
3333 4861 3438 4919 illis
3467 4875 3628 4916 coro-

2035 4970 2133 5010 nas
2159 4970 2551 5027 consequemur
2580 4973 2594 5011 :
2635 4970 2767 5026 quas
2796 4954 2951 5010 nobis
2979 4953 3228 5009 omnibus
3257 4953 3458 5008 utinam
3491 4952 3633 5010 obti-

2034 5064 2165 5104 nere
2183 5050 2480 5120 contingat,
2510 5049 2678 5119 gratia
2729 5055 2784 5102 et
2829 5047 3151 5117 benignitate
3210 5045 3417 5100 Domini
3465 5045 3634 5100 nostri

2033 5139 2162 5196 Jesu
2200 5139 2435 5208 Christi,
2483 5155 2604 5195 cum
2635 5153 2739 5209 quo
2757 5138 2898 5192 Patri
2920 5138 3084 5207 gloria
3105 5179 3120 5203 ,
3153 5151 3255 5190 una
3283 5152 3402 5191 cum
3431 5135 3634 5205 Spiritu

2033 5240 2256 5288 sancto.
2289 5247 2431 5286 nunc
2477 5240 2531 5287 et
2576 5243 2811 5301 semper,
2855 5237 2910 5286 et
2952 5229 3006 5285 in
3055 5228 3246 5285 saecula
3286 5229 3632 5287 saeculorum.

2035 5323 2225 5377 Amen.

1403 5605 2553 5684 “Wo-«~—
