4206 6302
679 351 787 406 685

681 544 2955 583 W

1369 355 1428 409 S.
1467 352 1753 413 JOANNIS
1780 354 2281 414 ‘CHRYSOSTOIII
2317 356 2639 415 ARCHIEP.
2678 358 3235 418 CONSTANTINOP.

3816 366 3925 420 εει

3062 556 3364 568 -ο-ο

1346 828 1448 892 AD
1472 831 1849 895 HOMILIAM
1893 834 1974 895 IN
2000 835 2349 899 SANCTAM
2378 838 2762 901 DROSIDEM
2809 838 3263 901 MARTYRFM.

748 1111 898 1185 [688]
920 1112 1070 1169 lianc
1087 1116 1366 1173 homiliant
1386 1119 1439 1174 in
1464 1136 1592 1193 agro
1607 1122 1943 1181 Antiocheno
1962 1127 2605 1201 habuitChrysostomus,
2625 1146 2748 1187 cum
2768 1142 2987 1203 arrepta
3005 1146 3209 1188 serente
3223 1131 3329 1185 diei
3348 1130 3635 1187 occasione
3658 1134 3915 1203 pepulum

675 1230 1070 1286 Antiochenum
1093 1249 1159 1287 eo
1180 1235 1402 1291 deduxit
1420 1237 1711 1296 Flavianus
1733 1242 2057 1313 Episcopus,
2082 1254 2141 1299 ut
2164 1261 2390 1302 numero
2413 1246 2447 1302 2
2467 1248 2687 1303 dicitur.
2720 1248 2893 1318 Hujus
2924 1264 3087 1318 porro
3114 1246 3172 1301 S.
3200 1245 3455 1315 martyris
3483 1261 3658 1315 pauca
3694 1247 3890 1301 admo-

674 1340 803 1391 dum
834 1352 1128 1409 supersunt
1161 1356 1509 1401 monumenta
1544 1367 1556 1402 :
1595 1352 1790 1420 vixque
1818 1354 1963 1408 aliud
1985 1356 2261 1426 quidpiam
2291 1356 2440 1412 circa
2468 1350 2784 1431 martyrium
2814 1361 3224 1430 certaminaque
3263 1364 3383 1432 ejus
3410 1362 3686 1427 novimus,
3745 1373 3915 1429 quam

673 1453 818 1522 quod
839 1454 915 1507 ait
944 1455 1001 1509 S.
1042 1458 1231 1512 doctor
1262 1475 1401 1523 eam,
1433 1461 1487 1513 in
1519 1479 1706 1534 rogum
1738 1470 2040 1537 conjectam
2079 1470 2265 1525 fuisse.
2298 1469 2484 1542 Neque
2508 1476 2683 1529 solum
2723 1476 2781 1533 S.
2808 1475 3115 1544 Drosidem,
3140 1478 3232 1532 sed
3277 1488 3331 1532 et
3366 1478 3509 1533 alios
3538 1480 3706 1533 etiam
3735 1474 3913 1546 pluri-

1975 1782 2575 1867 LAUDATIO

1183 1951 1417 1994 MAGNE
1453 1953 1532 1996 ΕΤ
1576 1954 1830 1999 SANCTB
1875 1960 2194 2005 MARTYRIS
2237 1964 2552 2020 DBOSIDIS,
2604 1966 2686 2009 ΕΤ
2728 1968 2810 2011 DE
2842 1971 3136 2018 MEMORIA
3182 1976 3440 2023 MOBTIS.

2005 2153 2008 2155 .
2062 2098 2483 2158 4mm-

711 2211 761 2265 Ι.
787 2211 891 2266 SS.
934 2212 1280 2285 Reliquiarum
1304 2217 1516 2273 utilitas.
1540 2250 1611 2259 —
1638 2222 1922 2292 Diligontes
1948 2235 2187 2295 pastores
2204 2270 2219 2295 ,

639 2301 725 2354 ubi
754 2317 846 2369 per
868 2303 1073 2373 longam
1091 2304 1331 2375 hyemem
1356 2308 1771 2366 viderintradios
1787 2316 1914 2368 solis
1934 2317 2219 2387 aﬂ‘ulsisse,

635 2392 883 2462 diemque
909 2394 1218 2450 ealidiorem
1251 2399 1546 2455 reddidisse
1576 2444 1590 2467 ,
1619 2405 1849 2471 pecudes
1877 2420 1907 2459 e
1933 2408 2097 2461 caulis
2126 2425 2219 2462 ex-

621 2486 765 2535 citas
790 2482 855 2537 ad
892 2499 1083 2551 pascua
1125 2498 1378 2542 consueta
1417 2490 1711 2546 deducunt:
1758 2495 1855 2549 hos
1902 2497 2136 2553 imitatus
2167 2514 2222 2555 et

632 2570 805 2625 bonus
834 2573 933 2626 iste
974 2583 1154 2641 pastor
1184 2590 1391 2631 sacrum
1425 2578 1565 2634 hunc
1603 2598 1818 2653 gregem
1857 2601 1920 2641 ac
1947 2587 2220 2655 spirituale

636 2661 830 2714 Christi
873 2663 1016 2718 ovile
1050 2664 1115 2717 ad
1167 2663 1283 2719 lucc
1330 2668 1621 2736 spiritualia
1672 2688 1859 2740 pascua
1913 2687 2215 2732 sanctorum

628 2751 829 2805 eduxit.
862 2752 993 2807 Nam
1024 2757 1353 2810 exsatiantur
1384 2760 1595 2828 quidem
1626 2773 1678 2816 et
1706 2764 1955 2833 pecudes,
1984 2767 2108 2821 dum
2146 2771 2214 2824 ad

631 2830 1302 2927 pnesepiaOsIantzverum
1337 2848 1425 2902 ubi
1465 2850 1659 2906 fuerint
1688 2868 1718 2907 e
1755 2855 1922 2910 caulis
1950 2872 2209 2927 egressae,

628 2933 794 2986 multo
823 2934 1077 3004 majorem
1106 2952 1171 2990 ex
1195 2942 1397 3009 campis
1430 2942 1705 2999 utilitatem
1733 2947 2058 3017 percipiunt,
2084 2952 2209 3006 dum

626 3025 678 3077 in
710 3035 903 3079 terram
936 3042 1116 3095 pronae
1146 3031 1309 3084 multa
1338 3047 1457 3086 cum
1501 3035 1771 3104 voluptate
1801 3038 2046 3095 dentibus
2084 3059 2209 3112 gra-

627 3131 749 3168 men
780 3114 1104 3183 detondent,
1139 3135 1316 3174 aerem
1363 3138 1550 3190 purum
1596 3128 1892 3194 reSpirant,
1939 3139 1993 3183 et
2038 3131 2209 3186 claros

623 3205 1034 3274 splentlidosqne
1061 3210 1234 3264 radios
1270 3213 1399 3265 solis
1440 3224 1700 3283 spectant,
1745 3226 1799 3271 et
1839 3218 1987 3287 juxta
2037 3221 2199 3287 lacus,

624 3296 820 3360 fuittes,
853 3306 906 3352 et
937 3297 1151 3353 ﬂumina
1183 3302 1451 3369 saltitant;
1485 3322 1658 3375 neque
1696 3324 1825 3363 vero
1867 3312 2206 3367 mediocriter

619 3400 710 3437 cas
744 3396 879 3439 terra
912 3388 1158 3455 delectat,
1206 3390 1425 3447 ﬂoribus
1451 3398 1596 3448 onmi
1635 3412 1701 3451 ex
1743 3408 1890 3465 parte
1930 3401 2199 3456 decorata.

616 3474 722 3529 Sed
749 3492 853 3530 non
883 3478 983 3532 illis
1015 3490 1237 3547 tantum,
1266 3499 1449 3537 verum
1479 3486 1638 3539 etiam
1670 3488 1821 3542 nobis
1851 3489 1952 3544 hoc
1981 3492 2200 3546 multam

618 3566 899 3620 utilitatem
929 3570 1064 3637 parit
1097 3589 1110 3623 :
1147 3571 1283 3625 licet
1314 3574 1454 3627 enim
1499 3575 1637 3630 inttts
1681 3579 2039 3647 spiritualibus
2069 3584 2202 3638 cibis

617 3654 811 3708 referta
842 3658 1108 3725 proposita
1159 3662 1309 3716 nobis
1349 3673 1494 3718 esset
1522 3680 1723 3734 mensa,
1761 3678 1933 3724 tamen
1978 3671 2092 3726 haec
2133 3673 2198 3727 ad

616 3756 828 3799 sanctos
886 3748 1015 3799 istos
1062 3750 1299 3817 egressio
1349 3754 1530 3807 nescio
1570 3771 1674 3824 quo
1730 3770 1933 3813 recreat
1976 3776 2073 3815 nos
2111 3777 2199 3817 so-

617 3834 763 3899 latio,
813 3844 867 3890 et
904 3837 1181 3892 utilitatem
1224 3840 1389 3894 nihilo
1427 3846 1759 3901 recreatione
1788 3849 2048 3904 minorem
2099 3868 2195 3921 pa-

614 3926 702 3988 rit,
734 3942 837 3979 non
866 3930 1004 3995 quod
1035 3945 1221 3997 purum
1250 3946 1429 3986 aerem
1458 3937 1799 4003 rcspiremus,
1831 3940 1924 3993 sed
1948 3943 2087 4011 quod
2128 3943 2195 3997 ad

614 4015 865 4081 prmelara
888 4034 1265 4086 generosarum
1296 4022 1518 4077 istorum
1545 4026 1778 4080 virorum
1809 4028 2039 4085 facinora
2069 4048 2194 4088 ocu-

613 4105 691 4157 los
729 4117 1129 4174 convcrtamtts;
1160 4125 1264 4165 non
1310 4113 1449 4182 quod
1475 4113 1623 4183 juxta
1664 4116 1937 4174 ﬂuminum
1974 4122 2190 4187 ﬂuenta,

610 4198 703 4251 sed
734 4200 873 4267 quod
896 4200 1042 4267 juxta
1070 4201 1296 4271 Spiritus
1323 4207 1491 4258 sancti
1521 4206 1779 4262 donorum
1810 4210 2001 4266 ﬂuenta
2031 4215 2192 4270 salte-

612 4305 762 4355 mus;
792 4307 895 4345 non
924 4292 1063 4360 quod
1086 4294 1135 4346 in
1157 4303 1352 4348 terram
1379 4298 1529 4365 proni
1555 4298 1802 4354 dentibus
1831 4301 2047 4357 herbam
2074 4316 2192 4359 ton-

610 4381 850 4447 deamus,
883 4383 973 4437 sed
1018 4386 1160 4451 quod
1209 4386 1429 4441 virtutes
1471 4400 1759 4460 martyrum
1800 4392 2187 4463 decernamus;

604 4485 715 4524 non
738 4465 873 4540 quad
897 4483 1133 4527 ornatam
1153 4475 1369 4529 ﬂoribus
1393 4486 1584 4531 terram
1613 4494 1908 4547 cernamus,
1932 4487 2023 4540 sed
2048 4489 2188 4556 quod

600 4576 831 4631 corpora
862 4562 1015 4617 donis
1046 4565 1405 4632 spiritualibns
1434 4568 1703 4625 afﬂuentia
1745 4578 2183 4645 contemplemur.

602 4652 686 4709 Ac
728 4652 945 4721 singula:
987 4653 1198 4722 quidem
1231 4666 1518 4726 martyrum
1550 4661 1787 4717 ccclesize
1830 4665 2034 4720 lucrum
2078 4684 2184 4723 non

609 4743 854 4812 exiguum
884 4744 1119 4812 praebent
1150 4746 1231 4811 iis,
1260 4747 1345 4815 qui
1373 4748 1510 4816 apud
1536 4765 1627 4804 eas
1656 4766 2059 4823 congregantur,
2090 4758 2184 4813 sed

604 4850 718 4903 pne
744 4838 953 4889 caeteris
982 4837 1224 4890 omnibus
1253 4837 1347 4891 ista
1375 4854 1389 4891 :
1419 4840 1577 4894 simul
1602 4842 1743 4895 enim
1769 4854 1927 4915 atque
1955 4849 2187 4902 vestibu-

608 4927 716 4979 lum
748 4927 865 4996 quis
905 4928 1174 4996 ingressus
1208 4940 1308 4995 est,
1346 4941 1399 4985 et
1434 4932 1710 4989 confestim
1740 4936 1790 4993 in
1815 4939 1999 4995 oculos
2030 4943 2182 4996 undi-

601 5034 708 5088 que
760 5019 1040 5073 multitudo
1093 5022 1454 5089 sepulcrorum
1483 5026 1725 5092 incurrit,
1766 5040 1819 5083 et
1847 5045 2180 5104 quocumque

600 5112 911 5178 respexerit,
940 5113 1202 5179 capsulas,
1226 5117 1510 5171 memorias
1526 5128 1579 5172 et
1608 5120 1790 5175 thecas
1807 5122 2176 5182 defunctorum

600 5203 855 5255 intuetur.
889 5202 1069 5271 Neque
1110 5218 1237 5258 vero
1268 5208 1608 5263 mediocriter
1654 5212 1807 5265 nobis
1850 5217 2064 5283 prodest
2111 5219 2175 5273 ad

598 5294 931 5347 inserendam
954 5294 1145 5349 animis
1166 5299 1356 5352 nostris
1378 5300 1689 5357 modestiam
1711 5319 1772 5359 ac
1789 5307 2172 5379 philosophiam

595 5384 698 5438 hoc
726 5387 1087 5453 speetaculum
1119 5392 1458 5446 tumulorum.
1489 5394 1711 5450 Animus
1755 5400 1894 5453 enim
1926 5404 2041 5457 sive
2085 5420 2171 5458 se-

588 5475 712 5543 gnis
754 5476 841 5541 sit,
888 5475 987 5531 hoc
1018 5489 1231 5545 aspectu
1262 5495 1577 5549 connnotus,
1609 5490 1783 5541 statim
1811 5494 2115 5559 percellitur
2153 5513 2166 5547 :

592 5565 705 5618 sive
730 5565 953 5636 diligens
970 5568 1037 5621 sit
1061 5579 1114 5621 et
1141 5571 1419 5638 excitatus,
1440 5574 1740 5645 diligentior
1762 5580 1997 5638 redditur
2024 5603 2036 5637 :
2060 5587 2171 5643 sive

586 5661 1098 5741 eaupertatem'quis
1129 5660 1464 5731 lamentetur,
1498 5682 1561 5722 cx
1594 5666 1694 5723 hoc
1733 5671 1909 5727 statim
1952 5686 2169 5746 aspectu

2329 2236 2749 2294 consolationem
2779 2245 3001 2315 percipit
3034 2264 3048 2302 :
3079 2249 3191 2306 sive
3218 2251 3417 2310 divitiis
3447 2233 3790 2324 intumescat,
3819 2264 3919 2320 hu-

2327 2324 2469 2383 milis
2505 2327 2562 2382 tit
2589 2338 2642 2383 et
2670 2334 3021 2390 contrahitur.
3054 2338 3150 2394 llic
3180 2345 3321 2396 enim
3352 2360 3602 2415 aspectus
3638 2355 3919 2423 sepulcro-

2325 2427 2443 2468 rum
2475 2432 2908 2492 unumquemque
2931 2438 3294 2495 speetatorum
3322 2436 3465 2506 cogit
3488 2438 3708 2495 invitum
3732 2445 3799 2499 de
3825 2461 3917 2502 sua

2325 2518 2496 2560 morte
2521 2508 2901 2580 philosophari,
2930 2526 3090 2587 utque
3118 2521 3246 2576 nihil
3278 2524 3330 2577 in
3361 2525 3465 2583 hoc
3494 2531 3696 2585 mundo
3722 2536 3916 2592 stabile

2323 2608 2443 2647 esse
2470 2608 2703 2665 censeat,
2751 2606 3053 2671 persuadet,
3104 2624 3198 2664 seu
3240 2614 3521 2671 molestum
3566 2621 3659 2685 sit,
3700 2639 3800 2678 seu
3825 2626 3917 2694 ju-‘-

2321 2686 2549 2740 cundum
2580 2706 2593 2741 :
2629 2706 2787 2757 porro
2816 2694 2859 2747 is
2885 2698 2971 2750 cui
3000 2713 3306 2765 persuasum
3346 2704 3448 2761 hoc
3478 2707 3657 2775 fuerit,
3689 2728 3795 2767 non
3828 2716 3911 2769 fa-

2317 2774 2418 2828 cile
2438 2780 2635 2844 peccati
2665 2781 2854 2849 laqueo
2879 2787 3136 2853 capietur.
3163 2788 3451 2862 Propterea
3479 2800 3692 2867 sapiens
3718 2804 3910 2873 admo-

2319 2872 2408 2917 net
2434 2866 2695 2935 quispiatn
2724 2870 2911 2927 dicens
2942 2893 2956 2928 :
2988 2874 3052 2928 lu
3082 2880 3312 2936 omnibus
3335 2866 3651 2944 sermonibus
3679 2868 3781 2946 tuis
3811 2912 3911 2949 mc-

2316 2970 2511 3009 morare
2539 2960 2810 3014 novissima
2838 2975 2944 3031 tua,
2973 2978 3020 3019 et
3044 2968 3096 3020 in
3122 2980 3364 3025 retentum
3386 2991 3487 3029 non
3514 2982 3742 3047 peccabis
3776 2984 3910 3053 (Ec-

2312 3045 2396 3096 cli.
2432 3048 2478 3101 7.
2511 3048 2603 3115 40)
2640 3068 2653 3104 :
2698 3061 2752 3105 et
2780 3055 2917 3108 alter
2947 3059 3207 3126 quispiam
3241 3061 3324 3117 his
3370 3045 3604 3123 consona
3647 3045 3905 3142 loquitur,

2312 3135 2438 3189 dum
2481 3139 2549 3190 ita
2594 3143 2823 3196 consulit
2856 3162 2870 3198 :
2904 3144 3151 3217 Prwpara
3194 3152 3247 3204 in
3287 3156 3476 3208 exitum
3508 3174 3663 3229 opera
3699 3135 3820 3231 (ita,
3860 3135 3909 3220 et

2310 3244 2544 3297 prmpara
2574 3242 2622 3285 te
2648 3234 2716 3285 ad
2741 3236 2832 3287 iter
2861 3235 3043 3307 (Prov.
3080 3241 3172 3298 24.
3198 3243 3292 3315 27)
3329 3264 3343 3300 :
3373 3262 3480 3303 non
3506 3254 3649 3320 quod
3676 3255 3745 3311 de
3773 3274 3905 3312 scn-

2308 3318 2460 3372 sibus
2483 3321 2727 3391 subjccto
2758 3326 2947 3383 itinere
2972 3329 3130 3386 verba
3154 3333 3332 3405 faciat,
3359 3340 3453 3395 sed
3482 3318 3547 3396 de
3576 3344 3814 3404 discessu
3834 3367 3902 3405 cx

2307 3408 2408 3464 hac
2436 3412 2561 3467 vita.
2592 3414 2725 3470 Nam
2766 3420 2811 3472 si
2856 3431 3114 3490 perpetuo
3141 3440 3205 3480 ac
3241 3430 3461 3499 singulis
3502 3434 3705 3502 diebus,
3739 3455 3901 3509 quam

2306 3499 2542 3557 incertus
2563 3504 2632 3558 sit
2647 3507 2842 3573 obitus,
2864 3514 3316 3581 przemeditemur,
3341 3519 3478 3577 haud
3504 3523 3658 3599 facile
3679 3499 3898 3597 peccata

2304 3595 2698 3650 committcmus
2727 3614 2740 3649 :
2765 3600 2857 3652 sed
2886 3616 3061 3670 neque
3087 3604 3246 3660 rebus
3272 3607 3430 3680 hujus
3457 3595 3577 3670 vita:
3604 3595 3899 3685 Splendidis

2302 3690 2461 3750 atque
2488 3686 2783 3754 magniﬁcis
2811 3689 3185 3763 intumescere,
3210 3712 3381 3767 neque
3407 3704 3646 3762 molestis
3666 3708 3895 3779 deprimi

2303 3775 2596 3842 poterimus
2622 3788 2713 3831 aut
2742 3781 2963 3848 turbari,
3010 3800 3131 3840 cum
3174 3790 3407 3848 incertus
3446 3775 3789 3871 utrarumque
3824 3806 3894 3859 sit

2301 3862 2442 3917 ﬁnis.
2471 3865 2623 3935 Step0
2653 3883 2883 3939 namque
2927 3875 3016 3942 qui
3050 3875 3209 3933 hodie
3235 3881 3383 3945 vivit,
3420 3899 3484 3939 ne
3509 3888 3576 3940 ad
3609 3862 3889 3960 vesperam

2301 3953 2514 4021 quidem
2541 3965 2622 4010 est
2640 3968 2929 4027 superstes.
2963 3962 3145 4033 Itaque
3187 3969 3231 4021 si
3264 3970 3316 4023 in
3363 3972 3491 4029 urbe
3538 3983 3892 4039 remansisse-

2298 4058 2439 4111 mus,
2472 4061 2579 4101 non
2606 4048 2889 4105 admodum
2913 4056 3196 4112 verisimile
3222 4070 3306 4115 est
3329 4078 3426 4119 nos
3455 4067 3580 4121 talia
3606 4073 3887 4129 meditatu-

2300 4150 2387 4189 ros
2417 4151 2479 4191 ac
2524 4138 2991 4209 philosophaturus
3035 4141 3233 4215 fuisse;
3275 4163 3330 4207 at
3373 4165 3523 4212 extra
3566 4167 3884 4229 pomcerium

2298 4239 2561 4293 egressos,
2594 4240 2645 4284 et
2676 4231 2741 4284 ad
2773 4232 2886 4287 haec
2916 4237 3156 4303 sepulcra
3208 4244 3504 4320 venientes,
3541 4259 3701 4320 atque
3748 4254 3883 4313 hanc

2297 4316 2657 4387 defunctorum
2708 4324 3098 4381 multitudinem
3138 4314 3443 4399 spectantes
3471 4354 3693 4397 necesse
3724 4345 3879 4413 plane

2296 4407 2411 4471 fuit,
2440 4410 2696 4465 vellemus
2722 4414 3003 4482 nollemus,
3028 4417 3126 4473 ltoc
3148 4433 3437 4493 conspectu
3457 4407 3761 4487 admonitos
3785 4434 3877 4491 bas

2294 4500 2637 4567 cogitationes
2660 4504 2841 4557 animo
2868 4506 3102 4573 volvere,
3130 4526 3193 4565 ac
3219 4514 3556 4573 sublimiores
3586 4520 3720 4588 ﬁeri,
3753 4525 3877 4580 dum

2292 4588 2409 4643 illas
2440 4592 2719 4655 volvimus,
2768 4609 3088 4666 omnemque
3114 4616 3238 4671 erga
3286 4619 3376 4659 res
3414 4609 3701 4668 saeculares
3744 4614 3873 4671 ειπε-

2290 4688 2431 4732 ctum
2454 4696 2669 4736 exuere.
2703 4683 2886 4753 Neque
2917 4702 3043 4741 vero
3074 4698 3273 4745 tantum
3303 4693 3563 4763 ejusmodi
3589 4704 3870 4772 cogitatio-

2290 4787 2384 4826 nes
2412 4774 2644 4827 animum
2679 4785 2915 4832 nostrum
2947 4779 3218 4849 subibunt,
3252 4786 3346 4840 sed
3388 4796 3444 4842 et
3466 4790 3753 4848 sul‘licienti
3779 4810 3871 4851 oo~

2289 4861 2586 4918 hortatione
2609 4866 3013 4933 concitabimur,
3045 4879 3100 4923 ut
3136 4872 3199 4925 ad
3226 4883 3481 4931 aeternam
3523 4883 3746 4948 patriam
3769 4902 3866 4940 no-

2286 4960 2447 5006 stram
2490 4952 2821 5021 festinemus,
2869 4957 2934 5012 ad
2981 4974 3206 5029 eamque
3242 4980 3339 5021 nos
3381 4982 3771 5040 comparemus,
3814 4987 3867 5031 et

2285 5045 2462 5098 omnia
2490 5045 2641 5099 nobis
2669 5046 2733 5099 ad
2759 5046 2900 5100 illam
2924 5048 3304 5117 profectionem
3326 5063 3627 5116 necessaria
3658 5079 3867 5133 pra-pa-

2284 5148 2480 5200 remus,
2506 5151 2625 5190 cum
2652 5138 2903 5204 sciamus,
2926 5155 3313 5214 quamcumque
3340 5163 3515 5203 rerum
3556 5164 3861 5210 nostrarum

2282 5223 2369 5278 hic
2395 5228 2786 5296 reliquerimus,
2832 5244 2948 5282 eam
2982 5232 3132 5287 nobis
3155 5234 3535 5294 detrimentum
3562 5243 3856 5300 allaturam.

2280 5313 2411 5369 Nam
2456 5318 2901 5385 quemadmodum
2932 5323 3017 5389 qui
3052 5322 3265 5394 longum
3297 5328 3399 5384 iter
3426 5330 3602 5385 viator
3623 5336 3855 5405 coniicit,

2278 5414 2331 5459 et
2357 5405 2407 5458 in
2436 5408 2659 5475 patriam
2687 5423 2835 5461 suam
2858 5410 3031 5466 redire
3060 5411 3291 5481 festinat,
3325 5419 3699 5492 quodcumque
3731 5429 3855 5480 reli-

2276 5497 2451 5565 querit
2481 5497 2530 5549 in
2560 5498 2809 5568 hospitio,
2842 5500 2995 5567 plane
3022 5504 3233 5570 amittit,
3258 5507 3477 5578 ejusque
3493 5511 3755 5581 jacturum
3779 5518 3856 5571 la-

2275 5586 2346 5640 cit
2378 5602 2390 5641 :
2424 5587 2500 5642 sic
2527 5589 2772 5643 nimirum
2804 5600 2857 5645 et
2884 5607 2981 5647 nos
3015 5610 3376 5669 quascumque
3405 5617 3491 5657 res
3530 5617 3741 5662 nostras
3769 5611 3851 5665 hic

2272 5680 2596 5738 dimittentes
2624 5683 2927 5750 abierimus,
2957 5701 3137 5742 carum
3159 5692 3394 5747 omnium
3410 5694 3853 5764 jacturam‘t'acic-
