4206 6302
641 406 751 477 πρὸ
794 403 999 457 ἐαυτῶν
1044 402 1435 472 παραπέμπειν
1467 390 1602 460 ἐκεῖ.
1620 403 1767 465 Ὁδὸς
1795 404 1901 473 γὰρ
1941 407 1970 456 ό
2012 403 2201 474 παρὼν

645 495 758 567 βίος
787 494 924 557 εστι,
963 493 1056 545 καὶ
1081 479 1249 550 οὐδέν”
1266 494 1525 563 στάσιμον
1553 492 1685 562 εχει.
1719 492 1857 546 ἀλλά
1883 494 1977 546 καὶ
2008 497 2077 546 τά
2107 493 2202 545 λυ-

639 584 792 655 πηρά
836 581 998 636 αὐτοῦ
1047 582 1141 636 καὶ
1188 582 1257 635 τά
1303 581 1513 653 χρηστά
1564 581 1952 653 παροδεύομεν.
2004 582 2106 634 Διά
2135 581 2202 652 δὴ

638 676 795 730 τοῦτο
822 675 1056 746 μάλιστα
1076 675 1291 728 πάντων
1315 674 1462 727 τουτὶ
1495 669 1634 741 φιλῶ
1664 673 1724 726 τὸ
1749 674 1966 744 χωρίον,
1997 675 2078 727 ὅτι
2103 673 2202 727 οὑκ

642 767 701 818 ἐν
732 766 947 832 συνάξει
983 767 1161 836 μόνον,
1192 764 1326 817 άλλά
1345 764 1439 818 καὶ
1463 763 1732 829 συνάξεως
1753 763 1917 834 χωρὶς
1945 764 2203 826 πολλάκις

641 855 876 910 ἐνταῦθα
923 854 1350 925 ἀφικνούμενος,
1393 853 1598 907 τούτων
1647 853 1882 923 συνεχῶς
1926 853 2203 925 ἐμνήσθην

638 947 747 999 τῶν
778 947 969 1015 λόγων,
994 947 1100 998 τῶν
1121 945 1411 1015 ὀφθαλμῶν
1447 964 1546 1017 μου
1578 947 1702 1009 τοὺς
1727 946 1932 1015 τάφους
1975 946 2035 998 ἐν
2071 934 2203 1016 ἐρη-

641 1039 738 1110 μίᾳ
788 1040 952 1110 πολλῇ
1003 1039 1121 1108 μεθ’
1149 1041 1380 1110 ἡσυχίας
1421 1039 1912 1109 περισκοπούντων,
1960 1039 2056 1092 καὶ
2101 1040 2202 1111 τήν

635 1126 814 1197 ψυχήν
856 1128 990 1194 πρὸς
1019 1129 1147 1192 τοὺς
1188 1131 1604 1200 κατοιχομένους
1638 1129 1730 1182 καὶ
1752 1129 1850 1200 τὴν
1879 1129 1996 1181 ἐκεῖ
2025 1145 2203 1200 παρα-

638 1217 961 1286 πεμπόντων
991 1218 1342 1274 κατάστασιν.

709 1412 861 1484 [690]
894 1413 960 1484 β’.
993 1415 1088 1467 Διά
1115 1415 1176 1486 δὴ
1195 1415 1364 1470 ταῦτα
1388 1417 1478 1471 καὶ
1497 1416 1588 1470 τὸν
1609 1420 1853 1485 γενναῖον
1877 1417 2062 1471 τοῦτον
2078 1418 2201 1472 θαυ-

641 1501 798 1569 μάζω
827 1502 1052 1571 πατέρα,
1085 1504 1168 1555 ὅτι
1201 1503 1438 1572 γαληνῆς
1466 1505 1676 1575 ἡμέρας
1703 1505 2088 1576 ἐπιλαϐόμενος
2117 1507 2200 1558 ἐν-

635 1584 809 1639 ταῦθα
841 1589 984 1657 ἡμᾶς
1017 1587 1280 1658 ἐξήγαγε,
1321 1591 1729 1660 προηγουμένης
1761 1591 1817 1643 δέ
1855 1593 1950 1645 καὶ⁵
1978 1591 2200 1662 ὁδηγού-

638 1687 738 1742 σης
777 1673 875 1742 τῆς
905 1675 1177 1744 μακαρίας
1219 1675 1468 1744 Δροσίδος
1492 1716 1506 1740 ,
1544 1671 1611 1746 ἦς
1639 1675 1737 1746 τὴν
1770 1678 1988 1748 μνήμην
2012 1679 2193 1729 ἐπιτε-

633 1759 853 1829 λοῦμεν.
877 1760 981 1814 Καὶ
999 1763 1107 1832 γάρ
1127 1763 1260 1832 πρὸς
1283 1767 1393 1826 τοῖς
1408 1765 1713 1834 εἰρημένοις
1733 1765 1916 1836 ἐτερόν
1937 1783 1990 1819 τι
2016 1766 2199 1836 μεῖζον

633 1848 742 1900 ἀπὸ
765 1847 863 1900 τοῦ·
888 1849 1050 1901 τόπου
1077 1849 1262 1919 κέρδος
1290 1850 1407 1902 ἐστὶ
1437 1849 1852 1922 καρπώσασθαι.
1889 1853 2058 1906 Ὅταν
2090 1853 2200 1924 γάρ

633 1935 734 1998 τάς
777 1936 939 2000 άλλας
978 1937 1424 2008 παραδραμόντες
1473 1938 1749 2008 λάρνακας
1795 1940 1892 1994 ἐπὶ
1940 1942 2039 2004 τὰς
2091 1941 2202 1996 τῶν

635 2025 930 2096 μαρτύρων
957 2027 1129 2097 θήκας
1161 2026 1429 2097 ἔλθωμεν,
1459 2028 1785 2100 ὑψηλότερον
1815 2031 1950 2100 ἡμῖν
1974 2031 2037 2083 τὸ
2061 2031 2198 2101 φρά-

632 2131 783 2186 νημα
824 2117 1030 2185 γίνεται
1053 2157 1066 2179 ,
1100 2119 1434 2190 εὐτονωτέρα
1467 2123 1500 2191 ή
1540 2120 1719 2191 ψυχὴ,
1756 2121 1954 2190 μείζων
1988 2124 2022 2192 ή
2070 2139 2202 2193 προ-

634 2205 824 2277 θυμία,
853 2207 1155 2279 θερμοτέρα
1181 2210 1214 2279 ή
1241 2209 1442 2272 πίστις.

713 2382 965 2438 Ἐπειδὰν
991 2379 1084 2438 οὖν
1107 2386 1235 2449 τοὺς
1263 2385 1458 2449 πόνους
1480 2386 1578 2440 καὶ
1601 2389 1727 2451 τοὺς
1753 2388 1970 2457 ἀγῶνας
2008 2391 2104 2444 καὶ
2129 2391 2198 2445 τά

631 2473 836 2528 ἔπαθλα
861 2477 955 2529 καὶ
968 2477 1038 2529 τά
1061 2475 1290 2547 βραδεῖα
1318 2478 1412 2530 καὶ
1429 2479 1556 2539 τοὺς
1575 2480 1873 2548 στεφάνους
1894 2481 2004 2535 τῶν
2029 2482 2198 2549 άγίων

630 2564 1080 2639 ἀναλογισώμεθα
1109 2567 1312 2620 τούτων
1333 2605 1350 2630 ,
1386 2567 1550 2624 πάλιν
1586 2569 1782 2637 ἐτέραν
1809 2571 2032 2640 μείζονα
2062 2571 2196 2642 πρό-

632 2672 795 2723 φασιν
822 2657 1314 2728 ταπεινοφροσύνης
1337 2659 1682 2731 εὑρίσκομεν.
1713 2662 1830 2715 Κᾶν
1856 2663 1963 2733 γὰρ
1989 2662 2198 2732 μεγάλα

629 2745 772 2821 τιςῇ
808 2748 1206 2820 κατωρθωκὼς,
1241 2751 1393 2803 οὐδὲν
1426 2752 1690 2822 ἡγήσεται
1723 2753 1864 2823 μέγα
1897 2755 2196 2824 πεποιηκέ-

630 2853 753 2902 ναι,
793 2839 957 2892 αὐτοῦ
988 2839 1084 2910 τὴν
1124 2840 1321 2911 ἀρετὴν
1365 2843 1478 2903 τοῖς
1535 2841 1757 2896 ἐκείνων
1805 2843 2150 2913 παλαίσμασιι
2175 2862 2195 2901 .°,

629 2926 731 2979 κάν
780 2927 946 2998 μηδὲν
1088 2929 1230 2997 μέγα
1270 2929 1364 2982 καὶ
1411 2930 1614 2997 ἀγαθὸν
1662 2932 2039 3002 είργασμένος,
2095 2935 2195 2987 οὐκ

613 3017 1003 3085 ἀπογνώσεται
1028 3019 1126 3088 τῆς
1154 3018 1346 3073 ἑαυτοῦ
1381 3020 1671 3090 σωτηρίας,
1706 3021 1842 3090 πρὸς
1868 3021 2066 3091 ἀρετῆς
2097 3037 2196 3092 με·

628 3109 860 3179 ταϐολὴν
885 3109 992 3162 ἀπὸ
1011 3110 1110 3179 τῆς
1133 3109 1376 3180 ἀνδρείας
1396 3109 1600 3162 τούτων
1629 3110 1806 3173 λαϐὼν
1828 3111 2192 3182 παράκλησιν,

629 3197 724 3251 καὶ
756 3199 890 3269 πρὸς
917 3201 1106 3253 ἐαυτὸν
1137 3202 1412 3271 ἐννοήσας,
1445 3201 1524 3253 ὅτι
1560 3200 1898 3270 συμϐήσεταί
1931 3218 2060 3255 ποτε
2100 3203 2194 3255 καὶ

627 3289 790 3342 αὑτὸν
819 3289 948 3351 ίσως
973 3290 1072 3359 τῆς
1097 3290 1188 3342 τοῦ
1218 3290 1350 3344 Θεοῦ
1381 3292 1785 3360 φιλανθρωπίας
1813 3291 2190 3362 καταξιούσης,

626 3377 850 3432 τοιαῦτα
877 3378 1128 3432 ἀλλεσθαι
1153 3380 1389 3450 ἅλματα,
1414 3382 1507 3434 καὶ
1532 3380 1726 3451 ἀθρόον
1756 3381 1891 3450 πρὸς
1918 3382 2008 3434 τὸν
2039 3384 2195 3454 οὐρα-

628 3467 718 3522 νὸν
751 3469 1035 3539 ἀναϐῆναι,
1069 3471 1163 3523 καὶ
1192 3470 1290 3541 τῆς
1333 3471 1595 3541 μεγίστης
1626 3470 1840 3543 ἐκείνης
1884 3474 2195 3543 παρρησίας

627 3559 928 3629 ἐπιτυχεῖν·
961 3560 1055 3612 καὶ
1089 3560 1260 3613 ταῦτα
1287 3561 1382 3613 καὶ
1414 3560 1573 3631 ἕτερα
1601 3561 1780 3630 πολλῷ
1811 3561 2031 3615 πλείονα
2072 3561 2193 3614 τού-

626 3665 737 3703 των
783 3647 1028 3703 ἐντεῦθεν
1064 3649 1178 3703 ἐστι
1227 3649 1688 3720 φιλοσοφήσαντας
1732 3651 2005 3704 ἀπελθεῖν.
2041 3653 2196 3721 Μαρ-

626 3736 804 3808 τύρων
831 3739 940 3809 γάρ
982 3738 1228 3803 θάνατος,
1260 3740 1464 3792 πιστῶν
1506 3741 1622 3792 ἐστι
1665 3739 2022 3811 παράκλησις.
2071 3741 2196 3795 Ἐκ-

627 3831 866 3900 κλησιῶν
889 3832 1186 3901 παρρησία,
1213 3833 1256 3882 Χ
1265 3831 1638 3903 ριστιανισμοῦ
1665 3831 1940 3898 σύστασις,
1963 3833 2191 3888 θανάτου

627 3921 950 3987 κατάλυσις,
985 3921 1332 3984 ἀναστάσεως
1360 3922 1631 3985 ἀπόδειξις
1649 3961 1664 3985 ,
1693 3919 1959 3991 δαιμόνων
2000 3923 2190 3990 γέλως,

625 4009 872 4064 διαϐόλου
897 4012 1214 4082 κατηγορία,
1239 4011 1550 4080 φιλοσοφίας
1571 4011 1909 4073 διδασκαλία,
1938 4013 2194 4083 παραίνε-

628 4117 711 4164 σις
749 4100 850 4171 τῆς
886 4101 1184 4172 ὑπεροψίας
1218 4101 1329 4154 τῶν
1359 4103 1642 4172 παρόντων
1674 4104 2052 4174 πραγμάτων,
2101 4104 2196 4156 καὶ

625 4191 726 4262 τῆς
755 4192 863 4245 τῶν
896 4192 1194 4261 μελλόντων
1225 4192 1516 4262 ἐπιθυμίας
1546 4192 1682 4257 ὁδὸς,
1723 4194 2046 4265 παραμυθία
2086 4195 2195 4250 τῶν

625 4276 960 4353 κατεχόντων
1004 4284 1151 4354 ἡμᾶς
1199 4284 1409 4359 δεινῶν,
1449 4286 1545 4337 κα)⁸
1586 4285 1860 4354 ὑπομονῆς
1898 4285 2193 4357 πρόφασις,

625 4374 918 4444 καρτερίας
957 4374 1197 4445 ἀφορμὴ,
1233 4376 1326 4428 καὶ
1376 4378 1593 4430 πάντων
1627 4376 1733 4428 τῶν
1781 4376 2001 4444 ἀγαθῶν
2047 4377 2193 4448 ῥίζα,

625 4466 717 4517 καὶ
747 4464 916 4535 πηγὴ,
951 4467 1044 4518 καὶ
1079 4467 1259 4536 μήτηρ
1283 4482 1297 4495 ⁶
1329 4468 1423 4519 καὶ
1464 4468 1511 4519 εί
1542 4466 1794 4535 βούλεσθε
1824 4467 2028 4522 τούτων
2060 4469 2195 4521 ἐκα-

625 4570 748 4607 στον
784 4554 1159 4628 ἀποδείξομεν,
1187 4557 1279 4610 καὶ
1309 4557 1541 4629 ἐροῦμεν
1567 4559 1683 4621 πῶς
1709 4561 1821 4611 ἐστι
1855 4561 2059 4614 πιστῶν
2091 4578 2194 4614 πα-

627 4639 907 4711 ράκλησις,
957 4641 1288 4712 Ἐκκλησιῶν
1323 4645 1626 4716 παρρησία,
1670 4648 2016 4714 ἀναστάσεως
2053 4651 2191 4702 ἀπό-

623 4729 805 4794 δειξις,
833 4733 925 4784 καὶ
953 4733 1020 4785 τά
1052 4733 1212 4787 λοι.πά
1239 4734 1472 4798 ἅπαντα,
1508 4737 1650 4807 άπερ
1681 4735 1833 4792 εἷπον
1872 4742 1986 4798 νῦν.
2027 4743 2193 4797 Ὅταν

622 4816 715 4874 οὖν
747 4820 884 4892 πρὸς
916 4823 1183 4893 Ἓλληνας
1212 4826 1341 4894 ἡμῖν
1361 4826 1575 4892 ,ἀγῶνες
1605 4828 1860 4882 κινῶνται
1891 4833 1986 4884 καὶ
2021 4832 2191 4902 μάχαι

628 4914 753 4981 περὶ
779 4913 1095 4984 δογμάτων,
1128 4915 1221 4967 καὶ
1263 4915 1620 4971 διαϐάλλωσιν
1667 4921 1822 4989 ἡμῶν
1859 4923 1958 4992 τὴν
1986 4924 2190 4990 πίστιν,

626 5005 762 5076 μετά
795 5004 903 5056 τῶν
933 5005 1108 5058 ἄλλων
1137 5007 1228 5059 καὶ
1259 5007 1409 5060 τοῦτο
1433 5009 1863 5081 προϐαλλὼμεθα
1892 5015 2026 5084 πρὸς
2050 5017 2193 5070 ἐκεί-

622 5113 762 5158 ww,
790 5096 900 5148 τῶν
932 5098 1222 5166 μαρτύρων
1252 5098 1393 5168 φημὶ
1418 5100 1507 5152 τὸν
1530 5101 1774 5169 θάνατον,
1803 5103 2068 5172 λέγοντες
2095 5108 2211 5175 Τίς,

618 5187 842 5251 τούτους
878 5188 1062 5240 ἔπεισε
1097 5190 1197 5258 τῆς
1241 5192 1520 5263 παρούσης
1554 5196 1964 5265 καταφρονῆσαι
2007 5199 2188 5268 ζωῆςς

616 5277 682 5330 Et
712 5277 820 5348 γὰρ
848 5278 1113 5333 ἀπέθανεν
1151 5282 1180 5331 ό
1212 5281 1447 5352 Χριστὸς
1473 5285 1566 5336 καὶ
1603 5286 1702 5336 οὐκ
1740 5284 1960 5356 ἀνέστη,
1994 5289 2079 5353 τίς
2122 5291 2190 5344 τά

621 5365 761 5435 ὑπὲρ
799 5367 960 5434 φύσιν
985 5367 1170 5434 ,ταῦτα
1202 5371 1595 5442 κατώρθωσεν;
1643 5375 1765 5428 Ὀτι
1812 5376 1920 5448 γὰρ
1966 5380 2065 5433 οὐκ
2096 5381 2230 5434 ἀνολ-

620 5457 898 5529 θρωπίνης
927 5459 1206 5529 δυνάμεως
1248 5463 1512 5534 μυριάδας
1543 5465 1814 5529 τοσαύτας
1838 5469 1903 5522 ἐκ
1933 5471 2188 5527 τοσούτου

618 5547 809 5618 χρόνου
848 5550 947 5602 οὐκ
992 5551 1200 5622 ἀνδρῶν
1244 5553 1434 5623 μόνον,
1470 5553 1604 5608 ἀλλὰ
1641 5556 1736 5608 καὶ¹
1780 5560 2052 5626 γυναικῶν
2097 5565 2188 5616 καὶ

619 5633 899 5706 παρθένων
932 5645 1323 5715 ἀπειρογάμων
1353 5647 1444 5700 καὶ
1473 5645 1943 5723 παιδίωνμικρῶν
1983 5655 2186 5709 πείθειν

1329 292 1386 349 S.
1427 291 1708 349 JOANNIS
1749 292 2237 350 CHRYSOSTOIl
2285 293 2598 350 ARCHIEI’.
2643 291 3178 351 CONSTANTINOP.

3777 288 3884 344 086

2313 406 2586 478 ὑπερορᾶν
2625 405 2725 474 τῆς
2766 403 3048 474 παρούσης
3077 401 3242 471 ζωῆς,
3275 401 3368 454 καὶ
3402 397 3747 468 κατατολμᾷν
3785 402 3888 469 θη.

2313 493 2440 562 ρίων
2460 532 2474 556 ,
2503 491 2806 562 καταγελᾷν
2848 491 3040 561 πυρὸς,
3075 482 3411 543 καταπατεῖν
3439 486 3585 539 ἅπαν
3619 483 3756 548 εἶδος
3785 503 3886 539 κο-

2308 581 2515 645 λάσεως
2545 582 2636 635 καὶ
2661 580 2929 651 τιμωρίας
2946 616 2962 641 ,
2995 580 3091 632 καὶ
3120 578 3256 649 πρὸς
3279 577 3380 647 τὴν
3415 575 3711 646 μέλλουσαν
3735 575 3888 626 ἐπεί.

2308 672 2499 739 γεσθαι
2523 672 2668 744 ζωὴν
2687 712 2702 736 ,
2726 672 2845 726 οὐδὲ
2868 671 2976 723 τῶν
2998 670 3282 741 ἡμετέρων
3307 667 3544 736 ἐλέγχων
3573 666 3881 734 δεήσονται,

2307 762 2420 815 ἀλλ’
2450 763 2678 826 ἑαυτοὺς
2701 762 2970 835 ἐροῦνται,
2997 760 3092 814 καὶ
3111 759 3303 829 ἱκανὴν
3328 756 3602 822 ἀπόδειξιν
3622 755 3885 826 λήψονται

2309 851 2417 904 τῶν
2449 852 2775 920 λεγομένων.
2820 842 3003 915 Ἑξοῦ
3041 849 3149 919 γάρ
3188 850 3218 902 ό
3261 846 3494 916 Χριστὸς
3527 846 3881 916 παρεγένετο,

2307 939 2562 1007 γεγόνασι
2597 940 2697 1009 μὲν
2729 941 2948 993 ἄπιστοι
2983 939 3238 1008 βασιλεῖς,
3279 935 3535 1005 γεγόνασι
3565 935 3622 987 δὲ
3653 934 3749 987 καὶ
3784 951 3878 985 πι-

2309 1030 2446 1092 στοὶ,
2475 1028 2612 1080 ἀλλά
2634 1028 2744 1081 τῶν
2774 1030 2876 1098 μὲν
2902 1029 3145 1081 ἀπίστων
3168 1028 3219 1079 οι
3245 1026 3461 1088 πλείους
3484 1027 3575 1076 ἐπὶ
3604 1024 3876 1095 βάραθρα,

2307 1117 2400 1171 καὶ
2434 1119 2631 1188 πυρὰς,
2680 1120 2774 1172 καὶ
2813 1117 2966 1190 [691]
3012 1118 3309 1188 κρημνοὺς,
3359 1116 3455 1169 καὶ
3500 1115 3738 1184 πελάγη,
3789 1116 3880 1169 καὶ

2307 1208 2509 1277 θηρίων
2541 1209 2758 1278 μανίαν,
2785 1211 2880 1262 καὶ
2906 1209 3274 1279 πολυτρόπους
3296 1208 3565 1272 κολάσεις,
3590 1210 3687 1261 καὶ
3709 1225 3882 1277 τιμω-

2307 1299 2428 1366 ρίας
2480 1298 2606 1360 τοὺς
2654 1300 2877 1362 πιστοὺς
2916 1295 3070 1370 ἦγον,
3120 1299 3282 1352 παντὶ
3321 1300 3509 1369 τρόπῳ
3551 1300 3651 1369 τὴν
3696 1300 3880 1351 πίστιν

2305 1387 2764 1457 ἀναμοχλεύοντες
2807 1389 2906 1460 τῆς
2937 1389 3164 1442 ἐκείνων
3189 1389 3404 1459 ψυχῆς,
3435 1391 3527 1443 καὶ
3557 1391 3712 1443 οὐδὲν
3744 1392 3877 1460 ήνυ-

2307 1494 2428 1541 σαν,
2477 1479 2614 1531 άλλά
2644 1479 3138 1548 καταγελασθέντες
3186 1479 3453 1550 ἀπῆλθον,-
3477 1481 3588 1533 τῶν
3635 1481 3736 1550 μὲν
3787 1498 3881 1533 πι-

2307 1567 2602 1621 στευόντων
2640 1571 2804 1622 παντὶ
2847 1570 3034 1641 τρόπῳ
3081 1571 3432 1640 κοπτομένων
3455 1610 3472 1634 ,
3505 1571 3604 1637 τῆς
3639 1572 3879 1634 πίστεως

2304 1656 2361 1708 δὲ
2393 1657 2696 1729 αὐξομένης
2730 1658 3012 1727 μειζόνως.
3041 1660 3283 1731 Εὐσεϐὴς
3316 1659 3374 1713 δέ
3411 1660 3664 1730 βασιλεὺς
3704 1661 3880 1724 οὐδεὶς

2304 1745 2558 1798 οὐδέποτε
2602 1748 2773 1818 ἄνδρα
2803 1749 3031 1801 ἄπιστον
3075 1749 3299 1802 κολάσαι
3334 1749 3426 1801 καὶ
3454 1748 3879 1819 τιμωρήσασθαι

2305 1837 2498 1902 εἵλετο,
2528 1841 2956 1908 καταναγκάζων
2987 1842 3288 1910 ἀποστῆναι
3315 1842 3415 1912 τῆς
3448 1842 3680 1912 πλάνης.
3736 1843 3882 1896 Ἀλλ’

2305 1924 2453 1996 ὅμως
2480 1929 2574 1980 καὶ
2597 1927 2769 1992 οὕτως
2798 1930 3117 2001 αὐτομάτως
3146 1933 3412 2002 καταρρεῖ
3437 1934 3530 1985 καὶ
3555 1932 3880 1999 ἀπόλλυται,

2307 2016 2392 2068 ῖνα
2419 2015 2598 2088 μάθῃς
2622 2021 2718 2073 καὶ
2742 2021 2841 2090 τῆς
2870 2020 3125 2089 ἀληθείας
3153 2023 3252 2094 τὴν
3292 2025 3463 2092 ἰσχὺν,
3507 2025 3602 2076 καί
3626 2024 3724 2076 τοῦ
3751 2023 3884 2094 ψεύ-

2307 2107 2430 2170 δους
2466 2107 2563 2178 τὴν
2589 2109 2893 2175 ἀσθένειαν,
2924 2112 3018 2164 τοῦ
3057 2113 3158 2182 μὲν
3179 2113 3500 2183 αὐτομάτως
3527 2115 3622 2166 καὶ
3649 2115 3884 2184 μηδενὸς

2305 2195 2646 2266 ἐνοχλοῦντος
2673 2200 2804 2253 dm“
2815 2199 3070 2271 λυμένου,
3098 2202 3196 2271 τῆς
3226 2201 3282 2256 δέ
3307 2203 3398 2256 διά
3422 2203 3531 2255 τῶν
3560 2204 3884 2258 κωλυόντων

2304 2285 2609 2358 αὐξομένης
2647 2291 2738 2342 καὶ
2768 2293 2903 2363 πρὸς
2935 2293 3068 2363 ῦψος
3111 2294 3408 2364 αἰρομένης
3443 2295 3690 2361 άφατον⁶⁶
3719 2294 3783 2346 τὺ
3821 2292 3881 2346 δὲ

2302 2376 2476 2430 αίτιον
2497 2420 2512 2445 ,
2547 2381 2628 2432 ὅτι
2662 2383 2759 2434 καὶ
2796 2383 2861 2453 ζῇ
2897 2384 2992 2436 καὶ
3025 2386 3238 2454 ἐνεργεῖ
3273 2388 3392 2446 ταῖς
3427 2386 3536 2436 τῶν
3586 2383 3882 2455 μαρτύρων

2303 2470 2497 2539 ψυχαῖς
2525 2472 2555 2523 ό
2593 2471 2844 2542 Χριστός.
2884 2473 3052 2526 Ὅταν
3097 2470 3190 2526 οὖν
3221 2473 3471 2542 λέγωσιν,
3511 2475 3592 2526 ὅτι
3636 2474 3738 2526 οὐκ
3787 2474 3882 2525 άν-

2303 2560 2456 2630 έστη,
2482 2561 2654 2616 ταῦτα
2670 2563 2865 2627 αὐτοὺς
2887 2564 3200 2633 ἐρωτῶμεν·
3226 2564 3336 2615 Καὶ
3364 2564 3448 2626 τίς
3474 2563 3647 2616 ταῦτα
3674 2563 3883 2632 κατώρ-

2304 2649 2510 2717 θωσενς
2535 2655 2564 2706 ό
2586 2653 2799 2723 νεκρρς,
2827 2655 2947 2708 είπέ
2984 2671 3112 2725 μοις
3151 2655 3310 2707 Ἀλλά
3339 2655 3598 2708 τοσοῦτοι.
3621 2654 3880 2723 γεγόνασι

2301 2744 2510 2812 νεκροὶ,
2546 2745 2642 2798 καὶ
2679 2744 2858 2807 οὐδεὶς
2888 2744 3112 2798 τοιαῦτα
3148 2745 3462 2816 εἰργάσατο.
3505 2745 3667 2798 Ἀλλά
3705 2745 3881 2814 μάγος

2302 2835 2395 2885 καὶ
2415 2836 2548 2905 γόης
2565 2831 2634 2905 ἦν
2659 2852 2676 2899 ;
2706 2835 2865 2888 ’Λλλά
2890 2835 3076 2889 πολλοὶ
3105 2837 3199 2888 καὶ
3230 2837 3394 2907 μάγοι
3434 2838 3529 2888 καὶ
3560 2837 3758 2905 γόητες
3785 2838 3881 2890 καὶ

2301 2923 2492 2978 πλάνοι
2517 2925 2861 2995 γεγένηνται,
2880 2925 2976 2978 καὶ
3003 2926 3206 2985 πάντες
3223 2925 3554 2995 σεσίγηνται,
3575 2926 3669 2978 καὶ
3693 2925 3882 2993 λεῖψαο

2301 3031 2389 3067 νον
2415 3014 2592 3068 αὐτῶν
2621 3016 2721 3066 οὐκ
2750 3013 2896 3068 ἐστιν
2920 3014 3181 3084 οὐδαμοῦ,
3207 3015 3343 3068 ἀλλά
3371 3015 3784 3084 συναπεσϐέσθη
3813 3017 3879 3086 τῇ

2301 3103 2415 3174 ζωῇ
2439 3105 2532 3157 καὶ
2557 3103 2626 3156 τά
2646 3104 2745 3174 τῆς
2768 3105 3104 3173 μαγγανείας
3127 3103 3330 3167 αὐτοῖς’
3352 3104 3421 3156 τά
3447 3104 3505 3156 δέ
3523 3101 3880 3178 τοῦλριστοῦ

2303 3193 2423 3246 καθ’
2448 3194 2685 3263 ἑκάστην
2708 3193 2930 3258 αὔξεται
2952 3193 3046 3264 τὴν
3075 3195 3307 3265 ἡμέραν,
3335 3195 3432 3247 καὶ
3631 3195 3881 3257 simul:

2299 3283 2361 3335 οὑ
2394 3284 2504 3353 γὰρ
2541 3284 2762 3354 γοητείᾳ.
2792 3285 3000 3351 ἐγίνετο
3038 3285 3107 3336 τὰ
3134 3285 3414 3354 γινόμενα,
3453 3284 3588 3338 ἀλλὰ
3636 3286 3759 3354 θείᾳ
3791 3285 3884 3341 ευ-

2301 3376 2481 3445 νάμει,
2505 3376 2596 3430 διὰ
2623 3377 2782 3431 τοῦτο
2802 3378 2923 3431 οὐδὲ
2949 3378 3296 3433 καταλύεται.
3325 3379 3543 3434 Μᾶλλον
3566 3380 3623 3433 δὲ
3645 3382 3748 3434 οὐκ
3772 3379 3881 3432 ἀπὸ

2300 3466 2490 3519 τούτου
2529 3467 2630 3536 τῆς
2671 3468 2955 3539 δυνάμεως
2989 3469 3260 3534 ἀπόδειξιν
3298 3469 3556 3538 ποιοῦμαι
3596 3470 3758 3539 μόνον
3795 3472 3880 3524 ὃτι

2302 3557 2544 3622 αὔξεται,
2577 3559 2690 3614 ἀλλ’
2717 3561 2799 3613 ὅτι
2823 3562 2918 3613 καὶ
2937 3562 3025 3614 ἐπ’
3047 3561 3255 3632 ἀγαθῷ,
3277 3563 3373 3614 καὶ
3394 3564 3462 3632 τῇ
3482 3562 3581 3630 τῆς
3603 3562 3881 3632 ἡμετέρας

2302 3643 2446 3714 ζωῆς
2481 3647 2746 3718 σωτηρίᾳ.
2777 3648 2931 3700 Μετά
2963 3648 3074 3717 γὰρ
3101 3649 3197 3718 τὴν
3227 3650 3436 3702 ἐκείνου
3481 3651 3784 3720 παρουσίαν
3813 3655 3880 3706 ἐκ

2302 3733 2505 3803 θηρίων
2543 3737 2818 3806 ἄνθρωποι
2860 3739 3147 3806 γεγόνασιν
3202 3740 3251 3789 οἱ
3291 3737 3389 3807 τὴν
3434 3739 3537 3808 γῆν
3579 3740 3879 3806 οἰκοῦντες,

2303 3827 2503 3894 μᾶλλον
2547 3828 2605 3881 δὲ
2659 3828 2720 3894 ἐξ
2766 3829 3069 3898 ἀνθρώπων
3107 3828 3329 3895 ἄγγελοι
3367 3830 3598 3894 πάντες,
3653 3833 3704 3883 οἱ
3762 3832 3880 3902 μετ’

2301 3916 2558 3987 ἀληθείας
2586 3919 2736 3989 αὑτῷ
2784 3922 3158 3990 προσέχοντες.
3204 3919 3344 3971 Ἀλλ’
3389 3920 3749 3992 ἠπατήθησαν
3785 3923 3882 3977 καὶ

2303 4009 2774 4079 παρελογίσθησαν
2821 4010 2873 4060 οί
2909 4010 3216 4080 μάρτυρες,
3261 4009 3425 4079 φησὶ,
3469 4010 3564 4063 καὶ
3594 4009 3683 4064 διὰ
3720 4010 3883 4065 τοῦτο

2301 4098 2403 4168 τῆς
2428 4099 2703 4170 παρούσης
2733 4099 3142 4170 κατεφρόνησαν
3168 4098 3336 4169 ζωῆς.
3368 4095 3501 4153 Εἶτα
3527 4102 3579 4153 οἱ
3620 4102 3882 4173 πρότεροι

2302 4190 2426 4251 τοὺς
2456 4188 2738 4258 δευτέρους
2770 4188 2868 4240 οὐκ
2908 4189 3223 4250 ἀνέπεισαν,
3251 4189 3373 4242 οὐδὲ
3401 4192 3449 4242 οἱ
3477 4189 3723 4261 δεύτεροι
3753 4184 3882 4256 τοὺς

2301 4278 2536 4349 τρίτους,
2570 4275 2685 4330 ἀλλ’
2722 4278 2831 4346 ὅσῳ
2862 4278 3053 4348 προῄει
3084 4277 3154 4330 τά
3183 4279 3290 4332 τῶν
3319 4279 3575 4350 διωγμῶν
3594 4320 3610 4344 ,
3639 4283 3882 4354 τοσούτῳ

2305 4371 2397 4421 καί
2422 4370 2578 4424 τοῦτο
2601 4370 2843 4423 ἐπεδίδου
2863 4370 2923 4422 τὸ
2948 4369 3301 4440 κατόρθωμα,
3320 4371 3411 4423 καὶ
3434 4373 3631 4436 οὐδεὶς,
3658 4376 3720 4426 ἐν
3739 4375 3883 4429 οὕτω

2305 4461 2500 4531 μακρῷ
2537 4462 2734 4533 χρόνῳ,
2767 4462 2865 4533 τὴν
2899 4458 3114 4532 ἀπάτην
3154 4462 3380 4516 συνεῖδε.
3407 4464 3517 4517 Καὶ
3560 4448 3666 4518 ποῦ
3706 4465 3880 4522 ταῦτα

2301 4549 2459 4618 λόγον
2484 4551 2549 4604 ἂν
2582 4551 2693 4620 ἔχοι
3865 4548 3868 4551 ’

2373 4833 2438 4886 Εἰ
2470 4833 2528 4886 δέ
2561 4834 2867 4904 ήπάτηντο,
2901 4833 3020 4897 πῶς
3051 4833 3152 4904 τὴν
3177 4835 3326 4890 κόνιν
3361 4837 3544 4893 αὐτῶν
3571 4839 3880 4898 δεδοίκασιν

2299 4925 2348 4976 οἱ
2381 4923 2663 4993 δαίμονες;
2697 4924 2814 4986 πῶς
2849 4925 2944 4977 καὶ
2979 4926 3105 4987 τοὺς
3146 4926 3351 4994 τάφους
3389 4927 3716 4998 φεύγουσιν;
3756 4933 3880 4987 om

2301 5015 2412 5085 γὰρ
2439 5014 2625 5084 ἐπειδὴ
2667 5015 2892 5083 νεκροὺς
2926 5013 3215 5082 φοϐοῦνται
3246 5017 3533 5088 δαίμονες,
3574 5020 3734 5075 τοῦτο
3771 5023 3882 5077 πά-

2300 5123 2542 5176 σχουσιν.
2579 5107 2706 5160 Ἰδοὺ
2743 5105 2852 5178 γὰρ
2885 5106 3068 5177 μυρίοι
3096 5109 3280 5178 νεκροὶ
3305 5110 3583 5181 πανταχοῦ
3617 5115 3718 5184 τῆς
3749 5114 3873 5183 γῆς,

2298 5198 2572 5261 κάκείνοις
2597 5199 2700 5268 μὲν
2725 5198 3164 5270 προσεδρεύουσι,
3205 5201 3299 5253 καὶ
3326 5201 3552 5265 πολλοὺς
3577 5202 3645 5256 ἂν
3675 5205 3757 5275 ἴδῃ
3791 5222 3880 5269 τις

2298 5289 2668 5358 δαιμονῶντας
2711 5291 2768 5342 ἐν
2809 5290 3067 5361 ἐρημίαις
3097 5291 3474 5363 διατρίϐογτς
3515 5295 3611 5347 καὶ
3646 5295 3874 5363 τάφοις’

2296 5376 2424 5431 ἔνθα
2462 5377 2519 5430 δὲ
2551 5381 2658 5432 τῶν
2692 5381 2983 5451 μαρτύρων
3017 5383 3152 5436 ὀστᾶ
3194 5380 3630 5455 κατορώρυκται,
3660 5385 3735 5443 ὼς
3762 5385 3876 5439 ἀπὸ

2300 5469 2472 5539 πυρός
2499 5487 2641 5533 τινος
2671 5471 2764 5523 καὶ
2799 5471 3073 5537 κολάσεως
3109 5474 3384 5544 ἀφορήτου
3429 5474 3725 5544 φεύγουσι,
3770 5477 3877 5550 τὴν

2297 5559 2444 5613 ἔνδον
2485 5561 2850 5630 μαστίζουσαν
2896 5564 3095 5629 αὐτοὺς
3145 5564 3373 5636 δύναμιν
3428 5567 3565 5633 μετὰ
3609 5566 3874 5638 λαμπρᾶς

2296 5653 2471 5723 ἁνακη
2481 5652 2761 5723 ρύττοντες
2790 5653 2992 5725 φωνῆς.
