4182 6322
284 307 398 366 685

282 441 406 483 mus
451 440 467 479 :
512 438 672 495 quam
722 425 794 481 ob
828 435 1045 478 causam
1095 416 1369 478 nobiscum
1429 419 1569 475 ferre
1617 419 1875 490 quasdam

287 522 523 585 oportet,
544 511 797 584 quasdam
816 520 941 567 ante
960 524 1059 566 nos
1076 508 1200 565 illuc
1221 519 1597 564 transmittere.
1622 509 1717 563 Est
1731 508 1874 565 enim

283 611 370 660 via
399 619 636 675 prtesens
661 604 789 668 vita,
820 618 993 674 neque
1021 602 1212 658 stabile
1235 602 1521 672 quidquam
1564 600 1744 664 habet,
1777 598 1876 663 sed

285 709 375 749 res
400 695 518 764 ejus
547 693 799 748 molestas
823 701 878 747 et
896 691 1157 762 jucundas
1191 690 1594 761 pertransimus.
1609 690 1783 759 Quam
1808 689 1879 745 ob

286 800 505 841 causam
535 783 675 838 hunc
702 798 811 853 pra:
836 783 1045 838 caeteris
1067 782 1316 837 omnibus
1333 781 1507 836 locum
1529 781 1711 851 diligo,
1735 778 1878 850 quod

291 893 400 932 non
434 885 672 945 tempore
699 875 937 929 collecta:
974 875 1145 928 solum
1164 913 1181 938 ,
1212 872 1305 927 sed
1335 881 1389 927 et
1418 871 1619 941 absque
1658 870 1879 925 collecta

291 966 396 1021 huc
423 966 655 1021 venienti
684 965 872 1019 horum
900 963 1033 1019 mihi
1060 963 1343 1018 verborum
1375 963 1631 1017 memoria
1660 961 1882 1016 refrice-

293 1070 401 1123 tur,
449 1056 577 1112 dum
625 1058 843 1112 semotis
879 1055 1091 1110 arbitris
1130 1053 1293 1109 multa
1334 1069 1455 1108 cum
1501 1052 1882 1121 tranquillitate

292 1148 479 1201 oculos
506 1160 655 1200 meos
697 1160 791 1213 per
825 1144 939 1199 haec
984 1143 1232 1213 sepulcra
1274 1142 1613 1219 circumfero,
1654 1158 1881 1213 quorum

293 1247 586 1306 conspectu
610 1236 821 1290 animus
859 1250 1012 1291 meus
1041 1234 1107 1289 ad
1146 1232 1427 1289 defunctos
1468 1244 1526 1290 et
1566 1234 1632 1302 ad
1670 1234 1882 1289 illorum

296 1338 493 1383 Statum
520 1326 828 1381 traducitur.

368 1419 424 1474 2.
444 1420 729 1488 Propterea
744 1419 992 1472 nimirum
1008 1426 1063 1472 et
1084 1432 1407 1487 generosum
1420 1417 1560 1471 hunc
1578 1425 1782 1486 patrem
1799 1414 1878 1486 (a)

300 1510 482 1575 laudo,
512 1509 656 1579 quod
698 1518 908 1577 arrepta
958 1523 1162 1562 serena:
1199 1507 1306 1561 diei
1356 1508 1635 1562 occasione
1661 1521 1759 1560 nos
1783 1506 1891 1559 huc

299 1602 564 1664 eduxerit,
600 1599 932 1667 praecedente
972 1614 1069 1653 nos
1097 1600 1343 1668 viamque
1370 1598 1531 1653 nobis
1559 1598 1890 1651 mOustrante

300 1691 456 1745 beata
486 1690 742 1753 Droside,
775 1689 926 1756 cujus
973 1689 1283 1743 memoriam
1354 1688 1707 1743 celebramus.
1754 1686 1887 1741 Nam

302 1790 500 1850 preter
524 1795 607 1846 ea,
651 1794 771 1849 quae
813 1758 952 1833 dicta
985 1786 1131 1843 sunt,
1180 1777 1437 1847 majorem
1465 1793 1532 1832 ex
1557 1778 1675 1832 loco
1704 1791 1892 1849 possu-

303 1887 425 1926 mus
456 1870 679 1924 fructum
706 1870 1009 1938 decerpere.
1041 1865 1172 1921 Cum
1195 1867 1335 1923 enim
1356 1867 1474 1922 aliis
1497 1860 1726 1937 ﬁipsulis
1752 1882 1892 1936 pra:-

304 1961 567 2015 termissis
612 1958 679 2015 ad
722 1970 1015 2030 martyrum
1073 1959 1253 2013 thecas
1292 1960 1574 2024 venimus,
1614 1957 1893 2012 sublimius

305 2052 600 2107 efferuntur
653 2052 806 2105 nobis
856 2050 1059 2115 animi,
1113 2048 1301 2105 fortior
1346 2048 1406 2103 fit
1458 2050 1687 2117 anima,
1723 2048 1895 2119 major

306 2142 579 2205 alacritas,
615 2139 749 2194 fides
792 2140 1085 2197 ardentior.

377 2240 552 2292 Altera
595 2237 792 2292 occasio
824 2237 1122 2290 humilitatis
1167 2252 1231 2289 ex
1272 2245 1474 2306 aspectu
1525 2235 1892 2304 Reliquiarum.

310 2328 565 2399 Martyres
602 2327 1011 2382 resurrectionem
1042 2324 1229 2379 Christi
1248 2326 1562 2396 probant.-
1582 2325 1712 2379 Cum
1730 2324 1898 2395 igitur

308 2419 552 2485 labores,
604 2417 895 2473 certamina
920 2460 935 2484 ,
981 2417 1198 2487 prannia
1226 2457 1241 2483 ,
1274 2418 1481 2486 palmas
1502 2458 1515 2480 ,
1564 2431 1900 2486 coronasque

309 2518 615 2564 sanctorum
650 2509 872 2563 istorum
916 2507 1191 2562 nobiscum
1234 2516 1561 2577 reputamus,
1593 2507 1759 2560 altera
1796 2521 1896 2561 no-

310 2599 395 2653 bis
413 2600 725 2653 humilitatis
754 2600 967 2653 occasio
1006 2612 1189 2651 rursus
1217 2598 1473 2651 occurrit.
1503 2597 1627 2653 Sive
1653 2600 1795 2653 enim
1825 2598 1894 2652 ab

315 2690 496 2760 aliquo
515 2691 769 2760 praeclara
800 2689 1031 2744 facinora
1059 2690 1164 2741 sint
1183 2696 1411 2757 patrata,
1434 2688 1563 2741 nihil
1581 2703 1899 2757 semagnum

310 2781 542 2849 gessisse
593 2779 955 2844 arbitrabitur,
1004 2778 1048 2832 si
1103 2793 1254 2832 suam
1309 2778 1555 2832 virtutem
1618 2793 1737 2832 cum
1784 2777 1903 2831 illo—

314 2885 435 2924 rum
484 2869 863 2925 certaminibus
888 2868 1277 2937 comparaverit
1309 2888 1319 2919 :
1353 2869 1467 2922 sive
1498 2867 1625 2921 nihil
1650 2882 1899 2937 magnum

312 2960 579 3015 bonumve
609 2959 935 3031 praestiterit,
987 2974 1320 3029 nequaquam
1347 2959 1415 3012 de
1441 2974 1538 3013 sua
1582 2958 1754 3013 salute
1799 2957 1898 3012 dev

314 3051 587 3120 sperabit,
634 3065 758 3107 cum
798 3066 827 3104 a
886 3049 1208 3105 fortitudinis
1237 3051 1458 3104 istorum
1508 3050 1755 3118 exemplo
1802 3049 1903 3103 sibi

314 3142 512 3197 sentiat
550 3140 971 3195 cohortationem
1018 3140 1279 3206 adhiberi,
1310 3150 1366 3194 ut
1390 3140 1457 3195 ad
1481 3139 1710 3195 studium
1742 3140 1905 3194 virtu-

315 3233 385 3287 tis
407 3246 466 3287 se
495 3232 755 3297 traducat,
808 3247 1096 3301 secumque
1128 3234 1343 3323 agitet,
1380 3231 1623 3287 accidere
1668 3233 1904 3302 aliquan-

314 3324 387 3379 do
408 3339 584 3394 posse,
640 3333 698 3378 ut
744 3334 798 3377 et
822 3325 935 3393 ipse
960 3323 1187 3378 fortasse
1239 3323 1335 3379 Dei
1378 3324 1701 3393 benignitate
1750 3323 1903 3394 adju-

316 3428 405 3471 tus
453 3416 583 3471 tales
610 3416 818 3485 aliquos
860 3417 1025 3471 saltus
1062 3415 1207 3482 edat,
1233 3425 1288 3471 et
1328 3416 1383 3470 in
1410 3416 1597 3470 caelum
1625 3416 1906 3471 confestim

318 3507 595 3573 ascendat,
637 3522 1005 3576 summamque
1042 3507 1183 3575 apud
1235 3507 1400 3562 Deum
1439 3507 1683 3562 fiduciam
1703 3517 1757 3561 et
1782 3523 1905 3578 gra-

317 3598 447 3652 tiam
487 3596 725 3652 obtineat
771 3613 786 3649 :
831 3612 894 3651 ac
936 3596 1003 3651 de
1050 3597 1132 3651 his
1175 3596 1398 3667 aliisque
1447 3599 1612 3653 multo
1669 3598 1907 3668 pluribus

315 3686 756 3757 philosophantes
789 3700 1072 3756 possumus
1104 3687 1225 3741 hinc
1266 3686 1562 3743 discedere.
1616 3688 1907 3757 Martyrum

317 3778 517 3846 quippe
555 3792 699 3831 mors
769 3778 1004 3832 fidelium
1051 3786 1137 3833 est
1180 3776 1479 3832 exhortatio
1503 3820 1516 3841 ,
1551 3778 1907 3833 Ecclesiarum

319 3865 536 3931 fiducia,
564 3864 953 3921 Cbristianismi
981 3865 1335 3933 confirmatio,
1369 3867 1557 3937 mortis
1594 3867 1907 3931 destructio,

321 3955 727 4010 resurrectionis
773 3955 1179 4019 demonstratio,
1225 3958 1525 4011 dzemonum
1582 3940 1909 4025 ignominia,

319 4046 519 4102 diaboli
562 4049 849 4113 accusatio,
896 4046 1247 4117 philosophiae.
1291 4048 1553 4113 doctrina,
1594 4047 1660 4100 ad
1692 4060 1779 4100 res
1803 4062 1912 4100 sa:-

321 4135 425 4189 culi
480 4134 639 4202 hujus
668 4135 996 4203 spernendas
1018 4135 1335 4200 adhortatio,
1390 4147 1445 4189 et
1497 4134 1561 4189 ad
1590 4134 1793 4188 futuras
1819 4133 1914 4188 de-

322 4224 637 4278 siderandas
658 4226 762 4289 via,
787 4225 1034 4278 solatium
1058 4226 1110 4279 in
1148 4225 1322 4291 malis,
1351 4226 1542 4294 quibus
1579 4223 1909 4289 obsidemur,

322 4317 535 4373 occasio
587 4317 875 4391 patientiae,
904 4317 1124 4371 materia
1151 4317 1444 4373 tolerantiae
1463 4357 1479 4383 ,
1509 4316 1765 4371 bonorum
1793 4330 1914 4370 om-

323 4407 471 4461 nium
525 4406 706 4473 radix,
762 4404 881 4460 fons
933 4415 986 4461 et
1039 4421 1279 4477 parens:
1318 4422 1381 4461 ac
1413 4406 1459 4461 si
1510 4406 1682 4476 placet
1722 4407 1912 4459 horum

324 4498 530 4567 singula
585 4496 1089 4562 demonstrabimus,
1140 4497 1522 4567 dicemusque,
1563 4512 1665 4567 qua
1710 4497 1915 4552 ratione

327 4587 559 4642 fidelium
589 4588 656 4641 sit
688 4587 1007 4655 exhortatio,
1058 4587 1414 4642 Ecclesiarum
1456 4588 1667 4651 ﬁducia,
1693 4587 1917 4642 demon-

325 4682 511 4734 8tratio
566 4679 995 4747 resurrectionis,
1025 4690 1079 4734 et
1106 4680 1342 4748 \reliqua
1390 4680 1591 4745 omnia,
1637 4694 1757 4748 quae
1775 4692 1916 4733 nunc

275 4779 279 4783 '
325 4770 461 4825 dixi.
514 4768 648 4824 Cum
699 4770 859 4839 igitur
926 4733 1155 4823 ineuud\a
1205 4778 1329 4823 sunt
1397 4769 1566 4823 nobis
1624 4768 1913 4823 certamina

327 4876 451 4916 cum
473 4861 757 4930 gentilibus
782 4875 845 4915 ac
869 4860 936 4915 de
965 4860 1299 4930 dogmatibus
1328 4875 1538 4929 puguze,
1573 4868 1917 4929 nostramque

328 4953 405 5007 illi
451 4951 607 5006 fidem
635 4964 905 5017 accusant,
945 4961 1072 5006 tum
1123 4952 1330 5006 caneris
1360 4951 1460 5004 hoc
1490 4951 1647 5004 etiam
1693 4950 1797 5004 illis
1817 4950 1917 5004 ob-

326 5044 593 5116 jiciamus,
619 5051 932 5113 martyrum,
963 5042 1198 5111 inquam,
1226 5048 1473 5107 morte'm,
1505 5041 1764 5107 dicentes,
1789 5041 1919 5108 Quis

332 5133 593 5202 persuasit
620 5133 755 5198 issis,
803 5142 862 5186 ut
906 5142 1223 5200 praesentem
1270 5133 1430 5185 vitam
1472 5131 1918 5205 contemnerent?

330 5222 464 5277 Nam
514 5224 559 5276 si
589 5232 832 5277 mortuus
869 5232 953 5277 est
988 5222 1266 5289 Christus,
1310 5239 1407 5277 nec
1457 5225 1766 5288 resurrexit,
1800 5224 1919 5292 quis

330 5314 448 5369 haec
503 5329 662 5383 supra
715 5325 957 5368 naturam
997 5313 1249 5383 praeclara
1313 5313 1479 5384 gessit
1526 5313 1796 5369 facinora?
1850 5313 1918 5369 Ut

330 5406 476 5461 enim
514 5404 738 5474 probent
789 5404 1036 5460 humana:
1080 5406 1288 5460 virtutis
1338 5406 1440 5461 hoc
1483 5420 1592 5461 non
1642 5421 1796 5471 esse,
1844 5414 1919 5461 tot

330 5498 572 5554 millibus
597 5513 629 5551 a
672 5505 780 5551 tam
814 5497 972 5568 longo
1020 5507 1260 5567 tempore
1291 5514 1395 5552 non
1425 5498 1660 5552 virorum
1693 5506 1916 5563 tantum,

329 5590 424 5646 Sed
469 5600 523 5644 et
555 5590 856 5656 mulierum,
913 5602 966 5647 et
1014 5592 1276 5661 virginum
1318 5592 1680 5663 innuptarum,
1710 5601 1765 5648 et
1794 5608 1920 5663 pue-

394 5706 469 5768 (α)
502 5712 573 5756 Do
594 5706 817 5757 Flaviano
833 5705 1043 5770 loquitur
1064 5708 1312 5769 Episcopo.

1481 306 1571 364 DE
1606 306 1666 365 5.
1710 306 2015 365 DROSIDE
2034 307 2125 363 MA
2135 305 2392 362 RTYRE.

3469 303 3575 359 680

1982 435 2165 476 rerum
2208 433 2492 489 parvorum
2538 416 2888 489 persuadere,
2944 426 3002 473 ut
3037 417 3200 473 vitam
3253 429 3573 489 praesentem

1984 513 2275 583 negligant,
2327 519 2384 566 et
2433 510 2687 565 audacter
2736 524 2797 565 se
2844 509 3033 565 bestiis
3077 508 3348 574 offerant,
3399 510 3576 579 ignem

1982 612 2360 675 aSperuentur,
2389 617 2548 657 omne
2606 616 2885 672 partarum
2914 616 2977 657 ac
2999 601 3380 671 suppliciorum
3405 615 3577 671 genus

1983 696 2301 767 despiciant,
2356 704 2517 764 atque
2564 692 2629 747 ad
2671 694 2901 747 futuram
2933 692 3096 746 vitam
3140 691 3414 755 festinent,
3445 691 3579 744 nihil

1984 784 2312 856 argumentis
2360 784 2559 838 nostris
2604 782 2938 853 indigebunt,
2971 781 3066 836 sed
3096 782 3303 851 seipsos
3346 782 3582 835 interro-

1984 877 2203 947 gabunt,
2252 884 2307 931 et
2351 874 2703 930 sufficientem
2752 889 2816 929 ex
2864 874 2930 927 iis
2978 888 3098 944 qua:
3126 872 3268 927 dicta
3313 882 3438 927 sunt
3484 871 3583 925 de-

1988 968 2426 1024 monstrationem
2460 976 2753 1021 assumeut.
2775 965 2909 1020 Nam
2935 980 3001 1020 ex
3016 980 3123 1035 quo
3155 975 3392 1035 tempore
3419 962 3580 1019 Chri-

1988 1066 2102 1112 stus
2124 1057 2358 1123 advenit,
2390 1056 2634 1111 infideles
2678 1058 2897 1111 fuerunt
2952 1055 3320 1124 Imperatores,
3366 1054 3583 1110 fuerunt

1989 1159 2042 1203 et
2088 1146 2293 1213 fideles,
2343 1148 2436 1203 sed
2486 1147 2734 1204 infideles
2785 1146 3026 1217 plerique
3068 1146 3135 1203 ad
3189 1146 3478 1210 barathra,
3527 1155 3585 1201 et

1990 1254 2170 1309 rogos,
2222 1248 2276 1292 et
2314 1248 2579 1309 praerupta
2608 1238 2745 1300 loca,
2776 1238 3027 1294 etmaria
3052 1279 3068 1306 ,
3097 1247 3151 1293 et
3179 1239 3467 1294 bestiarum
3498 1238 3581 1293 fu-

1990 1342 2188 1394 rorem,
2230 1342 2293 1382 ac
2337 1328 2481 1382 varia
2527 1328 2910 1397 suppliciorum
2955 1338 3010 1383 et
3052 1344 3331 1398 ptenarum
3386 1342 3585 1399 genera

1993 1416 2175 1470 fideles
2216 1416 2568 1480 abducebant,
2612 1425 2666 1471 et
2719 1417 2966 1482 omnibus
2988 1416 3164 1471 modis
3209 1415 3366 1479 fidem
3416 1432 3483 1472 ex
3518 1417 3585 1470 il-

1994 1506 2165 1559 lorum
2211 1506 2403 1560 animis
2437 1506 2667 1561 evellere
2712 1508 3063 1571 conabantur,
3118 1516 3173 1561 ct
3220 1508 3348 1561 nihil
3405 1507 3585 1576 perfe-

1992 1605 2215 1663 cerunt,
2270 1596 2365 1652 sed
2421 1598 2560 1653 irrisi
2612 1598 2889 1664 abierunt,
2952 1598 3080 1653 dum
3138 1598 3322 1654 fideles
3370 1599 3590 1669 quidem

1994 1687 2247 1742 omnibus
2276 1687 2450 1742 modis
2486 1698 2827 1763 vexarentur,
2868 1695 2926 1741 at
2966 1687 3100 1743 fides
3127 1690 3355 1759 amplius
3381 1704 3593 1744 cresce-

1995 1787 2099 1832 ret.
2151 1777 2338 1832 Nullus
2389 1787 2567 1833 autem
2612 1794 2681 1833 ex
2725 1780 2825 1847 piis
2880 1778 3293 1848 lmperatoribus
3338 1794 3591 1849 umquam

1994 1869 2255 1925 adductus
2304 1882 2405 1938 est,
2437 1882 2494 1925 ut
2541 1872 2712 1925 virum
2758 1866 3028 1925 infidelem
3060 1880 3348 1940 torqueret,
3378 1886 3441 1925 ac
3462 1885 3593 1940 sup-

1996 1959 2168 2029 pliciis
2204 1970 2420 2030 cogeret
2463 1961 2530 2015 ab
2569 1974 2753 2015 errore
2778 1959 3076 2015 discedere.
3130 1960 3488 2015 Nihilominus
3514 1969 3595 2012 ta-

1999 2065 2119 2105 men
2146 2059 2336 2120 sponte
2363 2049 2554 2104 difflult
2582 2065 2644 2103 ac
2670 2050 2825 2119 perit,
2851 2060 2906 2103 ut
2952 2051 3191 2105 veritatis
3233 2050 3397 2104 robur
3425 2064 3594 2119 agno-

1998 2154 2141 2205 scas,
2193 2151 2247 2194 et
2296 2139 2559 2195 mendacii
2608 2140 3050 2207 imbecillitatem,
3104 2155 3227 2195 cum
3275 2139 3378 2201 hoc
3404 2151 3598 2210 sponte

2000 2246 2063 2286 ac
2108 2232 2257 2286 nullo
2300 2231 2588 2286 insultante
2632 2240 2833 2301 pereat,
2891 2231 3006 2287 haec
3049 2241 3228 2286 autem
3282 2247 3379 2302 per
3407 2246 3523 2295 eos,
3566 2246 3597 2283 a

2000 2321 2191 2391 quibus
2238 2321 2559 2392 impeditur,
2605 2330 2900 2391 augeatur,
2951 2332 3113 2393 atque
3167 2322 3223 2377 in
3279 2324 3598 2378 immensam

2001 2412 2384 2468 sublimitatem
2434 2414 2732 2467 attollatur.
2781 2414 2949 2482 llujus
2972 2422 3150 2469 autem
3197 2414 3277 2468 rei
3306 2428 3466 2468 causa
3492 2423 3599 2479 est,

2005 2502 2146 2573 quod
2192 2504 2335 2557 vivat
2379 2502 2643 2571 Christus,
2676 2515 2732 2559 et
2757 2506 2807 2558 in
2835 2506 3128 2576 martyrum
3158 2505 3439 2560 animabus
3462 2519 3597 2572 ορδε-

2002 2604 2171 2647 retur.
2213 2593 2269 2649 Si
2297 2595 2507 2664 quando
2535 2595 2694 2665 igitur
2742 2596 2995 2661 dixerint,
3026 2596 3198 2665 ipsum
3252 2597 3471 2650 minim‘e
3512 2613 3601 2652 rc-
3664 2592 3667 2593 ⁷

2004 2686 2323 2749 surrexisse,
2385 2686 2500 2739 lnec
2539 2701 2604 2739 ex
2649 2686 2756 2740 illis
2806 2687 3170 2750 sciscitemur,
3225 2687 3292 2741 Et
3349 2687 3469 2756 quis
3500 2688 3599 2741 ista

2005 2775 2322 2845 perfecerit?
2348 2792 2475 2830 num
2526 2792 2709 2845 quaeso
2738 2788 2985 2831 mortuus
3021 2777 3250 2843 aliquis?
3296 2779 3455 2847 Atqui
3493 2789 3599 2831 tam

2005 2870 2156 2923 multi
2186 2868 2337 2923 fuere
2374 2870 2594 2935 mat-tui,
2625 2884 2724 2923 nec
2753 2869 2892 2923 ullus
2921 2869 3043 2922 talia
3076 2869 3342 2938 pnestitit.
3373 2871 3599 2925 Atenim

2006 2975 2194 3029 magus
2243 2968 2298 3014 et
2344 2960 2701 3029 prazsﬁgiator
2752 2960 2905 3013 erat“!
2956 2959 3115 3027 Atqui
3169 2960 3321 3013 multi
3364 2959 3501 3028 magi
3545 2968 3603 3013 ct

2008 3049 2424 3119 przestigiatores
2471 3048 2795 3115 fuerunt,.et
2844 3064 3034 3103 oumes
3060 3049 3273 3104 silentio
3323 3049 3604 3103 involvun-

2009 3152 2114 3210 tur,
2141 3158 2239 3197 nec
2282 3143 2404 3197 ullae
2459 3143 2694 3212 ipsorum
2736 3144 2941 3212 uspiam
2984 3142 3221 3211 reliquis:
3250 3152 3473 3209 restant,
3506 3143 3602 3197 Sed

2009 3247 2113 3287 una
2133 3241 2260 3287 cum
2290 3232 2529 3301 ipsorum
2556 3232 2661 3285 vita
2693 3232 2902 3286 illorum
2939 3247 3151 3302 quoque
3170 3233 3453 3302 praestigiae
3478 3244 3607 3289 sunt

2008 3323 2287 3377 exstincta:
2316 3339 2330 3375 :
2358 3321 2557 3377 Christi
2608 3336 2735 3377 vero
2774 3321 2963 3391 religio
3006 3321 3229 3391 singulis
3276 3322 3464 3376 diebus
3502 3336 3606 3376 au-

2008 3422 2181 3481 getur,
2228 3426 2291 3466 ac
2357 3412 2548 3467 merito
2595 3425 2746 3465 sane.
2798 3410 2913 3465 Non
2954 3413 3097 3465 enim
3148 3412 3367 3481 magicis
3394 3412 3602 3465 artibus

2011 3503 2227 3569 fiebant,
2282 3501 2378 3557 sed
2405 3503 2603 3558 virtute
2640 3501 2842 3568 divina,
2870 3518 2989 3570 qua:
3016 3503 3358 3571 gerebantur,
3382 3503 3608 3573 ideoque

2011 3612 2116 3650 non
2140 3604 2380 3664 pereunt.
2412 3594 2524 3650 lmo
2548 3609 2676 3650 vero
2706 3609 2810 3649 non
2838 3609 2902 3649 ex
2930 3594 3031 3647 hoc
3060 3604 3261 3647 tantum
3292 3605 3606 3665 argumenta

2010 3686 2147 3740 duco
2192 3685 2444 3754 potentia:
2488 3683 2635 3752 ejus,
2683 3684 2825 3755 quod
2864 3694 3159 3754 augeatur,
3210 3684 3307 3737 sed
3364 3685 3506 3753 quod
3551 3685 3603 3738 in

2014 3778 2210 3832 bonum
2248 3787 2303 3831 et
2344 3776 2411 3829 ad
2451 3776 2677 3831 salutem
2716 3778 2839 3830 vite
2885 3786 3126 3831 nostras:
3173 3774 3438 3845 siquidem
3489 3787 3609 3845 post

2011 3868 2128 3938 ejus
2172 3867 2459 3922 adventum
2506 3882 2574 3921 ex
2624 3866 2816 3921 belluis
2850 3866 3092 3921 homines
3132 3865 3255 3921 facti
3280 3876 3407 3919 sunt
3447 3877 3611 3920 terra-

1986 3973 2132 4026 ,rum
2169 3956 2376 4021 incoite,
2434 3956 2518 4011 vel
2556 3956 2734 4025 potius
2760 3972 2824 4011 ex
2855 3955 3158 4010 hominibus
3188 3955 3383 4025 angeli,
3420 3970 3611 4010 omnes

2016 4050 2103 4118 qui
2150 4062 2270 4103 cum
2314 4048 2536 4103 veritate
2594 4047 2667 4101 illi
2706 4047 3065 4101 adhaeserunt.
3126 4046 3197 4100 At
3234 4044 3441 4114 decepti
3484 4055 3611 4101 sunt

2017 4149 2071 4193 et
2121 4139 2323 4193 seducti
2372 4142 2672 4208 martyres,
2728 4137 2937 4207 inquit,
2980 4143 3143 4205 atque
3198 4135 3397 4190 idcirco
3444 4136 3609 4189 vitam

2018 4239 2334 4300 praesentem
2368 4230 2736 4299 neglexerunt.
2772 4226 2973 4283 Deinde
3006 4228 3215 4297 priores
3243 4242 3349 4281 non
3388 4243 3609 4297 persua-

2017 4332 2201 4378 serunt
2242 4322 2511 4388 secundis,
2544 4337 2721 4391 neque
2747 4320 2967 4376 secundi
3021 4320 3214 4386 tertiis,
3268 4319 3363 4375 sed
3404 4330 3609 4389 quanto

2022 4416 2189 4484 magis
2226 4414 2701 4485 progrediebantur
2742 4413 3218 4483 persequutiones,
3264 4420 3409 4465 tanto
3448 4412 3611 4467 etiam

2020 4508 2221 4577 majora
2244 4508 2551 4577 prmclarum
2582 4505 2711 4560 illud
2739 4505 2946 4560 facinus
2962 4506 3293 4559 incrementa
3319 4504 3567 4574 capiebat
3592 4523 3605 4559 2

2022 4612 2121 4652 nec
2162 4598 2299 4650 ullus
2330 4606 2476 4651 tanto
2510 4606 2752 4663 tempore
2779 4592 3020 4649 fraudem
3051 4593 3287 4664 agnovit.
3335 4592 3467 4661 Quis
3497 4593 3614 4649 haec

2020 4690 2211 4745 rationi
2239 4700 2592 4743 consentanea
2620 4686 2866 4756 judicet?

2095 4782 2400 4836 Sanctorum
2430 4779 2677 4850 Reliquiae
2696 4778 2933 4831 timentur
2959 4793 2992 4830 α
3018 4775 3424 4830 dmonibus.—-
3456 4774 3609 4843 Quod

2022 4874 2067 4929 si
2110 4872 2317 4942 decepti
2372 4880 2517 4935 sunt,
2575 4873 2663 4941 qui
2696 4871 2773 4936 fit,
2802 4878 2858 4924 ut
2900 4884 3084 4923 eorum
3115 4869 3387 4938 pulverem
3414 4867 3617 4922 darmo-

2026 4979 2121 5017 nes
2153 4961 2561 5033 pertimescant?
2612 4960 2813 5031 quifit,
2860 4970 2916 5014 ut
2960 4974 3145 5012 eorum
3190 4958 3351 5013 etiam
3384 4958 3616 5012 tumulos

2025 5053 2261 5124 fugiant?
2312 5068 2483 5121 neque
2521 5053 2664 5107 enim
2700 5049 2752 5103 id
2797 5050 2876 5103 eis
2923 5049 3136 5115 accidit,
3191 5048 3334 5117 quod
3376 5058 3618 5102 mortuos

2025 5148 2297 5202 daemones
2340 5144 2709 5200 reformident.
2766 5142 2905 5197 Ecce
2957 5156 3187 5209 namque
3233 5142 3427 5193 mortui
3492 5151 3618 5193 sunt

2027 5240 2221 5309 ubique
2270 5249 2528 5292 terrarum
2576 5234 2863 5297 innumeri,
2905 5233 2953 5286 ei
2987 5232 3088 5285 illis
3111 5230 3369 5295 assident,
3393 5245 3457 5283 ac
3483 5230 3620 5282 mul-

2027 5341 2111 5385 tus
2155 5328 2337 5383 videre
2376 5340 2660 5397 possumus
2700 5338 2731 5378 a
2784 5323 3029 5377 daemone
3080 5329 3391 5388 correptos,
3420 5317 3512 5387 qui
3565 5318 3617 5372 in

2026 5420 2256 5477 desertis
2305 5435 2368 5474 ac
2405 5417 2664 5489 sepulcris
2706 5415 2906 5483 degunt
2946 5432 2960 5467 :
3013 5411 3099 5465 ubi
3153 5423 3283 5464 vero
3324 5420 3618 5476 martyrum

2026 5514 2236 5569 defossa
2257 5520 2535 5572 suntossa,
2552 5508 2675 5563 inde
2698 5517 2964 5575 tamquam
2988 5503 3056 5557 ab
3077 5503 3197 5571 igne
3216 5499 3445 5568 quodam
3464 5509 3517 5551 et
3538 5498 3620 5551 in-

2028 5603 2308 5659 tolerando
2332 5602 2590 5671 sopplicio
2630 5598 2895 5661 resiliunt,
2928 5609 2992 5649 ac
3016 5594 3265 5647 virtutem
3303 5588 3448 5661 ipsos
3476 5588 3617 5643 intus

2029 5696 2379 5768 tlagcllautem
2427 5695 2570 5751 clara
2605 5704 2737 5747 voce
2780 5687 3071 5759 divulgant.
