4182 6322
646 361 747 417 om
1385 354 1440 409 s.
1479 352 1750 408 JOANNIS
1784 345 2243 409 CllRYSOSTOMl
2283 347 2597 404 menter.
2636 345 3162 404 nonsummum

718 470 775 525 ‘5.
814 470 985 536 Atque
1011 463 1136 518 hinc
1153 462 1366 534 quidem
1396 471 1666 515 OStcnsum
1692 469 1794 527 est,
1824 460 2071 514 indicium
2098 471 2219 512 esse

651 560 950 614 daemonum
1012 552 1334 607 inﬁrmitatis
1381 561 1608 605 mortem
1658 558 1947 621 martyrum
1994 564 2010 602 :
2060 562 2224 618 porro

652 658 921 716 stuporem
967 658 1032 698 se
1062 641 1404 713 pervicaciam
1442 641 1654 696 illorum
1678 641 1776 693 hac
1799 638 1985 693 eadem
2012 652 2071 692 re
2109 652 2227 691 ma-

652 738 792 791 xime
823 735 1043 793 revinci.
1088 731 1212 788 inde
1256 731 1543 786 constabit.
1573 730 1705 783 Cum
1726 730 1865 784 enim
1897 728 2003 794 isti,
2038 740 2226 795 nempe

655 834 950 898 martyres,
999 800 1206 892 corpori
1245 837 1310 877 ac
1358 821 1684 876 naturalibus
1732 818 1943 873 obnoxii
1998 817 2228 871 necessi-

654 917 847 971 tatibus
891 924 1047 986 atque
1093 913 1288 983 ingenti
1318 912 1557 966 dolorum
1607 925 1669 963 ac
1702 908 2059 963 molestiarum
2091 904 2226 959 mul-

654 1008 876 1061 titudine
918 1004 1254 1059 circumsessi
1306 1002 1558 1057 caducam
1613 1001 1774 1054 vitam
1825 1007 2056 1069 agentes,
2087 997 2226 1052 etin

655 1098 811 1152 terris
859 1096 1142 1165 degentes,
1189 1097 1259 1149 ita
1311 1104 1625 1163 patientem
1663 1092 1822 1145 vitam
1857 1103 2109 1159 spernere
2152 1089 2229 1141 vi-

656 1187 899 1252 deantur,
938 1198 1156 1257 propter
1192 1200 1341 1239 suam
1372 1186 1423 1239 in
1468 1187 1651 1249 Deum,
1682 1200 1711 1237 a
1736 1199 1842 1255 quo
1889 1182 2049 1237 creati
2084 1189 2224 1242 sunt.

658 1276 963 1341 caritatem;
998 1275 1072 1329 illi
1120 1291 1249 1328 vero
1286 1284 1341 1328 et
1382 1276 1555 1328 carnis
1591 1285 1842 1343 expertes
1864 1313 1881 1336 ,
1911 1282 1964 1326 et
1991 1272 2057 1326 ab
2082 1270 2226 1323 omni

657 1364 758 1419 hoc
796 1366 980 1420 dolore
1007 1366 1351 1434 molestiaque
1399 1366 1691 1432 immunes,
1747 1365 1816 1417 ita
1862 1362 2226 1417 contumeliosi

656 1454 820 1509 fuisse
853 1468 1010 1524 atque
1054 1458 1104 1508 in
1137 1471 1287 1507 suum
1340 1454 1726 1508 benefactorem
1770 1456 1957 1523 ingrati
2001 1470 2227 1508 certi:qu

659 1553 743 1597 tur
775 1561 789 1597 :
819 1560 972 1611 quam
1004 1546 1400 1599 excissatiOuem
1451 1545 1754 1598 habebunt?
1781 1560 1936 1613 quam
1982 1546 2228 1597 veniam?

652 1630 858 1686 Nullam
900 1632 1069 1699 plane,
1099 1646 1216 1686 cum
1249 1634 1467 1686 istorum
1500 1636 1664 1686 virtus
1708 1633 1913 1686 illorum
1944 1632 2226 1702 nequitiam

654 1734 991 1787 summopere
1034 1722 1368 1776 condemnet.
1413 1722 1523 1775 Non
1554 1723 1694 1777 enim
1743 1722 1984 1777 homines
2028 1734 2225 1775 tantum

656 1808 896 1861 homines
920 1850 935 1872 ,
982 1818 1035 1863 et
1075 1810 1163 1877 qui
1205 1810 1567 1879 diligentiores
1604 1822 1726 1863 sunt
1750 1852 1765 1876 ,
1821 1812 2227 1881 negligentiores

653 1898 1027 1963 cmulenmant,
1058 1898 1149 1951 sed
1174 1900 1330 1952 etiam
1364 1900 1504 1968 ipsos
1524 1900 1790 1954 da-mones
1810 1900 2071 1970 ddigeutia
2097 1900 2228 1952 isto-

657 2003 771 2040 rum
819 1987 1050 2042 damnat.
1123 1995 1295 2059 Atque
1342 1991 1443 2045 huc
1492 1992 1792 2045 declarabat
1840 1993 2052 2054 Paulus,
2104 2006 2222 2045 cum

650 2075 851 2130 diceret
883 2095 895 2129 :
932 2076 1146 2131 Nescitis
1172 2081 1405 2146 quoniam
1431 2082 1633 2150 angelos
1656 2081 1993 2136 iudicabimus
2016 2081 2039 2133 ?
2068 2098 2227 2149 quan-

652 2178 704 2220 to
744 2170 901 2238 magis
923 2171 1184 2223 meritoria
1210 2173 1256 2239 (i
1290 2169 1407 2225 Cor.
1439 2171 1491 2225 fi.
1516 2173 1612 2241 3)?
1650 2173 1848 2239 Quibus
1867 2174 2040 2227 verbis
2067 2187 2227 2241 ange-

654 2254 734 2310 los
779 2257 970 2313 diaboli
1025 2260 1284 2327 significat
1335 2264 1655 2317 desertores.
1709 2265 1771 2316 Et
1818 2267 2082 2332 quomodo
2108 2265 2224 2317 illos

652 2344 1037 2413 judicabimus?
1065 2360 1267 2417 qu:ch
1308 2352 1515 2421 aliquis.
1542 2352 1653 2407 Non
1695 2354 1904 2422 quidem
1958 2355 2223 2420 sedentes,

652 2444 709 2487 et
750 2435 1005 2489 rationem
1049 2438 1116 2489 ab
1144 2442 1221 2493 eis
1266 2441 1557 2510 exigentes,
1602 2444 1694 2497 sed
1737 2445 2004 2513 diligentia
2047 2455 2222 2499 nostra

654 2523 862 2578 illorum
926 2528 1221 2581 socordiam
1279 2531 1715 2587 condemnantes.
1756 2534 1905 2601 Quod
1941 2535 2224 2603 quidemet

654 2612 767 2680 ipse
809 2613 1049 2670 indictus
1076 2616 1283 2671 dicebat.
1312 2619 1416 2672 :Et
1453 2622 1496 2674 si
1541 2623 1592 2674 in
1624 2624 1755 2677 robis
1786 2625 2048 2693 judicatur
2081 2648 2224 2683 mun-

653 2703 748 2751 dus
778 2699 918 2769 (Ibid
968 2717 1016 2755 υ.
1048 2703 1125 2773 2).
1158 2705 1272 2759 Non
1300 2707 1433 2773 dixit
1463 2723 1640 2763 coram
1673 2714 1842 2778 vobis,
1871 2716 1961 2769 sed
1990 2732 2085 2785 per
2110 2734 2223 2773 vos.

654 2790 1104 2855 Quemadmodum
1126 2811 1245 2850 cum
1287 2798 1433 2865 dicit,
1476 2800 1581 2855 Viri
1631 2802 1870 2860 Ninivitae
1899 2820 2144 2877 surgent,
2167 2820 2221 2865 et

650 2882 1074 2939 condemnabunt
1092 2890 1485 2955 generationem
1516 2892 1666 2947 istam
1695 2894 1840 2967 (Luc.
1868 2896 1953 2953 ll.
1981 2898 2093 2969 32).
2115 2918 2218 2956 non

656 2975 757 3026 hoc
805 2974 1012 3037 dicitur.
1067 2978 1215 3046 quasi
1268 2979 1509 3035 Ninivitae
1558 2986 1815 3041 rationem
1843 2991 2218 3060 exigautalu-

646 3061 801 3129 dmis,
847 3065 933 3131 qui
988 3076 1095 3119 tum
1138 3068 1392 3124 increduli
1448 3073 1675 3139 fuerunt,
1704 3078 1796 3131 sed
1824 3081 1961 3147 quod
2006 3083 2073 3137 ab
2097 3084 2218 3137 illo-

652 3165 769 3204 rum
815 3152 917 3208 ﬁde
954 3154 1171 3210 istorum
1215 3158 1553 3217 incredulitas
1598 3167 2003 3224 condemnetur.
2030 3172 2215 3229 Possu-

649 3254 765 3294 mus
784 3241 941 3295 etiam
984 3259 1087 3297 non
1129 3249 1507 3306 medioeritera
1538 3256 1851 3327 martyribus
1877 3260 1942 3315 ad
1969 3262 2214 3319 virtutem

642 3343 706 3383 ac
736 3346 911 3385 rerum
942 3334 1096 3404 hujus
1135 3340 1317 3393 saeculi
1346 3349 1701 3413 contemptum
1723 3351 2099 3418 acquirendae)
2121 3355 2218 3409 ad-

646 3421 835 3486 juvari.
868 3422 996 3476 Nam
1025 3440 1145 3480 cum
1190 3428 1317 3482 istas
1342 3431 1537 3487 videris
1577 3436 1737 3489 vitam
1761 3452 1972 3495 omnem
2030 3458 2215 3512 aspero

648 3514 783 3576 nari,
814 3516 1055 3580 quamvis
1097 3519 1332 3573 omnium
1398 3522 1472 3576 sis
1521 3527 1911 3595 smpidissimus
1952 3547 2017 3588 ac
2050 3537 2214 3605 negli-

643 3601 999 3667 gentissimus,
1053 3606 1282 3674 majores
1320 3610 1526 3667 animos
1554 3617 1839 3686 concipies,
1885 3636 1947 3675 ac
1980 3601 2213 3681 'delicias

641 3702 971 3761 contemnes,
1023 3701 1295 3766 pecuniam
1345 3702 1625 3773 despicies,
1652 3720 1706 3763 et
1749 3711 1800 3765 iu
1840 3715 1985 3768 crelis
2010 3721 2207 3773 versari

642 3784 1008 3851 concupisces.
1065 3785 1217 3854 Quod
1257 3792 1300 3845 si
1329 3794 1513 3848 morbo
1540 3797 1613 3850 sis
1637 3798 1899 3867 detentus,
1929 3807 2207 3861 maximam

538 3898 543 3901 »
640 3870 732 3923 tibi
770 3873 1035 3940 patientia!
1061 3878 1391 3936 occasionem
1424 3869 1733 3952 pra-bebun't
1763 3902 2048 3963 martyrum
2092 3913 2210 3967 pas-

635 3961 817 4018 siones
860 3983 872 4017 :
917 3966 1057 4034 quod
1121 3968 1165 4022 si
1221 3984 1528 4043 paupertate
1578 3982 1869 4049 premeris,
1901 3961 2032 4041 sive
2091 3961 2207 4045 aliis

634 4052 910 4119 quibusvis
946 4060 1197 4113 mrumois
1239 4066 1464 4128 rexeris,
1514 4048 1722 4134 quaties
1747 4075 1929 4126 oculos
1974 4076 2038 4129 ad
2060 4090 2209 4132 accr-

634 4138 853 4195 bitatem
883 4153 1285 4216 tormentorum,
1309 4167 1427 4222 qua
1448 4155 1520 4234 illi
1546 4159 1843 4216 sustinuere
1860 4203 1873 4225 ,
1904 4178 2205 4234 convertes,

631 4230 985 4290 sufficientem
1031 4238 1290 4295 malorum
1314 4230 1570 4313 omnium,
1597 4250 2016 4325 quibuscumque
2042 4273 2204 4313 vexe-

636 4319 729 4385 ris,
750 4325 1164 4383 consolationem
1188 4331 1465 4402 percipies.
1494 4335 1779 4407 Propterea
1809 4319 2039 4399 maxime
2065 4362 2208 4403 com-

635 4412 1048 4468 memorationes
1089 4416 1249 4488 diligo
1275 4431 1601 4493 martyrum,
1628 4427 1788 4498 diligo
1808 4440 1862 4485 et
1889 4434 2200 4504 amplector,

634 4509 793 4569 atque
816 4517 1001 4559 omnes
1029 4509 1261 4577 quidem,
1294 4514 1386 4568 sed
1410 4524 1518 4569 tum
1551 4521 1835 4589 praecipue,
1866 4540 1983 4580 cum
2016 4530 2202 4585 mulie-

633 4605 753 4645 rum
779 4599 1068 4652 certamina
1109 4616 1491 4671 proponuntur.
1523 4608 1732 4677 Quanto
1774 4618 1913 4670 enim
1945 4618 2203 4678 infirmius

630 4690 715 4776 est
742 4698 833 4776 vas
855 4686 903 4755 (l
930 4687 1046 4743 Pet.
1070 4692 1121 4745 5.
1148 4692 1202 4764 7)
1226 4735 1242 4755 ,
1294 4704 1440 4750 tanto
1482 4701 1651 4769 major
1694 4715 1774 4758 est
1825 4711 1988 4776 gratia
2010 4753 2024 4775 ,
2056 4720 2201 4769 tanto

632 4772 885 4830 illustrius
916 4788 997 4833 est
1042 4788 1319 4851 tropazum,
1354 4794 1497 4842 tanto
1533 4791 1789 4862 insignior
1830 4772 2067 4868 rictoria,
2094 4820 2197 4859 non

627 4861 703 4917 ob
749 4864 1158 4926 imbecillitatem
1211 4888 1375 4930 sexus
1419 4880 1757 4947 athletarum,
1785 4887 1878 4941 sed
1917 4861 2066 4958 quod,
2102 4908 2197 4963 per

624 4965 689 5005 ea
714 4997 729 5015 ,
757 4955 946 5018 quibus
992 4959 1190 5015 vicerat
1228 4964 1505 5036 inimicus,
1554 4987 1695 5027 nunc
1745 4976 1900 5030 etiam
1934 4955 2193 5039 vincatur.

630 5040 731 5095 Per
778 5044 1027 5114 virginem
1068 5052 1195 5106 olim
1224 5039 1483 5112 Adamnm
1519 5060 1761 5118 diabolus
1786 5066 2070 5139 interemit,
2102 5090 2196 5143 per

628 5133 882 5226 virginem
897 5139 1096 5219 deinde
1116 5143 1358 5202 Ghristus
1396 5150 1663 5207 diabolum
1692 5163 1958 5226 superavit
1984 5182 1996 5215 :
2027 5133 2078 5218 ct
2102 5133 2192 5221 ille

625 5222 850 5288 gladius,
903 5242 1058 5297 quem
1082 5232 1193 5301 ipse
1233 5235 1284 5289 in
1316 5253 1413 5293 nos
1441 5222 2193 5317 exaeuerahcapubdraconis

621 5317 1117 5417 aitipluaviti‘quod
1163 5323 1218 5377 in
1264 5326 1471 5383 Davidis
1511 5348 1720 5403 quoque
1772 5336 1946 5393 duello
1972 5348 2190 5417 contigit

622 5398 699 5467 (ι.
730 5400 852 5507 Reg.
889 5405 1009 5507 l7).
1053 5408 1183 5507 Nam
1239 5398 1681 5484 quemadmodum
1743 5425 1987 5485 Goliathi.
2031 5398 2189 5507 capcut

620 5500 752 5543 ense
801 5495 1076 5553 barbarico
1113 5500 1289 5570 justus
1312 5507 1400 5562 ille
1436 5508 1654 5567 Correus
1670 5515 1915 5585 abscidit,
1948 5524 2014 5578 ita
2047 5495 2201 5582 nunc

620 5590 777 5635 etaim
829 5584 926 5641 ﬁt:
975 5605 1069 5658 per
1110 5595 1382 5653 mulierem
1419 5602 1562 5671 vicit,
1597 5622 1707 5674 per»
1739 5584 2008 5669 mulierem
2031 5634 2185 5689 supe-

621 5681 769 5730 ratus
798 5688 897 5731 est.
949 5678 1058 5739 [loc
1102 5685 1243 5743 illius
1265 5702 1421 5749 antea
1472 5698 1630 5754 telum
1680 5713 1836 5772 erat,
1893 5706 1991 5762 hoc
2040 5678 2180 5767 illius

2330 473 2470 514 nunc
2497 460 2657 515 cordis
2700 460 2893 514 factum
2931 469 3015 515 est
3039 462 3465 526 instrumentum,
3492 461 3593 517 hoc
3626 476 3715 517 vas
3745 478 3917 533 appa-

2329 549 2433 602 ruit
2485 549 2857 620 insuperabile.
2892 550 3136 606 Peccavit
3176 552 3262 606 illa
3288 552 3451 621 prior,
3483 561 3536 609 et
3560 562 3770 607 mortua
3795 564 3917 618 est;

2327 638 2426 692 ista
2471 649 2680 713 mortua
2732 648 2834 702 est,
2887 656 2959 696 ne
3002 650 3245 711 peccaret
3277 642 3402 696 :illa
3459 651 3570 698 tum
3598 642 3765 697 futilis
3788 657 3920 710 pro.

2330 727 2477 783 missi
2521 745 2618 799 spe
2664 729 2841 784 innata
2869 731 2960 785 Dei
2986 732 3132 800 leges
3160 732 3393 799 violavit,
3421 732 3534 787 ha~e
3577 734 3738 787 vitam
3774 748 3919 802 pm-

2329 828 2533 889 sentem
2560 821 2896 889 contempsit.
2942 835 3011 875 ne
3051 820 3287 875 fidentia
3326 838 3478 876 suum
3515 822 3912 877 benefactorum

2330 911 2583 976 ejuraret.
2620 910 2788 975 Quam
2834 912 2990 980 igitur
3013 911 3264 980 deinceps
3298 902 3519 980 sperare
3542 922 3791 981 poterunt
3814 925 3915 966 ex-

2329 1000 2658 1054 cusationem
2686 1003 2803 1065 viri,
2837 1002 2881 1055 si
2912 1001 3101 1055 molles
3139 1002 3247 1054 sint
3269 1011 3319 1055 et
3349 1002 3543 1071 ignavi,
3572 1016 3729 1070 quam
3780 1015 3912 1056 vero

2334 1093 2580 1159 veniam,
2632 1107 2753 1146 cum
2801 1092 3005 1148 fortiter
3052 1107 3115 1148 ac
3174 1093 3398 1146 viriliter
3439 1108 3497 1147 se
3540 1104 3726 1162 gerant
3794 1111 3913 1149 mu-

2330 1181 2531 1237 lieres?
2583 1198 2703 1237 cum
2753 1183 2888 1238 adeo
2918 1200 2974 1237 se
2999 1198 3259 1253 generose
3284 1183 3349 1237 ad
3380 1184 3666 1238 certamina
3698 1187 3912 1253 pietatis

2330 1276 2643 1343 accingunt?
2682 1275 2812 1329 Nam
2861 1292 3033 1343 neque
3082 1290 3258 1340 sexus,
3290 1290 3387 1328 nec
3413 1287 3540 1328 :etas
3569 1291 3739 1345 neque
3763 1279 3909 1331 aliud

2331 1360 2618 1434 quidquam
2676 1376 2851 1433 potest
2903 1366 3339 1434 impedimentum
3388 1366 3729 1433 objicerehsi
3769 1369 3912 1423 adsit

2331 1458 2576 1512 alacritas
2613 1458 2813 1519 animi,
2864 1466 2917 1510 et
2963 1458 3139 1521 zelus,
3191 1468 3245 1511 et
3295 1456 3489 1510 ardens
3516 1456 3685 1522 ﬁdes;
3718 1458 3910 1527 hisque

2331 1550 2577 1603 omnibus
2608 1550 2695 1602 Dei
2750 1549 2902 1602 nobis
2928 1550 3148 1619 gratiam
3189 1549 3551 1610 conciliemus,
3581 1548 3720 1618 quod
3752 1550 3907 1603 beata

2334 1642 2578 1695 nimirum
2626 1643 2722 1695 ista
2765 1642 3029 1709 praestitit.
3069 1639 3186 1695 Fuit
3233 1639 3372 1693 enim
3409 1640 3481 1693 illi
3508 1654 3700 1708 corpus
3740 1640 3909 1694 imbe-

2330 1734 2531 1797 cillum,
2578 1742 2633 1787 et
2674 1733 2935 1786 obnoxius
2964 1747 3121 1787 sexus
3163 1732 3388 1799 injuria',
3442 1740 3498 1784 et
3527 1731 3705 1798 junior
3741 1741 3903 1792 anas;

2330 1834 2695 1875 verumtamen
2745 1822 2934 1874 horum
2978 1822 3217 1875 omnium
3280 1819 3693 1873 imbecillitatem
3739 1819 3905 1873 adve-

2330 1916 2482 1968 niens
2524 1913 2689 1983 gratia
2735 1911 3043 1977 occultavit,
3089 1911 3179 1964 ubi
3224 1924 3538 1980 generosam
3577 1909 3740 1962 animi
3792 1910 3905 1961 ala-

2330 2011 2569 2058 critatem
2613 2002 2849 2066 offendit,
2893 2011 2946 2056 et
2975 2010 3307 2055 constantem
3352 1999 3531 2065 fidem,
3582 2011 3637 2053 et
3671 1999 3906 2052 animam

2330 2097 2393 2148 ad
2440 2093 2711 2148 subeunda
2758 2092 2987 2161 pericula
3020 2102 3387 2160 praeparatam.

2399 2188 2452 2241 4.
2490 2186 2549 2239 S.
2584 2185 2789 2238 Drosidi
2848 2185 3135 2253 preposims
3179 2199 3350 2253 rogus.
3404 2182 3673 2252 Compara!
3725 2198 3906 2252 rogant

2328 2293 2442 2329 cum
2474 2279 2609 2347 ferite
2653 2292 2698 2328 et
2737 2274 3200 2344 fornacem-Nihil
3231 2274 3374 2327 enim
3418 2283 3537 2338 est,
3590 2273 3717 2325 nilnil
3750 2272 3905 2341 plane

2328 2367 2593 2437 potentius
2620 2379 2702 2421 est
2727 2382 2793 2420 eo
2813 2407 2826 2432 ,
2857 2368 2946 2436 qui
2972 2380 3160 2436 magno
3186 2380 3306 2420 cum
3332 2365 3507 2419 studio
3539 2366 3627 2420 Dei
3658 2366 3901 2419 timorem

2328 2458 2517 2511 habeat
2545 2456 2597 2510 in
2628 2466 2807 2510 mente
2827 2456 3077 2521 defixum,
3101 2456 3195 2510 sed
3218 2456 3457 2524 quamvis
3477 2456 3643 2525 ignes,
3663 2457 3904 2525 quamvis

2326 2547 2526 2603 ferrum
2551 2592 2564 2605 .
2593 2550 2835 2618 quamvis
2860 2547 3058 2603 bestias
3078 2588 3093 2613 ,
3132 2549 3373 2617 quamvis
3399 2548 3539 2602 aliud
3564 2549 3774 2617 quidvis
3797 2550 3901 2602 mi-

2325 2648 2517 2693 nentur
2547 2642 2725 2694 hostes
2746 2681 2759 2704 ,
2788 2641 2965 2693 omnia
2994 2640 3139 2694 nullo
3166 2640 3377 2708 negotio
3405 2641 3731 2706 contemnit,
3759 2643 3901 2710 quod

2320 2730 2507 2801 utique
2540 2738 2690 2783 beata
2718 2728 2815 2782 ista
2855 2730 3036 2784 Drusis
3062 2732 3223 2784 etiam
3269 2728 3412 2785 fecit.
3444 2730 3728 2799 Postquam
3756 2732 3899 2786 enim

2323 2829 2509 2888 rogum
2542 2830 2796 2892 tyrannus
2838 2820 3302 2891 accenditmeque
3343 2822 3485 2881 enim
3515 2822 3565 2875 in
3594 2821 3900 2877 barathrum

2322 2908 2464 2961 illam
2511 2911 2831 2978 praecipitem
2877 2912 3020 2980 egit,
3068 2926 3241 2980 neque
3282 2914 3457 2981 capite
3503 2916 3794 2979 truncavit,
3832 2930 3902 2971 ne

2325 2999 2570 3067 supplicii
2602 3000 2830 3053 brevitas
2857 2998 3066 3056 facilius
3098 3000 3175 3055 illi
3203 3012 3471 3056 certamen
3500 3004 3773 3069 redderet;
3804 3005 3899 3059 sed

2321 3091 2501 3141 animo
2528 3093 2642 3156 ejus
2672 3091 2891 3158 cupiens
2916 3099 3171 3145 terrorem
3202 3092 3459 3153 incutere.
3488 3102 3646 3163 atque
3676 3094 3901 3149 indomi-

2327 3185 2430 3230 tam
2460 3180 2573 3248 ejus
2603 3189 2833 3235 mentem
2863 3182 2975 3250 rogi
3016 3192 3230 3251 aspectu
3258 3196 3508 3251 superare
3529 3226 3544 3250 ,
3581 3186 3632 3239 in
3665 3187 3896 3240 medium

2324 3269 2464 3321 illam
2495 3272 2730 3338 promtit.
2759 3272 2892 3325 Cum
2923 3274 3083 3341 igitur
3108 3288 3294 3343 rogum
3322 3275 3671 3338 accendisset,
3702 3292 3765 3331 ac
3795 3279 3891 3331 for-

2324 3374 2506 3413 nacem
2535 3361 2947 3426 inflammasset,
2979 3371 3136 3432 atque
3184 3364 3236 3417 in
3275 3379 3535 3419 summam
3565 3367 3892 3422 altitudinem

2317 3450 2666 3516 attolleretur,
2698 3452 2811 3508 btne
2835 3469 2955 3507 cum
2984 3463 3231 3508 cerneret
3254 3456 3406 3510 beata
3434 3467 3655 3526 martyr,
3684 3458 3891 3513 inﬂam-

2322 3542 2563 3598 mabatnr
2608 3546 2719 3613 ipsa
2750 3561 2959 3615 quoque
2998 3553 3158 3616 atque
3196 3561 3377 3601 amore
3413 3548 3607 3604 Christi
3644 3551 3888 3614 ardebat,

2319 3633 2584 3703 triumque
2612 3650 2892 3703 puerorum
2925 3652 3149 3705 memor,
3179 3652 3358 3693 secum
3387 3640 3497 3709 ipsa
3525 3643 3891 3709 reputabanse

2318 3722 2372 3775 in
2411 3723 2720 3778 societatem
2766 3727 3112 3781 certaminum
3165 3727 3372 3782 illorum
3428 3729 3640 3795 venire,
3688 3732 3892 3801 sibique

2313 3810 2525 3865 easdem
2562 3828 2681 3868 cum
2713 3814 2813 3869 illis
2842 3830 3068 3871 coronas
3098 3817 3317 3884 imponi.
3352 3816 3419 3872 Et
3447 3820 3888 3888 quemadmodum

2317 3895 2500 3957 furiosi
2525 3902 2659 3956 nihil
2686 3918 2895 3967 eorum,
2924 3919 3043 3974 qua:
3068 3914 3379 3972 cernuntur,
3411 3919 3567 3977 prout
3588 3918 3669 3964 est
3690 3910 3886 3975 vident,

2313 3994 2404 4047 sed
2429 3995 2543 4047 sive
2575 4006 2853 4049 exactuum
2881 3995 3113 4066 gladium
3161 3996 3409 4061 viderint,
3446 3999 3497 4053 in
3539 4001 3707 4070 ipsum
3740 4001 3889 4058 facile

2314 4085 2614 4153 praecipites
2643 4088 2881 4153 irruunt,
2912 4089 3024 4144 sive
3044 4104 3251 4159 rogum.
3282 4090 3395 4145 sive
3419 4091 3748 4160 barathrum,
3777 4098 3888 4151 sive

2310 4177 2676 4245 prmcipitium,
2706 4180 2817 4233 sive
2838 4180 3071 4251 pelagus,
3094 4182 3205 4236 sive
3225 4182 3365 4236 aliud
3382 4184 3608 4252 quidvis,
3628 4185 3887 4254 intrepide

2308 4280 2367 4319 se
2415 4266 2465 4319 in
2503 4278 2689 4322 cuncta
2722 4270 3007 4339 projiciunt
3036 4291 3049 4326 :
3075 4271 3153 4327 sic
3188 4282 3243 4327 et
3289 4274 3389 4328 ista
3427 4274 3602 4331 furore
3643 4275 3751 4332 non
3796 4279 3885 4336 tali

2308 4368 2569 4426 correpta,
2600 4360 2758 4424 absit,
2789 4361 2884 4418 sed
2912 4362 3017 4417 alio
3046 4363 3231 4433 quavis
3260 4364 3536 4433 prudentia
3568 4366 3882 4437 honestiori,

2307 4444 2606 4517 Christique
2648 4465 2828 4505 amore
2872 4462 3144 4522 correpta,
3196 4454 3323 4509 nihil
3367 4470 3553 4510 eorum
3592 4472 3711 4527 quae
3761 4471 3884 4516 sunt

2308 4537 2474 4590 oculis
2511 4538 2748 4606 subjecta
2793 4541 3095 4609 spectabat,
3144 4543 3235 4597 sed
3281 4543 3333 4597 in
3375 4545 3563 4599 ca-lnm
3607 4548 3879 4617 translata,

2306 4625 2536 4696 illucque
2572 4625 2680 4697 jam
2731 4640 2909 4686 mente
2954 4627 3307 4702 commigrans
3347 4636 3523 4689 omnia
3569 4637 3706 4692 mala
3748 4654 3881 4694 con-

2308 4719 2591 4783 temnebat,
2622 4730 2675 4775 et
2703 4722 2873 4790 ignem
2896 4737 3000 4776 non
3029 4723 3223 4792 ignem,
3252 4725 3346 4779 sed
3371 4742 3544 4781 rorem
3572 4742 3690 4783 esse
3714 4729 3878 4786 duce-

2305 4806 2412 4861 bat.
2432 4807 2788 4875 Quamobrem
2815 4827 3001 4881 rngum
3024 4814 3169 4867 illum
3195 4829 3295 4883 ego
3321 4824 3375 4869 et
3405 4816 3601 4872 fontem
3623 4833 3879 4887 aquarum

2303 4895 2754 4967 limpidissimum,
2812 4910 2867 4954 et
2897 4904 3175 4958 tineturam
3214 4908 3495 4973 quamdam
3527 4906 3796 4975 eximiam,
3824 4919 3875 4965 el

2306 4986 2571 5044 fornacem
2608 4991 2971 5064 conflatpriam
3001 4995 3229 5061 appello.
3263 4993 3392 5049 Nam
3432 4998 3877 5067 quemadmodum

2303 5079 2354 5132 in
2388 5080 2599 5136 fornace
2625 5098 2831 5146 aurum,
2855 5086 2931 5137 sic
2953 5096 3004 5138 et
3027 5086 3166 5140 illius
3191 5086 3340 5141 beata
3369 5090 3540 5141 anima
3569 5105 3664 5158 per
3688 5107 3875 5161 rogum

2300 5170 2445 5225 illum
2490 5176 2673 5242 purior
2713 5177 3049 5232 reddebatur.
3092 5177 3455 5248 Liqueliebant
3501 5184 3641 5235 enim
3683 5198 3877 5239 carnes

2298 5261 2434 5328 ejus,
2462 5273 2517 5319 et.
2542 5252 2659 5318 ossa
2689 5267 3052 5332 terrebantur,
3080 5270 3438 5324 cxurcbantur
3467 5274 3646 5336 nervi,
3675 5285 3730 5327 et
3757 5288 3875 5327 cor-

2297 5356 2439 5422 poris
2466 5357 2641 5410 sanies
2665 5358 2894 5427 undique
2916 5359 3176 5415 deﬂuebat
3198 5379 3210 5414 :
3231 5372 3283 5415 at
3308 5364 3497 5416 anima:
3520 5362 3648 5418 ﬁdes
3673 5364 3871 5420 firmior

2293 5454 2346 5497 ct
2374 5445 2698 5513 Splendidiur
2722 5447 2900 5502 ﬁebat.
2932 5451 3100 5518 Atque
3146 5451 3219 5506 illi
3246 5452 3457 5521 quidem
3488 5454 3601 5508 base
3630 5455 3868 5510 videntes

2294 5534 2461 5603 ipsnm
2502 5540 2671 5605 perire
2714 5543 2999 5595 censebant
3025 5560 3037 5595 :
3061 5543 3173 5597 bzec
3198 5559 3326 5597 vero
3354 5544 3580 5613 amplius
3606 5560 3866 5616 expurga-

2293 5627 2465 5691 liatur,
2488 5641 2539 5681 ct
2568 5631 3013 5699 Quemadmodum
3042 5648 3251 5700 aurum,
3276 5635 3548 5703 imperitus
3564 5638 3651 5704 qui
3672 5638 3865 5702 adstat,

2291 5725 2344 5770 ct
2385 5716 2640 5787 liqueﬁeri
2670 5722 2811 5777 videt
2846 5736 2909 5778 ac
2947 5723 3222 5790 diffluere,
3260 5741 3487 5799 cumque
3507 5725 3690 5783 cinere
3715 5743 3860 5783 cout-

3808 347 3924 406 638
