4206 6302
231 355 336 414 387

304 467 378 537 γ’.
423 464 565 519 Ἀλλ’
596 464 849 520 ἐντεῦθεν
871 462 996 534 μὲν,
1019 461 1103 517 ὅτι
1125 460 1222 532 τῆς
1251 456 1533 521 ἀσθενείας
1563 453 1673 540 τῶν
1700 452 1818 540 δαι-

238 536 418 624 μόνων
444 551 666 624 ἔλεγχος
691 549 726 605 ’ὀ
744 550 854 604 τῶν
877 548 1169 622 μαρτύρων
1197 546 1315 600 ἐστὶ
1348 543 1600 606 θάνατος,
1623 536 1818 594 ἀποδέ-

235 641 474 703 δεικται·
502 640 586 694 δτι
617 639 675 693 δέ
701 639 794 693 καὶ
828 639 926 710 τῆς
946 633 1304 706 ἀναισθησίας
1327 626 1510 688 αὐτῶν
1539 631 1656 683 ἐστι
1685 642 1818 710 κατ-

236 726 440 798 ηγορία
479 725 542 780 τδ
591 726 864 796 πρᾶγμα,
885 709 1048 793 δῆλον
1081 720 1312 776 ἐκεῖθεν.
1341 719 1514 773 Ὅταν
1541 717 1651 788 γάρ
1673 709 1819 769 οῦτοι

244 812 366 886 μὲν,
403 815 453 868 οί
487 815 762 884 μάρτυρες
786 812 950 880 λέγω,
984 809 1197 881 σώματι
1229 808 1323 863 καί⁸
1355 807 1614 878 φυσικαῖς
1655 801 1822 870 ἀνάγ-

239 916 370 964 καις
393 901 758 971 ὐποκείμενοι,
791 898 888 953 καὶ
915 897 1084 952 πολὺν
1107 894 1310 950 ὀδυνῶν
1341 893 1498 964 ὀχλον
1528 891 1623 946 καὶ
1647 889 1820 961 ἀλγη-

234 985 407 1042 νδόνων
432 985 648 1058 ἔχοντες
679 985 1038 1058 περιεστῶτα.
1072 983 1166 1036 καὶ
1201 982 1294 1036 τὸν
1323 980 1589 1058 ἐπίκηρον
1615 976 1822 1041 ζῶντες

241 1073 382 1142 βίον,
409 1073 504 1127 καί⁵
537 1072 903 1145 διατρίϐοντες
933 1071 1024 1126 ἐπὶ
1053 1071 1179 1141 γῆς,
1206 1069 1351 1123 οὕτω
1392 1065 1692 1138 φαίνωνται
1725 1063 1824 1135 τῆς

244 1160 526 1231 παρούσης
551 1158 929 1232 ὑπερορῶντες
957 1155 1103 1228 ζωῆς
1131 1155 1222 1210 διά
1246 1155 1348 1226 τὴν
1375 1153 1504 1225 περὶ
1540 1152 1634 1206 τὸν
1665 1148 1822 1222 [692]

243 1247 585 1318 πεποιηκότα
635 1239 819 1308 αὐτοῖς
875 1242 1009 1298 Θεὸν
1055 1243 1278 1313 ἀγάπην
1296 1257 1313 1273 ο
1367 1241 1568 1295 ἐκεῖνοι
1621 1238 1678 1292 δέ
1731 1237 1828 1291 καὶ

241 1333 447 1404 σαρκὸς
475 1331 885 1404 ἀπηλλαγμένοι
917 1331 1011 1386 καὶ
1040 1331 1224 1403 πάσης
1259 1328 1465 1400 ταύτης
1505 1327 1699 1399 ὀδύνης
1732 1327 1827 1380 καὶ

243 1419 536 1492 ἀλγηδόνος
559 1418 702 1473 οὕτω
731 1417 1029 1488 φαίνωνται
1058 1416 1428 1488 ἐξυϐρικότες,
1456 1415 1551 1468 καὶ
1575 1411 1826 1485 ἀγνώμοο

243 1524 337 1570 νες
370 1506 501 1577 περὶ
535 1504 629 1559 τὸν
665 1504 962 1576 εὐεργέτην
1002 1503 1383 1575 γεγενημένοι,
1414 1502 1574 1557 ποίαν
1616 1500 1828 1565 ἕξουσιν

243 1591 578 1661 ἀπολογίαν;
619 1592 745 1646 τίνα
786 1591 1152 1661 συγγνώμηνς
1196 1588 1470 1660 Οὐδεμίαν
1505 1587 1826 1660 οὐδαμόθεν,

245 1682 346 1751 τῆς
377 1681 582 1738 τούτων
623 1680 828 1752 ἀρετῆς
864 1680 962 1752 τὴν
1001 1679 1230 1734 ἐκείνων
1264 1677 1472 1734 κακίαν
1516 1679 1584 1733 ἐκ
1628 1674 1828 1731 πολλοῦ

243 1768 342 1822 τοῦ
381 1769 661 1843 περιόντος
685 1765 1148 1838 κατακρινούσης.
1189 1766 1266 1820 Οὐ
1298 1764 1410 1837 γὰρ
1450 1765 1516 1836 δὴ
1548 1763 1711 1836 μόνον
1736 1763 1834 1818 ἀνα

244 1854 506 1927 θρώπουςμ
529 1853 825 1926 ἄνθρωποι,
853 1855 906 1908 οί
937 1851 1340 1926 σπουδαιότεροι
1368 1854 1498 1916 τοὺς
1528 1849 1834 1922 ῥᾳθυμοτέ-

246 1957 380 2012 ρους
403 1938 843 2011 κατακρίνουσιν,
877 1939 991 1993 ἀλλ’
1015 1939 1118 2011 ἤδη
1142 1938 1237 1993 καὶ
1261 1937 1465 2002 αὐτοὺς
1483 1939 1611 2000 τοὺς
1639 1933 1833 2007 δαίμο-

246 2044 346 2091 νας
372 2029 408 2100 ή
430 2026 636 2081 τούτων
648 2024 1006 2090 καταδικάζει
1038 2024 1262 2096 σπουδή.
1291 2025 1404 2079 Καὶ
1427 2022 1602 2078 ταῦτα
1621 2021 1835 2086 Παῦλος

245 2114 489 2185 ἐδήλωσε
515 2113 712 2182 λέγων·
744 2113 861 2166 Οὐκ
887 2111 1064 2165 οἴδατε
1097 2112 1182 2166 ὅτι
1208 2111 1478 2181 ἀγγέλους
1507 2105 1833 2183 κρινοῦμεν;

249 2203 386 2272 μήτι
409 2217 474 2271 γε
508 2200 768 2272 βιωτικά;
798 2200 924 2265 τούς
949 2197 1042 2253 τοῦ
1066 2198 1319 2253 διαϐόλου
1349 2199 1524 2268 λέγων
1548 2197 1835 2268 ἀγγέλους,

244 2287 379 2352 τοὺς
414 2288 748 2351 ἀποστάτας.
777 2272 889 2340 Kal
913 2286 1032 2351 πῶς
1053 2283 1349 2360 κρινοῦμεν
1381 2286 1600 2350 αὐτοὺς,
1630 2285 1834 2356 φησίν;

249 2373 393 2445 Οὐχὶ
437 2373 740 2448 καθήμενοι
770 2361 887 2428 ’καὶ
919 2372 1148 2437 εὐθύνας
1184 2372 1384 2436 αὐτοὺς
1431 2372 1799 2436 ἀπαιτοῦντες
1819 2410 1836 2436 ,

248 2459 392 2515 ἀλλά
417 2461 486 2515 δι’
518 2459 795 2533 ήμετέρας
829 2459 1066 2531 σπουδῆς
1092 2460 1194 2532 τὴν
1221 2460 1448 2514 ἐκείνων
1485 2464 1842 2530 κατακρίνον-

246 2567 346 2614 τες
371 2548 666 2622 ῥᾳθυμίαν.
703 2547 883 2621 Ὅπερ
907 2544 1003 2603 οῦν
1029 2549 1127 2603 καὶ
1147 2550 1282 2604 αὐτὸ
1307 2548 1486 2619 δηλῶν
1511 2547 1669 2616 ἔλεγε
1693 2563 1709 2579 ο
1733 2547 1843 2603 Καὶ

247 2637 306 2692 ει
332 2635 405 2690 ἐν
431 2635 577 2706 ὑμῖν
599 2635 863 2704 κρίνεται
887 2638 923 2691 δ
951 2636 1182 2704 κόσμος
1199 2650 1214 2665 °
1241 2636 1342 2689 οὐκ
1363 2631 1517 2689 εἶπεν
1544 2633 1632 2705 ἐφῖ
1664 2632 1840 2705 ὑμῶν,

250 2723 395 2778 ἀλλά
421 2724 489 2777 δι’
513 2723 687 2794 ὑμῶν.
727 2724 941 2794 Ὠσπερ
968 2724 1098 2776 ὅταν
1127 2722 1282 2794 λέγῃσ
1314 2721 1540 2793 Ἀνδρες
1564 2716 1844 2774 Νινευῖται

252 2811 672 2882 ἀναστήσονται,
703 2811 800 2865 καὶ
828 2808 1220 2882 καῆκρινοῦσι
1252 2811 1352 2893 τήν
1380 2809 1576 2878 γενεάν
1612 2807 1843 2879 ταύτην,

251 2897 358 2969 οὐχ
398 2897 475 2961 ὡς
503 2897 613 2952 τῶν
639 2898 941 2952 Νινευῖτῶν
977 2897 1137 2966 λόγον
1163 2896 1540 2951 ἀπαιτούντων
1567 2897 1697 2961 τοὺς
1724 2896 1846 2950 τότε

252 2983 621 3048 ἀπιστοῦντας
671 2983 783 3038 τῶν
849 2983 1148 3051 Ἰουδαίων,
1192 2983 1310 3053 ἀλλ’
1340 2983 1417 3046 ὡς
1461 2986 1562 3056 τῆς
1613 2983 1841 3037 ἐκείνων

256 3072 498 3136 πίστεως
533 3073 633 3142 τὴν
651 3071 861 3126 τούτων
882 3072 1142 3130 ἀπιστίαν
1169 3070 1662 3142 καταδικαζούσης.
1691 3072 1849 3124 Ἐστι

217 3225 224 3230 α
258 3161 358 3214 ml
386 3160 467 3223 είς
489 3158 691 3230 ἀρετὴν
722 3158 956 3229 μέγιστα
983 3158 1287 3212 ἀπόνασθαι
1317 3160 1410 3212 καὶ
1440 3160 1520 3222 είς
1549 3157 1850 3231 ὑπεροψίαν

185 3227 224 3288 Ῐ
255 3247 372 3301 τῶν
395 3227 677 3317 παρόντων
703 3227 1049 3317 πραγμάτων
1077 3246 1186 3299 ἀπὺ
1208 3246 1317 3300 τῶν
1341 3227 1852 3318 μαρτύρωνξςὌταν
1885 3273 1890 3281 ·

258 3333 374 3406 γὰρ
407 3331 526 3406 (an;
554 3330 782 3396 τούτους
805 3331 1024 3404 ἀπάσης
1049 3331 1529 3404 καταφρονοῦντας
1551 3333 1654 3403 τῆς
1681 3331 1849 3405 cmi."

257 3421 371 3476 κᾶν
426 3419 682 3474 ἀπάντων
739 3417 1193 3492 ἀναισθητῶερος
1241 3415 1311 3494 ᾖς
1355 3420 1451 3473 καλ⁸
1487 3421 1850 3492 νωθρότατος,

187 3575 192 3578 _
262 3507 604 3580 ὑψηλότατον
633 3506 764 3580 δέξῃ
791 3505 1068 3579 φρόνημα,
1107 3507 1204 3561 καί⁸
1237 3504 1590 3578 καταγελάσῃ
1618 3509 1852 3579 τρυφῆς,

263 3594 532 3666 ύπερὸψει
563 3593 865 3666 χρημάτων
883 3633 900 3659 ,
929 3595 1024 3647 καὶ
1053 3593 1414 3667 ἐπιθυμήσεις
1443 3596 1544 3667 τῆς
1585 3597 1703 3649 ἐκεῖ
1727 3596 1856 3650 δια-

258 3682 484 3754 τριϐῆς·
513 3681 617 3736 κᾶν
638 3682 698 3736 ἐν
722 3680 1055 3754 ἀρρωστίαις
1077 3677 1166 3754 ᾗς,
1189 3683 1271 3746 είς
1299 3682 1575 3754 ὑπομονὴν
1597 3682 1853 3755 ἀφορμὴν

264 3770 420 3844 λήψῃ
463 3768 750 3842 μεγίστην,
788 3768 859 3824 τά
897 3769 1006 3822 τῶν
1038 3767 1332 3842 μαρτύρων
1364 3769 1667 3842 παθήματα
1691 3787 1706 3803 ο
1752 3771 1858 3825 κᾶν

266 3859 437 3928 πενία
478 3856 664 3930 πιέζῃ,
712 3855 817 3911 κάν
853 3854 1034 3910 ὁτιοῦν
1065 3856 1252 3928 ἓτερον
1290 3855 1400 3911 τῶν
1432 3857 1857 3929 χαλεπωτάτων,

247 3945 412 4018 ’πρὸς
432 3943 510 3998 ’τὸ
544 3943 775 4014 μέγεθος
822 3942 930 3997 τῶν
965 3942 1198 4008 ἐκείνοις
1235 3942 1578 4016 ὲπαχθεισῶν
1614 3943 1862 4016 βασάνων

273 4032 490 4106 βλέπων
527 4030 808 4104 ἀρκοῦσαν
836 4030 980 4095 ἔξεις
1008 4030 1360 4104 παραμυθίαν
1400 4031 1510 4086 τῶν
1539 4033 1865 4104 κατειληφό-

270 4137 384 4175 των
431 4120 689 4174 ἁπάντων
728 4117 941 4174 δεινῶν.
970 4119 1072 4173 Διά
1098 4121 1256 4173 τοῦτο
1303 4111 1541 4189 μάλιστα
1582 4120 1720 4189 φιλῶ
1753 4120 1863 4173 τῶν

274 4206 578 4283 μαρτύρων
624 4206 724 4270 τὰς
771 4208 1015 4278 μνήμας,
1059 4209 1156 4260 καὶ
1203 4206 1340 4277 φιλῶ
1369 4207 1486 4262 ’καὶ
1524 4207 1863 4279 ἀσπάζομαι,

275 4296 458 4358 πάσας
489 4294 611 4364 μὲν,
658 4292 891 4364 μάλιστα
917 4293 973 4346 δὲ
1004 4294 1132 4347 ὅταν
1164 4297 1422 4363 γυναῖκες
1467 4294 1866 4366 ἀγωνιζόμεναι

275 4383 538 4454 τύχωσιν.
583 4374 734 4452 Ὄσῳ
758 4382 869 4454 γάρ
895 4382 956 4435 τὸ
982 4382 1175 4446 σκεῦος
1198 4383 1604 4455 ἀσθενέστερον,
1630 4386 1869 4457 τοσούτῳ

276 4470 487 4542 μείζων
519 4473 552 4541 ὴ
583 4469 765 4540 χάρις,
794 4469 1036 4539 τοσούτῳ
1072 4469 1455 4542 λαμπρότερον
1477 4473 1538 4526 τὸ
1575 4474 1860 4544 τρόπαιον,

278 4556 521 4627 τοσούτῳ
549 4557 991 4628 περιφανεστέρα
1017 4557 1221 4628 ήνίκη,
1249 4560 1310 4611 οὐ
1335 4559 1427 4612 διὰ
1458 4561 1559 4631 τὴν
1586 4561 1870 4615 ἀσθένειαν

278 4645 385 4714 τῆς
413 4645 628 4714 φύσεως
659 4643 770 4698 τῶν
807 4644 1076 4714 ἀθλητῶν,
1114 4646 1228 4698 ἀλλ’
1262 4647 1345 4700 ὅτι
1389 4648 1484 4701 καὶ
1525 4643 1606 4711 οἷς
1638 4649 1872 4718 ἐκράτη-

282 4750 378 4786 σεν
416 4734 444 4784 ὁ
484 4732 698 4802 ἐχθρὸς,
728 4730 940 4794 τούτοις
972 4733 1115 4786 ἐάλω
1142 4733 1257 4786 νῦν.
1289 4733 1387 4787 Διά
1423 4735 1694 4806 παρθένου
1736 4736 1868 4803 γοῦν

281 4817 572 4871 ἀπέκτεινε
598 4815 790 4888 πρώην
815 4817 909 4871 τὸν
949 4817 1120 4889 ’Δδάμ
1144 4820 1172 4872 6
1189 4819 1451 4885 διάϐολος,
1484 4821 1573 4875 διά
1600 4821 1872 4892 παρθένου

282 4904 430 4975 μετά
461 4904 635 4958 ταῦτα
674 4903 1088 4973 κατηγωνίσατο
1125 4906 1218 4958 τὸν
1245 4906 1489 4960 διάϐολον
1537 4911 1565 4962 ὀ
1613 4908 1868 4980 Χριστὸς»

284 4993 379 5044 καὶ
418 4992 480 5044 τὸ
512 4990 664 5060 ξίφος
695 4987 834 5062 ὅπερ
863 4986 931 5062 ἦν
967 4993 1308 5062 ἠκονημένον
1347 4995 1496 5065 αὐτῷ
1545 4995 1666 5049 καθ’
1695 4997 1872 5068 ἡμῶν,

285 5079 450 5133 τοῦτο
477 5078 577 5149 τὴν
603 5079 698 5132 τοῦ
724 5081 1020 5150 δράκοντος
1053 5081 1294 5152 ἀπέτεμε
1319 5083 1583 5154 κεφαλὴν,
1615 5086 1753 5154 ὅπερ
1781 5088 1877 5140 καὶ

287 5163 386 5216 ἐπὶ
407 5160 502 5215 τοῦ
522 5161 688 5216 Δαυῖδ
717 5162 930 5231 γέγονε.
959 5161 1227 5236 Καθάπερ
1266 5165 1375 5236 γάρ
1398 5166 1520 5219 τότε
1553 5167 1648 5220 τοῦ
1685 5168 1875 5223 Γολιάθ

287 5245 391 5317 τὴν
421 5244 662 5316 κεφαλὴν
709 5247 739 5299 6
763 5244 972 5308 δίκαιος
1022 5234 1230 5311 ἐκεῖνος
1259 5234 1408 5318 αὐτῷ
1445 5249 1522 5320 τῷ
1559 5249 1878 5325 βαρϐαρικῷ

291 5327 441 5398 ξίφει
474 5325 701 5399 δραμὼν
735 5327 1036 5397 ἀπέκοψεν,
1075 5329 1220 5383 οὕτω
1253 5331 1317 5402 δὴ
1366 5333 1459 5385 καὶ
1497 5332 1592 5387 νῦν
1612 5352 1627 5366 ·
1659 5334 1749 5388 διὰ
1780 5353 1874 5405 γυ-

291 5409 483 5474 ναικὸς
509 5411 806 5481 ἐκράτησε,
842 5410 932 5465 διά
956 5414 1213 5490 γυνατκὸς
1242 5415 1494 5486 ἥττηται.
1521 5417 1690 5471 Τοῦτο
1715 5420 1877 5476 ὅπλον

289 5491 364 5565 ἦν
397 5493 548 5565 αὐτῷ
583 5493 869 5566 πρότερον,
903 5495 1062 5549 τοῦτο
1092 5496 1188 5550 νῦν
1226 5499 1448 5567 γέγονεν
1475 5501 1624 5572 αὐτῷ
1665 5505 1880 5576 σφαγῆς

292 5577 562 5649 δργανον,
595 5575 756 5632 τοῦτο
784 5579 978 5644 σκεῦος
1015 5581 1474 5649 ἀκαταγῴνιστον.
1514 5584 1801 5657 ’Ἠμαρτεν
1848 5592 1879 5656 af)

294 5659 541 5731 προτέρα
595 5659 1044 5727 καὶ.ἀπέθανεν,
1106 5665 1377 5720 ἀπέθανεν
1433 5665 1570 5740 αῦτη
1597 5708 1611 5731 ,
1664 5671 1750 5723 ίνα
1803 5672 1868 5741 μὶ

291 5742 554 5816 ἁμάρτῃσ
614 5741 798 5814 ἐκείνη
853 5744 975 5797 τότε
1027 5745 1242 5817 ψυχρᾶς
1301 5749 1648 5822 ὑποσχέσεως
1703 5753 1879 5810 ἐλπίδι

587 5845 898 5910 -Ρλτηοι,
944 5847 1060 5914 Gn.
1116 5851 1179 5916 L.

1368 343 1459 399 DE
1495 339 1555 398 S.
1598 331 1899 406 DROSIDE
1932 326 2293 388 κΑιιτγιιε.

3375 287 3502 375 ρετ

1924 446 2228 520 φυσηθεῖσα
2255 443 2383 508 τοῦς
2410 438 2504 495 τοῦ
2528 438 2665 494 Θεοῦ
2697 435 2888 508 νόμους
2919 433 3298 505 κατεπάτησεν
3322 452 3337 467 ο
3363 435 3506 506 αῦτη

1925 536 2022 592 καὶ
2051 537 2155 607 τῆς
2179 532 2460 606 παρούσης
2492 527 3074 602 κατεφρόνησε-ζωῆς.
3114 524 3257 581 ῶστε
3299 528 3374 598 μὴ
3409 528 3508 598 τὴν

1927 631 2010 694 είς
2068 628 2162 683 τὸν
2225 623 2522 698 εὐεργέτην
2583 623 2944 696 ἐξομόσασθαι
2998 621 3199 674 πίστιν.
3261 620 3360 684 Τίς
3413 615 3509 672 οῦν

1930 717 2084 794 [69⁵5]
2100 719 2172 775 ἂν
2194 719 2406 790 γένοιτο
2431 717 2617 772 λοιπὸν
2637 715 2861 788 ἀνδράσι
2894 712 3348 801 μαλακιζομένοξς
3384 713 3514 766 ἀπο-

1931 787 2090 882 λογία
2105 852 2120 876 ,
2146 787 2310 877 τίςδέ
2342 807 2640 880 συγγνώμη
2655 849 2673 874 ,
2698 808 2826 886 ὅταν
2849 807 3105 876 γυναῖκες
3127 787 3512 884 ἀνδρίξωχταη

1925 907 2056 960 ὅταν
2075 903 2218 958 οῦτω
2242 901 2507 972 γενναίως
2534 900 2671 972 πρὸς
2699 900 2826 962 τοὺς
2851 897 2954 968 τῆς
2983 895 3263 961 εὐσεϐείας
3293 895 3514 960 ἀγῶνας

1926 993 2306 1061 ἀποδύωνταις
2336 991 2474 1048 Οὔτε
2494 991 2604 1063 γὰρ
2627 990 2810 1060 φύσις,
2841 987 2968 1043 οὔτε
2988 987 3198 1060 ἡλικία,
3233 984 3358 1040 οὐτε
3387 975 3517 1040 ἀὶᾶο

1927 1087 2079 1142 οὐδὲν
2137 1083 2428 1156 ἐμποδίσαι
2452 1081 2656 1136 δύναιτ’
2709 1079 2798 1145 ἂν,
2848 1079 2978 1134 ὅταν
3021 1076 3303 1149 προθυμία
3342 1080 3518 1148 παρῇ,

1929 1176 2025 1232 καὶ
2053 1174 2238 1246 ζῆλος,
2257 1172 2357 1228 καὶ
2382 1167 2758 1244 πεπυρωμένη
2800 1169 2985 1232 πίστις
3005 1185 3018 1198 ·
3064 1167 3160 1221 καὶ
3188 1167 3279 1222 διὰ
3313 1165 3521 1222 τούτων

1930 1269 2190 1326 ἀπάντων
2233 1265 2332 1336 τὴν
2369 1264 2465 1318 τοῦ
2505 1262 2642 1318 Θεοῦ
2687 1262 2848 1334 χάριν
2884 1251 3350 1332 ἐπιστὲασώμεθα,
3385 1259 3414 1313 ὃ
3455 1247 3522 1330 δὴ

1934 1359 2029 1414 καὶ
2064 1358 2156 1412 ἐπὶ
2190 1357 2292 1428 τῆς
2325 1353 2600 1427 μακαρίας
2630 1351 2834 1426 ταύτης
2860 1353 3076 1421 γέγονε.
3097 1353 3210 1407 Καὶ
3238 1354 3346 1422 γὰρ
3369 1346 3530 1406 ἀσθεὲ

1932 1450 2021 1514 νὲς
2050 1444 2120 1521 ἦν
2167 1445 2305 1516 αὐτῇ
2335 1446 2397 1500 τὸ
2423 1444 2604 1517 ισῶμα
2623 1484 2637 1508 ,
2669 1443 2766 1497 καὶ
2816 1443 3225 1516 εὐεπηρέαστος
3265 1443 3298 1513 ὴ
3339 1441 3525 1521 φύσις,

1933 1542 2028 1596 καὶ
2056 1517 2394 1610 ἀτελεστέρά
2433 1539 2468 1610 ἡ
2497 1531 2713 1608 ἦλικία,
2757 1535 2893 1590 ἀλλά
2942 1535 3162 1589 πάντων
3189 1517 3527 1606 τούτων”τὴν

1932 1635 2221 1691 ἀσθένειαν
2270 1631 2582 1686 ἐπελθοῦσα
2625 1632 2660 1700 ἡ
2715 1629 2876 1702 χάρις
2920 1629 3281 1700 ἀπέκρυψεν,
3338 1627 3528 1700 ἐπειδὴ

1935 1727 2245 1799 προθυμίαν
2277 1713 2436 1798 εῦρεν
2464 1723 2606 1794 αὐτη
2633 1723 2914 1792 γενναίαν,
2945 1723 3042 1777 καὶ.
3064 1722 3249 1775 πίστιν
3279 1720 3531 1793 ἀδιὸικρι⁸

1933 1837 2048 1884 τον,
2081 1820 2179 1874 καὶ
2208 1818 2390 1890 ψυχὴν
2423 1816 2560 1890 πρὸς
2589 1813 2871 1880 κινδύνους
2901 1814 3456 1887 παρεσκευασμένην.

2005 1913 2068 1968 δ’.
2093 1912 2168 1966 Οὐ
2198 1912 2309 1983 γάρ
2338 1911 2510 1976 ἐστιν,
2542 1908 2644 1962 οὐκ
2668 1907 2817 1962 ἔστιν
2847 1907 3407 1980 οὐδὲν-δυνατώτερον
3433 1905 3532 1962 τοῦ

1941 2003 2081 2078 μετὰ
2108 1996 2350 2073 σπουδῆς
2377 2001 2582 2073 πολλῆς
2601 2001 2694 2054 τὸν
2725 1999 2892 2070 φόϐον
2909 2000 3009 2054 τοῦ
3039 2000 3174 2054 Θεοῦ
3201 1999 3417 2072 ἔχοντος
3441 2002 3534 2074 ερ-

1939 2094 2268 2169 ριζωμένον,
2305 2091 2445 2148 ἀλλά
2469 2091 2576 2147 κᾶν
2614 2089 2746 2162 πῦρ,
2777 2089 2881 2144 κᾶν
2920 2089 3170 2162 σίδηρος,
3206 2090 3311 2144 κᾶν
3346 2088 3532 2160 θηρία,

1940 2186 2044 2242 κᾶν
2065 2185 2245 2241 ὁτιοῦν
2276 2184 2818 2259 ἐτερονάπειλῆται,
2858 2185 3080 2239 πάντων
3115 2182 3360 2255 ὑπερορᾷ
3398 2180 3537 2252 μετά

1943 2278 2150 2350 πολλῆς
2193 2278 2295 2350 τῆς
2345 2269 2620 2343 εὐκολίας,
2655 2276 2912 2350 καθάπερ
2944 2274 3038 2332 οὖν
3069 2276 3165 2330 καὶ
3207 2277 3241 2346 ἡ
3288 2273 3540 2347 μακαρία

1944 2371 2084 2444 αῦτη
2105 2370 2322 2443 Δροσίς.
2357 2369 2578 2441 Ἐπειδὴ
2606 2368 2719 2440 γὰρ
2737 2363 2845 2441 ἧψε
2867 2369 2968 2438 τὴν
2994 2367 3174 2439 πυρὰν
3197 2369 3225 2421 6
3248 2366 3534 2438 τύραννος·

1943 2462 2066 2515 οὐδὲ
2094 2461 2204 2531 γάρ
2237 2459 2332 2512 ἐπὶ
2365 2459 2643 2532 βάραθρον
2672 2454 2855 2530 ἷιῦτὴν
2885 2458 3118 2530 ῆγαγεν,
3153 2455 3275 2508 (οὐδὲ
3310 2454 3409 2524 τὴν
3441 2469 3540 2505 κε-

1945 2552 2123 2624 φαλὴν
2147 2551 2459 2623 ἀπέτεμεν,
2489 2549 2582 2604 ἵνα
2613 2551 2689 2621 μὴ
2719 2549 2780 2604 τὸ
2823 2549 3093 2620 σύντομον
3129 2547 3233 2618 τῆς
3270 2543 3541 2617 τιμωρίας

1945 2641 2315 2715 εὐκολώτερον
2346 2642 2485 2714 αὐτῇ
2533 2642 2738 2715 ποιήσῃ
2775 2641 2868 2694 τὸν
2908 2637 3093 2706 ἆθλον,
3141 2639 3278 2694 ἀλλά
3310 2639 3372 2692 τὸ
3406 2638 3543 2710 φρό-

1946 2753 2096 2808 νημα
2135 2735 2308 2807 αὐτῆς
2335 2733 2682 2805 καταπλῆξαι
2721 2733 3080 2805 βουλόμενος,
3111 2735 3208 2788 καὶ
3245 2734 3345 2807 τὴν
3385 2736 3546 2791 ἀδούο

1947 2826 2118 2880 λωτον
2150 2821 2763 2898 ψυχὴνλχειρώσασθαι
2795 2826 2862 2896 τῇ
2905 2825 3008 2895 τῆς
3045 2827 3228 2895 πυρᾶς
3274 2824 3417 2894 ιψει,
3462 2827 3546 2888 εἷς

1950 2919 2120 2991 μέσον
2163 2917 2369 2989 ταύτην
2420 2917 2710 2982 ,ἐνέϐαλενο
2756 2917 2944 2988 ἐπειδὴ
2989 2917 3173 2973 τοίνυν
3213 2917 3313 2988 τὴν
3363 2917 3547 2990 πυρὰν

1947 3011 2146 3084 ἀνῆψε,
2171 3011 2270 3064 καὶ
2296 3013 2330 3082 ἡ
2362 3009 2593 3082 κάμινος
2620 3009 2928 3072 ἀνεκαίετο,
2954 3009 3050 3063 καὶ
3085 3009 3222 3081 πρὸς
3257 3009 3391 3080 ῦψος
3415 3010 3547 3082 fuas.

1949 3121 2012 3158 το
2059 3089 2241 3175 μέγα,
2287 3101 2462 3155 ταῦτα
2515 3094 2791 3172 βλέπουσα
2831 3103 2867 3172 ἡ
2916 3102 3166 3174 μακαρία
3197 3102 3409 3174 μάρτυς
3447 3105 3547 3157 ἀν-

1952 3197 2154 3268 ήπτετο
2175 3195 2272 3267 καὶ
2299 3193 2439 3265 αὐτὴ
2459 3195 2528 3265 τῇ
2547 3191 2848 3264 προθυμίᾳ,
2867 3194 2961 3247 καὶ
2986 3193 3168 3259 ἀνέξει
3194 3194 3272 3266 τῷ
3291 3195 3428 3268 πυρὶ
3454 3195 3548 3250 τοῦ

1953 3285 2193 3358 Χριστοῦ
2219 3283 2410 3348 πόθου,
2433 3285 2544 3338 τῶν
2567 3284 2736 3355 τριῶν
2761 3285 3175 3358 ἀναμνησθεῖσα
3201 3287 3431 3349 παίδων,
3455 3289 3552 3344 καὶ

1953 3377 2290 3451 λογισαμένη
2328 3376 2467 3449 πρὸς
2512 3375 2750 3447 ἑαυτὴν,
2785 3376 2876 3429 ὅτι
2907 3379 3162 3430 κοινωνεῖ
3207 3380 3322 3442 τοῖς
3367 3377 3554 3452 ἄθλοις

1955 3471 2208 3534 ἐκείνοις,
2248 3469 2346 3524 καὶ
2374 3469 2502 3533 τοὺς
2527 3468 2728 3530 αὐτοὺς
2763 3467 3089 3538 ἐπιφέρεται
3120 3471 3420 3540 στεφάνους
3449 3470 3553 3525 αύ-

1955 3564 2089 3626 τοίς.
2115 3560 2228 3614 Καὶ
2255 3558 2510 3630 καθάπερ
2536 3559 2586 3612 οἱ
2612 3559 2916 3629 μεμηνότες
2944 3557 3099 3611 οὐδέν
3120 3558 3230 3614 τῶν
3257 3560 3553 3631 ὁρωμένων

1959 3651 2252 3724 βλέπουσιν
2296 3649 2373 3715 ὡς
2420 3649 2605 3714 ἐστιν,
2662 3647 2803 3703 ἀλλά
2854 3648 2961 3703 κᾶν
3011 3647 3166 3718 ξίφος
3211 3651 3555 3722 ἠκονημένον

1959 3744 2134 3806 εδωσι,
2177 3739 2507 3797 κυϐιστῶσιν
2549 3739 2823 3807 εὐκόλως,
2870 3739 2975 3796 κᾶν
3005 3739 3206 3812 πυρὰν,
3236 3741 3341 3796 κᾶν
3384 3742 3556 3814 βάρα-

1961 3835 2112 3907 θρον,
2143 3833 2251 3888 κάν
2282 3832 2550 3906 κρημνὸν,
2583 3831 2689 3886 κᾶν
2718 3831 2977 3902 πέλαγος,
3009 3833 3115 3886 κᾶν
3139 3832 3318 3899 ὁτιοῦν
3343 3834 3552 3907 ἕτερον.

1961 3925 2134 3990 ἀδεῶς
2169 3924 2316 3980 κατὰ
2347 3925 2577 3979 ’πάντων
2622 3924 2852 3988 ἑαυτοὺς
2890 3923 3115 3993 ἀφιᾶσιν
3136 3941 3149 3954 ·
3184 3924 3327 3978 οῦτω
3356 3925 3422 3997 δὴ
3462 3929 3558 3980 καὶ

1963 4017 2106 4089 αῦτη
2136 4019 2369 4090 μανεῖσα
2399 4016 2602 4088 μανίαν
2624 4016 2745 4086 οὐχὶ
2763 4014 3042 4088 τοιαύτην,
3070 4017 3148 4088 μὴ
3173 4016 3415 4086 γένοιτοι
3441 4018 3556 4071 ἀλλ’

1966 4111 2159 4182 ἐτέραν
2200 4109 2388 4180 πάσης
2421 4107 2778 4179 σωφροσύνης
2811 4108 3168 4180 σεμνοτέραν,
3204 4108 3300 4163 καὶ
3327 4109 3427 4180 ⁴τῷ
3461 4109 3557 4164 τοῦ

1967 4203 2208 4276 Χριστοῦ
2245 4202 2480 4274 βαφεῖσα
2521 4201 2674 4273 πόθῳ
2703 4201 2859 4255 οὐδὲν
2886 4201 2996 4254 τῶν
3040 4201 3341 4274 ὁρωμένων
3385 4201 3553 4274 ἐώρα,

1967 4296 2105 4350 ἀλλὰ
2133 4294 2270 4367 πρὸς
2299 4294 2391 4348 τὸν
2418 4293 2648 4365 οὐρανὸν
2679 4293 3099 4366 μεταταξαμένη
3129 4295 3224 4348 καὶ
3251 4295 3350 4366 τὴν
3377 4294 3558 4367 ψυχὴν

1969 4387 2085 4438 ἐκεῖ
2125 4383 2422 4456 μεταθεῖσα
2447 4385 2666 4437 πάντων
2696 4384 2969 4452 κατεγέλα
2992 4385 3101 4438 τῶν
3128 4385 3340 4450 δεινῶν,
3375 4386 3470 4440 καὶ
3499 4388 3561 4440 τὸ

1970 4476 2082 4548 πῦρ
2114 4477 2234 4548 οὐχὶ
2268 4475 2402 4546 πῦρ,
2441 4475 2577 4528 ἀλλά
2603 4474 2791 4546 δρόσον
2826 4470 2965 4529 εἶναι
2995 4473 3237 4546 ἐνόμιζε.
3274 4477 3374 4531 Διά
3402 4477 3561 4531 τοῦτο

1970 4569 2082 4635 ἐγὼ
2109 4565 2206 4637 τὴν
2241 4565 2417 4635 πυρὰν
2445 4564 2683 4634 ἐκείνην,
2716 4565 2812 4618 καὶ
2849 4564 3033 4637 πηγὴν
3063 4566 3271 4621 ύδάτων
3303 4566 3560 4638 καθαρω·

1970 4657 2162 4726 τὰτην,
2187 4655 2282 4708 καὶ
2323 4654 2502 4724 βαφήν
2529 4671 2652 4707 τινα
2690 4653 3027 4725 θαυμασίαν,
3061 4657 3156 4710 καὶ
3194 4658 3563 4730 χωνευτήριον

1972 4745 2142 4801 καλῶ.
2171 4745 2282 4800 Καὶ
2308 4745 2416 4815 γὰρ
2439 4744 2692 4816 καθάπερ
2712 4746 2768 4796 ἐν
2792 4745 3144 4818 χωνευτηρίῳ
3167 4747 3391 4818 χρυσὸς,
3416 4746 3562 4802 οὕτω

1973 4837 2069 4890 καὶ
2114 4836 2217 4905 τῆς
2264 4835 2542 4908 μακαρίας
2586 4835 2803 4905 ἐκείνης
2840 4837 2874 4906 ἡ
2905 4835 3054 4906 ψυχὴ
3126 4836 3216 4890 διὰ
3248 4837 3348 4911 τῆς
3380 4841 3563 4910 πυρᾶς

1972 4927 2178 4999 ταύτης
2208 4927 2572 4999 καθαρωτέρα
2607 4928 2840 4996 ἐγίνετο.
2889 4921 3291 4999 Κατετήκοντο
3315 4930 3414 5001 μὲν
3452 4931 3563 5003 γάρ

1977 5021 2200 5093 σάρκες,
2226 5021 2320 5074 καὶ
2341 5022 2475 5074 ὀστᾶ
2496 5019 2883 5092 συνεφρύγετο,
2911 5023 3007 5076 καὶ
3030 5023 3351 5078 κατεκαίετο
3373 5024 3562 5096 νεῦρα,

1975 5111 2073 5167 καὶ
2100 5114 2129 5165 6
2158 5109 2253 5164 τοῦ
2287 5109 2540 5180 σώματος
2586 5108 2720 5180 ἰχὼρ
2747 5103 3088 5180 ’πανταχόθεν
3133 5113 3422 5186 κατέρρει’
3458 5114 3558 5182 τῆς

1976 5204 2152 5276 ψυχῆς
2182 5202 2301 5273 δὲῆ
2341 5201 2523 5265 πίστις
2561 5201 2894 5273 στερροτέρα
2941 5203 3037 5255 καλ⁸
3078 5203 3406 5278 φαιδροτέρα
3445 5206 3564 5275 ἐγί-

1978 5315 2120 5352 νετο.
2157 5297 2416 5351 Κάκείνοι
2467 5294 2566 5365 μὲν
2606 5293 2778 5348 ταῦτα
2817 5295 3052 5366 ὁρῶντες
3089 5296 3342 5368 ἐνόμιζον
3395 5299 3568 5371 αὐτὴν

1978 5386 2335 5454 ἀπόλλυσθαι,
2367 5386 2505 5456 αὐτὴ
2526 5386 2584 5438 δὲ
2613 5385 2997 5458 ἐξεκαθαίρετο
3020 5388 3243 5460 μᾶλλον,
3269 5392 3364 5444 καὶ
3396 5391 3570 5445 καθά-

1983 5498 2088 5552 περ
2129 5479 2192 5533 τὸ
2232 5477 2453 5551 χρυσίον
2497 5479 2527 5531 ὁ
2573 5478 2670 5548 μὲν
2707 5477 2921 5549 ἰδιώτης
2952 5480 3125 5544 ἑστὼς
3172 5484 3268 5536 καὶ
3300 5484 3444 5554 ὀρῶν
3471 5501 3569 5555 τη-

1981 5573 2211 5644 κὸμενον
2239 5571 2332 5624 καὶ
2360 5571 2662 5641 καταρρέον
2691 5572 2783 5624 καὶ
2807 5572 3247 5644 ἀναμιγνύμενον
3270 5578 3335 5646 τῇ
3361 5575 3559 5648 τέφρᾳ,

1987 5662 2322 5729 ἀπολωλέναι
2378 5661 2473 5716 καὶ
2522 5662 2843 5734 διεφθάρθαι
2876 5665 3107 5736 νομίζει,
3137 5668 3166 5719 6
3207 5666 3263 5720 δέ
3318 5665 3572 5741 τεχνίτης

1983 5757 2078 5810 καὶ
2133 5754 2377 5828 ἀκριϐῶς
2433 5754 2604 5809 ταῦτα
2659 5755 3021 5828 ἐπιστάμενος
3081 5754 3221 5812 οἶδεν
3271 5759 3354 5812 ὅτι
3397 5761 3571 5834 ταύτῃ

3206 5866 3280 5926 18
