4206 6302
741 280 844 336 689

734 390 1115 464 καθαρώτερον
1148 391 1373 462 γίνεται,
1410 394 1502 447 καὶ
1543 395 1678 465 μετά
1724 394 1966 469 πύρωσιν
2003 395 2134 450 αὐτὸ
2170 396 2301 447 πάν-

1389 276 1448 332 S.
1487 274 1770 333 JOANNIS
1806 276 2295 334 CHRYSOSTOMI
2335 276 2660 335 ARCIHEP.
2701 280 3251 338 CONSTAFTINOP.

3873 285 3980 339 63‘)

2410 396 2684 464 Αἰγύπτου
2721 397 3050 469 μετεφέρετυ
3080 399 3157 460 είς
3188 397 3588 467 Παλαιστίνην;
3616 398 3673 450 ἐν
3702 398 3811 468 7&9
3839 415 3982 469 μαρ-

734 484 888 539 τοθεν
926 482 1075 556 [694]
1103 485 1318 555 ἀνασπᾷ
1345 485 1597 557 λαμπρὸν
1621 487 1909 557 συλλέγωνυ
1937 488 2076 540 οὕτω
2103 486 2165 557 δὴ
2211 486 2303 539 καὶ
2406 488 2585 557 τύρων
2619 490 2808 562 μνήμῃ
2826 490 2892 541 τὰ
2919 488 3143 542 τοιαῦτα
3169 488 3403 559 μάλιστα
3434 487 3712 554 ἐξετάζειν
3740 492 3979 560 ἀνάγκη.

734 574 823 623 ἐπ’
867 571 1079 642 ἐκείνης
1130 574 1179 625 οἱ
1234 574 1333 642 μέν
1376 573 1591 628 ἄπιστοι
1648 577 1957 646 τηκομένην
1988 573 2156 643 αὐτῆς
2204 574 2300 645 τὴν

737 664 913 735 σάρκα
939 664 1173 733 ὁρῶντες
1215 665 1309 718 καὶ
1335 666 1766 737 καταρρέουσαν,
1808 666 2053 738 ἐνόμιζον
2096 666 2299 736 τέφραν

732 753 975 822 γίνεσθαι
1000 756 1092 808 καὶ
1122 755 1288 819 κόνιν,
1316 757 1362 808 οί
1393 756 1448 809 δὲ
1474 758 1655 810 πιστοὶ¹
1684 757 1885 828 σφόδρα
1910 756 2151 828 ἀκριϐῶς
2179 757 2300 827 ᾔδε-

733 864 852 911 σαν,
886 848 969 900 ὃτι
1013 847 1293 917 τηκομένη
1344 849 1523 901 πᾶσαν
1574 848 1886 901 ἀποτίθεται
1935 848 2158 917 κηλῖδα,
2208 847 2297 900 καὶ

730 938 1085 1011 λαμπροτέρα
1116 940 1316 993 ἄνεισιν
1360 940 1669 1012 ἀφθαρσίαν
1702 940 2066 994 ἀπολαϐοῦσα.
2104 943 2213 995 Καὶ
2239 942 2295 994 ἐν

730 1021 864 1102 αὐτῇ
894 1035 956 1102 τῇ
988 1033 1167 1103 πυρᾷ,
1201 1031 1305 1102 πρὸ
1332 1033 1430 1101 τῆς
1467 1032 1832 1094 ἀναστάσεως,
1864 1033 1963 1102 οὐχ
1989 1032 2063 1095 ῶς
2106 1033 2295 1102 ἔτυχεν

731 1125 948 1193 ἐκράτει
979 1123 1087 1177 τῶν
1120 1124 1508 1194 ἀντικειμένων
1531 1123 1809 1194 δυνάμεων
1828 1141 1841 1154 ’
1870 1125 1925 1178 αἱ
1952 1124 2060 1196 γάρ
2094 1125 2291 1194 σάρκες

728 1215 969 1267 λυθεῖσαι
1007 1216 1085 1286 τῷ
1140 1218 1293 1287 πυρὶ.
1347 1218 1439 1269 καὶ
1495 1215 1664 1285 ψόφον
1711 1216 2102 1283 ἀποτελοῦσαι,
2155 1218 2293 1287 μετά

728 1304 924 1374 πολλῆς
958 1304 1126 1367 αὐτάς
1169 1305 1267 1374 τῆς
1296 1305 1606 1375 περιουσίας
1634 1304 1940 1375 ἐτρέποντο.
1986 1307 2095 1359 Καὶ
2125 1306 2292 1358 καθά-

726 1412 831 1466 περ
900 1394 1231 1465 στρατιώτης
1297 1398 1540 1463 γενναῖος
1620 1393 1759 1446 ὅπλα
1823 1396 1997 1465 χαλκᾶ
2051 1394 2290 1467 περιθεὶς

725 1487 923 1560 ἐαυτῷ,
950 1487 1044 1541 καὶ
1069 1486 1216 1557 αὐτῷ
1244 1487 1323 1557 τῷ
1354 1487 1509 1556 ψόφῳ
1539 1484 1646 1537 τῶν
1684 1485 1864 1539 ὅπλων
1902 1488 2023 1549 τοὺς
2055 1486 2287 1539 δειλοτέ-

724 1597 851 1650 ρους
878 1578 1237 1648 καταπλήττει
1267 1576 1375 1630 τῶν
1407 1578 1713 1633 ἀντιπάλων
1732 1597 1743 1608 ·
1776 1576 1917 1632 οῦτω
1944 1576 2006 1647 δή
2046 1578 2139 1631 καὶ
2171 1577 2288 1629 τότε

724 1673 757 1741 ἡ
794 1671 1036 1741 μακαρία
1064 1664 1255 1740 Δροσίς
1288 1670 1364 1740 τῷ
1391 1669 1546 1740 ψόφῳ
1573 1669 1666 1722 τοῦ
1706 1669 1974 1740 δέρματος
2003 1668 2101 1732 τὰς
2136 1668 2290 1721 δυνάο

720 1779 845 1833 μεις
872 1762 1085 1824 ἐκείνας
1110 1760 1428 1830 ἐφυγάδευε,
1460 1760 1554 1813 καὶ
1585 1761 1645 1813 οὐ
1679 1761 1851 1831 τούτῳ
1884 1761 2030 1831 μόνῳ
2055 1760 2133 1830 τῷ
2160 1762 2287 1832 196-

723 1872 828 1925 πῳ,
891 1853 1027 1907 ἀλλὰ
1080 1851 1174 1905 καὶ
1219 1852 1388 1921 ἑτέρῳ
1429 1850 1588 1903 πάλιν
1644 1850 1743 1903 οὐκ
1790 1851 2028 1905 ἐλάττονι
2074 1850 2284 1903 τούτου.

734 1941 901 2015 Ὁμοῦ
930 1961 987 1996 τε
1016 1944 1123 2014 γάρ
1152 1941 1401 1995 ἐπέϐαινε
1428 1941 1527 2011 τῆς
1552 1944 1750 2013 πυρᾶς,
1779 1943 1872 1995 καὶ
1902 1942 2108 2005 καπνὸς
2136 1943 2290 1995 ἀνελ-

722 2035 830 2087 θὼν
856 2037 934 2097 είς
965 2033 1213 2107 ὐψοςὴκαὶ
1243 2031 1334 2086 τὸν
1356 2033 1493 2103 ἀέρα
1518 2031 1824 2103 κατασχὼν,
1846 2033 1971 2094 τοὺς
1994 2030 2130 2084 κατά
2154 2031 2289 2101 ἀέρα

721 2128 978 2197 δαίμονας
1004 2127 1330 2195 πετομένους
1362 2124 1659 2191 ἀπέπνιγεν
1694 2125 1956 2186 ἅπαντας,
1989 2123 2080 2175 τὸν
2108 2122 2289 2175 διάϐο-

720 2220 808 2273 λον
842 2218 1168 2287 ἀπήλαυνεν,
1197 2217 1360 2270 αὐτοῦ
1393 2215 1487 2268 τοῦ
1516 2214 1676 2285 ἀέρος
1704 2214 1813 2285 ,τὴν
1844 2215 2005 2282 φύσιν
2032 2214 2288 2284 άπέσμη-

721 2329 833 2384 χεν.
879 2308 1095 2381 Ἐπειδὴ
1123 2307 1230 2380 γὰρ
1262 2306 1547 2378 ἐμολύνετο
1575 2305 1765 2376 καπνῷ
1792 2306 1869 2376 τῷ
1896 2306 2002 2359 τῶν
2032 2305 2283 2372 εἰδώλων,

720 2404 976 2473 *άντανίη
1001 2402 1204 2463 καπνὸς
1232 2401 1416 2470 ἕτερος
1452 2398 1549 2470 τὴν
1576 2400 1635 2465 ἐξ
1664 2400 1887 2452 ἐκείνων
1932 2398 2287 2469 ἐγγινομένην

720 2494 866 2565 αὐτῷ
891 2495 1081 2565 κηλῖδα
1109 2495 1402 2561 καθαίρων.
1432 2494 1539 2547 Καὶ
1570 2494 1602 2563 ή
1634 2492 1817 2561 πηγῆς
1847 2491 1903 2544 δέ
1931 2490 2091 2545 εἰκὼν
2115 2491 2287 2562 ἁρμόο

721 2605 861 2641 σειεν
888 2586 955 2641 ἂν
981 2586 1165 2657 ἐκείνῃ
1197 2588 1262 2656 τῇ
1294 2586 1475 2656 πυρᾷ.’
1498 2584 1763 2655 Καθάπερ
1798 2582 1906 2652 γὰρ
1944 2583 2001 2633 ἐν
2034 2584 2100 2652 τῇ
2136 2584 2283 2651 πηγῇ

721 2681 931 2751 ἱμάτιον
957 2678 1357 2747 άποδυσαμένη,
1386 2677 1479 2729 καὶ
1507 2675 1567 2729 τὸ
1598 2675 1757 2747 σῶμα
1786 2673 2166 2745 φαιδρύνουσα,
2190 2672 2284 2725 οὖ-

715 2789 823 2835 τως
865 2774 921 2824 ἐν
955 2771 1134 2839 ἐκείνῃ
1168 2772 1232 2840 τῇ
1263 2768 1418 2836 φλογὶ
1443 2766 1538 2837 τήν
1575 2767 1753 2837 σάρκα
1789 2767 1888 2836 τὴν
1930 2765 2126 2833 ἑαυτῆς
2158 2766 2283 2835 ίμα-

714 2862 829 2914 τίου
866 2860 1065 2923 παντὸς
1096 2857 1457 2927 εὐκολώτερον
1497 2853 1804 2924 ἀποθεμένη
1838 2855 1929 2907 καὶ
1970 2853 2070 2922 τὴν
2109 2852 2284 2924 ψυχήν

715 2951 1127 3024 λαμπρύνουσα,
1158 2948 1291 3020 πρὸς
1317 2948 1407 3001 τὸν
1439 2946 1668 3016 νυμφίον
1692 2945 1948 3015 ἠπείγετο
1971 2945 2283 3015 δᾳδουχούν-

718 3062 823 3098 των
852 3042 1098 3110 ἀγγέλων
1128 3040 1315 3109 αὐτὴν.
1347 3039 1411 3092 Εἰ
1438 3037 1543 3106 γάρ
1568 3036 1657 3090 τὸν
1686 3036 1932 3107 Λάζαρον
1963 3038 2167 3089 ἐκεῖνον
2194 3038 2282 3089 τὸν

720 3133 1031 3203 ἡλκωμένον
1055 3130 1271 3199 ἄγγελοι
1305 3128 1438 3200 πρὸς
1462 3127 1587 3189 τοὺς
1615 3127 1846 3190 κόλπους
1875 3129 2159 3196 ἀπήγαγον
2190 3127 2281 3179 τοῦ

730 3222 976 3292 ’Λϐραάμ
998 3262 1012 3285 ,
1043 3219 1221 3291 πο).λῷ
1261 3217 1456 3290 μᾶλλον
1488 3217 1691 3287 ταύτην
1723 3216 2143 3287 δορυφοροῦντες
2176 3218 2282 3269 ἀπ-

716 3314 882 3386 ῄεσαν
913 3313 1157 3383 καθάπερ
1185 3311 1248 3366 ἐκ
1279 3328 1420 3374 τινος
1444 3311 1593 3380 ἱερᾶς
1616 3309 1883 3371 παστάδος
1904 3309 1995 3362 xi}.
2015 3307 2280 3379 νυμφικοῦ

717 3405 958 3477 θαλάμου
987 3404 1087 3475 τῆς
1114 3402 1342 3474 καμίνου
1377 3399 1785 3472 παραλαϐόντες
1808 3400 1998 3472 αὐτὴν,
2024 3402 2118 3453 καὶ
2146 3401 2282 3469 πρὸς

714 3497 806 3550 τὸν
832 3496 942 3549 ἀνω
969 3493 1230 3565 νυμφῶνα
1251 3493 1560 3559 ἀνάγοντες.
1587 3491 1743 3553 Τίνος
1765 3490 1822 3543 δέ
1853 3491 2035 3543 ἐνεκεν
2064 3490 2155 3544 καὶ
2188 3491 2281 3560 βα-

718 3587 823 3657 φήν
854 3584 1065 3656 ἐκείνην
1108 3583 1339 3637 ἐκάλεσα
1372 3580 1469 3653 τὴν
1517 3581 1728 3652 πυράν;
1773 3582 1896 3635 Ὅτι
1936 3580 2186 3651 καθάπερ
2224 3582 2281 3633 ἐν

718 3678 863 3747 βαφῇ
913 3674 1019 3729 τινί
1073 3673 1361 3745 θαυμαστῇ,
1405 3673 1659 3744 πορφύρα
1714 3672 1978 3744 γενομένη
2031 3672 2279 3742 βασιλικὴ

716 3768 852 3833 πρὸς
874 3767 962 3820 τὸν
985 3766 1095 3819 ἀνω
1118 3764 1339 3835 βασιλέα
1365 3764 1663 3835 ἐπέμπετο,
1685 3766 1776 3818 καὶ
1801 3765 1937 3841 μετὰ
1962 3764 2163 3835 πολλῆς
2185 3768 2281 3833 τῆς

716 3856 1028 3930 παρρησίας
1071 3854 1181 3908 τῶν
1225 3855 1489 3925 οὐρανίων
1528 3854 1729 3924 ἀψίδων
1771 3840 2074 3920 ἐπέϐαίνεν,
2116 3855 2279 3909 αὐτοῦ

714 3948 809 4001 τοῦ
839 3943 1077 4017 Χριστοῦ
1113 3945 1329 4015 ἀοράτῳ
1366 3944 1510 4013 χειρὶ
1537 3945 1636 4014 τήν
1682 3944 1838 4013 ἁγίαν
1862 3946 1961 4014 τῆς
2006 3946 2280 4015 μάρτυρος

716 4033 1033 4104 κατέχοντος
1071 4030 1353 4101 κεφαλὴν,
1385 4031 1481 4084 καὶ
1508 4030 1759 4102 καθάπερ
1801 4033 1859 4084 ἐν
1899 4031 2051 4085 ὕδατι
2093 4034 2282 4103 βαπτὶ-

716 4122 895 4191 ζοντος
926 4120 1093 4191 αὐτὴν
1132 4120 1212 4190 τῷ
1250 4119 1404 4191 πυρί.
1445 4121 1510 4173 Ὢ
1556 4118 1875 4190 θαυμαστῆς
1914 4122 2129 4191 πυρᾶςί
2173 4119 2280 4174 οἷον

714 4189 859 4283 εἶχεν
892 4189 1340 4283 ἐνδονῖθησαυρδιν
1372 4212 1471 4282 τήν
1504 4211 1652 4265 κόνιν
1699 4212 1911 4283 ἐκείνην
1948 4189 2041 4267 καὶ
2064 4212 2161 4283 τὴν
2197 4214 2282 4267 τέ-

714 4323 857 4378 φραν
908 4305 1107 4367 παντὸς
1158 4305 1379 4375 χρυσίου
1426 4304 1782 4374 τιμιωτέραν,
1829 4304 2044 4357 πάντων
2096 4306 2289 4375 μύρων

714 4390 1127 4467 εὐωδεστέραν,
1164 4396 1379 4449 πάντων
1428 4394 1589 4447 λίθων
1640 4394 2071 4465 τιμαλφεστέραν
2100 4396 2112 4448 ί
2142 4397 2283 4449 Ὅσα

714 4488 822 4559 γάρ
847 4486 945 4541 οὐκ
985 4486 1155 4557 ίσχύει
1190 4486 1415 4549 πλοῦτος
1444 4487 1538 4539 καὶ
1568 4486 1810 4557 χρυσίον,
1843 4486 2076 4541 τοσαῦτα
2110 4486 2281 4557 ἰσχύει

717 4578 1008 4652 μαρτύρων
1054 4578 1301 4649 λείψανα.
1356 4578 1590 4648 Χρυσίον
1639 4578 1735 4648 μὲν
1784 4579 1893 4650 γὰρ
1948 4580 2070 4634 οὐτε
2127 4581 2281 4633 νόσον

712 4671 961 4743 ἀπήλασε
988 4670 1208 4723 πώποτε
1228 4710 1242 4736 ,
1274 4668 1396 4723 οὔτε
1429 4670 1656 4724 θάνατον
1686 4671 2036 4740 ἐφυγάδευσε,
2077 4671 2282 4743 μαρτύ-

717 4782 825 4836 ρων
849 4765 904 4819 δέ
929 4766 1062 4818 ὀστᾶ
1088 4764 1371 4837 ἀμφότερα
1396 4764 1570 4819 ταῦτα
1601 4764 1909 4837 είργάσατο,
1946 4766 2013 4819 τὰ
2057 4770 2152 4837 μὲν
2190 4770 2281 4821 ἐπὶ

713 4855 822 4910 τῶν
850 4857 1129 4927 προγόνων
1164 4856 1271 4909 τῶν
1305 4857 1621 4927 ἡμετέρων,
1652 4858 1718 4909 τὰ
1752 4855 1807 4908 δὲ
1848 4857 1941 4909 καὶ
1983 4858 2064 4925 ἐφ’
2102 4859 2275 4929 ήμῶν.

714 4946 824 4999 Καὶ
859 4946 1031 4999 ταῦτα
1062 4947 1159 5017 οὐχ
1195 4947 1353 5015 ἡμεῖς
1396 4947 1554 5016 μόνον
1577 4986 1591 5010 ,
1630 4932 1765 5001 ἀλλά
1800 4947 1893 4999 καὶ
1934 4949 1988 5002 οἱ
2030 4949 2136 5018 πρὸ
2182 4948 2280 5017 τῆς

664 5070 683 5082 εκ
715 5038 1015 5109 παρουσίας
1038 5036 1131 5091 τοῦ
1162 5037 1395 5109 Χριστοῦ
1424 5039 1704 5109 γενόμενοι
1730 5038 1927 5092 δίκαιοι
1962 5042 2099 5106 μετὰ
2124 5041 2278 5112 ἀκρι-

713 5130 865 5194 ϐείας
906 5130 1048 5184 ίσασι
1084 5131 1409 5207 φιλοσοφεῖν,
1444 5133 1531 5184 ὅτε
1572 5132 1790 5185 πάντων
1829 5129 2148 5195 ἐξελθόντων
2183 5134 2279 5185 Αἰλ-

714 5222 943 5292 γύπτου,
974 5224 1068 5276 καὶ
1106 5223 1214 5276 τῶν
1244 5224 1341 5294 μὲν
1372 5224 1611 5295 χρυσίον,
1641 5223 1750 5276 τῶν
1764 5222 1834 5278 ,δὲ
1866 5224 2130 5294 ἀργύριο)
2163 5225 2283 5277 ἑπι-

715 5316 1047 5387 φερομένων,
1091 5318 1119 5369 6
1157 5316 1363 5387 Μωσῆς
1412 5317 1532 5370 ἀντὶ
1574 5316 1808 5371 πλούτου
1842 5318 2039 5380 παντὸς
2077 5317 2144 5369 τά
2187 5319 2278 5371 τοῦ

727 5405 921 5477 Ἰωσὴφ
968 5408 1099 5460 ὀστᾶ
1136 5407 1316 5460 λαϐὼν
1360 5409 1683 5479 ἐπεφέρετο,
1715 5411 1982 5482 θησαυρὸν
2029 5414 2280 5483 μέγιστον

715 5496 809 5550 καὶ
860 5496 1069 5567 μυρίων
1106 5498 1342 5568 γέμοντα
1386 5497 1602 5567 ἀγαθῶν
1654 5500 1773 5571 μεθ’
1808 5502 1996 5557 ἐαυτοῦ
2041 5503 2279 5573 κομίζων

713 5587 912 5643 οἴκαδε.

789 5674 1019 5747 ιϐυΞῙεἏ
1051 5678 1187 5733 Ἀλλ’
1212 5678 1339 5744 ἴσως
1361 5680 1502 5735 εἴποι
1526 5699 1605 5746 τις
1630 5683 1694 5737 ἀν
1737 5684 1999 5751 Καὶτίνος
2022 5685 2205 5740 ἕνεκεν
2224 5686 2280 5751 ἐξ

2407 578 2517 629 Καὶ
2552 578 2660 649 γὰρ
2701 578 2884 631 πολλοὶ
2914 578 3041 649 1:291
3082 579 3260 649 ταφῆς
3297 579 3841 650 ἀκριϐολογούμενοι,
3887 583 3981 634 καὶ

2404 672 2517 732 τοῖς
2548 672 2917 741 προσήκουσιν
2951 671 3400 743 ἐπισκήπτοντες,
3430 672 3577 736 ὅπως
3607 674 3711 727 κᾶν
3740 673 3978 743 ἀλλαχοῦ

2402 760 2605 829 τύχωσι
2634 759 3048 831 τελευτήσαντες
3072 798 3088 826 ,
3116 761 3254 814 οίκοι
3277 759 3605 829 κομίσαντες
3635 763 3835 815 ἐκεῖνοι
3881 762 3978 814 αὐε-

2401 852 2528 915 τοὺς
2573 852 2958 924 κατορύξωσιν,
3003 849 3122 905 εἶτα
3168 853 3264 905 ἐπὶ
3317 851 3652 923 μικροψυχία
3685 852 3779 905 διὰ
3820 852 3978 906 τοῦτο

2403 944 2547 1013 παρ’.
2565 943 2720 1013 ἡμῶν
2742 944 3133 1013 σκωπτόμενοι,
3174 942 3380 1013 ταύτην
3403 943 3533 1013 ήμῖν
3567 942 3979 1012 προεϐάλλοντο

2399 1033 2498 1103 τὴν
2537 1034 2794 1105 ἱστορίαν,
2822 1035 2915 1086 καὶ
2940 1034 3202 1101 λεγόντων
3230 1032 3385 1103 ἡμῶν
3401 1033 3481 1085 ὅτι
3500 1031 3652 1084 οὐδὲν
3677 1032 3957 1103 διαφέρει,

2399 1124 2464 1177 ἄν
2484 1142 2543 1177 τε
2567 1126 2701 1178 οἴκοι
2727 1142 2828 1188 τις,
2854 1125 2918 1178 ἀν
2945 1141 3005 1177 τε
3032 1124 3123 1176 ἐπὶ
3150 1123 3250 1192 τῆς
3272 1122 3564 1194 ἀλλοτρίας
3588 1122 3734 1196 τύχῃ
3760 1125 3965 1192 ταφῆς,

2398 1214 2613 1283 ἔλεγον⁸
2646 1214 2854 1268 Οὐκοῦν
2884 1214 3029 1276 τίνος
3062 1213 3267 1276 ἕνεκεν,
3303 1215 3351 1266 εί
3380 1212 3545 1283 μηδὲν
3573 1214 3844 1284 διαφέρει,
3869 1214 3980 1267 ἀπὸ

2397 1306 2494 1376 τῆς
2538 1305 2812 1374 Δίγύπτου
2844 1304 2912 1358 τὰ
2955 1304 3089 1357 ὀστᾶ
3136 1302 3315 1357 λαϐὼν
3361 1304 3456 1357 τοῦ
3502 1304 3696 1373 Ἰωσήφ
3745 1306 3829 1368 εἰς
3876 1304 3982 1370 τὴν

2396 1397 2754 1468 Παλαιστίνην
2778 1396 3033 1465 ἐκόμισεν
3056 1396 3085 1448 6
3109 1395 3313 1464 Μωσῆς
3333 1410 3348 1458 ;
3386 1392 3530 1463 Ἐγὼ
3554 1394 3611 1448 δέ
3648 1396 3745 1448 καὶ
3781 1395 3971 1464 μεῖζον

2397 1487 2528 1555 ἐρῶ,
2557 1488 2637 1539 ὅτι
2670 1488 2729 1538 οὐ
2763 1487 2920 1556 μόνον
2952 1487 2980 1538 6
3008 1485 3213 1555 Μωσῆς
3256 1484 3471 1552 ἐλαϐεν,
3503 1483 3618 1537 ἀλλ’
3659 1486 3743 1538 ὅτι
3775 1486 3974 1538 κάκεῖ-

2395 1592 2483 1638 νος
2524 1574 2789 1640 τελευτῶν
2830 1572 3149 1629 ἐνετείλατο.
3197 1572 3271 1625 Τὸ
3326 1572 3436 1642 γὰρ
3473 1573 3537 1642 δὴ
3582 1571 3769 1642 μεῖζον
3818 1571 3975 1625 τοῦτό

2396 1664 2543 1717 ἐστιν
2564 1680 2579 1695 ’
2626 1662 2953 1732 Ἐπισχοπῇ
2989 1662 3129 1734 γὰρ,
3165 1664 3351 1734 φησὶν,
3380 1662 3707 1731 ἐπισκέψαι
3744 1663 3905 1733 ὑμᾶς
3941 1667 3979 1720 ό

2398 1755 2560 1820 Θεὸς,
2596 1753 2694 1808 καί
2724 1756 2998 1809 ἀνοίσετε
3028 1753 3101 1807 τὰ
3126 1752 3277 1809 ὀστᾶ
3299 1771 3441 1823 μου.
3484 1753 3640 1817 Τίνος
3663 1750 3760 1807 οὖν
3787 1754 3976 1807 ἕνεκεν

2396 1846 2643 1909 κάκεῖνος
2682 1840 2823 1913 εἷπε,
2860 1847 2954 1899 καὶ
2982 1838 3137 1909 οὗτος
3183 1827 3488 1915 ἐπήκουσε;
3534 1845 3630 1899 καὶ
3670 1845 3784 1916 γάρ
3821 1845 3971 1909 ἀξιον

2396 1931 2673 2005 ζητήσεως
2701 1934 2764 1987 τὸ
2785 1934 3095 2005 λεγόμενον.
3135 1935 3199 1987 Τί
3233 1933 3451 2002 λέγεις;
3479 1937 3508 1988 6
3552 1936 3902 2006 πατριάρχης
3946 1937 3976 1988 6

2394 2028 2810 2098 καταφρονήσας
2838 2028 2931 2097 καὶν
2962 2029 3062 2099 τῆς
3105 2028 3388 2101 παρούσης
3415 2026 3563 2096 ζωῆς
3593 2027 3691 2081 καὶ
3739 2028 3965 2081 πάντων

2395 2116 2680 2187 ὑπεριδὼν,
2711 2109 2770 2169 οῦ
2797 2117 2893 2169 οὐκ
2924 2111 2991 2187 ἦν
3017 2116 3164 2182 ἀξιος
3186 2118 3213 2169 6
3238 2118 3459 2187 κόσμος,
3485 2118 3513 2169 6
3534 2115 3685 2181 ξένος
3703 2116 3801 2187 καὶ
3826 2133 3973 2185 παρ-

2395 2209 2685 2281 επίδημος,
2723 2212 2751 2263 6
2807 2208 2874 2262 τά
2914 2210 2971 2262 ἐν
2996 2209 3245 2280 οὐρανοῖς
3274 2206 3396 2261 καθ’
3428 2208 3666 2277 ἐκάστην
3700 2209 3976 2277 φανταζόν

2397 2317 2557 2369 μενος
2583 2300 2679 2370 τὴν
2721 2299 2953 2371 ἡμέραν,
2998 2301 3027 2353 6
3069 2298 3206 2371 πρὸς
3232 2298 3330 2369 τὴν
3357 2298 3469 2351 ἀνω
3504 2296 3717 2368 βλέπων
3765 2299 3973 2371 Ἰερου-

2395 2390 2593 2462 σαλὴμ,
2624 2384 2776 2453 οὗτος
2806 2390 2968 2461 ήνίκα
2997 2390 3094 2460 μέν
3132 2387 3229 2458 ἐζη
3256 2387 3344 2441 διά
3380 2388 3473 2441 τὸν
3498 2387 3593 2441 τοῦ
3629 2388 3768 2443 θεοῦ
3805 2389 3973 2458 φόϐον

2395 2477 2485 2529 καί
2513 2479 2611 2548 τῆς
2656 2477 2913 2547 πατρίδος
2959 2477 3052 2529 καὶ
3087 2476 3187 2545 τῆς
3226 2476 3537 2549 ἐλευθερίας
3579 2476 3831 2543 ἐξέπεσε,
3870 2481 3968 2532 καὶ

2393 2565 2758 2637 δεσμωτήριον
2799 2565 2979 2637 ᾤκησε
3006 2604 3019 2628 ,
3068 2565 3160 2617 καὶ
3196 2564 3296 2618 οὐκ
3334 2567 3655 2637 ἐπεστράφη
3690 2566 3829 2638 πρὸς
3870 2566 3971 2630 τὰς

2391 2657 2680 2720 ἐπιϐουλάς
2707 2657 2921 2719 ἐκείνας
2940 2674 2953 2687 ⁸
2987 2656 3175 2727 ἐπειδὴ
3202 2657 3259 2709 δέ
3296 2656 3487 2727 ἔμελλε
3518 2657 3797 2729 τελευτᾷν,
3826 2658 3973 2712 οὕτω

2396 2748 2836 2818 μικρολογεῖται,
2896 2747 2971 2810 ὠς
3021 2746 3287 2818 τοσαύτην
3340 2748 3668 2819 ποιήσασθαι
3718 2750 3961 2821 σπουδὴν

2392 2840 2531 2910 ὑπὲρ
2563 2840 2659 2908 τῆς
2695 2838 2801 2891 τῶν
2844 2838 3015 2891 ὀστῶν
3045 2839 3433 2909 μετακομιδῆς,
3467 2840 3560 2893 καὶ
3593 2843 3658 2894 ἐκ
3700 2842 3969 2897 τοσούτου

2389 2930 2753 3001 διαστήματος
2781 2927 2991 2981 κελεύει
3018 2928 3088 2980 τά
3116 2928 3342 2997 λείψανα
3373 2930 3674 2998 ἀνάγεσθαι
3703 2949 3719 2997 ;
3752 2933 3865 2986 Καὶ
3882 2934 3977 2997 τίς

2392 3023 2457 3078 ἂν
2483 3023 2651 3091 ταῦτα
2675 3021 2853 3088 είποι;
2880 3021 2933 3073 τί
2957 3020 3064 3090 γάρ
3085 3018 3146 3072 τό
3173 3019 3361 3090 κέρδος
3392 3016 3481 3091 ἦν,
3503 3020 3538 3092 ἢ
3568 3024 3721 3074 ποῖον
3752 3022 3817 3076 τδ
3842 3023 3973 3092 ὅφι.

2390 3113 2479 3176 λος
2498 3112 2573 3184 τῷ
2600 3112 2969 3183 κατοιχομένῳ
2984 3112 3089 3165 ἀπὸ
3115 3111 3214 3186 τῆς
3242 3110 3350 3163 τῶν
3378 3111 3552 3164 ὀστῶν
3580 3111 3969 3183 μεταθέσειος;

2390 3205 2543 3268 Τίνος
2573 3193 2874 3259 οὖν’ἐνεκεν
2903 3202 3213 3273 ἐπέσκηψεν
3238 3220 3252 3269 ;
3282 3202 3417 3273 Οὐχὶ
3454 3202 3561 3255 τῶν
3591 3203 3768 3257 ὀστῶν
3799 3221 3975 3275 φρονρ

2387 3294 2549 3357 τίζων
2570 3335 2585 3356 ,
2615 3292 2727 3345 ἀλλ’
2756 3293 2873 3344 ἐστι
2907 3292 3007 3363 μέν
3038 3292 3237 3356 εἰπεῖν,
3269 3291 3351 3344 ὅτι
3382 3291 3479 3344 καὶ
3505 3292 3615 3347 τῶν
3645 3294 3974 3362 ,Αἰγυπτίων

2388 3380 2485 3451 τήν
2512 3379 2764 3434 ἀσέϐειαν
2788 3377 3060 3442 δεδοικώς.
3078 3378 3296 3450 Ἐπειδὴ
3316 3379 3426 3451 γάρ
3448 3380 3619 3435 πολλά
3638 3382 3735 3437 καὶ
3756 3384 3973 3453 μεγάλα

2388 3472 2684 3543 εἰργάσατο
2710 3471 2911 3539 ἀγαθὰ,
2938 3471 3031 3524 καὶ
3055 3470 3288 3541 τροφεὺς
3321 3471 3501 3526 αὐτῶν
3530 3472 3624 3525 καὶ
3655 3476 3971 3545 προστάτης

2390 3565 2627 3633 ἐγένετο,
2667 3565 2764 3617 καὶ
2794 3562 2885 3617 τοῦ
2921 3561 3081 3633 λιμοῦ
3114 3561 3465 3633 παραμυθίαν
3508 3556 3635 3635 εὗρε
3672 3566 3977 3636 μεγίστην,

2388 3658 2479 3709 καὶ
2510 3656 2545 3709 ἂ
2575 3657 2763 3726 μηδενὶ
2795 3656 2985 3723 γέγονε
3021 3654 3154 3724 δῆλα
3181 3693 3196 3718 ,
3225 3652 3398 3707 ταῦτα
3427 3655 3644 3725 πρῶτος
3682 3657 3780 3711 καὶ
3805 3659 3981 3728 μόνος-ν

2388 3750 2687 3815 άνέπτυξε,
2726 3749 2819 3805 καὶ
2874 3750 2956 3813 είς
3006 3749 3171 3818 μέσον
3228 3747 3428 3815 ήγαγε,
3460 3748 3555 3802 καὶ
3592 3748 3666 3802 τὰ
3709 3750 3971 3822 ὀνείρατα

2384 3840 2641 3905 διαλύσας
2671 3841 2730 3894 οὐ
2768 3840 2929 3912 μόνον
2958 3840 3302 3913 προεδήλωσε
3346 3841 3439 3894 τὸν
3470 3839 3650 3910 λιμὸν,
3700 3840 3841 3895 ἀλλά
3870 3846 3964 3899 καὶ

2388 3931 2677 4002 φάρμακον
2707 3933 2886 3986 ἱκανὸν
2915 3934 3063 4003 αὐτῷ
3085 3932 3445 4007 προαπέθετο,
3476 3929 3620 3985 οὓτω
3643 3932 3739 3986 καὶ
3768 3933 3839 3986 τά
3868 3953 3936 3987 τα
3956 3967 3968 3975 -

2391 4024 2520 4089 μεῖα
2546 4020 2643 4089 τῆς
2674 4020 2949 4088 Αἰγύπτου
2984 4021 3299 4094 πληρώσας,
3332 4022 3407 4084 ὡς
3432 4020 3637 4091 μηδένα
3670 4020 3839 4075 αὺτοῦ
3867 4023 3973 4093 τῆς

2391 4108 2689 4177 παρουσίας
2713 4108 2993 4162 αἰσθέσθαι
3012 4125 3026 4140 ⁸
3059 4109 3123 4163 ἵν’
3150 4105 3244 4163 οῦν
3267 4109 3342 4181 μὴ
3367 4108 3489 4172 θεὸς
3507 4108 3798 4179 νομίζηται
3828 4112 3968 4178 μετά

2387 4197 2641 4267 τελευτὴν
2684 4197 2770 4250 διὰ
2799 4198 2859 4249 τὸ
2894 4196 2993 4265 τῆς
3028 4198 3345 4270 εὐεργεσίας
3383 4195 3612 4267 μέγεθος
3639 4194 3797 4260 (τῶν
3834 4196 3971 4267 βαρ-

2389 4284 2569 4356 ϐάρων
2589 4285 2809 4341 ἐκείνων
2825 4284 3062 4347 εὐκόλως
3073 4284 3130 4350 ἐξ
3141 4283 3239 4337 ἀνθ
3247 4282 3445 4355 ρώπων
3462 4281 3763 4336 ποιούντων
3784 4282 3975 4346 θεοὺς,

2390 4374 2567 4443 πάσης
2599 4372 2854 4435 ἀσεϐείας
2896 4371 3136 4441 ἀναιρῶν
3189 4370 3467 4434 ὑπόθεσιν,
3528 4370 3817 4423 ἐκέλευσεν
3856 4372 3968 4423 ὰπ-

2388 4461 2669 4530 ενεχθῆναι
2701 4459 2883 4513 οἶκαδε
2912 4458 2982 4512 τά
3014 4460 3165 4513 ὀστᾶ.
3198 4460 3312 4513 Μία
3337 4458 3433 4529 μέν
3457 4452 3550 4510 οὖν
3579 4455 3718 4526 αὕτη
3752 4457 3968 4527 πρόφα-

2391 4565 2472 4612 σις
2496 4566 2511 4579 ο
2540 4548 2653 4601 ἐστι
2680 4548 2859 4601 δὲκαὶ
2877 4547 3070 4619 ἐτέραν
3096 4546 3271 4599 εἰπεῖν
3298 4543 3792 4616 ἀναμφισϐήτητον
3818 4560 3832 4574 '
3869 4544 3966 4598 καὶ

2388 4635 2493 4705 γὰρ
2519 4635 2626 4687 ἀπὸ
2654 4634 2763 4687 τῶν
2790 4634 3021 4705 Γραφῶν
3053 4633 3223 4703 αὐτὴν
3251 4631 3631 4685 πιστώσασθαι
3659 4631 3761 4696 ἐγι.
3793 4632 3966 4685 Ποίαν

2386 4719 2449 4790 δὴ
2480 4719 2680 4790 ταύτην
2702 4737 2715 4785 ;
2748 4720 2901 4789 ᾜδει
2927 4719 3078 4789 παρὰ
3098 4717 3192 4771 τοῦ
3226 4717 3435 4788 πατρὸς
3462 4717 3725 4781 ἀκούσας,
3750 4719 3963 4772 ἐκείνου

2389 4806 2539 4877 παρὰ
2567 4807 2660 4860 τοῦ
2684 4807 2911 4861 πάππου
2948 4805 3103 4874 λόγον
3130 4806 3211 4868 είς
3234 4805 3398 4859 αὐτὸν
3426 4804 3826 4875 κατενεχθέντα
3860 4823 3964 4876 μα-

2388 4892 2588 4956 θόντος,
2637 4895 2719 4946 ὅτι
2768 4891 2939 4945 πολλά
2968 4892 3060 4961 ἔτη
3095 4890 3451 4945 δουλώσονται
3486 4892 3581 4944 καὶ
3613 4890 3966 4945 κακώσουσιν

2386 4983 2578 5044 αὐτοὺς
2623 4985 2670 5034 οἱ
2705 4980 3012 5049 Αἰγύπτιοι.
3045 4981 3251 5034 Ἔσται
3287 4980 3395 5050 γὰρ
3438 4978 3506 5033 τὸ
3549 4979 3791 5048 σπέρμα
3846 4996 3967 5034 σου

2386 5068 2669 5137 πάροικον
2693 5070 2763 5122 ἐν
2791 5067 2867 5139 τῇ
2894 5067 3200 5135 ἀλλοτρίᾳ,
3227 5068 3325 5121 καί
3347 5066 3773 5122 δουλώσουσιν
3789 5071 3960 5133 αὐτὸ,

2386 5160 2481 5212 καὶ
2508 5157 2888 5213 κακώσουσιν
2911 5156 3015 5223 ἐτη
3039 5156 3411 5222 τετρακόσια,
3440 5157 3469 5207 6
3489 5154 3622 5218 Θεὸς
3653 5154 3802 5228 [696]
3826 5159 3962 5230 πρὸς

2382 5246 2475 5300 τδν
2515 5246 2763 5317 Ἀϐραάμ
2782 5245 2984 5312 ἔλεγεν.
3015 5243 3110 5296 Ἰν³
3140 5238 3232 5297 οὖν
3261 5243 3336 5314 μὴ
3378 5242 3513 5314 πρὸς
3538 5244 3600 5296 τὸ
3637 5244 3814 5315 μῆκος
3857 5250 3966 5301 άπ-

2386 5333 2783 5405 αγορεύσαντες
2825 5332 2921 5385 τοῦ
2957 5332 3173 5403 χρόνου,
3218 5331 3314 5385 καί
3343 5331 3441 5402 τὴν
3488 5331 3871 5405 ταλαιπωρίαν
3900 5335 3965 5389 οὐ

2387 5421 2642 5491 φέροντες
2677 5420 2954 5487 ἀπογνῶσι
2987 5418 3121 5487 πρὸς
3158 5418 3255 5489 τὴν
3286 5418 3565 5484 ἐπάνοδον,
3612 5420 3705 5473 καὶ
3756 5421 3966 5476 άνσπέυ

2389 5527 2541 5574 σωσι,
2577 5510 2834 5580 μέγιστον
2862 5509 3043 5571 αὐτοῖς
3063 5507 3313 5579 ἐνέχυρον
3336 5506 3553 5571 ἐλπίδος
3572 5507 3745 5572 διδοὺς
3779 5513 3973 5581 προεὶσ

2387 5614 2487 5650 -πεν
2509 5598 2635 5669 περὶ
2665 5596 2763 5666 τῆς
2793 5594 3123 5665 ἀνακομιδῆς
3149 5593 3255 5647 τῶν
3276 5594 3469 5659 ὀστῶν,
3497 5595 3562 5648 ἵν’
3592 5596 3793 5649 ἐκεῖνοι
3825 5596 3973 5663 πρὸς

2387 5685 2611 5747 ἑαυτοὺς
2652 5682 3011 5750 λογιζόμενοι,
3058 5678 3139 5733 ὅτι
3166 5672 3231 5732 “εί
3282 5682 3357 5752 μὴ
3410 5682 3612 5754 σφόδρα
3664 5682 3771 5736 καὶ
3813 5691 3969 5761 μετὰ
