4182 6322
295 423 530 490 misceri,
560 424 740 493 perire
765 425 1031 481 existimat
1052 436 1106 482 ct
1134 427 1432 497 corrumpi;
1460 428 1646 485 artifex
1679 427 1880 494 autem,

291 523 348 567 ct
373 528 461 582 qm
488 514 652 582 probe
680 515 781 570 ista
811 518 996 583 novit,
1046 517 1146 573 hac
1185 519 1391 573 ratione
1417 520 1599 590 purius
1627 520 1728 573 scit
1757 520 1882 573 illud

293 607 460 672 efﬁci,
487 622 549 662 ac
577 618 697 678 post
721 611 1053 665 exustiouem
1081 612 1252 682 ipsum
1273 613 1418 666 omni
1443 628 1509 667 ex
1534 621 1683 683 parte
1709 612 1887 681 splen-

292 697 476 769 didum
500 699 732 753 extrahit
759 709 813 756 et
844 704 1242 772 componit:sic
1272 704 1520 758 nimirum
1554 714 1608 759 et
1641 704 1726 758 isti
1755 721 1883 760 eve-

296 793 376 844 nit
395 807 408 842 :
429 790 668 846 infideles
684 791 894 862 quidem
908 810 1029 850 cum
1050 795 1306 866 liquefieri
1327 812 1390 853 ac
1409 797 1649 853 difﬂuere
1669 813 1882 852 carnem

293 882 409 950 ejus
450 883 733 954 viderent,
786 887 838 941 in
887 889 1125 944 cinerem
1170 890 1312 944 illam
1339 900 1394 945 et
1420 891 1694 960 pulverem
1737 892 1886 947 abire

290 976 616 1043 censebant;
657 991 711 1038 at
740 979 922 1046 ﬁdeles
951 991 1136 1037 exacte
1162 993 1419 1038 noverant
1445 1000 1564 1039 eam
1603 984 1673 1038 ita
1709 983 1881 1053 lique-

292 1065 488 1121 t‘actam
517 1069 703 1125 sordes
724 1085 910 1126 omnes
931 1071 1220 1143 deponere,
1249 1084 1408 1148 atque
1435 1077 1882 1131 immortalitatem

292 1158 540 1230 adeptam
587 1163 998 1231 splendidiorem
1044 1168 1354 1224 ascendere.
1385 1168 1497 1224 lmo
1525 1170 1575 1223 in
1604 1169 1722 1240 ipso
1753 1185 1882 1241 rogo

293 1244 422 1306 ante
468 1255 915 1310 resurrectionem
974 1259 1109 1314 miro
1162 1260 1391 1330 quodam
1439 1260 1598 1316 modo
1645 1260 1887 1315 vincebat

292 1344 635 1402 adversaries
657 1356 945 1417 potestates
970 1369 983 1404 :
1003 1351 1263 1421 siquidem
1288 1353 1408 1424 igne
1427 1353 1676 1408 resoluta:
1694 1369 1884 1409 carnes

290 1448 415 1488 cum
440 1437 718 1505 strepitum
741 1438 984 1507 ederent,
1017 1442 1135 1496 illas
1159 1457 1317 1511 quam
1345 1442 1596 1499 facillime
1623 1445 1673 1498 in
1703 1443 1882 1514 fugam

295 1525 595 1580 vertebant.
629 1529 698 1582 Et
733 1531 1178 1599 quemadmodum
1200 1548 1502 1603 generosus.
1536 1535 1689 1590 miles
1729 1535 1886 1590 mrcis

290 1621 459 1672 armis
484 1621 841 1678 circumdatus
872 1624 986 1693 ipso
1024 1625 1183 1680 etiam
1229 1639 1501 1682 armorum
1541 1627 1771 1684 stridore
1817 1629 1884 1682 ti-

298 1708 614 1766 midioribus
644 1722 900 1768 terrorem
932 1715 1120 1770 incutit
1144 1716 1495 1774 adversariis:
1519 1721 1597 1774 sic
1634 1719 1882 1774 nimirum

293 1808 351 1853 et
393 1809 515 1856 tunc
553 1803 706 1858 beata
754 1805 935 1862 Drosis
977 1808 1131 1878 pellis
1160 1810 1390 1866 stridore
1429 1821 1719 1881 potestates
1768 1813 1884 1867 illas

292 1889 508 1962 fugabat
528 1913 542 1948 :
565 1910 736 1966 neque
765 1915 893 1954 vero
919 1900 1023 1956 hac
1064 1903 1269 1959 ratione
1299 1913 1534 1972 tantum,
1576 1907 1671 1962 sed
1701 1915 1754 1963 et
1781 1908 1882 1961 alia

291 1996 480 2080 rursus
521 1987 687 2043 nihilo
731 1989 832 2044 ista
874 1992 1087 2047 minori.
1129 1993 1261 2049 Nam
1290 1996 1448 2052 simul
1495 2006 1656 2068 atque
1695 2015 1879 2070 rogum

299 2079 536 2141 ingressa
582 2084 693 2142 est,
743 2088 798 2132 et
839 2079 1014 2135 fumus
1057 2083 1108 2137 in
1151 2083 1315 2138 altum
1364 2086 1661 2142 ascendens
1701 2103 1880 2144 aerem

290 2165 610 2231 occupavit,
651 2166 921 2224 dazmones
950 2187 1048 2241 per
1091 2189 1271 2229 aerem
1311 2177 1551 2251 volantes
1594 2177 1883 2243 suffocahat

289 2267 510 2321 omnes,
555 2255 821 2316 diabolum
861 2263 1136 2333 abigebat,
1170 2275 1224 2322 et
1252 2267 1419 2339 ipsam
1459 2280 1702 2326 naturam
1740 2275 1881 2329 aeris

289 2344 650 2413 abstergebat.
699 2350 834 2406 Cum
881 2355 1024 2410 enim
1069 2356 1218 2412 fumo
1266 2359 1528 2416 idolorum
1577 2363 1880 2433 inquinatus

288 2433 509 2501 fuisset,
557 2438 610 2493 in
647 2439 820 2499 locum
852 2443 992 2499 illius
1035 2445 1209 2503 fumus
1250 2449 1388 2505 alter
1429 2453 1778 2518 ascendebat,
1825 2464 1882 2510 ut

285 2526 465 2582 illatas
493 2530 561 2586 ab
585 2531 685 2586 illis
715 2534 901 2590 sordes
929 2538 1275 2609 abstergerct.
1313 2541 1453 2598 Sane
1475 2543 1690 2614 quidem
1720 2519 1880 2603 fontis

285 2624 620 2689 comparatio
643 2627 898 2693 pneclare
921 2632 1173 2685 convenit
1197 2632 1269 2686 illi
1296 2648 1445 2704 rogo.
1467 2635 1598 2690 Nam
1614 2623 1877 2707 quemad-

286 2710 506 2765 modum
532 2715 574 2767 si
603 2714 655 2768 in
685 2713 834 2772 fonte
861 2726 1065 2773 vestem
1093 2721 1347 2789 exuisset,
1371 2731 1424 2778 et
1450 2739 1646 2795 corpus
1673 2726 1876 2782 abluis-

282 2813 408 2869 set,
455 2804 524 2858 ita
572 2821 768 2877 corpus
808 2823 964 2865 suum
1009 2812 1061 2867 in
1103 2813 1190 2867 illa
1238 2813 1450 2870 ﬂamma
1482 2816 1688 2874 facilius
1717 2835 1876 2889 quam

286 2903 489 2950 vestem
521 2900 762 2966 quamvis
788 2917 986 2957 exuens
1008 2945 1025 2972 ,
1057 2913 1112 2959 et
1141 2907 1370 2962 animam
1402 2909 1620 2964 nitidam
1649 2911 1877 2966 reddens

286 2986 355 3040 ad
386 3003 640 3056 sponsum
669 3007 824 3047 suum
861 2995 929 3050 ab
971 2997 1172 3067 angelis
1213 2999 1406 3069 stipata
1449 3003 1787 3073 properabat.
1819 3004 1875 3061 Si

283 3078 430 3130 enim
454 3079 708 3136 Lazarum
733 3083 877 3138 illum
899 3085 1164 3142 ulceribus
1184 3090 1395 3159 plenum
1418 3092 1593 3161 angeli
1614 3093 1678 3148 ad
1699 3095 1875 3150 sinum

287 3170 519 3224 Abrahae
561 3173 896 3231 abduxerunt
928 3196 941 3231 :
975 3180 1144 3233 multo
1182 3183 1350 3252 magis
1393 3184 1547 3239 istam
1589 3187 1874 3244 abeuntem

281 3258 583 3328 stipabant,
614 3274 668 3318 et
699 3275 963 3337 tamquam
993 3286 1060 3326 ex
1091 3288 1245 3327 sacro
1284 3277 1513 3345 quodam
1543 3281 1782 3336 conclavi
1810 3297 1874 3337 ac

282 3350 520 3406 thalamo
551 3356 770 3424 nuptiali
798 3371 1151 3431 assumptam,
1181 3379 1247 3418 ex
1270 3364 1486 3423 fornace
1514 3370 1580 3424 ad
1607 3372 1874 3428 caelestem

288 3458 544 3511 sponsum
587 3447 938 3506 deducebant.
966 3453 1078 3520 Qua
1109 3472 1237 3510 vero
1278 3459 1346 3514 de
1388 3438 1547 3515 causa
1593 3463 1872 3520 tincturam

281 3535 448 3588 etiam
477 3552 659 3606 rogum
689 3540 834 3594 illum
858 3545 1152 3614 appellavi?
1169 3546 1318 3613 Quod
1339 3550 1585 3605 nimirum
1605 3561 1872 3624 tamquam

287 3626 514 3681 mirabili
542 3630 769 3698 quadam
802 3632 992 3688 infecta
1027 3637 1250 3692 tinctura
1278 3681 1292 3703 ,
1321 3655 1442 3694 cum
1474 3659 1700 3712 purpura
1730 3649 1873 3716 regia

282 3716 424 3771 facta
455 3731 622 3787 esset,
651 3723 717 3777 ad
745 3725 1016 3781 czelestem
1047 3729 1242 3799 Regem
1275 3735 1593 3800 mitteretur,
1619 3752 1682 3791 ac
1707 3740 1874 3793 multa

283 3822 406 3863 cum
440 3810 626 3868 fiducia
651 3815 805 3872 sedes
836 3817 951 3872 illas
975 3820 1218 3877 caelestes
1244 3805 1492 3891 intraret,
1521 3827 1661 3896 quod
1693 3829 1869 3895 (iebat,

279 3913 408 3954 cum
444 3903 694 3961 invisibili
731 3923 892 3964 manu
921 3926 1018 3966 sua
1045 3911 1290 3968 Christus
1335 3926 1577 3972 sanctum
1624 3922 1873 3992 martyris

279 4003 448 4062 caput
486 4005 728 4064 teneret,
770 4010 825 4055 et
865 4012 1130 4074 tamquam
1163 4008 1314 4076 aquis
1339 4009 1483 4064 illam
1512 4010 1742 4068 ﬂammis
1768 4014 1871 4068 im-

285 4098 573 4155 mergeret.
604 4088 648 4143 Ο
677 4091 973 4147 mirabilem
1003 4098 1217 4166 rogum!
1248 4101 1458 4168 qualem
1485 4102 1628 4156 intus
1657 4103 1872 4159 thesau-

282 4191 405 4229 rum
433 4175 678 4244 habebat,
711 4183 982 4251 pulverem
1007 4187 1152 4240 iilum
1181 4204 1245 4242 ac
1270 4192 1502 4246 cinerem
1527 4209 1660 4249 auro
1687 4197 1876 4265 quovis

284 4266 655 4333 pretiosiorem
681 4312 695 4334 ,
729 4281 787 4326 et
828 4275 1098 4342 quibusvis
1124 4283 1403 4348 unguentis
1433 4282 1834 4354 fragrantiorem
1856 4330 1870 4354 ,

284 4357 510 4422 gemmis
538 4360 810 4428 quibusvis
833 4366 1118 4422 cariorem.
1149 4369 1300 4438 Quod
1344 4374 1485 4426 enim
1532 4390 1631 4430 nec
1678 4378 1874 4434 divitia:

283 4461 389 4501 nec
410 4461 596 4502 aurum
625 4461 880 4520 praestare
910 4468 1140 4527 queunt,
1190 4461 1291 4516 hoc
1317 4463 1555 4534 reliquiae
1581 4479 1873 4539 martyrum

288 4547 586 4629 praestant:
616 4544 876 4612 siquidem
916 4563 1103 4602 aurum
1152 4568 1324 4622 neque
1366 4556 1582 4610 morbos
1620 4574 1873 4629 umquam

284 4627 521 4698 depulit,
565 4649 737 4704 neque
777 4645 1001 4692 mortem
1043 4642 1248 4713 abegit;
1281 4660 1401 4700 ossa
1429 4662 1556 4702 vero
1583 4627 1875 4722 martvrum

287 4727 576 4791 utrumque
605 4727 980 4808 perfecerunt,
1014 4733 1136 4787 illud
1163 4736 1377 4804 quidem
1419 4749 1723 4795 nostrorum
1765 4759 1877 4796 ma-

285 4809 463 4878 jorum
491 4822 646 4870 astate
667 4858 682 4883 ,
713 4816 814 4873 hoc
836 4835 969 4876 vero
999 4833 1178 4877 nostra
1220 4825 1382 4881 etiam
1422 4830 1664 4899 contigit.
1697 4835 1771 4886 Ac
1810 4833 1877 4888 de

288 4899 373 4954 his
411 4902 482 4954 ita
523 4918 628 4958 non
677 4908 849 4963 solum
896 4925 1034 4976 nos,
1081 4912 1173 4966 sed
1215 4915 1340 4982 justi
1385 4919 1582 4984 etiam,
1624 4921 1714 4990 qui
1753 4933 1877 4978 ante

283 4992 487 5049 Christi
527 4997 813 5054 adventum
844 5003 1120 5070 vixerunt,
1167 5016 1353 5062 exacte
1382 5009 1744 5082 philosophari
1777 5031 1876 5069 no-

287 5096 521 5155 verunt,
559 5097 667 5159 quo
710 5101 948 5164 tempore
990 5099 1196 5152 cunctis
1222 5115 1285 5152 ex
1316 5100 1546 5170 Egypto
1574 5105 1877 5160 excedenti-

287 5178 428 5243 bus,
477 5191 533 5236 et
572 5184 693 5238 aliis
738 5187 951 5254 quidem
994 5205 1216 5258 aurum,
1263 5191 1380 5246 aliis
1427 5207 1578 5250 vem‘
1599 5207 1876 5268 argentum

286 5270 676 5342 evehentibus,
726 5275 933 5348 Moyses
976 5294 1134 5349 opum
1176 5284 1483 5352 quarumvis
1525 5286 1644 5341 loco
1679 5288 1877 5357 Ioseph

286 5375 410 5416 ossa
439 5377 657 5420 sumens
683 5382 749 5422 ea
775 5368 964 5424 detulit
993 5370 1190 5442 (Exod.
1230 5375 1316 5430 l3.
1358 5375 1444 5447 19)
1474 5392 1538 5433 ac
1570 5378 1877 5437 thesaurum

288 5456 580 5512 maximum
624 5467 676 5513 et
725 5460 1019 5519 innumeris
1061 5465 1216 5520 bonis
1261 5467 1648 5526 redundantem
1695 5488 1877 5530 secum

285 5546 508 5602 domum
539 5550 703 5606 vexit.

362 5637 416 5693 5.
450 5638 555 5695 Sed
595 5641 734 5698 dicet
767 5642 996 5702 fortasse
1022 5648 1282 5719 quispiam
1304 5669 1317 5705 :
1338 5651 1452 5721 Qua
1480 5669 1608 5710 vero
1633 5653 1700 5710 de
1720 5672 1880 5713 causa

285 5722 605 5803 lxaEgypto
625 5733 680 5790 in
705 5734 1042 5795 Palzestinam
1066 5742 1448 5800 transferebat?
1469 5746 1729 5818 siquidem
1752 5748 1879 5805 dum

1528 315 1619 372 DE
1651 314 1716 373 S.
1757 315 2048 374 DROSIDE
2084 313 2439 374 MARTYRE.

3474 299 3579 355 G90

1996 441 2289 503 martyrum
2331 428 2589 484 memoria
2614 426 2916 482 celebratur
2935 466 2950 490 ,
2983 421 3104 478 talia
3130 418 3430 492 prmaertim
3454 432 3580 473 exa-

1993 517 2262 599 minentur
2286 537 2508 578 necesse
2548 529 2650 576 est.
2688 519 2835 574 Multi
2876 517 3017 571 enim
3047 513 3336 586 sepultura:
3364 526 3475 566 sua:
3497 510 3580 565 di-

1991 607 2220 686 ligenter
2248 614 2593 684 providentes
2615 654 2630 676 ,
2662 628 2781 666 cum
2813 609 3126 680 pi-Opioquis
3155 606 3266 661 suis
3290 603 3577 670 mandent,

1993 716 2051 761 ut
2084 706 2129 761 si
2150 706 2287 760 forte
2317 705 2440 760 alibi
2472 719 2565 760 eos
2587 705 2720 757 mori
2762 702 3056 772 contingat,
3087 701 3138 753 in
3179 699 3401 770 patriam
3429 711 3581 752 suam

1994 798 2279 853 translatos
2307 796 2380 851 iHi
2406 795 2700 866 sepeliant;
2745 793 2941 850 deinde
2977 809 3100 848 cum
3130 791 3341 846 illorum
3377 787 3584 844 idcirco

1991 889 2478 958 pusillanimitatcm
2522 886 2846 941 irriserimus
2870 927 2885 952 ,
2927 884 3067 938 hanc
3108 882 3262 938 nobis
3301 881 3582 937 historiam

1991 985 2287 1054 objiciunt:
2307 1000 2538 1054 cumque
2561 999 2661 1038 nos
2690 983 2981 1038 dixerimus
3020 977 3152 1034 nihil
3187 977 3446 1031 interesse
3470 973 3584 1028 sive

1991 1075 2133 1130 domi
2175 1078 2329 1146 quis,
2365 1077 2485 1132 sive
2528 1092 2748 1146 peregre
2790 1073 3081 1144 sepultura:
3128 1067 3449 1133 mandetur,
3489 1080 3583 1121 rc-

1991 1168 2255 1237 spondeut
2269 1186 2282 1221 :
2296 1170 2404 1223 Cur
2427 1170 2604 1244 igitur,
2621 1169 2663 1221 si
2690 1166 2818 1222 nihil
2836 1167 3078 1228 interest,
3096 1169 3364 1231 assumpta
3382 1155 3582 1226 Ioseph

1993 1275 2114 1314 ossa
2143 1260 2196 1313 in
2231 1259 2566 1314 Palaestinam
2602 1258 2873 1313 transtulit
2899 1253 3143 1325 Moyses?
3175 1253 3285 1323 Ego
3312 1265 3440 1306 vero
3467 1263 3585 1304 ma-

1986 1349 2074 1420 jus
2121 1350 2319 1420 aliquid
2360 1351 2533 1405 dicam
2560 1368 2572 1404 :
2598 1365 2703 1405 non
2739 1349 2912 1404 solum
2959 1347 3173 1417 Moyses
3211 1343 3450 1414 accepit,
3485 1339 3583 1396 sed

1989 1441 2080 1495 ille
2107 1442 2268 1496 etiam
2316 1442 2550 1498 moriens
2591 1443 2692 1495 hoc
2720 1439 2972 1510 prmoepit
2995 1438 3130 1492 :hoc
3173 1435 3316 1489 enim
3345 1431 3585 1502 profecto

1991 1538 2078 1587 cst’
2102 1533 2293 1602 majus.
2329 1531 2624 1586 Visitatione
2642 1533 2813 1598 cnim,
2847 1528 3216 1600 iuquit,oisitet
3248 1542 3335 1580 vos
3358 1524 3515 1588 Deus,
3533 1533 3584 1577 et

1990 1623 2310 1696 aspartabitis
2349 1640 2464 1678 ossa
2493 1639 2604 1677 mea
2628 1621 2786 1696 (Gen.
2829 1621 2917 1677 50.
2947 1621 3060 1688 24).
3086 1617 3198 1673 Cur
3229 1618 3387 1688 igitur
3411 1626 3465 1671 et
3494 1615 3584 1670 ille

1990 1715 2157 1782 dixit,
2204 1722 2258 1770 et
2298 1708 2401 1769 iste
2424 1713 2640 1784 paruit?
2677 1711 2940 1788 siquidem
2986 1725 3075 1766 res
3096 1720 3186 1766 est
3211 1707 3582 1778 disquisitione

1989 1805 2168 1876 digna.

2055 1896 2164 1952 Cur
2200 1896 2393 1968 Ioseph
2438 1897 2677 1967 reliquias
2715 1911 2834 1950 suas
2881 1893 3149 1963 transferri
3197 1889 3580 1957 velit—Quid

1989 1991 2102 2046 ais?
2130 2005 2326 2061 ergone
2357 1988 2651 2060 patriarcha
2671 2029 2686 2052 ,
2713 1988 2802 2058 qui
2829 1987 2995 2041 vitam
3033 1993 3354 2055 pra-sentem
3392 1996 3578 2050 asper-

1989 2082 2238 2150 nabatur,
2268 2092 2321 2138 et
2343 2082 2526 2136 ontnia
2546 2078 2946 2143 contemnebat,
2980 2093 3086 2148 quo
3111 2075 3302 2145 dignus
3325 2089 3434 2128 non
3465 2083 3583 2127 erat

1989 2174 2240 2240 mundus,
2261 2173 2350 2245 qui
2374 2174 2685 2244 peregrinus
2705 2180 2759 2227 et
2779 2171 3069 2240 inquilinus
3081 2177 3218 2230 ml,
3238 2164 3574 2236 quicarlestia

1987 2267 2224 2338 quotidie
2263 2276 2444 2322 mente
2491 2253 2737 2321 versabat
2763 2304 2778 2330 ,
2821 2263 2911 2334 qui
2955 2275 3240 2332 supernam
3280 2257 3578 2315 Jerusalem

1986 2358 2282 2428 spectabat,
2315 2357 2405 2412 illc
2433 2356 2560 2412 dum
2588 2356 2793 2410 viveret
2819 2353 3032 2425 quidem
3054 2393 3068 2418 ,
3094 2351 3171 2406 ob
3201 2352 3291 2405 Dei
3330 2349 3577 2402 timorem

1987 2460 2044 2505 et
2072 2453 2240 2519 patria
2271 2458 2324 2504 et
2351 2449 2600 2504 libertate
2626 2447 2861 2518 privatus
2890 2453 3010 2509 est,
3040 2452 3094 2498 et
3115 2443 3172 2497 in
3199 2455 3470 2497 carcerem
3497 2446 3581 2493 est

1985 2542 2294 2612 conjectus,
2342 2556 2441 2596 nec
2484 2541 2588 2595 illis
2626 2539 2835 2594 insidiis
2868 2547 2953 2593 est
2995 2535 3250 2600 inflexus;
3294 2543 3576 2604 postquam

1985 2643 2164 2688 autem
2187 2633 2297 2703 jam
2321 2634 2432 2703 jam
2465 2633 2757 2688 moriturus
2777 2640 2920 2697 erat,
2955 2630 3027 2684 ita
3057 2627 3125 2684 de
3166 2627 3387 2682 minutis
3414 2624 3578 2679 rebus

1984 2724 2101 2780 istis
2124 2733 2239 2780 erat
2269 2723 2529 2779 sollicitus
2550 2765 2566 2788 ,
2599 2731 2658 2777 ut
2683 2722 2833 2777 istius
2860 2735 3077 2776 suorum
3116 2718 3322 2774 ossium
3353 2715 3577 2771 transla-

1987 2817 2147 2871 tionis
2177 2825 2376 2871 tantam
2406 2829 2592 2871 curam
2621 2821 2863 2885 gereret,
2905 2827 2968 2867 ac
2999 2819 3147 2866 tanto
3173 2817 3297 2864 ante
3332 2817 3578 2877 tempore

1983 2909 2239 2980 reliquias
2279 2923 2405 2963 suas
2444 2907 2633 2962 advehi
2670 2904 2932 2976 jubebat?
2957 2904 3088 2973 Quis
3123 2902 3226 2957 hoc
3267 2913 3578 2956 asseverare

1984 3000 2198 3055 tandem
2225 3000 2458 3055 audeat?
2487 2998 2628 3069 quod
2663 2998 2808 3053 enim
2841 2998 3046 3051 lucrum
3065 3037 3081 3062 ,
3109 3002 3202 3049 aut
3228 3007 3347 3064 qua:
3373 2991 3576 3046 utilitas

1983 3092 2300 3147 obveniebat
2341 3105 2411 3145 ex
2457 3089 2555 3143 hac
2597 3089 2797 3144 ossium
2849 3085 3244 3142 transvectione
3282 3080 3576 3138 defuncto?

1981 3183 2092 3238 Cur
2116 3197 2242 3253 ergo
2267 3180 2571 3236 mandavit?
2596 3179 2711 3234 Non
2739 3178 2880 3249 quod
2907 3178 2974 3232 de
3009 3176 3222 3231 ossibus
3250 3180 3395 3229 esset
3429 3171 3577 3226 solli-

1983 3273 2140 3338 citus,
2170 3271 2264 3327 sed
2286 3271 2387 3326 hoc
2407 3270 2589 3326 dicere
2611 3283 2916 3340 possumus,
2933 3283 3060 3325 eum
3082 3265 3182 3321 sibi
3205 3265 3273 3319 a-h
3289 3262 3575 3336 .lEgyptio-

1981 3378 2102 3419 rum
2148 3363 2420 3431 impietate
2463 3361 2728 3415 timuisse.
2769 3358 2900 3414 Nam
2947 3358 3198 3428 quoniam
3234 3355 3417 3409 multis
3457 3369 3575 3407 ma-

1981 3456 2207 3526 gnisque
2232 3455 2353 3509 illos
2382 3451 2634 3508 atfecerat
2657 3450 2933 3506 beneficiis
2952 3492 2966 3514 ,
2996 3462 3156 3518 atque
3184 3446 3304 3501 illos
3321 3447 3536 3501 aluerat

1983 3547 2284 3619 adjuverat,
2335 3547 2592 3602 adversus
2639 3545 2834 3601 famem
2875 3544 3125 3599 solatium
3175 3541 3282 3597 illis
3327 3541 3574 3593 attulerat

1983 3642 2296 3707 maximum,
2323 3650 2382 3696 et
2412 3655 2531 3712 quae
2556 3640 2758 3695 nemini
2782 3653 3034 3708 umquam
3064 3638 3430 3696 innotuerant,
3461 3633 3575 3702 ipse

1981 3737 2190 3808 primus
2211 3751 2278 3790 ac
2302 3736 2450 3789 solus
2479 3732 2827 3804 patefecerat,
2850 3741 2904 3786 et
2926 3735 2976 3785 iu
3000 3729 3234 3785 medium
3255 3727 3572 3798 protulerat,

1981 3839 2140 3898 atque
2180 3826 2513 3882 somniorum
2561 3821 3002 3892 interpretatio-ne
3039 3836 3145 3876 non
3177 3820 3347 3874 solum
3380 3819 3572 3873 famem

1980 3918 2336 3990 praedixerat,
2369 3914 2462 3970 sed
2493 3915 2654 3970 etiam
2685 3913 2958 3969 sufficiens
3004 3913 3264 3967 adversus
3303 3911 3444 3964 illam
3484 3925 3574 3964 rc-

1978 4009 2217 4065 medium
2247 4015 2637 4078 prmparaverat
2657 4046 2675 4072 ,
2719 4007 2788 4060 ita
2816 4005 3037 4074 repletis
3075 4002 3289 4074 Egypti
3317 4001 3534 4056 horreis
3553 4042 3572 4067 ,

1980 4111 2040 4156 ut
2069 4116 2232 4156 nemo
2272 4100 2415 4155 illius
2453 4100 2685 4154 adventu
2717 4113 2776 4153 se
2802 4098 2972 4167 premi
3011 4098 3236 4152 sentiret
3269 4111 3378 4150 :ue
3420 4094 3576 4164 igitur

1979 4201 2200 4265 propter
2224 4190 2607 4247 beneﬁciorum
2630 4189 3050 4260 magnitudinem
3076 4187 3211 4243 deus
3231 4195 3353 4267 post
3368 4186 3572 4241 obitum

1981 4292 2314 4350 censeretur,
2333 4299 2469 4341 ,cum
2499 4283 2573 4338 illi
2602 4282 2811 4337 barbari
2835 4281 2990 4336 facile
3014 4296 3085 4336 ex
3111 4280 3420 4335 hominibus
3444 4279 3576 4335 deos

1983 4375 2221 4432 facerent
2246 4393 2258 4427 :
2284 4389 2499 4428 omnem
2529 4384 2590 4428 ut
2618 4375 2955 4428 occasionem
2985 4373 3276 4442 impietatis
3306 4371 3573 4434 auferret,

1982 4460 2199 4514 domum
2229 4459 2503 4514 transferri
2534 4473 2656 4514 ossa
2687 4458 2961 4528 praecepit.
2997 4458 3123 4512 Haec
3171 4458 3326 4528 igitur
3356 4473 3459 4510 una
3493 4467 3578 4509 est

1983 4551 2223 4613 occasio;
2243 4549 2341 4604 sed
2359 4561 2413 4604 et
2429 4549 2652 4604 alteram
2671 4563 2959 4619 possumus
2982 4547 3330 4603 indubitatam
3349 4547 3538 4602 afferre
3562 4567 3575 4602 :

1981 4637 2244 4710 siquidem
2272 4658 2339 4695 ex
2363 4642 2532 4695 sacris
2569 4641 2715 4695 illam
2747 4640 3037 4710 Scripturis
3069 4640 3229 4693 etiam
3257 4638 3578 4694 confirmare

1984 4733 2130 4788 licet.
2152 4733 2285 4802 Quae
2311 4733 2523 4789 tandem
2551 4734 2644 4788 illa
2669 4734 2790 4788 est?
2814 4734 3028 4790 Sciebat
3056 4734 3164 4796 ille.
3197 4733 3343 4803 quod
3360 4733 3580 4788 audive-

1985 4836 2068 4880 rat
2100 4841 2131 4881 a
2167 4835 2321 4892 patre
2341 4867 2354 4889 ,
2383 4841 2507 4879 cum
2551 4827 2620 4881 ab
2648 4840 2749 4879 avo
2773 4827 3148 4880 transmissum
3180 4824 3245 4879 ad
3277 4840 3336 4880 se
3374 4839 3580 4880 sermn-

1987 4934 2107 4974 nem
2154 4919 2243 4973 ille
2285 4919 2598 4980 didicisset.
2646 4919 2904 4983 futurum,
2947 4927 3005 4971 ut
3050 4917 3117 4970 ad
3165 4917 3362 4988 multos
3410 4931 3580 4970 annos

1987 5013 2228 5066 servituti
2257 5011 2672 5080 subjicereutur,
2708 5019 2762 5065 et
2791 5010 3160 5080 affligerentur
3183 5009 3252 5063 ab
3273 5008 3581 5079 Egyptiis,

1987 5101 2103 5156 Erit
2133 5103 2274 5157 enim
2311 5119 2478 5157 semen
2509 5112 2650 5156 tuum
2692 5103 3011 5172 peregrinum
3045 5102 3097 5154 in
3140 5109 3274 5156 terra
3301 5101 3501 5163 aliena,
3537 5111 3582 5153 et

1986 5195 2212 5248 servituti
2239 5193 2501 5264 subjiciam
2526 5194 2677 5257 illud,
2715 5205 2761 5247 et
2789 5194 3006 5264 aﬂtigent
3025 5191 3408 5263 quadringentis
3437 5193 3584 5243 annis

1987 5287 2142 5355 (Ceu.
2172 5287 2260 5342 lii.
2293 5285 2421 5358 15),
2467 5287 2645 5342 aiebat
2693 5286 2833 5340 Deus
2861 5285 2926 5339 ad
2973 5284 3266 5339 Abraham.
3309 5283 3388 5338 Ne
3427 5283 3590 5352 igitur

1989 5390 2094 5435 tam
2122 5380 2263 5450 longi
2287 5395 2381 5448 eos
2407 5380 2662 5449 temporis
2695 5378 2916 5433 taederet
2936 5421 2951 5444 ,
2983 5387 3040 5433 et
3069 5392 3337 5432 mrnmnas
3366 5377 3588 5430 minime

1987 5471 2224 5527 ferentes
2259 5472 2326 5526 de
2371 5473 2545 5526 reditu
2575 5472 2961 5539 desiierarent,
2993 5470 3296 5539 anim-isque
3334 5468 3587 5524 concide-

1988 5577 2132 5634 rent,
2165 5569 2399 5622 maximo
2428 5557 2533 5626 illis
2561 5567 2756 5621 tradito
2784 5566 2896 5635 spei
2923 5567 3148 5636 pignore
3173 5565 3425 5634 praedixit
3449 5564 3582 5626 fore,

1989 5668 2048 5713 ut
2069 5674 2192 5714 ossa
2218 5659 2634 5726 reveherentur,
2671 5668 2730 5714 ut
2760 5659 2832 5713 illi
2864 5674 2984 5713 cum
3017 5659 3209 5712 animis
3237 5659 3348 5712 suis
3375 5666 3586 5725 reputa-

1994 5759 2135 5821 rent,
2157 5751 2259 5808 nisi
2290 5762 2434 5808 certe
2460 5761 2511 5808 et
2533 5753 2649 5815 sine
2677 5752 2782 5806 ulla
2808 5749 3136 5806 dubitatione
3164 5748 3262 5805 sibi
3293 5748 3584 5820 permade-
