4206 6302
707 321 798 378 (⁵91

705 448 786 494 set
805 437 982 506 justus
1007 437 1258 500 futurum,
1279 446 1339 519 ut
1362 451 1549 495 omnes
1570 449 1920 504 revertamur,
1940 456 2267 512 nequaquam

704 528 771 583 de
815 529 925 585 suis
970 529 1181 584 ossibus
1221 531 1590 600 prmcepisset,
1634 541 1793 601 atque
1817 523 1901 587 ita
1939 531 2272 586 demonstra-

701 618 904 675 tionem
933 619 1190 677 haberem
1217 622 1602 686 certissimam,
1633 638 1889 694 spemque
1901 622 2275 678 aflrmissimam

702 725 816 766 suae
851 712 902 766 in
933 713 1154 781 patriam
1185 714 1524 770 reversionis.
1565 715 1741 786 Atque
1784 714 1885 770 hoc
1910 728 2092 769 verum
2122 728 2272 775 esse,

703 810 760 854 et
783 800 978 856 idcirco
1006 803 1073 858 de
1097 804 1209 858 suis
1233 804 1443 860 ossibus
1471 805 1783 874 praedixisse
1807 805 1977 871 illum,
2007 818 2115 858 non
2136 803 2275 874 quod

704 890 772 944 de
796 893 1064 960 sepultura
1087 894 1341 950 sollicitus
1359 905 1522 963 esset,
1551 905 1605 950 at
1625 896 1763 967 quod
1786 896 1994 950 illorum
2023 893 2276 964 impietati

705 982 997 1038 remedium
1025 984 1186 1040 vellet
1211 986 1487 1052 adhibere,
1519 988 1637 1042 audi
1667 987 1859 1058 quibus
1883 985 2060 1042 verbis
2084 984 2280 1040 Paulus

705 1081 930 1128 testetur
952 1091 967 1126 :
992 1073 1128 1129 Fide
1157 1073 1350 1144 Ioseph
1391 1080 1606 1132 moriens
1639 1079 1702 1132 de
1735 1077 2017 1148 egressione
2055 1073 2277 1144 filiarum

704 1159 874 1215 Israel
897 1165 1136 1229 meminit,
1173 1175 1222 1238 et
1261 1166 1324 1220 de
1348 1169 1536 1222 ossibus
1567 1168 1670 1222 suis
1694 1166 1950 1220 mandavit
1982 1163 2164 1238 (Hebr.
2189 1165 2277 1218 Η.

701 1251 820 1323 2‘3).
847 1253 984 1322 Quid
1020 1264 1101 1310 est
1141 1236 1278 1323 hoc,
1325 1258 1495 1314 Fide?
1536 1258 1696 1326 Quasi
1733 1259 1969 1323 diceret,
1995 1236 2133 1327 qum
2159 1263 2281 1326 post

705 1345 903 1400 multos
925 1360 1096 1401 annos
1122 1359 1277 1403 erant
1301 1361 1583 1413 eventura,
1630 1347 1986 1419 prmvidebat,
2028 1361 2093 1402 ac
2128 1345 2275 1406 fore,

704 1443 762 1487 ut
801 1438 996 1504 posteri
1027 1440 1248 1508 patriam
1288 1455 1436 1495 suam
1477 1450 1874 1509 recuperarent.
1906 1437 2153 1508 Utigitur
2178 1436 2281 1490 hoc

704 1527 1058 1596 significaret,
1099 1540 1379 1601 utrumque
1407 1530 1686 1602 praedixit,
1719 1546 1781 1586 ac
1804 1529 1985 1585 videre
2022 1536 2138 1583 erat
2167 1543 2278 1580 rem

704 1616 892 1672 miram
917 1629 971 1674 et
996 1620 1379 1688 incredibilem,
1401 1636 1522 1677 cum
1549 1637 1670 1676 ossa
1695 1621 1747 1675 in
1775 1619 2080 1690 egressione
2111 1627 2278 1672 trans-

705 1705 990 1764 ferrentur.
1033 1709 1164 1764 Nam
1196 1711 1286 1780 qui
1308 1710 1562 1766 effecerat
1589 1710 1805 1780 Joseph,
1835 1718 1895 1764 ιιι
1919 1710 1970 1762 in
1993 1707 2279 1778 Egyptum

704 1796 1113 1865 descenderent,
1136 1801 1250 1871 ipse
1275 1818 1461 1858 rursus
1488 1816 1583 1858 eos
1607 1802 1891 1856 redeuntes
1911 1799 2279 1861 antecedebat,

705 1896 759 1942 et
787 1888 853 1944 ad
880 1891 1186 1960 patientiam
1208 1908 1271 1948 ac
1297 1894 1460 1965 spem'
1477 1893 1776 1949 futurorum
1808 1894 2119 1950 instruebat.
2147 1892 2281 1948 Cum

707 1979 848 2032 enim
868 1981 1116 2051 reliquias
1133 1992 1253 2039 ante
1269 1985 1453 2039 oculos
1471 1983 1669 2054 positas
1684 1993 1987 2046 cernerent,
2004 1984 2284 2051 omnisque

709 2069 851 2126 illius
881 2071 1114 2129 historia:
1153 2074 1256 2130 hoc
1299 2085 1452 2146 pacto
1490 2075 1923 2141 recordarentnr,
1957 2085 2115 2146 atque
2145 2077 2284 2145 apud

708 2178 767 2219 se
791 2166 1090 2235 cogitarent
1118 2167 1290 2237 ipsum
1319 2183 1350 2222 a
1380 2167 1630 2222 fratribus
1657 2167 1873 2223 insidias
1900 2183 2019 2223 esse
2043 2181 2282 2239 passum,

684 2277 686 2279 >
707 2256 759 2308 in
784 2255 955 2310 lacum
977 2257 1221 2326 missum,
1241 2269 1297 2314 et
1314 2259 1503 2331 capitis
1522 2259 1808 2316 discrimen
1829 2259 2045 2325 adiisse,
2069 2274 2286 2315 carcere

707 2345 1016 2401 conclusum
1049 2346 1212 2404 fuisse
1235 2390 1249 2414 ,
1282 2357 1440 2419 atque
1465 2349 1567 2404 alia
1597 2359 1786 2415 cuncta
1812 2390 1827 2414 ,
1859 2364 1984 2420 qua:
2011 2349 2086 2404 illi
2113 2351 2282 2405 conti-

707 2447 934 2508 gerant;
963 2441 1154 2497 deinde
1179 2457 1306 2497 vero
1331 2453 1452 2513 post
1478 2443 1565 2498 illa
1589 2445 1768 2498 omnia
1793 2457 1973 2513 regem
2001 2442 2146 2498 illum
2167 2437 2289 2498 esse

709 2531 939 2600 factum,
971 2548 1036 2588 ac
1058 2523 1353 2604 principem
1378 2535 1538 2590 totius
1553 2534 1792 2607 Egypti,
1815 2544 2081 2606 tantaeque
2101 2535 2287 2590 ditioni

710 2630 1007 2678 curatorem
1032 2639 1095 2679 ac
1119 2623 1425 2694 przefcctum
1471 2624 1635 2681 fuisse
1660 2629 2034 2697 praepositum:
2059 2627 2110 2680 in
2140 2641 2288 2696 spem

709 2713 1059 2768 certissimam
1105 2715 1445 2786 erigebantur
1488 2715 1638 2781 fore,
1696 2727 1753 2770 ut
1794 2732 1824 2771 a
1869 2717 2053 2783 malis,
2101 2718 2291 2788 quibus

713 2817 927 2874 semper
953 2805 1180 2875 opprimi
1208 2805 1473 2870 solebant,
1505 2807 1879 2872 liberarentur,
1905 2823 2026 2864 cum
2059 2809 2126 2864 ab
2157 2810 2292 2864 ossi-

714 2893 813 2948 bus
834 2893 962 2964 justi
988 2897 1309 2951 docercntnr
1345 2898 1611 2953 nemiuem
1655 2913 1904 2969 umquam
1951 2897 2114 2954 fuisse
2133 2899 2290 2954 dere-

716 2985 895 3040 lictum
922 3026 938 3052 ,
965 2988 1052 3056 qui
1092 2988 1142 3041 in
1186 2988 1351 3043 Deum
1378 2989 1724 3056 credidisset,
1756 2998 1810 3045 et
1837 2989 2003 3060 ipsius
2034 2989 2292 3046 auxilium

716 3085 1092 3145 exspectasset.
2021 3082 2064 3142 ’.ῗ

789 3167 1050 3224 Promissa
1069 3167 1166 3223 Dei
1186 3179 1341 3225 certa.
1368 3169 1510 3225 Mors
1532 3173 1797 3226 metuenda
1822 3189 1922 3226 non
1949 3184 2043 3227 est.
2059 3203 2130 3214 —
2150 3173 2298 3228 Licet

720 3262 861 3315 enim
891 3277 975 3317 res
1011 3261 1250 3318 adversa:
1277 3263 1520 3334 qumdam
1552 3273 1608 3319 et
1647 3278 1831 3320 contra
1863 3275 2043 3320 votum
2085 3267 2296 3320 interim

720 3352 1008 3406 acciderint
1033 3395 1047 3416 ,
1075 3353 1200 3408 dum
1230 3354 1345 3423 ejus
1372 3357 1631 3423 promissa
1661 3368 1961 3426 sperantur,
1989 3367 2043 3413 et
2071 3359 2300 3413 interve—

723 3444 935 3507 nerint,
984 3453 1159 3500 tamen
1199 3455 1379 3514 optato
1429 3447 1534 3502 fine
1575 3455 1852 3517 sperantes
1900 3447 2146 3504 fraudare
2193 3464 2298 3503 non

724 3543 991 3602 poterunt,
1021 3535 1112 3589 sed
1143 3535 1352 3591 eveniet
1380 3536 1506 3592 illud
1539 3539 1757 3593 omnino
1781 3554 1847 3594 ex
1875 3541 2134 3594 sententia
2162 3540 2301 3595 divi-

726 3645 789 3682 na
817 3628 958 3696 quod
999 3630 1308 3699 praedictum
1341 3631 1470 3696 fuit,
1515 3643 1568 3687 et
1607 3633 1925 3690 illustriores
1953 3635 2140 3692 reddet
2183 3651 2298 3700 eos,

727 3721 816 3788 qui
855 3721 1115 3787 patienter
1144 3733 1454 3797 exspectant
1482 3724 1690 3787 omnia,
1732 3739 1850 3795 quae
1893 3739 1921 3778 a
1970 3725 2080 3781 Deo
2109 3726 2304 3783 fuerint

726 3811 1032 3866 constituta.
1064 3811 1351 3881 Propterea
1382 3812 1451 3868 de
1477 3812 1688 3868 ossibus
1713 3815 1835 3870 suis’
1851 3815 2138 3872 mandavit.

798 3905 851 3958 ϐ.
894 3902 970 3958 Ne
1009 3904 1168 3974 igitur
1206 3905 1342 3959 adeo
1385 3905 1453 3960 de
1498 3915 1677 3960 nostra
1723 3907 1774 3960 in
1821 3909 1988 3976 patria
2035 3910 2304 3979 sepultura

728 3997 896 4050 simus
920 3996 1150 4062 solliciti,
1183 4011 1352 4067 neque
1379 4006 1604 4052 mortem
1631 4007 1963 4067 metuamus,
1992 4001 2086 4056 sed
2116 4017 2306 4072 pecca-

732 4098 861 4140 tum.
897 4085 1082 4157 Neque’
1105 4089 1246 4142 enim
1274 4103 1420 4143 mors
1451 4098 1725 4158 peccatum
1751 4091 1977 4159 peperit,
2005 4091 2098 4145 sed
2125 4106 2311 4160 pecca-

731 4189 840 4233 tum
870 4189 1094 4234 mortem
1128 4180 1280 4234 nobis
1310 4181 1648 4250 procreavit;
1681 4195 1825 4236 mors
1854 4190 2030 4236 autem
2059 4180 2112 4236 in
2139 4197 2308 4237 reme-

731 4271 875 4334 dium
904 4261 1102 4340 peceati
1133 4285 1394 4346 conversa
1439 4279 1540 4327 est.
1589 4271 1812 4328 Mortem
1851 4273 1992 4328 enim
2042 4288 2148 4327 non
2192 4288 2314 4328 esse

733 4361 1069 4418 metuendam
1093 4404 1106 4429 ,
1143 4363 1234 4419 sed
1268 4373 1575 4433 peccatum,
1607 4363 1727 4418 audi
1771 4364 1962 4434 quibus
1992 4364 2170 4419 verbis
2212 4365 2312 4419 do-

731 4465 850 4510 ceat
892 4456 1146 4526 prepbeta
1192 4473 1215 4509 :-
1251 4455 1483 4512 Pretiosa
1519 4458 1574 4511 in
1618 4467 1884 4526 conspectu
1929 4456 2137 4510 Domini
2180 4474 2317 4512 mors

735 4561 1019 4603 sanctorum
1048 4551 1156 4619 ejus
1183 4548 1351 4622 (Psal.
1377 4551 1499 4605 HS.
1531 4551 1625 4619 15)
1651 4568 1665 4614 ;
1704 4560 1758 4606 et
1785 4551 1932 4616 alibi,
1967 4550 2109 4604 Mors
2136 4567 2317 4620 pecca-

735 4653 899 4694 torum
943 4644 1159 4709 pessima
1203 4640 1388 4712 (Psal.
1417 4642 1503 4696 33.
1526 4641 1597 4695 2?.
1690 4642 1852 4698 Vides
1880 4659 1973 4699 eos
2013 4645 2100 4713 qui
2133 4643 2197 4698 ad
2231 4659 2317 4700 res

734 4750 857 4789 suas
882 4735 1065 4789 attenti
1101 4745 1258 4799 sunt,
1288 4735 1578 4790 maximam
1621 4737 1779 4790 etiam
1811 4752 1874 4791 ex
1905 4752 1964 4792 ea
1994 4753 2151 4807 posse
2175 4739 2323 4794 utili-

716 4812 900 4883 ltatem
940 4828 1257 4898 percipere;
1303 4829 1392 4898 qui
1417 4843 1546 4883 vero
1583 4828 1795 4885 desides
1841 4839 1965 4884 sunt
2001 4838 2056 4884 et
2095 4831 2317 4897 inertes,

737 4919 819 4974 eis
861 4934 973 4974 rem
1013 4920 1155 4974 illam
1190 4921 1240 4974 in
1275 4931 1477 4990 partem
1508 4921 1750 4991 supplicii
1796 4923 2094 4979 obvenire?
2137 4923 2321 4994 Neque

737 5024 867 5065 vero
905 5012 1021 5067 sine
1062 5026 1222 5067 causa
1258 5013 1398 5067 hunc
1440 5013 1659 5068 instituo
1695 5027 2028 5082 sermonem,
2060 5015 2152 5070 sed
2185 5031 2321 5084 quo-

737 5106 882 5161 m’am
922 5106 1118 5160 multos
1147 5105 1308 5160 audio
1334 5121 1703 5175 smpenumcro
1732 5107 1798 5161 de
1824 5109 2009 5162 mortis
2037 5109 2324 5178 generibus

739 5198 905 5253 verba
932 5196 1221 5264 facientes,
1265 5207 1319 5251 et
1361 5198 1602 5268 quaedam
1629 5240 1644 5264 ,
1688 5214 1808 5269 qua:
1839 5199 2184 5268 ignominiosa
2217 5180 2322 5254 non

740 5297 888 5352 sunt,
915 5289 1012 5342 sibi
1045 5287 1241 5358 probro
1268 5289 1484 5356 ducere,
1513 5289 1756 5360 quaedam
1781 5290 2003 5346 crimine
2028 5291 2188 5362 digna
2221 5306 2324 5345 non

742 5381 1050 5448 vituperare
1101 5397 1114 5433 :
1168 5388 1447 5450 propterea
1499 5377 1919 5436 controversiam
1977 5381 2112 5438 hanc
2165 5384 2326 5437 statui

744 5473 1005 5529 hodierno
1049 5473 1134 5529 die
1178 5476 1499 5545 disceptare.
1544 5474 1639 5530 Est
1685 5476 1828 5530 enim
1871 5485 2198 5545 opportunus
2244 5476 2329 5531 hic

749 5567 1154 5638 philosophandi
1175 5569 1383 5632 modus,
1409 5579 1463 5624 et
1491 5569 1714 5623 mirifice
1743 5583 1864 5622 cum
1891 5580 2178 5638 martyrum
2194 5577 2327 5623 con-

749 5661 894 5736 venit
918 5663 1274 5717 solemnitate.
1326 5661 1521 5754 Multos
1549 5662 1689 5718 enim
1720 5660 1960 5716 dicentes
1985 5660 2195 5725 audivi,
2239 5661 2330 5716 Ille

752 5771 979 5826 peregre
1004 5765 1243 5810 mortuus
1268 5764 1350 5810 est
1382 5755 1782 5825 ignominiosius
1807 5768 1967 5825 quam
1993 5754 2161 5822 canis,
2186 5756 2331 5809 nullo

1468 326 1526 384 S.
1565 326 1839 385 JO.\N.\‘IS
1876 326 2342 387 CHRYSOSTOMI
2383 326 2693 404 ARCIllEP.
2735 325 3258 384 CONSTANTINOP.

3865 323 3977 379 69‘!

2379 455 2443 494 ex
2475 438 2785 508 propinquis
2827 449 3107 508 pra'sente,
3159 451 3333 508 neque
3371 433 3617 504 sepulcro
3656 433 3974 495 uendente;

2379 531 2473 585 sed
2504 531 2587 584 vix
2620 531 2802 599 paucis
2825 531 3015 586 vicinis
3039 544 3100 584 se
3123 539 3308 583 mutuo
3337 527 3682 583 invitantibus
3705 540 3776 582 ex
3803 539 3973 594 pecu—

2381 621 2465 673 nia
2497 621 2725 692 quadam
2754 631 3029 690 corrogata
3059 620 3344 676 obvolutus
3364 619 3650 689 sepulturae
3679 614 3975 672 mandatus

2379 719 2480 765 est.
2524 711 2602 767 Ne
2631 712 2790 782 igitur
2818 713 2932 768 inec
2961 712 3116 767 nobis
3141 711 3414 782 negotium
3458 711 3744 775 facessant,
3788 720 3977 776 Operm

2381 804 2611 872 pretium
2640 804 2798 859 fuerit
2823 806 3131 874 opinionem
3158 803 3316 858 istam
3357 802 3646 870 corrigere.
3677 800 3796 855 Non
3823 797 3976 854 enim

2382 893 2484 949 hoc
2508 903 2591 950 est
2615 910 2749 952 cane
2790 896 3037 951 miserius
3061 895 3194 950 mori
3211 937 3225 960 ,
3255 895 3328 950 mi
3353 894 3515 948 homo
3536 935 3552 960 ,
3579 892 3678 949 sed
3707 906 3846 947 caue
3875 889 3978 944 mi-

2382 987 2554 1041 serius
2595 987 2729 1041 mori
2771 995 2858 1042 est
2885 988 2936 1041 in
2967 995 3186 1054 peccato
3217 985 3354 1041 mori
3377 1027 3392 1052 ,
3423 999 3530 1040 non
3553 997 3781 1053 peregre
3807 981 3978 1035 vitam

2384 1076 2555 1132 finire.
2585 1076 2704 1132 Noli
2745 1079 2885 1133 enim
2917 1078 3044 1132 mihi
3082 1090 3506 1131 commemorare
3531 1073 3806 1128 hominem
3827 1111 3844 1137 ,
3884 1070 3976 1140 qui

2384 1168 2437 1221 in
2465 1167 2718 1223 deaurato
2745 1167 2887 1224 lecto
2909 1176 3170 1239 gestetur,
3199 1167 3290 1236 qui
3321 1172 3679 1237 prosequente
3706 1170 3820 1217 tota
3841 1158 3982 1216 civi-

2385 1266 2512 1321 tate,
2545 1257 2636 1328 qui
2663 1259 2875 1328 pupulis
2900 1257 3349 1322 collaudantibus,
3379 1255 3463 1311 eui
3493 1255 3686 1310 serica:
3713 1259 3897 1308 vestes
3923 1259 3983 1303 et

2383 1365 2516 1405 auro
2558 1351 2860 1406 intertexta:
2901 1349 3194 1406 liberaliter
3235 1347 3519 1403 admodum
3565 1347 3976 1401 insteruantur:

2387 1440 2488 1496 hoc
2515 1429 2656 1496 enim
2697 1442 2840 1496 aliud
2870 1441 3002 1496 nihil
3046 1449 3159 1502 est,
3191 1454 3349 1510 quam
3393 1437 3674 1493 lautiorem
3704 1435 3981 1490 vermibus

2387 1549 2626 1589 mensam
2669 1549 2957 1604 apponere.
3002 1532 3081 1589 Ne
3133 1531 3292 1603 igitur
3334 1529 3474 1586 hunc
3520 1527 3649 1583 mihi
3695 1526 3978 1587 ostendas.

2387 1629 2480 1685 sed
2508 1629 2649 1685 hunc
2680 1631 2852 1701 ipsum
2881 1628 2972 1700 qui
3002 1636 3150 1683 tanto
3170 1641 3294 1682 cum
3321 1625 3526 1680 honore
3551 1622 3861 1702 deducitur,
3889 1621 3980 1674 illo

2386 1721 2472 1776 die
2511 1723 2639 1776 mihi
2685 1718 2845 1777 velim
2891 1721 3165 1787 ostendas,
3213 1733 3320 1789 quo
3364 1717 3418 1772 in
3461 1715 3678 1772 excelso
3724 1713 3978 1768 tribunali

2386 1813 2628 1866 Christus
2659 1812 2883 1878 sedebit,
2908 1827 3030 1868 cum
3062 1811 3151 1866 ille
3177 1807 3380 1880 judicio
3408 1807 3649 1873 sistetur,
3676 1804 3978 1866 vocabitur,

2389 1907 2646 1959 rationem
2675 1904 2862 1959 reddet
2885 1919 3070 1958 eorum
3093 1916 3213 1971 qua:
3238 1897 3453 1965 dixerit,
3476 1913 3595 1968 quze
3621 1895 3834 1960 fecerit,
3863 1909 3981 1964 quae

2391 1995 2720 2066 cogitaverit.
2753 1993 2904 2049 Tunc
2932 1993 3074 2046 enim
3107 1992 3181 2045 illi
3214 1989 3390 2044 nullus
3415 2003 3479 2042 ex
3511 1988 3610 2040 hac
3634 1983 3986 2040 multitudine

2393 2085 2844 2155 patrocinabitur,
2879 2098 3054 2152 neque
3100 2079 3360 2150 supplicio
3393 2079 3538 2132 illum
3580 2091 3642 2131 ac
3673 2077 3852 2146 ptenis
3890 2087 3983 2128 ex-

2391 2178 2544 2244 imet,
2573 2191 2745 2246 neque
2769 2174 3161 2229 auxiliabuntur
3177 2171 3225 2225 ei
3247 2171 3510 2224 clamores
3535 2181 3597 2221 ac
3627 2165 3815 2219 laudes
3843 2165 3983 2226 istm,

2391 2268 2484 2323 sed
2526 2269 2671 2322 vultu
2720 2267 2771 2320 in
2823 2275 3022 2321 terram
3073 2261 3341 2325 demisso,
3393 2257 3630 2328 trepidus
3675 2265 3731 2310 et
3777 2253 3984 2324 pudore

2392 2357 2626 2412 suffusus
2654 2364 2871 2426 propter
2897 2353 3101 2424 objecta
3130 2350 3231 2406 sibi
3261 2349 3482 2406 crimina
3510 2346 3808 2401 abducetur
3827 2384 3843 2410 ,
3872 2351 3928 2397 et
3953 2357 3982 2395 a

2395 2430 3032 2519 malignisspiritibusad
3073 2453 3273 2499 aeterna
3314 2447 3577 2496 tormenta
3603 2451 3726 2491 cum
3773 2433 3983 2506 gravis-

2395 2542 2532 2595 simo
2558 2539 2796 2595 dentium
2825 2536 3074 2602 Stridore,
3095 2534 3288 2589 frustra
3332 2531 3651 2594 lamentaus,
3684 2535 3739 2582 et
3763 2532 3984 2597 propter

2398 2629 2758 2687 intolerabiles
2781 2629 2995 2684 dolores
3021 2626 3278 2696 plangens
3309 2622 3570 2676 trahetur.

2470 2723 2642 2776 .a'tiam
2672 2722 2726 2774 in
2757 2721 2852 2773 hac
2881 2720 2980 2773 vita
3007 2725 3237 2788 peccator
3266 2713 3493 2785 punitur.
3514 2740 3586 2751 —
3607 2712 3685 2765 Ac
3709 2708 3841 2764 talia
3861 2706 3987 2778 qui-

2397 2812 2519 2867 dem
2545 2820 2739 2875 erunt,
2770 2824 2890 2880 quae
2936 2807 3037 2862 illis
3081 2806 3135 2859 in
3172 2805 3338 2860 altera
3381 2803 3482 2856 vita
3515 2800 3848 2870 contingent,
3889 2797 3987 2850 sed

2400 2919 2572 2974 neque
2599 2902 2870 2957 toleranda
2891 2906 3032 2965 sunt,
3057 2913 3174 2968 qua:
3200 2896 3252 2950 in
3282 2894 3382 2949 hac
3408 2904 3686 2964 geruntur.
3713 2887 3990 2959 Siquidem

2400 3004 2520 3066 post
2549 2993 2734 3049 laudes
2761 2991 2881 3046 illas
2909 2987 3170 3061 publicas,
3194 2993 3287 3040 aut
3312 2985 3482 3055 pretio
3511 2988 3866 3051 comparatas,
3898 2987 3992 3031 aut

2402 3103 2432 3140 a
2458 3086 2650 3141 timore
2675 3083 2856 3153 aliquo
2882 3078 3178 3152 profectas,
3209 3089 3397 3130 omnes
3434 3071 3613 3127 audiet
3650 3077 3988 3131 accusantes,

2402 3187 2459 3232 et
2482 3177 2534 3229 in
2566 3175 2735 3230 triviis
2757 3214 2773 3238 ,
2802 3174 2853 3226 in
2886 3171 3002 3237 foro
3025 3209 3041 3235 ,
3080 3168 3132 3222 in
3158 3165 3362 3221 mdibus
3385 3204 3401 3230 ,
3428 3164 3481 3217 in
3518 3161 3728 3231 popinis
3747 3201 3762 3224 ,
3792 3161 3847 3214 in
3873 3158 3994 3212 aliis

2405 3267 2652 3329 officinis,
2683 3267 2736 3320 in
2765 3263 2872 3328 via,
2903 3263 2955 3316 in
2993 3259 3155 3330 agris,
3185 3265 3242 3313 et
3269 3256 3463 3325 ubique
3491 3251 3729 3322 singulos
3759 3251 3996 3304 viatores

2408 3359 2662 3432 proximis
2691 3372 2812 3412 cum
2852 3356 3046 3410 timore
3085 3358 3362 3407 narrantes
3402 3361 3466 3401 ac
3511 3345 3786 3410 dicentes,
3816 3341 3994 3414 qualia

2410 3431 2664 3525 passurus
2689 3450 2760 3506 sit
2787 3450 2945 3513 mala,
2974 3443 3166 3517 quibus
3190 3439 3462 3512 suppliciis
3485 3434 3849 3525 mulctabitur,
3873 3431 3996 3502 qui-

2410 3524 2509 3603 bus
2550 3560 2689 3599 nnne
2729 3542 2830 3599 erit
2861 3536 3223 3610 subjiciendus
3259 3529 3560 3588 tormentis.
3599 3524 3738 3594 Quid
3769 3525 3845 3578 illi
3875 3537 4000 3593 pro-

2409 3637 2510 3694 fuit
2548 3624 2665 3691 haac
2694 3635 2849 3688 vita?
2895 3645 3054 3700 quem
3098 3627 3328 3682 fructum
3368 3637 3433 3677 ex
3477 3619 3697 3685 avaritia
3742 3614 4000 3684 collegit!

2412 3729 2545 3783 Aliis
2573 3724 2825 3797 pecunias
2868 3736 2992 3776 suas
3035 3717 3342 3786 relinquens
3368 3710 3532 3782 abiit,
3575 3716 3631 3761 at
3673 3709 3788 3797 ipse
3815 3717 4000 3759 secum

2411 3795 2695 3886 assumptis
2722 3812 2955 3886 peccatis
2979 3808 3223 3879 sepultus
3251 3811 3356 3868 est,
3375 3816 3439 3857 ac
3462 3797 3613 3865 multi
3642 3795 3884 3865 undique
3909 3808 4001 3846 ac-

2412 3925 2685 3971 cusatores
2713 3906 3110 3976 compatiuntur
3148 3898 3253 3954 illis
3293 3909 3428 3966 quos
3457 3893 3546 3948 ille
3575 3889 3751 3945 atl'ecit
3785 3886 4001 3957 injuria,

2416 4010 2540 4063 licet
2567 4006 2634 4060 ab
2672 4017 2738 4057 eo
2778 4000 2889 4056 laesi
2934 4011 3040 4051 non
3088 3991 3304 4048 fuerint.
3349 3986 3483 4042 Nam
3528 3977 4005 4054 quemadmodum.

2416 4115 2538 4154 cum
2588 4094 2748 4165 aliqui
2795 4087 3069 4146 beneficiis
3110 4081 3436 4142 afﬁciuntur,
3487 4076 3646 4131 etiam
3692 4071 3771 4165 illi
3813 4069 4007 4140 quibus

2417 4189 2548 4244 nihil
2597 4163 2902 4247 confertur,
2946 4175 3278 4250 gratulantur
3326 4170 3467 4233 illis,
3510 4177 3564 4223 et
3610 4163 4007 4242 bencftctorem

2418 4277 2719 4337 collaudant
2755 4275 2875 4331 :«ita
2914 4249 3035 4326 cum
3068 4266 3296 4323 infertur
3324 4259 3640 4333 quibusdam
3673 4255 3865 4326 injuﬁa
3887 4293 3902 4319 ,
3935 4251 4010 4306 illi
4027 4249 4042 4270 “

2419 4374 2615 4436 etiam,
2657 4367 2748 4437 qui
2797 4363 2928 4418 nihil
2970 4361 3083 4416 laesi
3128 4365 3288 4422 sunt,
3336 4351 3734 4420 compatiuntur
3774 4343 4011 4409 afﬂictis,

2421 4475 2647 4531 eumque
2669 4459 2990 4527 vituperant,
3014 4452 3102 4522 qui
3125 4448 3370 4519 injuriam
3401 4443 3595 4499 intulit.
3621 4439 3823 4531 Idcirco
3843 4437 4008 4492 dixit:

2425 4529 2574 4607 Mors
2605 4558 2926 4618 peccatorum
2971 4543 3226 4612 pessima,
3275 4551 3396 4592 cum
3447 4542 3662 4604 propter
3705 4529 3866 4599 hujus
3893 4529 4015 4581 vita

2422 4619 2870 4703 obtrectationes,
2905 4645 3026 4689 tum
3068 4640 3287 4703 propter
3323 4626 3541 4682 alterius
3583 4629 3868 4676 tormenta.
3919 4618 4017 4674 llic

2424 4737 2580 4807 igitur
2621 4734 2713 4790 ille
2755 4740 2870 4796 est,
2901 4727 2989 4798 qui
3025 4739 3156 4780 cane
3186 4720 3429 4776 miserius
3459 4715 3688 4771 moritur
3717 4731 3730 4765 :
3759 4722 3818 4807 at
3857 4710 4017 4807 justis

2427 4801 2495 4883 ita
2518 4843 2623 4882 non
2655 4822 2870 4885 evenit;
2899 4818 2992 4874 sed
3018 4817 3144 4870 licet
3182 4815 3234 4868 in
3262 4811 3495 4873 deserto,
3525 4807 3649 4860 licet
3678 4803 3895 4859 nemine
3925 4801 4008 4856 ob

2426 4919 2708 4981 volvente,
2751 4914 2876 4969 licet
2921 4909 3135 4964 nemine
3179 4910 3444 4975 prtesente
3470 4899 3631 4953 vitam
3664 4894 3829 4958 finiat,
3865 4892 4023 4950 sufli-

2427 5014 2628 5069 cientes
2665 5003 2945 5075 exsequias
2981 5016 3046 5056 ex
3074 4999 3172 5053 hac
3196 4997 3301 5050 vita
3338 4991 3621 5048 discedens
3650 4987 3852 5050 habet,
3888 4985 4022 5040 fidu-

2429 5108 2563 5162 ciam
2587 5100 2725 5174 apud
2745 5100 2908 5154 Deum
2930 5109 2945 5161 ;
2972 5102 3026 5148 et
3044 5088 3329 5145 admodum
3350 5081 3647 5174 honorifice
3666 5078 4022 5151 praesentibus

2430 5173 2650 5268 angelis,
2677 5195 2898 5264 ejusque
2918 5187 3149 5242 animam
3171 5176 3554 5238 deducentibus
3574 5173 3816 5268 eﬂ‘ertur,
3835 5184 4024 5268 quem.

2432 5263 2715 5348 admodum
2755 5301 2820 5339 ex
2850 5284 3054 5338 Lazaro
3081 5285 3205 5332 ante
3232 5267 3630 5332 demonstravi,
3675 5274 3836 5335 atque
3864 5263 4024 5317 innu-

2433 5397 2610 5440 meros
2633 5381 2750 5434 vita:
2771 5393 2880 5432 sua:
2902 5372 3204 5428 laudatores
3227 5367 3534 5435 relinquens
3559 5377 3574 5415 :
3597 5357 3737 5429 quod
3761 5356 3805 5412 si
3829 5355 4028 5410 liberos

2435 5539 2574 5632 rent,
2606 5573 2661 5620 et
2689 5575 2873 5617 eorum
2899 5570 3083 5613 curam
3114 5559 3330 5625 gerent,
3358 5555 3417 5602 ut
3441 5554 3678 5616 paternte
3704 5539 4030 5596 benevolen-

2437 5658 2522 5715 tia:
2564 5631 2794 5726 gratiam
2843 5650 2946 5706 illis
2997 5643 3316 5717 rependant.
3366 5637 3467 5707 ’ξιιί
3516 5631 3931 5726 veropeccatis
3978 5637 4031 5726 et

2437 5723 2638 5824 rapinis
2663 5746 2947 5804 obstrictus
2971 5739 3252 5798 defunctus
3294 5741 3412 5800 est,
3452 5729 3569 5786 sive
3607 5725 3808 5785 relictis
3849 5723 4032 5780 liberis
