4206 6302
240 373 346 434 l9!

239 489 530 562 ἀκριϐείας
564 491 757 548 ἐαυτὸν
784 493 814 546 ὀ
843 493 1052 558 δίκαιος
1091 493 1372 560 πεπεικὼς
1394 491 1484 570 ἦν,
1514 498 1597 552 δτι
1625 499 1834 566 Πάντες

240 578 610 651 ἐπανήξομεν,
664 581 768 634 οὐκ
809 580 877 636 ἀν
928 581 1059 653 περὶ
1107 581 1219 637 τῶν
1269 582 1447 640 ὀστῶν
1487 586 1827 654 ἐνετείλατο,

238 665 730 738 ἀναμφισϐήτητον
753 667 948 740 ἔχωσιν
976 669 1252 735 ἀπόδειξιν
1275 671 1370 725 καὶ
1392 671 1584 726 ἐλπίδα
1611 673 1836 744 βεϐαίαν

240 746 342 818 τῆς
367 754 449 816 είς
470 752 571 824 τὴν
586 753 921 824 ἐνεγκοῦσαν
947 756 1232 813 ἐπανόδου.
1259 758 1371 813 Καὶ
1391 759 1475 814 δτι
1495 759 1656 816 τοῦτό
1681 763 1834 818 ἐστιν

238 837 462 909 ἀληθὲς,
489 840 584 894 καὶ
609 841 702 895 διά
718 841 880 898 τούτο
897 847 1130 915 προεῖπε
1151 845 1281 917 περὶ
1307 845 1418 902 τῶν
1437 847 1612 902 ὀστῶν
1637 847 1830 917 αὐτοῦ,

238 925 342 996 οὐχ
374 925 518 998 ὑπὲρ
544 929 726 1000 ταφῆς
757 930 1082 1001 φροντίζων,
1128 932 1268 988 ἀλλά
1304 934 1406 1006 τὴν
1436 935 1701 991 ἀπιστίαν
1729 937 1830 991 αὐ-

237 1014 352 1067 τῶν
362 1014 586 1087 διορθού
592 1033 772 1087 μενος,
795 1018 1030 1074 ἀκουσον
1049 1019 1104 1073 τί
1119 1037 1286 1092 φησιν
1307 1021 1340 1074 ὀί
1357 1021 1571 1086 Παῦλος
1590 1040 1605 1053 ·
1623 1023 1834 1079 Πίστει

252 1099 480 1172 Ἰωσὴφ
496 1102 937 1174 τελευτῶνπερὶ
949 1104 1058 1175 τῆς
1070 1106 1286 1172 ἐξόδου
1296 1107 1573 1163 ﬂ?va
1586 1110 1834 1181 Ἰσραὴλ

237 1184 676 1257 tim-1196mm,
707 1190 806 1246 καὶ
836 1192 972 1261 περὶ
995 1192 1115 1247 τῶν
1140 1193 1370 1248 ὀστέων
1389 1196 1583 1251 αὐτοῦ
1608 1196 1828 1253 ἐνετει-

236 1274 414 1328 λατο.
453 1274 519 1328 Τί
549 1277 702 1341 ἐστι,
738 1278 978 1346 Πίστει;
1013 1280 1161 1334 ’Δντὶ
1187 1280 1284 1335 τοῦ
1326 1282 1587 1354 προεώρα
1614 1283 1686 1338 τά
1718 1302 1830 1355 μα-

238 1360 398 1432 κροῖς
429 1359 656 1433 ὕστερον
692 1363 1083 1437 συμϐησόμενα
1111 1366 1351 1438 χρόνοις,
1374 1369 1470 1422 καὶ
1493 1370 1576 1423 δτι
1609 1370 1832 1436 πάντως

237 1445 292 1497 οί
337 1445 552 1514 ἐγγονοι
596 1449 970 1522 ἀπολήψονται
1002 1453 1104 1524 τῆν
1133 1454 1362 1510 οῖκείαν.
1393 1454 1494 1509 Ἵν’
1540 1450 1636 1511 οὖν
1664 1454 1829 1512 τοῦτο

238 1524 567 1602 ἐνδείξηται,
609 1534 897 1607 ἀμφότερα
929 1538 1104 1594 ταῦτα
1143 1543 1375 1612 προεῖπε
1399 1579 1416 1607 ,
1452 1543 1550 1597 καὶ
1589 1539 1661 1614 ἦν
1703 1543 1832 1597 ἰδεῖν

175 1628 178 1630 ⁷
239 1616 556 1689 θαυμαστὸν
606 1622 704 1675 καὶ
751 1624 1057 1695 παράδοξον
1099 1627 1192 1680 ἐπὶ
1236 1627 1337 1698 τῆς
1379 1628 1560 1696 ἐξόδου
1594 1632 1832 1702 πρᾶγμα

236 1702 352 1757 τῶν
371 1704 552 1760 ὀστῶν
578 1707 1013 1781 ἐπιφερομένων.
1054 1713 1114 1767 '0
1140 1714 1247 1786 γὰρ
1279 1714 1613 1784 καταγαγὼν
1627 1717 1829 1782 αὐτοὺς

238 1791 324 1863 είς
370 1790 652 1861 Αἴγυπτον
714 1796 934 1869 Ἰωσὴφ,
991 1800 1157 1864 αὐτὸς
1207 1801 1389 1857 αὐτῶν
1427 1803 1525 1858 καὶ
1565 1803 1832 1858 ἀνιόντων

238 1880 540 1950 προηγεῖτο
573 1881 756 1948 πάλιν,
785 1885 866 1949 είς
887 1885 1167 1957 ὑπομονὴν
1193 1887 1434 1958 ἀλείφων
1459 1890 1556 1944 καὶ
1584 1889 1684 1962 τὴν
1720 1891 1832 1944 τῶν

241 1964 550 2035 μελλόντων
583 1967 795 2024 ἐλπίδα.
848 1970 1117 2043 Ὀρῶντες
1140 1973 1250 2045 γὰρ
1277 1975 1476 2034 ἐκεῖνοι
1508 1975 1579 2030 τὰ
1605 1974 1831 2047 λείψανα

236 2050 352 2121 πρὸ
377 2051 486 2105 τῶν
511 2052 829 2126 ὀφθαλμῶν,
857 2052 980 2112 εἷτα
1004 2058 1256 2115 ἐντεῦθεν
1280 2061 1830 2134 ἀναμιμνησκόμενοι

235 2136 344 2209 τῆς
392 2139 634 2214 ἱστορίας
677 2142 900 2215 ἀπάσης
942 2147 1184 2218 ἐκείνης,
1234 2148 1332 2201 καὶ
1375 2149 1829 2222 ἀναλογιζόμενοι

240 2224 384 2310 πρὸς
421 2226 670 2294 ἑαυτοὺς,
698 2230 781 2285 δτι
830 2230 983 2306 παρά
1006 2232 1116 2291 τῶν
1149 2234 1394 2304 ἀδελφῶν
1421 2237 1792 2310 ἐπεϐουλεύθη
1810 2278 1826 2304 ,

234 2309 322 2363 δτι
347 2312 430 2375 είς
461 2311 662 2368 λάκκον
682 2315 906 2388 ἐρρίφη,
937 2318 1022 2371 δτι
1047 2319 1178 2392 περὶ
1201 2320 1312 2376 τῶν
1342 2323 1589 2393 ἐσχάτων
1613 2309 1826 2378 ἐκινδύ-

234 2410 456 2482 νευσεν,
472 2398 554 2453 ὅτι
574 2399 952 2474 δεσμωτήριον
970 2404 1181 2477 ᾤκησε,
1197 2408 1293 2461 καὶ
1313 2409 1384 2463 τὰ
1407 2409 1541 2465 ἄλλα
1557 2411 1623 2482 δὴ
1649 2411 1828 2467 πάντα

236 2480 311 2537 ιιά
349 2484 738 2558 συμϐεϐηκότα
769 2489 922 2561 αὐτῷ
941 2508 954 2522 ·
979 2486 1098 2546 εἶτα
1118 2532 1134 2558 ,
1177 2494 1261 2547 ὅτι
1286 2495 1403 2564 μετ’
1433 2480 1621 2552 ἐκεῖνα
1649 2499 1828 2553 πάντα

236 2568 498 2640 βασιλεὺς
523 2572 746 2641 ἐγένετο
770 2574 867 2630 καὶ
897 2578 1000 2647 τῆς
1038 2578 1321 2647 Αἰγύπτου
1344 2582 1581 2652 πρῶτος,
1611 2585 1706 2638 καϊ
1733 2603 1824 2638 το-

237 2655 452 2712 σούτων
479 2658 734 2730 κηδεμὼν
764 2662 860 2716 καὶ
894 2665 1230 2737 προστάτης,
1265 2669 1457 2733 ίκανάς
1495 2663 1642 2741 εἶχον
1678 2671 1834 2726 ἐλπί-

233 2741 334 2828 ᾶις
365 2741 508 2814 ὑπὲρ
537 2744 641 2813 τῆς
679 2747 1000 2821 ἀπαλλαγῆς
1030 2751 1137 2806 τῶν
1161 2753 1251 2806 ἀεὶ
1293 2757 1828 2828 καταλαμϐανόντων

235 2827 439 2901 αὐτούς
475 2828 685 2897 δεινῶν,
720 2834 1104 2906 παιδευόμενοι
1134 2837 1223 2892 διά
1263 2840 1372 2893 τῶν
1403 2827 1580 2897 ὀστῶν
1621 2842 1718 2897 τοῦ
1747 2844 1830 2898 δι-

234 2917 400 2970 καίου
419 2958 434 2981 ,
469 2918 554 2972 δτι
585 2920 763 2985 οὐδεὶς
812 2922 924 2977 τῶν
958 2925 1054 2980 ἐπὶ
1085 2927 1178 2980 τὸν
1221 2927 1356 2982 Θεδν
1388 2931 1823 3000 πιστευσάντων,

234 3002 334 3056 καὶ
373 3003 472 3075 την
504 3009 636 3078 παρ’
671 3009 884 3063 ἐκείνου
930 3013 1250 3086 συμμαχίαν
1295 3014 1706 3087 ἀναμεινάνιαιιν
1742 3019 1829 3086 ἐγ-

235 3094 575 3168 κατελείφθη
605 3099 758 3154 ποτέ.

307 3183 439 3272 Κᾶν
457 3184 564 3259 γὰρ
588 3187 812 3261 λυπηρά
837 3207 958 3246 τινα
990 3195 1087 3246 καὶ
1120 3195 1396 3269 ἀϐούλητα
1422 3193 1695 3272 μεσολαϐῇ
1727 3201 1828 3266 τάς

236 3271 580 3342 ὕποσχέσεις,
612 3275 707 3339 καὶ
742 3278 946 3347 μεταξὺ
972 3282 1350 3356 ’παρεμπίπτῃ
1369 3325 1383 3348 ,
1413 3285 1510 3338 τοῦ
1549 3303 1611 3340 τε
1640 3271 1830 3352 τέλους

232 3357 492 3412 οὐδέποτε
514 3359 812 3433 ἐκκροῦσαι
838 3365 1129 3434 δυνήσεται
1153 3370 1280 3433 τοὺς
1305 3371 1626 3438 ἐλπίζοντας
1651 3415 1668 3440 ,
1708 3374 1827 3429 ἀλλ’

233 3443 533 3516 ἐκϐήσεται
567 3449 790 3512 πάντως
838 3452 1019 3505 ἐκεῖνο
1064 3452 1128 3508 τδ
1174 3456 1488 3529 προρρηθὲν
1536 3459 1677 3513 κατά
1724 3462 1825 3532 τὴν

233 3531 446 3586 ἀνωθεν
467 3533 667 3605 ψῆφον,
701 3535 1120 3612 λαμπροτέρους
1156 3543 1347 3597 ποιοῦν
1384 3546 1513 3609 τοὺς
1544 3545 1663 3617 μεθ’
1691 3531 1826 3600 ὑπο-

237 3618 411 3688 μονῆς
458 3621 832 3692 ἀναμένοντας
863 3624 940 3678 τὰ
971 3626 1121 3697 παρά
1148 3626 1242 3681 τοῦ
1282 3628 1419 3682 Θεοῦ
1458 3630 1819 3687 θεσπισθέντα

234 3703 475 3761 ἃπαντα.
507 3709 606 3762 Διά
621 3709 795 3764 ταῦτα
817 3713 948 3782 περὶ
967 3712 1080 3768 τῶν
1100 3714 1274 3769 ὀστῶν
1299 3717 1465 3771 αὐτοῦ
1495 3720 1820 3775 ἐνετείλατο.

309 3791 385 3856 ς’.
403 3794 495 3864 Μή
508 3795 688 3850 τοίνυν
700 3797 793 3850 ἐπὶ
806 3798 1058 3854 τοσοῦτον
1071 3801 1210 3870 ὑπὲρ
1220 3803 1320 3874 τῆς
1329 3803 1468 3857 οἴκοι
1479 3805 1659 3876 ταφῆς
1675 3807 1828 3879 ἀκρι-

233 3877 611 3950 ϐολογώμεθα,
633 3883 768 3954 μηδέ
785 3884 1015 3939 θάνατον
1033 3888 1347 3958 τρέμωμεν,
1366 3889 1503 3944 ἀλλά
1522 3877 1818 3964 ἁμαρτίαν.

233 3965 313 4020 υύ
327 3965 436 4038 γᾴρ
451 3968 680 4033 θάνατος
689 3972 968 4043 άμαρτίαν
983 3974 1330 4041 ἐτεκεν,ἀλλά
1341 3980 1582 4052 ἀμαρτία
1595 3981 1826 4037 θάνατον

233 4053 370 4139 ἡμῖν
384 4053 662 4125 ἐγέννησε’
681 4057 910 4124 θάνατος
925 4059 980 4114 δὲ
1000 4062 1275 4132 ἀμαρτίας
1292 4064 1486 4132 γέγονε
1509 4068 1818 4139 φάρμακον.

232 4138 362 4193 Ὀτι
389 4139 498 4211 γὰρ
521 4142 580 4194 οὐ
609 4141 716 4214 χρὴ
747 4144 977 4200 θάνατον
1000 4147 1317 4214 δεδοικέναι,
1349 4153 1484 4207 ἀλλά
1521 4138 1819 4226 ἁμαρτίαν,

229 4223 464 4311 ἄκουσον
481 4226 535 4280 τί
551 4245 717 4298 φησιν
729 4232 758 4283 ό
775 4234 1081 4305 προφήτης·
1100 4236 1294 4305 Τίμιος
1307 4223 1588 4295 ἐναντίώ
1598 4223 1821 4311 κυρίου

229 4311 266 4362 ὀ
284 4309 545 4397 θάνατος
568 4312 688 4368 τῶν
715 4317 902 4371 ὁσίων
923 4321 1132 4376 αὐτοῦ·
1163 4324 1255 4375 καὶ
1279 4324 1534 4397 ἀλλαχοῦ,
1557 4309 1823 4396 Θάνατος

229 4396 607 4466 ἁμαρτωλῶν
631 4403 914 4471 πονηρός.
958 4405 1124 4482 Ὁρᾷς
1144 4410 1224 4463 ὅτι
1256 4413 1305 4464 οἱ
1340 4396 1448 4482 μὲν
1463 4416 1820 4487 προσέχοντες

228 4484 444 4548 ἐαυτοῖς
476 4488 572 4540 καὶ
605 4489 1006 4559 καρπώσασθαι
1033 4495 1103 4548 τά
1132 4497 1368 4566 μέγιστα
1406 4484 1696 4556 ἀπ’ίαύτοῦ
1721 4505 1817 4558 δύ-

229 4587 442 4633 νανται,
483 4574 534 4626 οἱ
577 4575 636 4628 δὲ
688 4576 1028 4656 ἠμελημένοι
1081 4583 1175 4635 καὶ
1211 4585 1624 4656 ῥᾳθυμοῦντες,
1671 4585 1817 4646 οὗτοί

227 4658 371 4712 εἰσιν
402 4661 452 4712 οί
483 4661 545 4714 τὸ
587 4654 824 4735 πρᾶγμα
857 4668 916 4720 ἐν
965 4669 1117 4735 τάξει
1159 4654 1458 4746 καταδίκης
1502 4677 1813 4749 δεχόμενοι;

227 4744 348 4815 Οὐχ
403 4747 592 4813 ἀπλῶς
640 4750 698 4802 δέ
744 4752 865 4804 οὐδέ
905 4754 1093 4808 τοῦτον
1147 4759 1282 4811 κινῶ
1328 4744 1422 4815 τὸν
1466 4744 1645 4832 λόγον,
1698 4744 1814 4820 m-

224 4832 417 4903 ἐπειδὴ
455 4834 664 4889 πολλῶν
697 4833 956 4904 πολλάκις
978 4842 1162 4896 ἀκούω
1191 4845 1460 4914 λεγόντων
1489 4853 1618 4922 περὶ
1639 4853 1808 4909 θανά-

226 4935 325 4971 του
358 4919 597 4989 τρόπων,
635 4923 731 4977 καὶ
775 4927 903 4989 τοὺς
945 4928 1047 4998 μὲν
1092 4931 1194 4984 οὐκ
1222 4933 1384 4999 ὄντας
1414 4919 1816 5008 ἐπονειδίστους

222 5007 656 5099 αίσχυνομένων,
679 5011 809 5099 τοὺς
838 5013 894 5066 δέ
919 5012 1070 5090 [697]
1105 5021 1372 5093 μεγίστης
1397 5023 1556 5089 ὄντας
1575 5007 1814 5099 κατηγοὲ

226 5092 354 5162 ρίας
378 5092 564 5158 ἀξίους
591 5096 655 5149 οὐ
699 5097 1116 5169 διαϐαλλόντων,
1143 5092 1336 5161 τούτου
1369 5111 1528 5182 χάριν
1565 5117 1660 5168 καὶ
1687 5092 1814 5171 τοῦ-

219 5194 318 5231 τον
341 5178 602 5270 βούλομαι
627 5183 1003 5270 διευκρινῆσαι
1024 5191 1114 5244 τὸν
1142 5192 1298 5262 λόγον
1318 5178 1578 5270 τήμερον.
1608 5200 1812 5258 Εὐκαι-

221 5280 322 5360 ρος
343 5265 450 5360 γὰρ
472 5268 587 5360 καὶ
596 5261 751 5360 οὐτος
770 5274 829 5325 ἐν
852 5277 1149 5348 μαρτύρων
1169 5261 1353 5354 ήμέρᾳ
1369 5261 1478 5354 τῆς.
1494 5287 1812 5360 φιλοσοφίας

217 5354 252 5406 δ
540 5356 760 5412 Πολλῶν
793 5361 904 5434 γὰρ
931 5365 1140 5436 ηκουσα
1179 5352 1468 5440 λεγόντων,
1502 5352 1812 5442 κυνὸςάτιί-

220 5437 456 5533 μότερον
484 5443 695 5533 ὀᾼδεῖνα
717 5447 1106 5524 τετελεύτηκεν
1137 5456 1224 5508 ἐπ’
1249 5437 1556 5530 ἀλλοτρίας,
1591 5437 1805 5533 οὐδενὸς

215 5524 679 5623 ἐπιτηδείων
704 5535 972 5606 παρόντος
989 5577 1006 5604 ,
1039 5540 1163 5595 οὐτε
1185 5547 1253 5612 τῇ
1286 5548 1357 5616 γῇ
1395 5524 1803 5623 παραδιδόντος,

213 5611 358 5709 ἀθά
387 5615 540 5709 μόλις
557 5617 757 5709 ὀλίγων
779 5623 1039 5690 γειτόνων
1070 5611 1802 5709 ἀλλήλους.-συγκαλούντων,

214 5699 283 5801 5.5
305 5701 693 5801 ἐράνουπινδς
732 5714 1079 5801 περισταλεὶς
1103 5757 1118 5781 ,
1148 5699 1290 5774 ούτω
1325 5699 1598 5798 παρεδόθη
1629 5699 1798 5801 ταφῇί

1409 5782 1421 5793 _
1587 5782 1598 5798 ,
1714 5782 1725 5798 ,
1749 5782 1796 5801 η-

214 5782 319 5841 Ἵν’
349 5784 444 5846 οὖν
473 5789 552 5864 μὴ
576 5793 752 5850 ταῦτα
772 5798 923 5869 ἡμᾶς
949 5801 1116 5878 λυπῇ,
1150 5807 1448 5879 ἀναγκαῖον
1476 5814 1568 5868 καὶ
1598 5815 1801 5890 ταύτην

1491 378 1580 438 DE
1616 379 1678 438 S.
1719 380 2023 440 DROSIDE
2059 381 2420 442 MARTYRE.

3413 387 3521 444 69!

1937 503 2336 576 διορθώσασθαι
2355 503 2456 577 τὴν
2483 503 2760 558 ὑπόνοιαν.
2795 503 2871 557 Οὐ
2894 503 3002 573 γάρ
3025 503 3143 568 ἐστι
3168 500 3328 557 τοῦτο
3357 505 3521 568 κυνὸς

1935 595 2264 669 ἀθλιώτερον
2298 595 2614 664 ἀποθανεῖν,
2647 595 2922 669 ἄνθρωπε,
2949 595 3088 650 ἀλλά
3125 595 3286 660 κυνὸς
3317 594 3520 649 ἀθλιώ-

1934 706 2095 762 τερον
2141 687 2439 745 ἀποθανεῖν
2469 691 2586 745 ἐστι
2625 689 2689 742 τὸ
2721 690 2780 743 ἐν
2819 688 3068 761 ἀμαρτίᾳ
3100 689 3422 774 ἀποθανεῖν,
3455 691 3521 743 οὐ

1934 780 1997 835 τὸ
2034 780 2123 835 ἐπ’
2163 781 2451 853 ἀλλοτρίας
2498 779 2803 836 καταλῦσαι
2833 779 2925 834 τὸν
2970 781 3103 851 βίον.
3146 782 3238 852 Μὴ
3276 780 3386 853 γάρ
3429 798 3522 852 μοι

1933 871 2122 926 τοῦτον
2157 873 2316 944 εἴπῃς
2349 873 2440 927 τὸν
2472 874 2567 926 ἐπὶ
2594 871 2697 942 τῆς
2727 870 2917 941 κλίνης
2954 872 3053 944 τῆς
3095 871 3390 944 διαχρύσου
3426 888 3524 940 φε-

1940 963 2190 1035 ρόμενον,
2239 965 2332 1018 τὸν
2373 963 2476 1035 τῆς
2519 963 2732 1027 πόλεως
2776 957 3213 1036 προπεμπούσης
3259 963 3521 1034 ἀπάσης,

1934 1051 2028 1105 τδν
2054 1051 2163 1105 τῶν
2186 1051 2375 1124 δήμων
2404 1052 2819 1125 εὐφημούντων,
2855 1052 2949 1106 τὸν
2977 1051 3171 1124 ἱμάτια
3199 1054 3403 1126 σηρικά
3428 1055 3524 1108 καὶ

1937 1141 2204 1215 διάχρυσα
2245 1142 2386 1214 μετά
2429 1143 2634 1215 πολλῆς
2681 1147 2871 1217 ἔχοντα
2909 1145 3382 1232 ἐπεστοιϐασμένα
3421 1147 3521 1218 τῆς

1936 1233 2226 1303 ἀφθονίας⁶
2252 1235 2414 1289 τοῦτο
2435 1235 2545 1307 γὰρ
2570 1236 2724 1290 οὐδὲν
2758 1235 2948 1306 ἐτερόν
2974 1238 3115 1303 ἐστι,
3152 1237 3268 1291 ἀλλ’
3303 1239 3335 1307 ἢ
3367 1238 3524 1309 δαψι-

1935 1323 2198 1397 λεστέραν
2223 1323 2323 1397 ιτῷ
2386 1327 2630 1398 σκώληκι
2693 1327 3026 1400 παραθεῖναι
3075 1328 3377 1401 τράπεζαν.
3429 1330 3522 1400 Μὴ

1934 1413 2114 1469 τοίνυν
2143 1414 2332 1469 τοῦτόν
2369 1433 2460 1487 μοι
2484 1417 2689 1489 δείξῃς,
2723 1417 2860 1471 ἀλλά
2886 1416 3058 1482 δεῖξόν
3092 1435 3186 1489 μοι
3205 1416 3399 1473 τοῦτον
3423 1420 3518 1473 αὐ-

1935 1504 2028 1559 τὸν
2057 1506 2149 1561 τὸν
2188 1511 2331 1578 μετά
2370 1509 2639 1581 τοσαύτης
2675 1511 3141 1582 προπεμπόμενον
3181 1511 3347 1581 τιμῆς
3383 1515 3526 1568 κατά

1934 1594 2034 1667 τὴν
2063 1597 2279 1669 ἡμέραν
2301 1599 2541 1672 ἐκείνην,
2565 1601 2696 1655 ὅταν
2724 1603 2754 1655 ὀ
2778 1601 3019 1672 Χριστὸς
3041 1602 3126 1671 ἐφ’
3149 1603 3358 1675 ὑψηλοῦ
3388 1621 3526 1676 προσ

1928 1687 2236 1760 ’καθέζηται
2285 1690 2381 1745 τοῦ
2432 1690 2715 1763 βήματος,
2742 1694 3119 1766 εἰσαγόμενον,
3162 1696 3521 1768 καλούμενον.

1933 1778 2163 1844 εὐθύνας
2210 1782 2638 1854 ἀπαιτούμενον,
2676 1779 2754 1841 ὧν
2789 1780 2969 1856 εἶπεν,
3011 1781 3088 1843 ὧν
3142 1787 3402 1860 ἔπραξεν,
3446 1782 3523 1860 ὧν

1932 1869 2207 1952 ἐνενόησε,
2239 1872 2374 1926 Τότε
2401 1874 2512 1945 γάρ
2539 1876 2718 1944 οὐδεὶς
2757 1877 2907 1949 αὐτῷ
2939 1878 3134 1932 τούτου
3164 1878 3258 1931 τοῦ
3282 1879 3550 1952 πλήθους

1932 1951 2370 2034 παραστήσεται,
2403 1964 2526 2019 οὐδὲ
2551 1965 2900 2040 ἐξαιρήσεται
2922 1969 3027 2040 τῆς
3055 1969 3333 2034 κολάσεως
3353 1951 3524 2025 αὐτὸν

1933 2053 2029 2107 καὶ⁹
2052 2053 2156 2121 τῆς
2175 2055 2471 2127 τιμωρίας,
2498 2057 2625 2111 οὐδὲ
2642 2060 3091 2132 παραστήσονται
3131 2063 3187 2115 αί
3219 2061 3342 2132 βοαὶ
3363 2056 3523 2118 αὗται

1933 2144 2026 2197 καὶ
2044 2145 2100 2198 αί
2128 2131 2417 2217 εὐφημίαι,
2439 2147 2576 2202 ἀλλά
2597 2148 2749 2203 κάτω
2767 2149 3015 2218 κύπτων,
3044 2131 3519 2225 ἀπαρρησίαστος,

1933 2235 2323 2306 αἰσχυνόμενος
2351 2237 2444 2290 ἐπὶ
2470 2241 2594 2304 ταῖς
2621 2240 2735 2294 τῶν
2768 2243 3116 2314 πραγμάτων
3155 2245 3519 2317 κατηγορίαις

1932 2324 2315 2397 ἀπαχθήσεται
2342 2326 2637 2400 ἑλκόμενος
2665 2329 2771 2384 ὑπὸ
2802 2331 2914 2385 τῶν
2955 2335 3209 2406 πονηρῶν
3235 2336 3524 2407 δυνάμεων

1931 2416 2026 2469 ἐπὶ
2055 2415 2156 2481 τάς
2198 2417 2500 2485 ἀθανάτους
2529 2422 2783 2489 κολάσεις
2828 2425 2971 2497 μετά
3002 2420 3098 2480 τοῦ
3129 2428 3521 2499 χαλεπωτάτου

1929 2506 2039 2561 τῶν
2089 2507 2319 2564 ὀδόντων
2355 2511 2629 2585 βρυγμοῦ,
2665 2516 2900 2589 ἀνόνητα
2927 2517 3116 2574 λοιπὸν
3163 2519 3382 2593 θρηνῶν
3423 2525 3520 2578 καὶ

1932 2600 2267 2673 κοπτόμενος
2294 2605 2361 2658 ἐκ
2385 2605 2496 2661 τῶν
2522 2607 2813 2681 ἀφορήτων
2835 2609 3058 2670 ὀδυνῶν.

2003 2690 2118 2744 Καὶ
2149 2691 2219 2745 τὰ
2253 2693 2353 2764 μέν
2381 2696 2502 2749 ἐκεῖ
2516 2699 2764 2765 τοιαῦτα,
2797 2701 2860 2753 ού
2890 2702 2998 2777 μὴν
3026 2702 3149 2758 ούδέ
3181 2705 3252 2759 τά
3282 2708 3523 2763 ἐνταῦθα

1930 2782 2154 2836 ἀνεκτά.
2179 2784 2336 2838 Μετά
2363 2785 2475 2859 γὰρ
2502 2787 2603 2853 τὰς
2630 2791 2909 2862 εὐφημίας
2933 2793 3032 2858 τὰς
3057 2796 3116 2849 ἐν
3135 2795 3215 2868 τῷ
3245 2797 3401 2869 μέσῳ
3420 2798 3521 2863 τὰς

1929 2871 2143 2944 ὠνητάς
2168 2876 2404 2942 ἐκείνας,
2434 2878 2469 2949 ἢ
2500 2881 2565 2933 ἐκ
2592 2880 2758 2950 φόϐου
2788 2883 2935 2948 τινὸς
2961 2888 3277 2958 γινομένας,
3302 2889 3522 2946 πάντων

1929 2960 2154 3016 ἀκούσει
2169 2966 2619 3036 κατηγορούντων
2635 2971 2732 3024 καὶ
2758 2974 2817 3026 ἐν
2833 2974 3100 3044 ἀμφόδοις
3117 2977 3215 3031 καὶ
3241 2980 3300 3032 ἐν
3318 2981 3517 3053 ἀγορᾷ,

1929 3051 2027 3104 καὶ
2052 3049 2119 3105 ἐν’
2136 3054 2286 3125 οἰκίᾳ
2311 3057 2408 3110 καὶ
2444 3058 2504 3113 ἐν
2531 3060 2878 3133 καπηλείοις,
2909 3067 3086 3121 καὶέν
3112 3069 3326 3143 ἑτέροις
3347 3049 3520 3146 ἐργα-

1931 3143 2174 3214 στηρίοις
2189 3183 2206 3210 ,
2237 3146 2333 3199 καὶ
2356 3149 2417 3201 ἐν
2438 3148 2544 3220 6δῷ
2569 3153 2665 3206 καὶ
2692 3155 2752 3207 ἐν
2773 3153 2950 3228 χώρᾳ,
2979 3160 3076 3212 καὶ
3106 3143 3392 3236 πανταχούή
3410 3143 3522 3220 τῶν

1927 3231 2220 3291 ὁδευόντων
2248 3237 2482 3294 ἑκάστου
2504 3242 2643 3312 πρὸς
2662 3242 2756 3300 τὸν
2778 3247 3008 3319 πλησίον
3034 3253 3172 3322 μετά
3197 3231 3396 3311 πολλοῦ
3424 3259 3521 3313 τοῦ

1930 3323 2096 3393 φόϐου
2115 3326 2477 3421 διηγουμένου
2505 3335 2604 3389 καὶ
2626 3335 2900 3408 λέγοντος,
2921 3336 3010 3396 οἷα
3031 3345 3194 3400 αὐτὸν
3213 3347 3521 3421 διαδέξεται

1929 3417 2096 3485 κακά,
2136 3406 2252 3473 ὀἷαι
2276 3422 2686 3498 ἀπαντήσονται
2713 3434 2999 3505 τιμωρίαι,
3048 3431 3158 3492 οἷαι
3186 3440 3284 3494 νῦν
3313 3443 3524 3515 ἀναμέ-

1929 3525 2079 3562 νουσι
2105 3509 2352 3581 βάσανοι.
2387 3514 2454 3570 Τί
2480 3519 2544 3572 τὸ
2564 3520 2758 3593 κέρδος
2780 3524 2933 3596 αὐτῷ
2954 3527 3150 3597 γέγονε
3176 3531 3279 3602 τῆς
3304 3509 3517 3607 παρού-

1929 3618 2029 3673 σης
2053 3605 2231 3675 ζωῆς;
2271 3607 2326 3658 τί
2355 3608 2420 3661 τὸ
2453 3610 2616 3666 πλέον
2642 3614 2751 3668 ἀπὸ
2771 3617 2871 3687 τῆς
2909 3620 3227 3688 πλεονεξίας
3256 3605 3519 3698 ἐκαρπώ-

1927 3708 2094 3760 σατο;
2153 3696 2396 3768 Ἑτέροις
2437 3700 2507 3754 τὰ
2564 3704 2828 3776 χρήματα
2876 3710 3203 3767 καταλιπὼν
3246 3696 3516 3788 ἀπῆλθεν,

1925 3784 2170 3878 αὐτόςδέ
2195 3785 2268 3841 τά
2300 3789 2680 3865 ἁμαρτήματα
2719 3796 2906 3854 λαϐὼν
2936 3784 3378 3878 κατορώρυκται,
3423 3815 3520 3866 καὶ

1927 3874 2113 3930 πολλοὶ
2137 3881 2475 3953 πανταχόθεν
2503 3888 2799 3962 κατήγοροι
2839 3895 2954 3954 τοῖς
2992 3874 3372 3969 ἠδικημένοις
3394 3919 3518 3956 συν-

1925 3965 2217 4066 αλγοῦντες
2241 4011 2256 4037 ,
2283 3976 2380 4029 καὶ
2414 3978 2464 4066 οίί
2496 3979 2662 4052 μηδὲν
2701 3985 3029 4052 πεπονθότες
3059 3965 3251 4045 δεινόν.
3303 3993 3518 4066 Ὠσπερ

1925 4058 2036 4130 γάρ
2063 4061 2157 4114 καὶ
2182 4063 2277 4118 ἐπὶ
2302 4066 2411 4120 τῶν
2442 4062 2947 4146 εὐεργετουμένων,
2988 4081 3084 4134 καὶ
3124 4085 3173 4136 οί
3210 4083 3379 4157 μηδὲν
3406 4058 3516 4141 παλ

1925 4151 2111 4218 θόντες
2133 4158 2444 4230 συνήδονται
2471 4167 2585 4229 τοῖς
2601 4166 2854 4236 παθοῦσι,
2878 4172 2972 4225 καὶ
2995 4174 3088 4227 τὸν
3124 4172 3185 4243 εὖ
3211 4179 3516 4252 ποιήσαντα

1925 4242 2276 4311 ἐπαινοῦσιν·
2315 4249 2492 4317 οὕτως
2535 4256 2630 4308 ἐπὶ
2673 4258 2784 4312 τῶν
2816 4262 3280 4339 ἐπηρεαζομένων
3325 4242 3422 4325 καὶ
3463 4276 3513 4326 οί

1926 4335 2099 4433 μηδὲν
2129 4339 2448 4414 ἠδικημένοι
2483 4348 2811 4419 συναλγοῦσι
2837 4359 2950 4421 τοῖς
2977 4335 3164 4424 κακῶς
3189 4366 3510 4433 πεπονθόσι,

1923 4427 2020 4480 καὶ
2051 4428 2143 4482 τὸν
2166 4434 2468 4503 ποιήσαντα
2492 4439 2795 4505 κακίζουσι.
2820 4445 2921 4500 Διά
2941 4450 3101 4505 τοῦτό
3127 4470 3283 4526 φησι·
3319 4427 3513 4513 Θάνιιἐ

1923 4536 2027 4588 τος
2057 4523 2440 4596 κάμᾳρτιωῖῶν
2489 4534 2774 4604 πονηρός,
2837 4543 2932 4593 καὶ
2987 4543 3076 4597 διὰ
3138 4523 3236 4611 τάς
3276 4550 3513 4608 ἐνταῦθα

1921 4617 2277 4686 κατηγορίας,
2308 4620 2403 4673 καὶ
2432 4621 2520 4675 διὰ
2549 4624 2650 4688 τὰς
2669 4627 2785 4680 ἐκεῖ
2812 4630 3084 4698 κολάσεις.
3117 4634 3288 4704 Οὗτος
3330 4643 3510 4699 τοίνυν

1921 4702 2071 4759 ἐστὶν
2107 4707 2136 4758 ό
2181 4708 2344 4772 κυνὸς
2395 4712 2720 4785 ἀτιμότερον
2763 4719 3053 4789 τελευτῶν,
3095 4725 3210 4778 ἀλλ’
3267 4702 3360 4784 ἐπὶ
3398 4733 3510 4786 τῶν

1917 4792 2140 4849 δικαίων
2163 4799 2261 4871 οὐχ
2277 4801 2478 4866 οὕτως·
2504 4805 2644 4860 ἀλλὰ
2667 4809 2772 4863 κᾶν
2800 4813 2858 4865 ἐν
2887 4814 3112 4888 ἐρημίᾳ,
3144 4819 3247 4873 κᾶν
3281 4823 3510 4893 μηδενὸς

1919 4889 2395 4980 περιστέλλοντος,
2440 4895 2594 4971 [698]
2627 4900 2731 4955 κᾶν
2762 4903 2990 4974 μηδενὸς
3022 4889 3294 4980 παρόντος
3332 4889 3507 4970 καταξ

1917 4975 2052 5050 λύσῃ
2090 4980 2190 5054 τὴν
2221 4981 2391 5054 ζωὴν,
2435 4987 2615 5042 ἱκανὸν
2656 4991 2908 5062 ἐντάφιον
2937 4975 3118 5052 λαϐὼν
3159 5001 3367 5069 ἄπεισι,
3405 5006 3508 5077 τὴν

1917 5073 2054 5142 πρὸς
2075 5074 2168 5127 τὸν
2197 5076 2330 5130 Θεὸν
2350 5082 2661 5152 παρρησίαν
2687 5100 2700 5112 '
2727 5085 3048 5162 θαυμαστὴν
3081 5092 3193 5163 ἔχει
3220 5095 3319 5167 τὴν
3343 5073 3507 5169 ἐκφο-

1917 5165 2040 5236 ράν,
2099 5168 2348 5259 ἀγγέλων
2408 5175 2717 5245 παρόντων,
2769 5181 2867 5234 καὶ
2913 5165 3501 5259 ψυχὴν-ὁδηγούντῶν,

1913 5257 2166 5330 καθάπερ
2204 5256 2301 5315 οὖν
2327 5261 2498 5336 ἔφθην
2521 5268 2808 5335 ἀποδείξας
2842 5275 2937 5328 ἐπὶ
2977 5276 3071 5330 τοῦ
3093 5256 3370 5352 Λαζάρου,
3401 5256 3504 5354 μυέ

1915 5350 2063 5420 ρίους
2111 5353 2406 5420 ἐπαινέτας
2453 5360 2882 5432 καταλιμπάνων
2945 5367 3050 5440 τῆς
3085 5350 3277 5426 ἐαυτού
3317 5350 3499 5446 ζωῆς·

1909 5440 2015 5494 κᾶν
2044 5443 2239 5509 παῖδας
2267 5447 2546 5523 καταλίπῃ
2565 5491 2579 5514 ,
2607 5453 2808 5518 πάντες
2827 5457 2877 5509 οί
2905 5460 3006 5530 τὴν
3033 5462 3189 5516 πόλιν
3215 5440 3502 5534 οἰκοῦντες

1907 5722 2209 5794 ἁμαρτίαις
2237 5728 2332 5782 καὶ
2360 5729 2696 5802 πλεονεξίαις
2733 5739 3162 5815 τετελευτηκὼς,
3198 5748 3302 5803 κᾶν
3336 5753 3494 5821 ἀφεὶς

1919 5814 2109 5882 παῖδας
2148 5817 2380 5893 ἀπέλθῃ,
2410 5823 2781 5900 κληρονόμους
2822 5832 2922 5905 τῆς
2952 5814 3160 5906 οἰκείας
3195 5814 3493 5917 ἀπεχθείας
