4182 6322
269 428 380 485 ωδ

273 574 343 613 ex
373 558 470 612 hac
498 557 601 612 vita
632 556 944 622 decesserit,
975 555 1366 610 inimicitiarum
1394 571 1609 611 suarum
1636 554 1862 611 heredes

280 648 403 702 illos
443 645 715 713 deseruit,
753 655 807 700 et
850 647 988 701 inter
1026 646 1268 700 inimicos
1301 645 1512 715 reliquit
1543 665 1556 700 :
1600 646 1712 702 sive
1749 647 1865 702 sine

276 733 464 794 liberis
502 738 666 792 vitam
693 735 907 803 ﬁnierit,
941 751 1009 791 ex
1037 735 1295 801 aediﬁciis,
1328 751 1391 790 ex
1417 734 1536 792 aliis
1567 737 1863 806 possessio-

283 830 444 886 nibus
465 871 479 894 ,
511 844 644 899 quas
672 844 737 884 ex
770 829 953 898 rapina
983 837 1036 883 et
1062 828 1333 884 fraudibus
1361 830 1674 898 acquisivit,
1705 840 1865 884 aeter-

283 935 407 974 nam
440 919 791 974 accusationis
830 920 1107 974 materiam
1155 919 1494 989 derelinquit.
1536 921 1607 973 At
1647 934 1752 973 non
1797 919 1866 974 ita

185 1044 199 1056 .
278 1009 476 1080 justus,
499 1010 602 1066 sed
626 1018 680 1065 et
698 1024 822 1065 cum
851 1011 1094 1077 moritur,
1123 1011 1406 1064 maximam
1437 1011 1714 1065 utilitatem
1741 1024 1866 1080 per-

281 1101 447 1170 cipit,
475 1115 600 1156 cum
627 1115 692 1156 ex
719 1101 948 1171 propria
973 1100 1184 1154 virtutis
1210 1098 1578 1156 recordatione
1602 1099 1670 1155 de
1692 1100 1868 1153 omni-

283 1190 387 1246 bus
428 1191 563 1246 vivis
606 1191 743 1247 bene
786 1202 1088 1258 mereatur,
1134 1201 1189 1247 et
1232 1191 1479 1248 meliores
1515 1207 1616 1248 eos
1659 1191 1866 1257 reddat,

283 1280 734 1350 quemadmodum
770 1293 826 1338 et
863 1281 1137 1352 improbus
1165 1281 1265 1336 hac
1290 1281 1449 1336 etiam
1479 1281 1685 1336 ratione
1713 1281 1869 1351 puni-

285 1381 398 1428 tur.
443 1372 556 1428 Non
586 1373 726 1450 enim
757 1381 958 1428 tantum
979 1415 996 1439 ,
1025 1373 1149 1428 dum
1175 1372 1396 1438 vivunt,
1435 1371 1529 1428 sed
1559 1373 1717 1428 etiam
1748 1387 1870 1426 cum

288 1463 615 1530 moriuntur,
638 1463 832 1518 multos
862 1463 1081 1527 laedunt,
1110 1478 1232 1518 cum
1258 1462 1493 1518 avaritia:
1521 1477 1629 1517 sua:
1657 1463 1872 1532 pignora

286 1560 348 1607 et
383 1551 577 1607 indicia
617 1549 811 1623 ubique
851 1552 1240 1623 derelinquant.
1285 1551 1412 1618 Quae
1453 1565 1575 1606 cum
1602 1552 1873 1622 explorata

293 1643 450 1698 nobis
478 1643 604 1710 sint,
633 1659 739 1698 non
765 1659 858 1699 eos
882 1644 971 1714 qui
999 1658 1239 1714 peregre,
1267 1643 1361 1699 sed
1389 1658 1482 1698 eos
1510 1644 1600 1713 qui
1629 1653 1875 1714 peccato-

295 1749 412 1790 rum
453 1735 528 1789 rei
570 1735 902 1803 moriuntur,
942 1737 1166 1792 miseros
1194 1750 1543 1802 censeamus,
1584 1751 1756 1806 neque
1782 1751 1876 1793 eos

296 1827 383 1898 qui
411 1826 556 1882 domi
585 1835 743 1897 atque
772 1828 827 1882 in
865 1827 1032 1887 lecto.
1064 1827 1159 1884 sed
1201 1842 1294 1884 eos
1319 1828 1407 1899 qui
1437 1842 1556 1883 cum
1589 1827 1784 1884 virtute
1808 1843 1878 1884 ex

1518 425 1583 481 IN
1612 421 1985 478 MARTYRES
2024 423 2181 479 ΛΕῧῖ
2194 422 2407 477 PTlOS.

3450 415 3552 472 ΘΜ

1971 557 2068 612 hac
2098 557 2202 611 vita
2228 543 2510 611 discedunt
2530 595 2543 620 ,
2579 552 2763 606 beatos
2803 551 3148 621 praedicemus
3169 593 3184 617 ,
3215 566 3277 606 ac
3305 554 3555 608 virtutem

1969 659 2253 713 sectemur,
2282 647 2468 702 vitium
2501 644 2781 714 fugiamus.
2813 643 2901 697 [lla
2929 644 3072 698 enim
3099 652 3153 700 et
3178 644 3476 700 viventibus
3502 655 3554 700 et

1968 739 2318 795 morientibus
2362 736 2579 807 prodest
2622 754 2636 791 :
2680 735 2820 792 istud
2861 751 2988 791 vero
3027 751 3093 791 ex
3136 745 3360 806 utraque
3406 749 3558 807 parte

1969 829 2272 894 lmdit,dum
2300 837 2354 883 et
2379 827 2478 882 hos
2505 826 2702 898 probro
2729 826 2913 894 afﬁcit,
2942 834 2996 880 et
3019 825 3087 881 ad
3111 825 3367 896 supplicia
3391 827 3560 881 abdu-

1969 922 2042 974 cit
2065 929 2284 975 aeterna.
2318 920 2458 974 Deus
2483 928 2661 973 autem
2683 959 2696 982 ,
2725 918 2813 988 qui
2841 919 3010 973 beatae
3040 917 3155 983 isti,
3186 933 3306 988 qua:
3331 933 3430 973 nos
3458 917 3557 972 ho-

1969 1011 2158 1066 dierno
2184 1010 2272 1065 die
2300 1009 2669 1081 congregavit,
2698 1016 2757 1062 ut
2783 1018 3058 1066 certamen
3084 1008 3275 1074 iniret,
3307 1015 3361 1063 et
3390 1008 3560 1062 lucta-

1971 1111 2138 1166 retur,
2164 1108 2220 1155 et
2243 1100 2509 1166 vinceret,
2541 1107 2596 1154 et
2621 1107 2676 1154 ut
2700 1106 2983 1154 ornaretur
3010 1112 3207 1153 corona
3228 1139 3244 1164 ,
3271 1099 3560 1164 concessit,

1973 1190 2127 1245 nobis
2173 1190 2332 1244 etiam
2378 1189 2538 1244 simul
2580 1189 2828 1245 omnibus
2873 1188 2925 1244 in
2973 1188 3065 1243 illo
3113 1187 3235 1255 die,
3281 1197 3562 1257 postquam

1975 1282 2132 1351 hujus
2161 1282 2282 1335 vita:
2328 1295 2543 1336 cursum
2593 1279 2999 1347 absolverimus,
3050 1279 3271 1350 ejusque
3314 1277 3564 1333 mandata

1974 1382 2028 1428 et
2054 1375 2199 1443 leges
2225 1373 2708 1436 observaverimus,
2735 1381 2795 1427 ut
2839 1372 2892 1425 in
2921 1381 3120 1426 aeterna
3147 1371 3416 1441 possimus
3444 1384 3566 1424 san-

1975 1476 2075 1521 ctze
2113 1465 2270 1536 hujus
2297 1465 2632 1521 tabernacula
2661 1465 2892 1532 intrare,
2931 1462 3223 1530 concedat,
3265 1471 3319 1517 et
3346 1464 3566 1515 immor-

1981 1558 2173 1612 talibus
2216 1558 2370 1612 bonis
2424 1555 2623 1627 potiri,
2668 1557 2838 1626 gratia
2886 1564 2942 1610 et
2985 1554 3311 1625 benignitate
3358 1551 3564 1606 Domini

1979 1649 2147 1704 nostri
2171 1648 2297 1704 Jesu
2337 1647 2535 1703 Christi
2559 1687 2572 1711 ,
2617 1661 2738 1701 cum
2768 1660 2873 1717 quo
2901 1639 3043 1702 Patri
3070 1644 3239 1717 gloria
3261 1685 3274 1712 ,
3309 1657 3412 1698 una
3441 1656 3565 1697 cum

1981 1740 2182 1810 Spiritu
2207 1748 2421 1805 sancto,
2449 1738 2502 1794 in
2532 1737 2744 1794 saecula.
2780 1737 2970 1792 Amen.

1742 2414 2110 2476 MONITUM.

305 2692 436 2745 hinc
462 2705 589 2745 vero
621 2691 869 2760 sequitur
902 2687 1238 2758 probabilius
1267 2702 1389 2743 esse
1421 2686 1660 2742 habitam
1682 2698 1801 2740 eam
1838 2682 2331 2753 Constantinopoli,
2357 2697 2522 2753 quam
2555 2651 3078 2734 Antiochiaafuisse.
3108 2672 3226 2729 Non
3253 2672 3399 2727 aliud
3427 2689 3557 2742 sup-

305 2804 444 2872 petit
479 2811 858 2873 argumentum
892 2820 905 2856 :
937 2800 1006 2855 de
1036 2800 1294 2854 firmitate
1332 2798 1646 2868 hujusmodi
1683 2797 2011 2867 conjecturae
2035 2797 2282 2867 judicent
2317 2795 2539 2850 eruditi.

382 2915 762 2988 interpretatio
800 2915 992 2972 Latina
1031 2925 1116 2972 est
1152 2915 1448 2971 Frontonis
1488 2913 1689 2970 Ducmi.

1055 3188 3526 3213 Μ

874 3355 1397 3437 LAUDATIO
1475 3351 2043 3431 MARTYBUM
2119 3351 2818 3430 ZEGYPTIORUM
2886 3334 2990 3421 (α).

377 3692 429 3746 1.
472 3687 771 3742 Laudantur
800 3683 1036 3756 Egyptii
1084 3685 1222 3755 quod
1247 3684 1484 3754 reliquias
1510 3683 1691 3752 tibique
1717 3683 1884 3749 eﬂun—

300 3780 516 3844 darent;
553 3776 776 3846 reliquid:
811 3775 1115 3831 Sanctorum
1158 3772 1302 3827 urbes
1344 3772 1652 3827 custodiunt.
1678 3802 1750 3812 -
1785 3772 1888 3827 Be-

303 3869 546 3925 nedictus
572 3868 740 3932 Deus,
780 3867 993 3936 quando
1019 3867 1178 3920 etiam
1207 3879 1273 3919 ex
1311 3863 1550 3935 Egypto
1586 3874 1882 3935 martyres,

299 3978 370 4017 ex
399 3960 624 4032 tEgypto
664 3959 750 4013 illa
777 3973 897 4013 eum
937 3957 1048 4012 Deo
1091 3966 1356 4027 pugnante
1401 3971 1464 4009 ac
1507 3956 1840 4010 insanissima
1866 3997 1881 4021 ,

299 4064 358 4109 et
407 4054 546 4108 unde
598 4053 758 4122 impia
818 4065 941 4115 ora,
995 4049 1136 4105 unde
1182 4049 1374 4118 lingua:
1415 4047 1768 4116 blaSphemte,
1816 4062 1881 4102 ex

300 4145 536 4215 Egypto
557 4151 818 4214 martyres
837 4127 1129 4290 habextr',
1160 4154 1257 4194 nec
1291 4140 1343 4194 in
1372 4137 1604 4210 Egypto
1637 4146 1838 4193 tantum
1864 4179 1880 4206 ,

302 4255 404 4290 nec
427 4240 479 4290 in
519 4238 741 4290 ﬁnitima
772 4236 980 4290 vicinae
1078 4234 1295 4290 regione
1317 4272 1334 4290 .
1366 4232 1460 4287 sed
1489 4231 1684 4290 ubique
1711 4239 1880 4285 terra-

301 4255 404 4295 nec
427 4240 479 4294 in
519 4238 741 4292 ﬁnitima
772 4231 1050 4305 vicinaque
1078 4234 1295 4303 regione
1317 4272 1334 4299 ,
1366 4232 1460 4287 sed
1489 4231 1684 4302 ubique
1711 4239 1882 4285 terra-

301 4347 444 4386 rum.
475 4329 543 4384 Et
561 4325 1018 4397 quemadmodum
1057 4325 1110 4378 in
1149 4337 1374 4377 annona:
1409 4336 1616 4376 summa
1642 4321 1884 4376 ubertate

300 4437 426 4479 cum
461 4420 692 4475 viderint
729 4418 938 4472 urbium
987 4415 1173 4470 incola:
1213 4414 1470 4484 majorem
1496 4453 1511 4480 ,
1556 4428 1714 4483 quam
1756 4426 1886 4466 usus

303 4512 660 4566 habitatorum
703 4507 970 4577 postulet,
1014 4521 1134 4561 esse
1185 4506 1425 4575 copiam,
1470 4504 1537 4558 ad
1579 4503 1886 4574 peregrinas

304 4600 466 4658 etiam
497 4599 656 4654 urbes
681 4597 1064 4660 transmittunt;
1088 4611 1208 4650 cum
1239 4605 1296 4649 ut
1312 4609 1462 4650 suam
1491 4594 1794 4649 comitatem
1823 4608 1886 4647 ac

303 4690 671 4747 liberalitatem
690 4687 1009 4753 ostendant,
1035 4697 1145 4740 tum
1166 4696 1256 4752 ut,
1281 4694 1474 4755 praeter
1501 4685 1691 4740 horum
1720 4685 1886 4739 abun-

303 4781 573 4845 dantiam,
604 4795 725 4833 cum
753 4779 1003 4833 facilitate
1037 4792 1124 4831 res
1143 4817 1158 4842 ,
1188 4777 1378 4846 quibus
1408 4777 1675 4846 indigent,
1704 4789 1887 4830 rursus

303 4871 374 4926 ab
412 4871 518 4924 illis
544 4870 644 4924 sibi
670 4859 981 4938 comparent
1009 4884 1022 4918 :
1055 4868 1132 4921 sic
1160 4877 1214 4922 et
1237 4866 1468 4936 {Egyptii
1492 4908 1506 4930 ,
1532 4866 1672 4936 quod
1701 4867 1889 4922 attinet

302 4959 373 5013 ad
409 4959 690 5028 religionis
731 4958 988 5019 athletas,
1018 4955 1256 5011 fecerunt
1288 4972 1299 5008 :
1329 4971 1450 5011 cum
1481 4956 1618 5025 apud
1658 4972 1716 5012 se
1753 4957 1890 5011 mul-

305 5063 415 5105 tam
439 5065 623 5104 eorum
653 5050 744 5103 Dei
760 5049 1080 5119 benignitate
1097 5049 1303 5117 copiam
1328 5060 1643 5115 cernerent,
1667 5065 1774 5106 non
1802 5051 1886 5105 in-

303 5159 440 5216 gens
470 5142 561 5198 Dei
589 5157 782 5196 munus
803 5157 895 5196 sua
917 5142 1130 5196 civitate
1151 5143 1548 5206 concluserunt,
1569 5144 1663 5198 sed
1690 5145 1743 5198 in
1768 5159 1886 5198 om-

308 5249 408 5289 nes
434 5244 588 5289 terra:
617 5242 795 5305 partes
817 5234 1073 5288 bonorum
1105 5235 1384 5289 thesauros
1414 5235 1746 5301 effuderunt;
1767 5251 1884 5290 cum

309 5335 366 5380 ut
390 5341 542 5379 suum
573 5326 624 5379 in
653 5325 839 5379 fratres
867 5341 1102 5379 amorem
1131 5328 1492 5406 ostenderent,
1526 5335 1633 5380 tum
1663 5338 1718 5381 ut
1742 5342 1884 5382 com-

310 5433 523 5472 munem
545 5419 780 5471 omnium
810 5417 1089 5471 Dominum
1115 5418 1314 5472 honore
1339 5418 1642 5484 afﬁcerent,
1677 5435 1740 5473 ac
1763 5421 1891 5474 civi-

310 5509 406 5563 tati
427 5525 536 5564 suze
559 5509 784 5579 gloriam
814 5509 952 5577 apud
971 5525 1157 5562 omnes
1187 5520 1591 5578 compararent,
1626 5513 1890 5582 totiusque

307 5600 457 5656 orbis
505 5616 624 5655 esse
666 5601 1000 5669 metropolim
1052 5601 1401 5655 declararent.
1431 5603 1560 5656 Nam
1600 5605 1643 5658 si
1691 5604 1891 5659 frivola:

310 5691 550 5762 qttazdam
574 5707 636 5745 ac
661 5692 866 5746 minimi
891 5693 1044 5762 pretii
1067 5695 1396 5758 occasiones,
1419 5710 1642 5764 quaeque
1668 5696 1731 5750 ad
1754 5697 1891 5752 hanc

308 5795 514 5841 tantum
541 5785 700 5839 vitam
730 5784 883 5838 nobis
911 5783 1222 5851 conferunt,
1250 5785 1557 5855 largitiones
1587 5787 1726 5844 hunc
1750 5789 1890 5847 mul-

375 5897 450 5962 (α)
480 5897 654 5950 Collata
677 5911 788 5950 cum
805 5898 946 5948 Codd.
968 5906 1116 5963 negg.
1148 5899 1280 5962 19η,
1311 5909 1358 5951 et
1381 5901 1520 5952 2345.

1998 3687 2068 3742 tis
2096 3686 2315 3742 urbibus
2333 3687 2587 3743 honorem
2615 3689 2894 3759 acquirere
2921 3697 3234 3759 potuerunt,
3259 3703 3436 3743 nonne
3459 3700 3575 3742 eam

1995 3781 2172 3849 potius
2195 3821 2212 3848 ,
2239 3795 2358 3852 qua:
2388 3781 2517 3835 nihil
2549 3797 2614 3835 ex
2644 3780 2861 3836 caducis
2885 3791 2939 3836 et
2963 3779 3401 3849 corruptibilibus
3420 3779 3580 3833 rebus

1996 3869 2237 3940 largitur,
2270 3886 2366 3926 seu
2389 3871 2552 3936 viros,
2583 3871 2672 3940 qui
2699 3870 2944 3939 urbibus,
2969 3887 3086 3937 quae
3107 3871 3211 3925 illis
3236 3869 3544 3924 obvenerint
3561 3909 3577 3934 ,

1994 3968 2111 4030 post
2127 3962 2328 4017 obitum
2352 3964 2510 4017 etiam
2541 3971 2794 4032 praestant
2819 3964 3179 4029 securitatem,
3201 3975 3307 4033 prze
3329 3961 3579 4017 omnibus

1993 4070 2202 4123 mquum
2231 4062 2313 4108 est
2349 4053 2450 4107 hac
2475 4053 2694 4123 honoris
2717 4053 3064 4123 prmrogativa
3094 4053 3323 4108 donari?
3348 4053 3578 4108 Sancto-

1992 4161 2110 4200 rum
2133 4147 2276 4200 enim
2304 4145 2495 4200 borum
2517 4115 2743 4214 corpora
2766 4143 2952 4213 quovis
2979 4143 3318 4197 adamantina
3347 4151 3402 4198 et
3428 4143 3578 4197 inex-

1994 4235 2258 4306 pugnabili
2281 4249 2436 4290 muro
2465 4236 2629 4289 tutius
2658 4233 2810 4288 nobis
2832 4231 3020 4287 urbem
3047 4233 3291 4286 muniunt
3312 4272 3325 4295 ,
3357 4241 3411 4286 et
3439 4240 3578 4285 tam-

1990 4343 2147 4398 quam
2196 4327 2391 4382 excelsi
2432 4325 2644 4396 quidam
2684 4324 2888 4394 scopuli
2917 4323 3152 4393 undique
3182 4322 3577 4392 prominentes,

1993 4435 2098 4475 non
2140 4419 2328 4473 borum
2350 4460 2364 4482 ,
2400 4418 2490 4489 qui
2529 4417 2628 4472 sub
2651 4431 2840 4471 sensus
2871 4415 3137 4469 caduntet
3156 4413 3326 4468 oculis
3347 4428 3580 4468 cernun-

1995 4523 2080 4567 tur
2102 4554 2117 4578 ,
2150 4512 2381 4567 hostium
2413 4511 2643 4580 impetus
2671 4509 2982 4579 propulsant
3013 4517 3216 4562 tantum
3243 4548 3256 4571 ,
3300 4506 3394 4561 sed
3420 4507 3581 4561 etiam

1994 4603 2334 4659 invisibilium
2381 4603 2682 4658 daamonum
2725 4600 2986 4665 insidias,
3040 4614 3334 4667 omnesque
3386 4596 3581 4651 diaboli

1993 4696 2206 4750 fraudes
2233 4695 2547 4749 subvertunt
2573 4707 2638 4747 ac
2676 4692 2973 4760 dissipant,
3018 4706 3125 4745 non
3168 4691 3342 4744 minus
3383 4687 3540 4742 facile
3566 4729 3582 4754 ,

1994 4801 2152 4858 quam
2186 4787 2231 4840 si
2256 4784 2408 4840 fortis
2437 4785 2518 4838 vir
2539 4783 2729 4854 aliquis
2754 4783 2956 4838 ludicra
2986 4797 3275 4852 puerorum
3307 4780 3581 4834 subverte-

1994 4887 2076 4933 ret
2099 4893 2161 4933 ac
2194 4886 2575 4947 prosterneret.
2597 4877 2674 4930 Ac
2701 4885 2893 4930 cartera
2925 4873 3140 4943 quidem
3171 4888 3289 4941 qua:
3311 4871 3378 4925 ab
3405 4870 3582 4924 homi-

1994 4969 2149 5024 nibus
2169 4968 2300 5022 fiunt
2326 4968 2752 5022 machinamenta
2774 5008 2788 5032 ,
2812 4966 2950 5020 sicut
2976 4963 3148 5028 muri,
3174 4961 3330 5016 fossae
3353 5003 3367 5024 ,
3399 4975 3544 5014 arma
3565 5000 3583 5026 ,

1996 5061 2218 5115 militum
2258 5060 2424 5129 copim
2456 5067 2510 5113 et
2535 5071 2883 5128 quaecumque
2909 5055 2976 5110 ad
3007 5055 3300 5109 incolarum
3329 5051 3584 5106 securita-

1995 5162 2102 5207 tem
2136 5152 2536 5220 excogitantur,
2573 5149 2641 5206 ab
2682 5149 2921 5202 hostibus
2948 5153 3172 5216 possunt
3196 5144 3438 5214 pluribus
3465 5142 3586 5196 aliis

1995 5245 2269 5313 multoque
2306 5243 2598 5312 majoribus
2630 5241 2892 5296 machinis
2936 5240 3172 5308 ipsorum
3203 5236 3387 5305 repelli
3419 5251 3433 5289 :
3462 5250 3584 5287 cum

1997 5355 2122 5392 \ero
2146 5346 2450 5392 sanctorum
2472 5335 2787 5403 corporibus
2815 5333 2973 5387 fuerit
3003 5333 3190 5385 civitas
3215 5329 3543 5385 communita
3567 5368 3583 5394 ,

1997 5433 2121 5490 licet
2173 5432 2475 5485 innumeras
2524 5429 2597 5482 illi
2648 5427 2902 5497 pecunias
2931 5424 3272 5494 cxpeudant,
3325 5419 3580 5485 urbibus,

1996 5541 2113 5592 qua:
2142 5524 2283 5592 ipsos
2302 5521 2605 5590 possideant
2631 5561 2644 5585 ,
2675 5518 2892 5572 minime
2911 5523 3167 5586 poterunt
3190 5513 3392 5582 :equalc
3413 5510 3584 5580 quod-

1995 5617 2117 5671 dam
2148 5615 2633 5670 machinamentum
2675 5624 2965 5680 opponere.
3002 5607 3184 5676 Neque
3213 5620 3340 5660 vero
3381 5612 3584 5658 tantum

1997 5709 2252 5762 adversus
2295 5706 2575 5760 hominum
2616 5703 2866 5765 insidias,
2917 5709 3008 5754 aut
3054 5700 3309 5753 adversus
3343 5694 3581 5749 fallacias

1998 5800 2302 5855 daemonum
2342 5797 2485 5852 utilis
2521 5796 2676 5851 nobis
2712 5802 2796 5849 est
2837 5793 2952 5847 haec
3000 5789 3271 5860 possessio
3296 5829 3311 5853 ,
3355 5785 3586 5840 dilectis-

2001 5896 2170 5965 sime;
2215 5893 2309 5950 sed
2334 5891 2433 5949 etsi
2460 5889 2613 5948 nobis
2645 5887 2943 5949 communis
2970 5885 3225 5944 Dominus
3253 5884 3322 5940 ob
3349 5890 3587 5956 peccato-
