4206 6302
679 346 784 404 69$

678 473 795 513 rum
831 462 1216 528 multitudinem
1241 467 1552 538 irascatur,
1577 470 1664 527 his
1689 471 1912 544 objectis
1942 473 2252 546 corporibus

675 552 930 608 continuo
975 559 1268 626 poterimus
1302 576 1423 617 eum
1454 565 1739 635 propitium
1776 567 1998 623 reddere
2029 568 2252 623 civitati.

677 638 888 697 Etenim
927 645 1008 708 si,
1039 648 1126 716 qui
1159 651 1322 706 multa
1364 655 1621 723 praeclare
1654 667 1963 728 gesserant,
1991 659 2253 729 majorum

675 739 978 790 nostrorum
1007 747 1162 794 :ctate
1189 752 1494 799 sanctorum
1526 745 1758 802 virorum
1789 749 2001 802 nomina
2025 759 2253 819 praeteno

674 819 882 888 dentes,
911 834 1069 896 atque
1096 829 1164 884 ad
1185 830 1451 888 Abraham
1471 876 1484 898 ,
1511 833 1656 891 lsaac
1680 845 1733 892 et
1752 837 1916 894 Jacob
1941 839 2252 908 appellatio-

673 927 797 967 nem
845 918 1209 990 confugientes
1255 910 1582 995 (151041.32;
1619 926 1823 983 Baruch
1864 930 1975 1000 2),
2009 931 2250 987 nonnihil

673 1005 848 1061 solatii
888 1018 1013 1064 sunt
1035 1016 1319 1085 lasscquuti
1341 1058 1357 1082 ,
1388 1032 1452 1072 ac
1480 1033 1722 1089 magnam
1751 1035 1816 1076 ex
1848 1021 2037 1077 horum
2077 1023 2249 1077 nomi-

672 1108 799 1148 num
866 1104 1375 1163 commemoratione
1443 1108 1721 1165 utilitatem
1794 1111 2175 1182 decerpserunt
2229 1133 2244 1169 :

672 1185 840 1240 multo
867 1190 1031 1259 magis
1059 1207 1155 1246 nos
1179 1210 1285 1249 non
1315 1207 1516 1254 tantum
1543 1201 1760 1256 nomina
1781 1244 1796 1268 ,
1823 1203 1919 1258 sed
1949 1205 2062 1274 ipsa
2086 1249 2098 1266 .
2128 1221 2248 1276 quae

668 1272 1035 1346 decertarnnt,
1059 1296 1284 1352 corpora
1308 1288 1698 1356 praetendentes
1721 1333 1736 1354 ,
1764 1292 1931 1348 Deum
1960 1272 2244 1367 propitium

666 1372 722 1420 et
741 1366 1026 1438 benignum
1055 1372 1252 1431 habere
1275 1379 1564 1446 poterimus
1586 1377 1648 1436 ac
1675 1383 1959 1453 placatum.
1989 1366 2163 1458 Atque
2190 1397 2248 1443 ut

665 1471 750 1523 ea,
779 1473 897 1528 qure
922 1461 1165 1532 dicimus,
1197 1468 1481 1526 verborum
1511 1472 1712 1529 fumum
1733 1475 1839 1532 non
1856 1492 1977 1534 esse
1996 1489 2242 1547 constet,

667 1559 862 1606 norunt
909 1553 1060 1608 multi
1111 1571 1236 1612 cum
1287 1559 1694 1633 indigenarum,
1748 1576 1858 1622 tum
1911 1584 2097 1626 eorum
2153 1573 2243 1642 qui

662 1636 880 1695 aliunde
907 1655 1198 1713 venerunt,
1226 1660 1422 1719 quanta
1449 1667 1755 1712 sanctorum
1783 1661 2006 1715 istorum
2035 1662 2104 1716 sit
2133 1636 2239 1717 vir-

663 1734 783 1824 tus,
829 1733 918 1801 qui
963 1743 1017 1789 et
1061 1738 1366 1796 testimonio
1399 1757 1498 1799 suo
1523 1761 1643 1816 quae
1667 1747 1806 1804 dicta
1836 1759 1974 1811 sunt.
2005 1767 2247 1824 compro-

662 1817 810 1903 bant,
840 1833 898 1878 ut
918 1827 1007 1896 qui
1033 1840 1287 1898 quantam
1311 1835 1451 1904 apud
1481 1837 1646 1893 Deum
1674 1839 1919 1898 fiduciam
1941 1817 2240 1912 obtineant,

659 1913 1026 1979 experimento
1053 1923 1411 1990 compererint
1437 1941 1450 1978 :
1475 1940 1536 1981 ae
1561 1929 1753 1986 merito
1781 1945 1932 1988 sane.
1962 1933 2077 1990 Non
2097 1937 2238 1991 enim

659 2001 864 2072 vulgari
894 2006 1053 2061 modo
1077 2023 1175 2078 pro
1203 2014 1426 2071 veritate
1454 2016 1824 2089 decertarunt,
1853 2024 1948 2079 sed
1973 2025 2110 2082 adeo
2136 2029 2241 2082 for-

661 2091 786 2146 titer
840 2104 1164 2169 strenueque
1210 2103 1470 2188 violentos
1510 2117 1565 2164 et
1608 2111 1964 2172 intolerabiles
2012 2118 2240 2188 impetus

660 2185 918 2245 daemonis
943 2193 1287 2262 repulerunt,
1321 2214 1384 2255 ac
1421 2186 1466 2256 si
1493 2203 1545 2257 in
1575 2207 1750 2262 saxeis
1778 2185 2103 2282 ferreisque,
2130 2227 2238 2269 non

658 2286 836 2371 autem
862 2280 1104 2339 obnoxiis
1126 2289 1452 2358 corruptioni
1481 2295 1896 2369 mortalibusque
1925 2280 2239 2371 corporibus

658 2367 996 2428 decertarent
1029 2379 1219 2447 :quasi
1242 2380 1448 2450 jamad
1474 2385 1612 2440 illam
1643 2367 1905 2457 passionis
1930 2367 2198 2461 expertem
2218 2435 2234 2459 ,

658 2469 715 2513 et
751 2463 1102 2520 immortalem
1130 2477 1371 2526 naturam
1399 2476 1605 2531 acerbis
1626 2492 1688 2532 ac
1711 2478 1950 2535 dolorem
1974 2483 2236 2540 inurenti-

658 2550 756 2605 bus
785 2555 1022 2622 corporis
1042 2559 1360 2616 cruciatibus
1385 2578 1490 2618 non
1513 2566 1811 2633 cedentem,
1841 2573 2081 2628 translati
2108 2573 2237 2631 fuis-

656 2652 795 2733 sent.
829 2643 1040 2703 Etenim
1072 2659 1320 2722 tanquam
1338 2671 1493 2712 szevte
1514 2661 1754 2729 quaedam
1786 2664 2008 2733 belluas,
2040 2668 2234 2725 crude-

656 2729 764 2798 les,
795 2744 852 2789 et
889 2735 1147 2801 immanes
1180 2757 1404 2814 corpora
1433 2748 1834 2807 circumstantes
1862 2755 2092 2827 nudique
2113 2773 2233 2813 car-

654 2823 839 2916 nifices
879 2826 1045 2884 latera
1086 2832 1484 2904 perfodiebant,
1525 2855 1715 2897 carnes
1745 2823 2082 2916 lacerabant,
2111 2865 2232 2906 ossa

654 2913 971 3008 detegebant
995 2935 1055 2976 ac
1082 2923 1420 2982 denudabant
1443 2971 1458 2996 ,
1491 2946 1589 2986 nec
1614 2948 1706 2988 eos
1733 2937 2017 3008 quidquam
2049 2913 2116 2994 ab
2145 2941 2232 2996 illa

653 3004 970 3064 crudelitate
997 3020 1156 3080 atque
1198 3013 1521 3073 immanitate
1553 3004 1840 3080 revocabat
1863 3004 2000 3092 {sed
2021 3038 2076 3085 et
2110 3046 2232 3086 curn

657 3104 799 3166 terga
831 3101 1189 3167 pervasissent
1214 3121 1277 3162 ac
1301 3109 1501 3166 viscera
1522 3154 1536 3177 ,
1563 3124 1616 3169 et
1642 3117 1706 3171 ad
1735 3118 1917 3174 intima
1955 3132 2232 3192 penetras-

654 3197 808 3284 sent,
842 3193 1170 3250 reconditum
1203 3197 1260 3253 in
1297 3201 1403 3257 illis
1445 3203 1897 3264 fidei-thesaurum
1942 3215 2233 3284 compilan-

654 3274 910 3374 dum-non
941 3283 1256 3342 invenerunt
1290 3308 1303 3344 :
1336 3293 1460 3361 quin
1491 3295 1629 3350 idem
1669 3301 1842 3368 potius
1869 3302 1973 3358 illis
1999 3274 2228 3374 accidit,

655 3367 794 3461 quod
819 3370 1100 3440 aliquibus,
1120 3378 1207 3456 (ιμί
1237 3394 1358 3435 cum
1387 3383 1571 3439 urbem
1601 3367 2026 3459 augustissimam
2047 3438 2061 3461 ,
2093 3367 2233 3453 divi;

657 3457 744 3512 tiis
774 3461 955 3517 multis
979 3465 1227 3523 refertam
1252 3512 1266 3536 ,
1295 3480 1347 3528 et
1376 3477 1606 3544 cepiosis
1635 3457 1900 3539 thesauris
1925 3457 2229 3555 opulentam

654 3549 984 3622 obsederint,
1014 3567 1069 3612 et-
1088 3564 1289 3617 evet‘sis
1315 3568 1582 3624 moenibus
1601 3572 1718 3642 ejus
1741 3576 1806 3628 ad
1834 3549 2232 3649 ipsa-pecunia-

656 3654 772 3694 rum
796 3651 1156 3735 promptuaria
1178 3654 1510 3725 devenerint,
1531 3673 1710 3728 portas
1723 3671 2030 3735 everterint,
2053 3682 2230 3731 vectes

654 3731 993 3804 sustulerint,
1043 3743 1402 3809 pavimentum
1451 3749 1768 3837 elfoderint,
1796 3759 1975 3815 omnia
2013 3731 2230 3820 scrutati

655 3839 762 3877 non
801 3829 1070 3896 potuerint
1104 3834 1220 3902 ejus
1251 3836 1455 3895 divitiis
1498 3829 1738 3913 abreptis
1756 3847 2050 3916 discedere.
2081 3855 2227 3912 Talia

657 3927 884 4009 namque
907 3932 1032 3976 sunt
1055 3923 1246 3979 animae
1270 3926 1408 3984 bona
1437 3947 1452 3982 :
1484 3947 1585 3986 non
1625 3939 1864 4005 corporis
1899 3943 2230 4009 passionibus

655 4006 975 4074 produntur.
1005 4026 1131 4069 cum
1168 4030 1229 4069 ea
1266 4017 1378 4087 ipsa
1412 4031 1567 4076 caute
1601 4027 1832 4084 custodit
1862 4006 2030 4087 :licet
2059 4033 2229 4102 ipsum

655 4105 840 4163 pectus
867 4099 1123 4168 eﬂodias,
1163 4113 1218 4160 et
1245 4119 1456 4176 raptum
1489 4127 1583 4167 cor
1617 4115 1916 4173 minutatim
1946 4099 2228 4192 cumidas,

654 4187 963 4244 thesaurum
992 4196 1154 4250 semel
1180 4209 1210 4250 a
1242 4197 1346 4254 {ide
1382 4200 1483 4255 sibi
1521 4205 1782 4262 creditum
1829 4224 1935 4265 non
1976 4187 2230 4268 dimittet.

653 4277 765 4332 lloc
801 4290 980 4336 autem
1018 4283 1211 4340 divinae
1238 4291 1423 4358 gratia:
1450 4307 1583 4362 opus
1608 4305 1721 4363 est,
1747 4314 1868 4368 quas
1899 4310 2087 4356 cuncta
2115 4302 2230 4359 dis-

655 4379 841 4435 pensat
880 4380 936 4425 ct
957 4373 1012 4428 in
1037 4375 1260 4434 inﬁrmis
1288 4383 1602 4451 corporibus
1621 4387 1880 4446 mirabilia
1902 4402 2076 4460 potest
2103 4409 2228 4464 per-

653 4462 830 4516 licere.
873 4465 1045 4535 Atque
1086 4467 1186 4525 hoc
1225 4473 1439 4540 quidem
1467 4477 1815 4537 admiratione
1861 4483 2071 4553 dignius
2098 4462 2181 4543 est
2212 4506 2226 4543 :

653 4567 756 4604 non
783 4553 923 4607 enim
951 4558 1132 4625 modo,
1162 4576 1286 4614 cum
1313 4562 1447 4618 adeo
1476 4566 1893 4628 insaniissentac
1911 4575 2226 4644 sazviissent,

651 4647 780 4700 nihil
807 4663 870 4703 ex
902 4649 1163 4707 thesauris
1201 4657 1486 4712 reconditis
1515 4659 1921 4730 subripuerunt,
1949 4667 2042 4722 sed
2070 4671 2229 4726 etiam

649 4738 944 4792 ctiecerunt
965 4781 980 4806 ,
1009 4751 1066 4795 ut
1090 4758 1186 4798 eos
1224 4736 1406 4814 majori
1436 4750 1682 4806 cautione
1706 4756 2069 4824 custodirent;
2100 4761 2227 4829 quin

650 4833 811 4886 etiam
840 4833 958 4888 illos
983 4850 1102 4891 eum
1138 4837 1484 4907 illustriores,
1519 4856 1626 4896 tum
1658 4846 2017 4912 epulentiores
2051 4851 2227 4905 reddi-

648 4926 862 4980 derunt.
893 4925 1006 4980 Non
1031 4929 1171 4982 enim
1197 4930 1308 4998 jam
1333 4932 1508 4987 anima
1536 4935 1671 5000 sola,
1706 4937 1797 4991 sed
1822 4946 1875 4991 et
1902 4939 2072 5008 ipsum
2103 4957 2224 4996 cor-

649 5033 746 5086 pus
771 5017 987 5087 majoris
1028 5021 1208 5088 gratiae
1234 5022 1426 5076 factum
1463 5037 1546 5080 est
1573 5027 1837 5098 particeps
1865 5046 2072 5101 :neque
2109 5043 2228 5087 tan-

649 5122 760 5164 tum
800 5124 958 5180 quam
1004 5111 1270 5180 habebat,
1312 5131 1416 5170 non
1445 5118 1650 5183 amisit,
1691 5130 1967 5190 postquam
2013 5125 2228 5181 dissecti

645 5211 772 5255 sunt
794 5210 951 5270 atque
971 5205 1167 5258 concisi
1203 5216 1474 5276 persmpe,
1498 5209 1592 5263 sed
1613 5219 1666 5264 et
1695 5211 1960 5279 copiosius
1989 5215 2089 5270 sibi
2118 5231 2230 5269 ma-

646 5293 837 5364 jusque
879 5294 1172 5352 subsidium
1199 5302 1543 5367 comparavit.
1585 5301 1721 5369 Quid
1764 5303 1862 5358 hac
1891 5303 2108 5361 victoria
2132 5308 2231 5366 mi-

650 5387 867 5442 rabilius
916 5389 1029 5443 ﬁeri
1070 5391 1270 5460 possit,
1298 5407 1418 5446 cum
1461 5409 1555 5449 eos
1579 5436 1595 5460 ,
1637 5410 1772 5464 quos
1801 5395 2144 5463 detinebant,
2174 5410 2227 5454 et

647 5478 904 5534 obnoxios
942 5479 1237 5549 habebant,
1268 5483 1561 5540 ac'vinctos
1596 5486 1878 5555 imperiose
1913 5489 2187 5547 cadebant
2209 5531 2224 5555 ,

647 5587 901 5642 superare
929 5588 1036 5628 nou
1057 5576 1322 5643 potuerint
1344 5617 1361 5644 ,
1393 5577 1485 5630 sed
1505 5577 1572 5631 ab
1604 5579 1718 5633 istis
1743 5580 1937 5651 misere
1963 5596 2024 5636 ac
2047 5582 2224 5636 infeli-

647 5665 780 5719 citer
807 5665 1183 5721 vincerentur?
1204 5667 1318 5723 Non
1349 5668 1489 5723 enim
1533 5670 1727 5725 bellum
1768 5686 1886 5725 cum
1923 5672 2085 5741 ipsis,
2131 5675 2224 5728 sed

648 5772 766 5810 cum
801 5756 1090 5814 habitatore
1118 5759 1354 5832 ipsorum
1393 5761 1500 5820 Deo
1552 5764 1804 5833 gerebant
1849 5781 1859 5815 :
1900 5780 2018 5822 cum
2068 5781 2223 5836 miro

1445 356 1503 412 S.
1542 355 1819 413 JOANNIS
1857 353 2331 414 CllliYSOSTOMl
2370 357 2680 419 ARCHIEP.
2726 363 3250 424 CONSTANTlNOP.

3836 375 3952 434 636

2366 475 2590 545 quicum
2621 479 2731 535 Deo
2754 481 2950 538 bellum
2972 487 3124 554 gerit,
3151 486 3509 556 necessarium
3527 504 3648 547 esse
3666 491 3825 563 plane
3846 509 3949 550 su-

2360 565 2556 636 periori
2586 571 2823 639 potentia
2845 572 3001 640 vinci,
3023 589 3088 631 ac
3107 574 3272 632 solius
3307 589 3528 638 conatus
3578 582 3724 638 luere
3751 598 3946 655 ρωποι

2359 655 2568 727 ignorat
2605 676 2784 724 nemo.

2427 749 2482 810 εἰ.
2508 751 2634 806 Cum
2667 753 2771 808 Deo
2795 755 2978 811 bellum
3005 759 3132 828 gerit
3148 759 3234 829 qui
3257 758 3512 834 Hartyrea
3539 773 3754 837 torquet.
3784 765 3938 824 Chri-

2357 839 2510 894 stiani
2533 843 2601 896 ad
2627 846 2832 899 metalla
2857 847 3104 902 damnati.
3125 880 3196 890 —
3223 850 3535 920 iiujusmodi
3568 864 3694 910 sunt
3718 867 3943 912 sancto-

2356 947 2473 986 rum
2507 934 2759 990 victoria.
2789 937 2941 1006 Quod
2980 940 3026 994 si
3051 943 3339 996 certamina
3370 953 3424 999 et
3451 945 3607 1000 luctas
3636 957 3764 1002 sunt
3803 950 3938 1005 adeo

2356 1024 2626 1080 mirabiles
2655 1040 2717 1080 ac
2745 1030 3053 1098 stupendae,
3084 1033 3208 1100 quid
3241 1033 3309 1088 de
3345 1036 3579 1103 praemiis
3614 1037 3938 1105 coronisque

2353 1112 2625 1181 dicemus,
2667 1133 2785 1186 qua:
2814 1119 3047 1188 ipsorum
3081 1122 3375 1178 tolerantiae
3400 1127 3784 1181 reservantur?
3819 1127 3939 1182 Non

2353 1205 2494 1258 enim
2546 1206 2681 1260 intra
2733 1208 2830 1262 ista
2861 1217 3119 1265 tormenta
3162 1214 3548 1281 constiterunt,
3578 1230 3687 1272 nec
3715 1231 3940 1273 cursum

2352 1294 2439 1350 hic
2477 1309 2629 1350 suum
2662 1297 3085 1370 interruperunt;
3122 1302 3216 1357 sed
3256 1303 3475 1359 ulterius
3519 1306 3733 1361 illorum
3761 1322 3939 1363 scam-

2350 1396 2490 1441 mata
2531 1387 2984 1457 protendebantur
3026 1409 3040 1444 :
3081 1392 3223 1462 quod
3258 1393 3530 1463 improbus
3555 1397 3778 1468 quidem
3821 1397 3936 1452 dm-

2351 1491 2474 1530 mun
2502 1479 2806 1534 accessione
2834 1494 3110 1550 pinnarum
3136 1483 3360 1538 athletas
3386 1499 3446 1539 sc
3468 1471 3937 1556 supplantaturum

2348 1580 2625 1638 speraret,
2663 1571 2800 1628 Deus
2824 1580 3003 1627 autem
3029 1573 3286 1643 benignus
3314 1575 3680 1645 permitteret,
3713 1593 3817 1633 nec
3845 1579 3938 1633 im-

2347 1661 2554 1732 pediret
2575 1704 2590 1725 ,
2620 1669 2675 1715 ut
2698 1671 2753 1717 et
2776 1662 3069 1718 inﬁdelium
3091 1663 3292 1719 insania
3323 1665 3654 1722 manifeStiur
3682 1669 3939 1724 omnibus

2347 1761 2664 1822 appareret,
2707 1761 2764 1808 et
2800 1753 3190 1822 splendidiores
3237 1755 3351 1810 istis
3396 1771 3609 1812 corona:
3653 1757 3938 1828 multoque

2348 1840 2524 1910 plures
2552 1850 2910 1898 necterentur.
2939 1843 3006 1898 Et
3031 1845 3478 1914 quemadmodum
3501 1847 3552 1900 in
3577 1845 3715 1904 Jobe
3737 1849 3886 1903 venit
3916 1867 3934 1904 :

2345 1930 2433 1986 hic
2459 1931 2672 2002 quidem
2697 1932 2878 2002 plures
2897 1933 3161 1990 adversus
3185 1950 3306 1991 eum
3335 1950 3524 2008 pinnas
3552 1952 3583 1991 a
3612 1938 3725 1993 Deo
3749 1947 3934 2008 postu-

2344 2021 2516 2088 labat,
2541 2037 2605 2077 ac
2632 2037 2692 2078 se
2725 2010 3433 2082 malomm'accumulatione
3456 2041 3778 2098 generosum
3808 2029 3932 2100 pie.—

2344 2113 2747 2189 tatisathletam
2773 2125 3146 2185 superaturum
3184 2117 3432 2186 sperabat
3464 2136 3478 2172 :
3506 2117 3596 2174 ille
3621 2133 3751 2174 vero
3787 2119 3932 2175 sine»

2343 2203 2453 2272 bat,
2481 2219 2546 2260 ac
2569 2206 2745 2275 pravis
2765 2199 3106 2276 petitionibus
3130 2209 3278 2277 pravi
3296 2208 3556 2264 daemonis
3577 2211 3890 2282 indulgebat
3907 2254 3930 2279 ,

2339 2305 2395 2348 et
2415 2294 2671 2349 athletam
2701 2308 2854 2350 suum
2882 2296 3224 2353 illustriorem
3251 2297 3507 2354 reddebat
3536 2299 3647 2355 :ita
3675 2301 3933 2358 nimirum

2340 2383 2428 2440 hic
2455 2385 2663 2440 accidit.
2683 2381 2984 2458 ‘Postquam
3021 2389 3164 2444 enim
3210 2391 3451 2460 ipsorum
3495 2406 3694 2463 corpus
3739 2396 3934 2463 quavis

2340 2473 2453 2530 fera
2481 2475 2920 2532 crudelius-omni
2950 2493 3014 2532 ex
3049 2488 3200 2548 parte
3227 2480 3482 2552 depastus
3507 2490 3590 2536 est
3616 2491 3674 2537 et
3704 2481 3887 2537 exedit
3909 2520 3929 2537 .

2340 2566 2681 2638 linguamque
2704 2577 2758 2625 et
2787 2584 2848 2625 os
2869 2572 3188 2638 cruentavit,
3219 2573 3428 2629 tametsi
3459 2589 3563 2627 non
3585 2587 3784 2629 cruore
3798 2588 3926 2630 sar.-

2337 2667 2578 2726 ctorum,
2608 2660 2703 2716 sed
2725 2660 3029 2717 inhumanis
3051 2669 3107 2717 et
3133 2663 3439 2718 crudelibus
3467 2664 3572 2720 illis
3600 2665 3886 2720 sententiis
3905 2703 3922 2733 ς

2337 2749 2406 2804 ab
2431 2748 2646 2806 illorum
2680 2752 2931 2821 patientia
2967 2753 3138 2808 victus
3164 2763 3219 2808 et
3249 2753 3539 2809 inhumano
3562 2754 3655 2810 illo
3674 2753 3926 2810 convivio

2335 2838 2535 2895 aifatim
2582 2842 2826 2911 expletus
2871 2852 2925 2898 et
2975 2853 3313 2899 exsaturatus
3358 2845 3636 2900 abscessu.
3682 2848 3763 2900 Ac
3804 2843 3930 2900 vide

2336 2940 2534 3000 quanta
2559 2932 2713 2987 fuerit
2741 2934 2993 3002 patientia
3023 2946 3328 2990 sanctorum
3348 2978 3363 3000 ,
3394 2951 3513 3007 quae
3543 2945 3754 2992 tantum
3779 2937 3927 2991 furo-

2336 3035 2450 3075 rem
2478 3022 2589 3077 suis
2617 3023 2940 3079 cruciatibus
2959 3027 3317 3082 exsatiaverit.
3347 3026 3542 3082 Invasit
3566 3041 3777 3109 rursus,
3799 3042 3926 3083 cum

2337 3110 2516 3167 furore
2541 3123 2809 3169 certamen
2842 3115 3168 3183 instaurans,
3196 3132 3258 3172 ac
3286 3118 3425 3173 feras
3447 3133 3634 3174 omnes
3661 3119 3766 3172 atia
3795 3133 3924 3174 eru-

2336 3203 2554 3260 delitate
2581 3218 2835 3274 superare
2861 3207 3192 3262 contendens
3219 3225 3234 3262 :
3264 3209 3527 3279 siquidem
3564 3209 3669 3264 illa
3717 3221 3926 3267 naturae

2337 3294 2654 3349 necessitate
2682 3295 2924 3365 impulsa
2960 3296 3025 3352 ad
3062 3295 3164 3353 hoc
3201 3300 3502 3354 convivium
3541 3299 3790 3357 feruntur
3813 3343 3829 3366 ,
3866 3312 3925 3357 et

2333 3384 2540 3437 satiate
2569 3384 2844 3452 recedunt,
2873 3394 2928 3441 et
2957 3387 3002 3440 si
3031 3387 3113 3441 vel
3134 3396 3387 3444 sexcenta
3412 3389 3643 3445 viderint
3666 3405 3918 3461 corpora,

2335 3475 2536 3530 nullum
2560 3491 2624 3531 ex
2651 3475 2754 3530 illis
2779 3477 3044 3547 attingunt
3077 3495 3092 3533 :
3118 3477 3205 3534 hic
3226 3493 3355 3534 vero
3375 3494 3442 3535 ex
3468 3481 3632 3535 animi
3654 3484 3922 3552 pravitate

2320 3567 2400 3622 ad
2427 3582 2603 3624 escam
2633 3568 2788 3625 istam
2817 3569 3110 3640 pergebat,
3145 3558 3200 3624 et
3222 3586 3409 3626 eorum
3448 3573 3702 3629 carnibus
3737 3575 3921 3645 exple-

2313 3667 2457 3725 .tus,
2496 3659 2716 3714 alteram
2743 3659 2999 3714 adversus
3020 3661 3139 3714 illos
3164 3660 3464 3716 machinam
3491 3662 3818 3732 fabricatr,
3854 3681 3921 3723 ae

2331 3762 2546 3805 sanctos
2569 3749 2893 3820 longissimae
2915 3751 3384 3822 acerbissimque
3411 3754 3569 3807 morti
3595 3753 3792 3810 addicit
3819 3772 3836 3809 :
3863 3758 3916 3810 in

2333 3841 2562 3898 metallis
2598 3843 2741 3898 enim
2783 3843 2902 3896 illos
2948 3855 3084 3912 opus
3132 3841 3309 3898 facere
3357 3837 3613 3913 perpetuo
3647 3844 3830 3914 jussit.
3871 3845 3920 3902 ο

2331 3929 2618 3986 amentiam
2657 3933 3014 4000 singularem!
3059 3947 3179 3989 cum
3221 3933 3292 3988 ita
3335 3932 3671 3990 manifestum
3707 3938 3921 4004 experi-

2333 4031 2576 4077 mentum
2603 4023 2835 4092 cepisset
2862 4023 3190 4078 fortitudinis
3226 4025 3464 4094 ipsorum
3490 4039 3553 4082 ac
3583 4025 3879 4083 tolerantiae
3897 4068 3917 4092 ,

2335 4115 2437 4170 hac
2475 4116 2677 4170 ratione
2723 4129 2784 4171 se
2831 4125 3202 4186 superaturum
3240 4116 3562 4176 conﬁdebat.
3605 4116 3741 4173 Cum
3787 4117 3920 4175 feris

2335 4203 2492 4274 igitur
2520 4204 2827 4260 habitabant
2855 4207 3064 4273 sancti,
3111 4207 3519 4262 contubernales
3559 4208 3872 4279 angelorum
3895 4249 3914 4277 ,

2333 4310 2396 4350 ac
2442 4298 2692 4351 enatorum
2733 4298 2910 4362 cives,
2951 4306 3005 4352 et
3047 4311 3292 4366 supernae
3328 4297 3622 4354 Jerusalem
3662 4297 3919 4368 deinceps

2334 4386 2584 4456 adscripti
2615 4405 2628 4442 :
2657 4397 2768 4442 tum
2795 4403 2924 4442 vero
2952 4388 3187 4442 sanctius
3220 4397 3335 4442 erat
3359 4397 3543 4458 postea
3570 4389 3759 4459 quavis
3784 4391 3918 4447 urbe

2335 4478 2628 4534 desertum.
2654 4480 2828 4546 Atque
2847 4478 2902 4532 in
2925 4478 3145 4534 urbibus
3173 4478 3387 4548 quidem
3406 4478 3522 4532 haec
3553 4479 3736 4550 iniqua
3761 4488 3816 4536 et
3842 4490 3920 4552 ty-

2333 4575 2547 4627 rannica
2592 4571 2781 4626 diebus
2805 4570 3032 4640 singulis
3059 4571 3308 4625 mandata
3336 4570 3758 4627 conﬁciebantur
3776 4613 3791 4637 ,
3820 4571 3918 4629 de-

2334 4676 2533 4719 tortum
2577 4671 2756 4717 autem
2790 4663 3062 4717 inhumani
3091 4663 3370 4718 ministerii
3400 4664 3542 4718 illius
3577 4663 3920 4721 immunitate

2332 4754 2595 4823 gaudebat
2619 4771 2634 4820 ;
2663 4753 2946 4808 tribunalia
2975 4753 3188 4824 quidem
3230 4753 3389 4823 plena
3419 4752 3639 4808 nefariis
3661 4754 3918 4810 facinori-

2333 4848 2430 4900 bus
2459 4846 2852 4912 redundabant,
2875 4846 3192 4915 injustisque
3221 4844 3484 4899 mandatis
3507 4861 3524 4899 :
3546 4845 3758 4900 deserta
3789 4861 3919 4902 vero

2335 4938 2636 4993 mortalium
2661 4946 2971 4992 cunctorum
2990 4935 3313 5005 justissimos
3339 4935 3484 4993 cives
3510 4934 3801 5000 habebant,
3828 4939 3920 5010 qui

2333 5045 2398 5084 ex
2427 5031 2730 5085 hominibus
2760 5028 2931 5099 angeli
2962 5027 3084 5084 facti
3113 5037 3265 5085 erant
3298 5047 3310 5082 :
3339 5043 3458 5084 cum
3483 5028 3616 5083 calo
3642 5028 3919 5084 desertum

2332 5123 2586 5186 certabat,
2618 5124 2804 5176 saltem
2831 5122 2899 5176 ob
2919 5122 3162 5175 virtutem
3191 5121 3404 5188 civium,
3431 5135 3463 5178 a
3491 5120 3685 5191 quibus
3707 5119 3919 5177 habita-

2335 5213 2507 5268 batur.
2540 5216 2615 5268 Ac
2644 5224 2829 5267 natura
2857 5212 3070 5282 quidem
3104 5227 3201 5268 sua
3229 5213 3540 5283 gravissima
3576 5221 3694 5267 erat
3725 5227 3916 5282 petua,

2333 5307 2424 5360 sed
2453 5308 2518 5360 ab
2538 5323 2722 5362 eorum
2750 5306 3026 5366 alacritate
3054 5308 3238 5371 animi,
3266 5308 3357 5377 qui
3384 5307 3760 5372 decertabant,
3786 5324 3916 5378 prov

2333 5397 2480 5451 clivis
2513 5413 2574 5452 ac
2601 5397 2730 5452 levis
2759 5405 2814 5452 et
2841 5395 3009 5452 facilis
3040 5397 3361 5453 reddebatur
3386 5413 3401 5450 :
3427 5397 3830 5470 multiplicatam
3859 5412 3924 5452 se

2334 5489 2504 5543 lucem
2542 5488 2729 5543 intueri
2757 5496 2882 5546 tunc
2908 5486 3302 5542 arbitrabantur
3319 5527 3334 5552 ,
3363 5496 3418 5541 et
3441 5487 3583 5556 quod
3609 5488 3808 5542 dictum
3835 5498 3922 5542 est

2332 5582 2470 5650 apud
2496 5583 2802 5650 prephetam
2821 5621 2838 5645 ,
2869 5579 3016 5634 Luna
3040 5580 3131 5632 erit
3158 5591 3210 5632 ut
3231 5579 3340 5644 sol,
3366 5578 3626 5636 solantem
3656 5581 3922 5647 septuka

2337 5675 2488 5742 (limi.
2521 5675 2608 5729 50.
2668 5673 2798 5740 26),
2851 5672 2987 5726 hanc
3011 5670 3110 5730 sibi
3137 5671 3389 5741 obtigisse
3439 5670 3609 5724 lucem
3635 5669 3920 5739 putabant.

2337 5766 2451 5823 Non
2477 5766 2617 5821 enim
2645 5773 2750 5834 est,
2778 5781 2882 5821 nou
2911 5771 3012 5832 cst,
3038 5761 3250 5832 inquam
3273 5802 3286 5828 ,
3315 5760 3489 5816 anima
3519 5760 3808 5834 quidquam
3827 5759 3918 5814 hi’
