4182 6322
305 496 736 569 προδαλλόμεντι
763 496 830 552 τὰ
851 495 1099 570 σώματα,
1121 499 1328 571 ταχέως
1355 500 1516 557 αὐτὸν
1539 503 1700 559 ῖλεων
1729 507 1884 578 ποιῆ-

309 596 405 634 σαι
433 581 500 652 τῇ
549 580 722 634 πόλει.
754 580 817 634 El
853 580 964 653 γάρ
991 584 1041 636 οί
1089 581 1158 637 τά
1197 583 1415 654 μεγάλα
1458 587 1886 659 κατωρθωκότες

306 664 405 718 ἐπὶ
440 661 593 736 [700]
627 662 738 716 τῶν
789 663 1071 735 προγόνων
1127 665 1236 720 τῶν
1283 667 1601 740 ἡμετέρων,
1645 670 1888 741 ὀνόματα

306 745 736 824 προϐαλλόμενοι
770 746 941 815 ἀγίων
969 747 1201 820 ἀνδρῶν,
1234 750 1329 804 καὶ
1355 750 1448 804 ἐπὶ
1473 751 1574 823 τὴν
1606 768 1885 824 προσηγο-

310 820 442 899 ρίαν
469 826 718 898 ’Δϐραάμ
765 828 862 883 καὶ
899 829 1085 885 ’ίσαάκ
1127 832 1223 886 καὶ⁸
1283 831 1480 887 Ἰακὼϐ
1511 820 1891 905 καταφεύγοντ

303 926 401 972 τις
419 948 437 974 ,
463 908 655 979 ιτυχόν
682 927 826 974 τινος
853 909 1229 983 παραμυθίας,
1265 914 1360 968 καὶ
1379 916 1623 987 μεγάλην
1651 917 1760 971 ἀπὸ
1783 918 1885 988 τῆς

306 992 535 1063 μνήμης
559 992 671 1046 τῶν
697 994 976 1063 ὀνομάτων
998 994 1206 1050 τούτων
1247 998 1586 1069 ἐκαρποῦντο
1613 999 1714 1072 τὴν
1738 1001 1884 1070 ὠφέ-

302 1072 478 1137 λειαν,
507 1073 688 1145 ⁸τωλλῷ
720 1075 920 1146 μᾶλλον
941 1079 1102 1148 ἡμεῖς
1121 1116 1138 1142 ,
1171 1080 1298 1133 ὅταν
1339 1080 1415 1152 μὴ
1442 1081 1684 1152 ὀνόματα
1720 1082 1884 1153 μόνον

303 1154 733 1226 προϐαλλόμενοι
755 1195 770 1220 ,
804 1157 941 1213 ἀλλά
990 1162 1086 1214 καὶ
1143 1161 1286 1215 αὐτά
1314 1162 1384 1216 τά
1419 1162 1733 1236 ἀθλήσαντα
1777 1164 1886 1219 σώά

307 1255 475 1306 ματα,
511 1239 854 1310 δυνησόμεθα
879 1242 972 1296 τδν
1000 1243 1134 1298 Θεὸν
1158 1244 1316 1301 ἵλεων
1364 1245 1511 1318 ἐχειν
1534 1248 1628 1302 καὶ
1671 1249 1882 1322 ἥμερον

301 1322 400 1374 καὶ
426 1323 691 1393 προσηνῆ.
720 1325 831 1378 Καὶ
859 1327 942 1379 ὅτι
967 1326 1030 1379 οὐ
1063 1328 1274 1398 κόμπος
1301 1330 1370 1384 τά
1390 1331 1522 1404 παρ’
1548 1331 1706 1403 ἡμῶν
1727 1332 1883 1402 λεγό-

305 1420 468 1474 μενα,
497 1405 640 1459 ἴσασι
662 1407 850 1460 πολλοὶ
880 1409 975 1462 καὶ
997 1409 1106 1463 τῶν
1137 1413 1420 1483 ἐγχωρίων
1439 1453 1454 1478 ,
1479 1415 1578 1469 καὶ
1607 1414 1718 1470 τῶν
1759 1415 1880 1473 ἐτέ-

303 1486 478 1556 ρωθεν
505 1487 860 1559 ἐληλυθότων,
887 1492 988 1562 ὅση
1008 1491 1117 1548 τῶν
1144 1485 1312 1563 ἀγίων
1332 1494 1538 1551 τούτων
1568 1498 1604 1568 ὴ
1624 1497 1878 1568 δύναμις,

300 1569 353 1622 οῖ
379 1572 474 1624 καὶ
502 1573 836 1644 μαρτυροῦσι
865 1577 982 1639 τοῖς
1031 1577 1373 1649 λεγομένοις,
1414 1579 1505 1634 διά
1535 1582 1636 1650 τῆς
1681 1581 1880 1652 πείρας

301 1653 474 1724 αὐτῆς
495 1653 761 1724 μαθόντες
786 1657 970 1713 αὐτῶν
991 1658 1095 1731 τὴν
1118 1661 1256 1732 πρὸς
1278 1661 1520 1717 τδνΘεὺν
1541 1662 1877 1735 παρρησίαν

300 1736 400 1817 καὶ
441 1737 585 1805 μάλα
606 1739 848 1804 εἰκότως.
878 1741 954 1796 Οὐ
976 1742 1086 1815 γάρ
1112 1743 1190 1808 ὡς
1209 1743 1400 1815 ἐτυχεν
1432 1744 1578 1816 ὑπὲρ
1604 1745 1706 1817 τῆς
1745 1746 1882 1817 ἀλη-

301 1816 456 1881 θείας
488 1819 826 1888 ἠγωνίσαντο
848 1860 863 1885 ,
888 1823 1004 1878 ἀλλ’
1029 1823 1174 1879 οὕτω
1205 1826 1490 1898 καρτερῶς
1521 1827 1619 1882 xal
1644 1816 1880 1892 εὐτόνως

297 1900 600 1980 ἐνέστησαν
623 1903 762 1972 πρὸς
789 1906 890 1976 τὴν
929 1907 1190 1977 ραγδαίαν
1218 1909 1314 1962 καὶ
1339 1909 1613 1980 ἀφόρητον
1639 1909 1738 1964 τοῦ
1761 1909 1879 1963 δια-

299 1979 460 2038 ϐόλου
487 1983 627 2052 βίαν,
659 1986 736 2052 ὼς
768 1987 829 2040 ἐν
851 1987 1074 2054 λιθίνοις
1109 1991 1204 2044 καὶ
1237 1979 1513 2063 σιδηροῖς,
1540 1991 1655 2046 ἀλλ’
1686 1990 1788 2045 οὐκ
1817 1993 1878 2045 ἐν

299 2065 564 2137 φθαρτοῖς
585 2069 683 2124 καὶ
707 2068 922 2141 θνητοῖς
951 2072 1342 2145 ἀγωνιζόμενοι
1372 2074 1640 2146 σώμασιν,
1669 2073 1745 2138 ὼς
1773 2074 1877 2147 ήδη

299 2148 441 2220 πρὸς
460 2149 560 2219 τὴν
590 2151 780 2222 ἀπαθῆ
828 2154 923 2208 καὶ
958 2155 1224 2211 ἀθάνατον
1277 2159 1640 2229 μεταστάντες
1691 2157 1874 2228 φύσιν,

297 2231 400 2313 τὴν
425 2232 526 2286 οὐκ
547 2233 812 2304 ,εἴκουσαν
861 2240 981 2303 ταῖς
1012 2243 1236 2312 πικραῖς
1294 2241 1388 2296 καὶ
1439 2242 1727 2313 ὀδυνηραῖς
1779 2240 1874 2296 τοῦ

299 2312 552 2385 σώματος
576 2317 864 2385 ἀνάγκαις.
891 2321 1158 2394 Καθάπερ
1185 2323 1294 2395 γάρ
1329 2340 1476 2388 τινες
1505 2312 1688 2396 ἀγριοι
1712 2325 1876 2396 θῆρες

297 2398 394 2453 καὶ
414 2398 556 2469 ὠμοὶ
585 2401 680 2454 καὶ
701 2402 966 2474 ἀνήμεροι
995 2407 1064 2460 τὰ
1085 2407 1315 2478 σώματα
1340 2405 1718 2472 κυκλώσαντες
1739 2425 1876 2463 παν-

295 2480 524 2552 ταχόθεν
554 2484 604 2535 οί
642 2483 826 2554 δήμιοι
859 2485 1152 2558 διώρυττον
1189 2490 1290 2554 τάς
1318 2489 1560 2560 πλευρὰς
1578 2531 1593 2556 ,
1622 2492 1877 2557 κατέξαι-

296 2579 392 2647 νον
446 2563 547 2629 τάς
607 2567 816 2638 σάρκας
843 2609 861 2632 ,
929 2571 1296 2638 ἐξεκάλυπτον
1371 2574 1508 2628 ὀστᾶ
1574 2575 1669 2628 καὶ
1726 2593 1874 2647 παρ-

297 2645 587 2718 εγύμνουν,
609 2651 704 2704 κσίι
728 2651 881 2704 οὐδὲν
899 2654 1098 2718 αὐτοὺς
1120 2655 1221 2725 τῆς
1248 2654 1532 2729 ὠμότητος
1561 2658 1742 2729 ἵστησι
1779 2645 1874 2714 καὶ

295 2731 398 2801 τῆς
418 2730 815 2815 ἀπανθρωπίας
848 2736 1064 2808 ἐκείνης
1083 2755 1097 2769 ο
1132 2739 1270 2792 ἀλλά
1302 2740 1398 2794 καὶ
1447 2741 1631 2796 νώτων
1658 2743 1875 2815 ἁψάμε-

297 2830 383 2867 νοι
415 2814 511 2868 κα)⁸
541 2816 885 2887 σπλάγχνων,
911 2821 1008 2873 καὶ
1036 2822 1117 2886 είς
1141 2821 1212 2875 τά
1238 2823 1494 2879 ἐνδότατα
1517 2814 1871 2893 είσελθόντες,

295 2897 390 2981 τὸν
443 2900 862 2970 ἐναποκείμενον
908 2903 1093 2966 αὐτοῖς
1135 2905 1234 2974 τῆς
1295 2907 1532 2971 πίστεως
1570 2910 1667 2980 οὐχ
1715 2903 1874 2981 εὗρον

298 2980 528 3052 συλῆσαι
553 2982 842 3055 θησαυρὸν,
875 2985 1012 3039 ἀλλά
1043 2989 1236 3042 ταυτὸν
1259 2989 1479 3055 ἔπαθον,
1511 2987 1621 3046 οἷον
1648 2994 1702 3046 εί
1728 2980 1874 3058 τινες

296 3064 454 3118 πόλιν
471 3063 910 3137 ,βασιλικωτάτην
927 3109 943 3134 ,
968 3071 1063 3122 καὶ⁵
1093 3070 1288 3123 πολλοῦ
1317 3072 1590 3143 γέμουσαν
1618 3075 1870 3143 πλούτου,

297 3147 395 3206 καὶ
429 3148 648 3212 ίκανοὺς
671 3149 900 3219 ἔχουσαν
949 3151 1260 3224 θησαυροὺς
1292 3155 1704 3227 πολιορκοῦντες
1731 3201 1746 3225 ,
1779 3163 1876 3216 καὶ

296 3230 616 3295 καθελόντες
657 3232 829 3303 αὐτῆς
856 3232 926 3287 τά
967 3234 1122 3304 τείχη
1143 3274 1161 3300 ,
1199 3236 1293 3289 καὶ
1327 3239 1464 3308 πρὸς
1509 3241 1650 3294 αὐτὰ
1680 3243 1750 3296 τά
1776 3260 1876 3298 τα·-

298 3317 453 3397 μιεῖα
497 3313 608 3368 τῶν
636 3315 936 3386 χρημάτων
966 3316 1214 3381 ἐλθόντες
1233 3357 1248 3383 ,
1287 3321 1645 3392 ἀνατρέψαιεν
1682 3324 1869 3397 θύρας,

297 3396 578 3457 καθέλοιεν
616 3397 879 3468 μοχλοὺς,
911 3398 1229 3470 ἀνορύξαιεν
1281 3401 1474 3472 ἔδαφος
1494 3446 1510 3472 ,
1570 3396 1762 3462 πάντα
1793 3408 1876 3464 δι-

293 3479 841 3563 ερευνησάμενοι,μὴ
862 3481 1137 3552 δυνηθεῖεν
1159 3483 1250 3536 τὸν
1273 3483 1501 3540 πλοῦτον
1515 3487 1682 3560 αὐτῆς
1693 3491 1875 3563 ἀφαρ-

295 3563 572 3625 πάσαντες
601 3562 876 3619 ἀπελθεῖν.
908 3563 1146 3618 Τοιαῦτα
1170 3566 1279 3636 γάρ
1318 3567 1436 3622 ἐστι
1476 3570 1577 3640 τῆς
1602 3571 1779 3644 ψυχῆς
1806 3562 1876 3630 τά

295 3646 552 3721 κτήματα
567 3663 582 3676 ·
613 3646 674 3699 οὐ
708 3645 1012 3716 προδίδοται
1043 3650 1154 3710 τοῖς
1202 3648 1298 3708 τοῦ
1340 3649 1590 3720 σώματος
1624 3655 1873 3725 πάθεσιν,

292 3726 424 3782 ὅταν
468 3726 609 3782 αὐτά
634 3729 842 3800 κατέχῃ
877 3727 1018 3798 μετά
1053 3730 1349 3798 ἀσφαλείας
1373 3773 1388 3798 ,
1419 3734 1557 3788 ἀλλά
1605 3737 1711 3791 κᾶν
1736 3739 1878 3793 αὐτά

293 3827 382 3895 τις
410 3810 692 3895 ἀναρρήξῃ
723 3825 750 3895 ο
781 3812 849 3864 τά
874 3811 1092 3882 στέρνα,
1121 3813 1215 3866 καὶ
1238 3815 1380 3868 κατά
1413 3818 1606 3888 μικρὸν
1625 3821 1726 3891 τὴν
1747 3840 1878 3895 καρ-

292 3893 416 3948 δίαν
442 3894 604 3978 διέλοι
625 3894 829 3960 λαϐὼν,
850 3895 910 3947 οὐ
939 3896 1238 3966 προήσεται
1265 3897 1357 3951 τὸν
1382 3899 1527 3966 ἀπαξ
1553 3904 1692 3976 αὐτῇ
1723 3893 1875 3978 παρά

292 3977 397 4060 τῆς
686 3977 1119 4048 ἐμπιστευθέντα
1149 3979 1444 4052 θησαυρόν.
1480 3985 1650 4040 Τοῦτο
1681 3987 1740 4042 δέ
1773 3977 1876 4060 τῆς

292 4058 394 4112 τοῦ
421 4058 555 4113 Θεοῦ
606 4060 829 4132 χάριτος
869 4062 1060 4130 γέγονε
1092 4063 1191 4134 τῆς
1222 4066 1399 4136 πάντα
1448 4058 1871 4142 οίκονομούσηςή,

294 4143 393 4199 καὶ
427 4143 488 4194 ἐν
525 4143 810 4198 ἀσθενοῦσι
843 4143 1057 4215 σώμασι
1089 4146 1394 4219 δυναμένης
1441 4153 1717 4222 παράδοξα
1749 4157 1872 4210 ἐπιε-

292 4224 488 4280 τελεῖν.
522 4227 633 4305 ῖίαὶ
653 4226 714 4279 τὸ
744 4227 810 4298 δὴ
838 4228 1310 4298 θαυμαστότερον⁹
1346 4233 1408 4290 οὐ
1450 4235 1559 4305 γὰρ
1595 4237 1754 4305 μόνον
1781 4239 1873 4293 οὐ-

291 4306 386 4365 δὲν
412 4301 691 4394 ὑφείλοντο
734 4309 968 4364 τοσαῦτα
999 4313 1260 4382 μανέντες
1307 4314 1414 4368 τῶν
1437 4301 1872 4391 ἐναποκειμενων

295 4392 480 4477 αὐτοῖς
496 4381 818 4477 θησαυρῶν,
841 4394 978 4477 ἀλλά
1000 4395 1094 4452 καὶ
1118 4397 1258 4466 μετά
1287 4398 1526 4465 πλείονος
1552 4381 1748 4468 αὐτοῦς
1772 4410 1872 4477 τῆς

293 4474 596 4543 ἀσφαλείας
625 4475 986 4546 φυλάττεσθαι
1025 4478 1316 4549 ἐποίησαν,
1367 4481 1780 4557 λαμπροτέρους
1809 4474 1868 4544 τε

293 4558 490 4648 αὐτοὺς
539 4560 634 4648 καὶ
667 4560 1077 4648 εὐπορωτέρους
1119 4565 1462 4648 εἰργάσαντο.
1496 4569 1611 4623 Οὐκ
1641 4571 1720 4624 ἔτι
1761 4573 1868 4648 γάρ

293 4639 497 4726 ψυχὴ
531 4642 687 4726 μόνη,
713 4642 849 4694 ἀλλά
895 4644 988 4696 καὶ
1020 4645 1152 4698 αὐτὸ
1183 4647 1245 4698 τὸ
1275 4648 1433 4720 σῶμα
1465 4650 1712 4718 πλείονος
1739 4639 1868 4726 μέιέ.

293 4722 455 4810 έλαϐε
512 4723 613 4810 τῆς
639 4727 861 4810 χάριτος
885 4766 899 4789 ,
932 4727 1028 4810 καὶ
1059 4729 1120 4780 οὐ
1159 4730 1318 4799 μόνον
1345 4733 1445 4785 οὐκ
1478 4722 1771 4804 ἀπέϐαλεν,
1803 4740 1869 4810 ἥν

289 4800 431 4875 εἶχε,
468 4807 606 4875 μετά
629 4806 691 4858 τὸ
720 4807 1080 4880 διατμηθῆναι
1113 4813 1206 4864 καὶ
1243 4815 1622 4886 κατακοπῆναι
1670 4800 1870 4876 πολλά-

291 4904 382 4951 κις
405 4927 420 4951 ,
621 4889 717 4974 καί
750 4891 1098 4944 ἐπεσπάσατο
1144 4893 1365 4950 πλείονα
1409 4899 1502 4951 καὶ
1558 4902 1728 4970 μείζω
1771 4904 1869 4974 τὴν

291 4973 489 5045 ῥοπήν.
518 4972 584 5024 Τί
614 4971 818 5040 ταύτης
847 4973 1044 5040 γένοιτ’
1075 4976 1142 5029 ἂν
1171 4977 1271 5046 τῆς
1301 4980 1459 5050 νίκης
1496 4971 1869 5054 θαυμαστότεο⁸

293 5071 421 5137 ρον,
470 5055 552 5108 ὅτι
599 5054 694 5119 οὒς
727 5059 978 5128 κατεῖχον
1010 5061 1106 5112 καὶ
1153 5056 1298 5130 εἶχον
1339 5063 1681 5137 ὑποχειρίους
1705 5108 1720 5131 ,
1775 5073 1868 5125 καὶ

287 5135 552 5223 δήσαντες
571 5137 779 5223 ἔξαινον
811 5140 947 5209 μετά
973 5141 1219 5207 ἐξουσίας
1235 5186 1250 5206 ,
1276 5145 1498 5211 τούτους
1525 5135 1740 5223 νικῆσαι
1767 5155 1866 5209 οὐκ

290 5217 556 5288 ισχυσαν,
599 5221 712 5275 ἀλλ’
762 5224 867 5278 ὑπὸ
907 5224 1111 5277 τούτων
1142 5225 1287 5299 [τοι]
1331 5231 1570 5301 ἡττῶντο
1621 5217 1866 5300 ἐλεεινῶς

290 5301 387 5353 καὶ
418 5301 617 5366 ἀθλίως
643 5322 657 5369 ;
690 5307 764 5358 Οὐ
794 5308 901 5378 γάρ
931 5308 1069 5378 πρὸς
1114 5310 1311 5375 αὐτοὺς
1361 5312 1660 5384 ἐπολέμουν
1683 5358 1698 5383 ,
1729 5319 1866 5373 ἀλλά

286 5385 428 5470 πρδς
479 5386 568 5470 τὸν
599 5387 804 5441 ἐνοικον
850 5391 1029 5444 αὐτῶν
1062 5393 1192 5446 Θεόν
1219 5407 1234 5421 ·
1285 5394 1378 5450 τὸν
1426 5396 1482 5450 δὲ
1535 5399 1653 5470 Θεῷ
1709 5403 1866 5456 πολε-

291 5455 500 5536 μοῦντα
526 5469 610 5557 δτι
640 5471 789 5557 πᾼᾶςσα
818 5472 1032 5557 ἀνάγκη
1077 5476 1216 5544 μετά
1243 5477 1444 5549 πολλῆς
1475 5455 1737 5551 ἡττᾶσθαι
1764 5487 1865 5557 τῆς

286 5550 824 5643 περιουσίαςΙῌδίΔκην
873 5555 1080 5612 διδόντα
1123 5561 1221 5631 τῆς
1249 5550 1642 5637 ἐπιχειρήσεως
1669 5550 1860 5643 μόνης,

285 5632 451 5687 παντί
474 5648 578 5686 που
603 5635 760 5706 δῆλόν
792 5638 928 5692 ἐστι.

351 5797 378 5828 ⁸
404 5797 547 5870 Regii
572 5803 657 5852 κᾶν
684 5805 806 5866 μέσα
828 5806 1076 5878 ἀναρρήξῃ.

1443 389 1510 447 ῐΝ
1541 383 1924 452 ΜΑΙίΤῖῙὶΕὸ
1958 393 2344 458 ΞΟΥΡΤΙΟΞ.

3456 411 3563 471 ϐθϐ

2041 510 2130 582 οβ’.
2147 513 2406 568 Τοιαῦται
2421 515 2527 570 τῶν
2540 515 2712 587 ἀγίων
2725 517 2783 572 al
2797 519 2962 576 νῖκαι.
2975 519 3039 574 El
3052 518 3109 575 δέ
3123 518 3195 574 τά
3208 519 3567 594 ἀγωνίσματα

1984 600 2082 654 καὶ
2100 605 2171 657 τά
2191 603 2548 677 παλαίσματα
2576 605 2717 662 οὕτω
2746 607 3035 680 θαυμαστά
3059 609 3154 664 καὶ
3180 610 3483 682 παράδοξα,
3508 613 3566 667 τί

1984 689 2053 745 ἀν
2083 693 2332 766 εῖποιμεν
2380 697 2512 768 περὶ
2561 696 2672 754 τῶν
2703 699 2956 773 ἐπάθλων
3003 701 3098 755 καὶ
3141 701 3424 772 στεφάνων
3453 702 3567 760 τῶν

1986 782 2127 855 ὑπὲρ
2157 787 2260 858 τῆς
2285 786 2468 841 αὐτῶν
2489 790 2786 861 καρτερίας
2811 789 3194 863 ἀποκειμένων
3231 792 3452 859 αὐτοῖςς
3485 795 3564 849 Οὐ

1983 875 2094 948 γάρ
2115 877 2182 949 δὴ
2230 879 2396 952 μέχρι
2444 879 2554 935 τῶν
2592 882 2841 952 βασάνων
2889 882 3093 936 τούτων
3125 882 3364 955 ἔστησαν
3390 922 3408 950 ,
3440 884 3565 939 οὐδὲ

1982 966 2219 1023 ἐνταῦθα
2247 969 2338 1024 τδν
2363 970 2564 1043 δρόμον
2592 973 2893 1027 κατέλυσαν
2911 1013 2927 1041 ,
2965 972 3104 1028 ἀλλά
3147 975 3462 1047 περαιτέρω
3491 975 3564 1031 τά

1983 1059 2287 1133 σκάμματα
2317 1061 2500 1128 αὐτοῖς
2527 1063 2822 1131 ἐξετείνετο
2844 1105 2860 1132 ,
2911 1063 3007 1119 τοῦ
3041 1065 3143 1137 μὶν
3175 1064 3415 1138 πονηροῦ
3445 1067 3566 1122 δαί-

1985 1166 2147 1221 μονος
2171 1153 2261 1223 ,τῇ
2298 1139 2581 1227 προσθήκη
2634 1152 2744 1209 τῶν
2797 1155 3080 1227 τιμωριῶν
3136 1156 3563 1228 προσδοκοῦντος

1981 1241 2357 1308 ὑποσκελίζειν
2412 1244 2540 1309 τοὺς
2601 1243 2876 1315 ἀθλητάς,
2928 1246 3024 1300 τοῦ
3061 1247 3120 1301 δέ
3175 1246 3561 1317 φιλανθρώπου

1979 1329 2116 1409 Θεοῦ
2147 1331 2551 1407 συγχωροῦντος
2580 1334 2676 1389 καὶ
2704 1334 2765 1387 οὐ
2798 1333 3102 1401 κωλύοντος
3124 1353 3139 1369 ο
3169 1336 3313 1391 ὥστε
3345 1336 3440 1391 καὶ
3460 1336 3563 1409 τὴν

1980 1419 2088 1476 τῶν
2124 1413 2370 1478 ἀπίστων
2423 1427 2621 1494 μανίαν
2664 1429 3002 1501 σαφεστέραν
3045 1431 3215 1485 πᾶσιν
3243 1427 3559 1501 ἐπιδειχθῆ-

1980 1530 2087 1578 ναιο
2112 1515 2206 1568 καὶ
2229 1515 2440 1581 τούτοις
2467 1516 2881 1592 λαμπροτέρους
2911 1521 3008 1576 καὶ
3037 1519 3256 1585 πλείους
3285 1518 3560 1591 πλακῆναι

1978 1604 2106 1667 τοὺς
2129 1605 2444 1674 στεφάνους.
2473 1607 2583 1662 Kal
2628 1609 2880 1683 καθάπερ
2921 1612 3014 1666 ἐπὶ
3051 1609 3147 1666 τοῦ
3184 1609 3306 1665 Ἰὼϐ
3334 1609 3559 1680 γέγονεν

1978 1694 2075 1748 καὶ
2115 1695 2209 1749 τοῦ
2254 1695 2499 1752 διαϐόλου
2516 1714 2542 1730 α
2570 1701 2600 1754 ό
2651 1701 2750 1772 μὲν
2801 1702 3018 1765 πλείους
3063 1702 3186 1775 ᾔτει
3235 1701 3355 1756 κατ’
3387 1698 3556 1755 αὐτοῦ

1977 1786 2131 1858 παρά
2179 1786 2275 1864 τοῦ
2326 1787 2463 1842 Θεοῦ
2512 1792 2817 1864 τιμωρίας,
2849 1791 3166 1864 προσδοκῶν
3203 1789 3558 1863 περιέσεσθαι

1976 1878 2043 1948 τῇ
2081 1863 2370 1954 προσθήκῃ
2405 1879 2514 1934 τῶν
2539 1880 2726 1936 δεινῶν
2753 1884 2848 1938 τοῦ
2869 1863 3119 1954 γενναίου
3143 1883 3245 1954 τῆς
3271 1882 3557 1945 εὐσεϐείας

1974 1969 2239 2040 ἀθλητοῦ·
2271 1970 2301 2023 ό
2331 1970 2388 2024 δέ
2413 1970 2705 2045 συνεχώρει
2727 2013 2743 2039 ,
2776 1975 2871 2029 καὶ
2895 1973 3186 2046 ἐχαρίζετο
3226 1977 3347 2038 ταῖς
3383 1990 3555 2045 πονην

1979 2063 2098 2131 ραῖς
2127 2062 2376 2133 αίτήσεσι
2400 2062 2496 2118 τοῦ
2532 2065 2770 2139 πονηροῦ
2800 2065 3053 2137 δαίμονος
3078 2104 3093 2132 ,
3127 2066 3558 2137 ἐπιφανέστερον

1973 2151 2068 2206 τὸν
2096 2152 2262 2208 αὑτοῦ
2284 2155 2453 2210 ποιῶν
2483 2155 2754 2228 ἀθλητήν
2787 2156 2928 2211 οὑτω
2954 2156 3020 2235 δῂ
3048 2156 3144 2212 καὶ
3171 2156 3408 2212 ἐνταῦθα
3433 2154 3558 2226 ἐγό-

1973 2264 2116 2304 νετο.
2159 2249 2380 2321 Ἐπειδὴ
2423 2249 2530 2322 γάρ
2580 2248 2771 2320 θηρίου
2810 2250 3009 2315 παντὸς
3056 2250 3440 2323 χαλεπώτερον
3491 2250 3560 2304 τὸ

1976 2339 2138 2412 σῶμα
2163 2339 2341 2395 αὐτῶν
2365 2341 2702 2411 πανταχόθεν
2730 2343 3120 2414 διεμασήσατο,
3141 2342 3237 2396 καὶ
3259 2342 3359 2414 τὴν
3380 2341 3557 2410 γλῶτ-

1973 2448 2074 2485 ταν
2105 2431 2198 2486 καὶ
2221 2433 2283 2485 τδ
2308 2433 2484 2504 στόμα
2503 2431 2735 2505 ᾕμαξεν,
2765 2434 2815 2486 εί
2843 2432 2939 2486 καὶ
2967 2433 3043 2503 μὴ
3076 2435 3190 2496 τοῖς
3219 2431 3414 2500 αἵμασι
3441 2431 3556 2486 τῶι

1973 2522 2145 2591 ἁγίων
2171 2561 2188 2588 ,
2221 2523 2356 2577 ἀλλά
2402 2525 2520 2587 ταῖς
2561 2520 2950 2594 ἀπανθρώποις
3001 2523 3098 2576 καὶ
3140 2521 3322 2594 ὠμαῖς
3352 2521 3556 2594 ψήφοις

1972 2615 2239 2680 ἐκείναις,
2273 2614 2526 2686 ἡττηθεὶς
2557 2615 2664 2670 ὑπὸ
2710 2617 2811 2686 τῆς
2857 2615 3154 2688 καρτερίας
3197 2616 3408 2682 αὐτῶν,
3460 2615 3556 2668 καὶ

1974 2707 2305 2777 ἐμφορηθεὶς
2336 2707 2537 2771 ίκανῶς
2561 2708 2660 2778 τῆς
2689 2708 3062 2780 ἀπανθρώπου
3097 2708 3280 2778 θοίνης
3304 2709 3552 2780 ἐκείνης,

1973 2799 2067 2851 καὶ
2095 2800 2256 2871 κόρον
2286 2799 2466 2855 λαϐὼν
2491 2801 2752 2872 ἀπῆλθεν.
2766 2802 2909 2873 Ὅρα
2936 2801 3046 2873 γάρ
3079 2802 3222 2872 πόση
3253 2801 3360 2854 τῶν
3382 2802 3556 2870 άγίων

1972 2894 2007 2963 ἡ
2037 2892 2318 2963 ὑπομονὴ,
2347 2891 2382 2963 ἢ
2406 2891 2672 2964 τοσαύτην
2702 2894 2906 2964 μανίαν
2927 2896 3042 2956 τοῖς
3077 2894 3300 2958 οίκείοις
3328 2892 3555 2962 ἐκόρεσσ

1973 2983 2220 3039 πάθεσιν.
2269 2981 2456 3053 Ἐπῄει
2511 2985 2673 3042 πάλιν
2719 2984 3192 3056 ἐπαγωνιζόμενος
3233 2985 3301 3054 τῇ
3362 2982 3553 3053 μανία,

1975 3077 2276 3133 καῖπάντα
2330 3077 2400 3133 τά
2447 3079 2611 3152 θηρία
2655 3079 2723 3132 δι’
2757 3076 2923 3147 ἀλλης
2958 3075 3242 3146 ὠμότητος
3265 3073 3555 3144 ἐκνικῆσαι

1977 3166 2313 3236 φιλονεικῶν.
2354 3167 2564 3225 Ἐκεῖνα
2597 3167 2706 3240 γὰρ
2738 3165 2952 3236 ἀνάγκη
3000 3163 3217 3234 φύσεως
3271 3163 3407 3235 πρὸς
3453 3165 3557 3234 τὴν

1977 3261 2160 3332 θοίνην
2197 3261 2414 3334 ἔρχεται
2448 3261 2673 3332 ταύτην,
2710 3259 2805 3313 καὶ
2837 3258 3165 3331 κορεσθέντα
3197 3257 3418 3322 ἄπεισι,
3448 3257 3556 3311 κάν

1980 3353 2148 3427 μυρία
2176 3353 2259 3425 ι’δῃ
2290 3353 2518 3425 σώματα
2538 3390 2554 3418 ,
2587 3350 2804 3414 οὐδενὸς
2830 3349 3052 3404 ἐκείνων
3081 3349 3417 3418 ἐφάπτεταιο
3460 3343 3554 3403 οὗ-

1975 3461 2068 3508 τος
2093 3444 2151 3497 δὲ
2179 3445 2274 3498 καὶ
2303 3443 2537 3514 πονηρίᾳ
2583 3441 2956 3514 προαιρέσεως
2981 3440 3075 3493 ἐπὶ
3110 3439 3212 3510 τὴν
3244 3438 3412 3512 βοράν
3455 3439 3554 3510 ᾔει

1975 3536 2178 3606 ταύτην
2196 3575 2212 3601 ,
2242 3536 2338 3589 καὶ
2369 3535 2478 3588 τῶν
2509 3533 2729 3606 σαρκῶν
2751 3532 2929 3586 αὐτῶν
2962 3532 3327 3606 ἐμπλησθεὶς,
3359 3533 3556 3602 ἐτέραν

1976 3627 2164 3682 πλέκει
2212 3629 2332 3681 κατ’
2383 3626 2560 3682 αὐτῶν
2587 3626 2833 3698 μηχανὴν
2852 3666 2869 3694 ,
2911 3625 3239 3698 μακροτάτω
3268 3625 3364 3679 καὶ
3388 3624 3553 3695 χαλε-

1975 3719 2210 3790 πωτάτῳ
2241 3718 2454 3790 θανάτῳ
2499 3719 2627 3782 τοὺς
2664 3718 2853 3786 ἁγίους
2905 3717 3186 3789 παραδούς
3206 3733 3222 3750 ο
3249 3716 3552 3787 προσέταξε

1973 3811 2080 3882 γάρ
2113 3797 2171 3864 ἐν
2208 3813 2321 3874 τοῖς
2353 3809 2633 3879 μετάλλοις
2683 3810 2880 3872 αὐτοὺς
2905 3806 3236 3880 ἐργάζεσθαι
3262 3807 3549 3878 διηνεκῶς.

1978 3900 2042 3951 Ὢ
2081 3899 2181 3968 τῆς
2211 3897 2468 3960 ἀπονοίας
2493 3898 2506 3950 ι
2563 3898 2760 3967 πεῖραν
2790 3894 2932 3949 οὕτω
2958 3895 3107 3966 σαφῆ
3133 3893 3312 3948 λαϐὼν
3331 3894 3432 3963 τῆς
3457 3895 3552 3947 ἀν-

1972 3990 2154 4062 δρείας
2179 3989 2378 4054 αὐτῶν,
2403 3987 2614 4058 καὶτῆς
2639 3986 2950 4057 ὑπομονῆς,
2976 3987 3151 4059 ταύτῃ
3179 3985 3550 4057 προσεδόκησε

1973 4081 2342 4154 περιέσεσθαι.
2372 4079 2483 4134 Kal
2528 4078 2593 4150 δὴ
2629 4078 2839 4150 θηρίοις
2874 4077 3148 4147 συνῴκουν
3189 4076 3427 4144 οίιᾶγιοι
3450 4118 3468 4143 ,
3499 4078 3551 4130 οῖ

1971 4175 2080 4228 τῶν
2103 4173 2348 4242 ἀγγέλων
2371 4171 2628 4233 σύνοικοι,
2655 4172 2748 4224 καὶ
2778 4170 2886 4224 τῶν
2915 4167 3160 4240 οὐρανῶν
3188 4168 3422 4233 πολῖται,
3455 4172 3553 4224 καὶ

1973 4269 2052 4331 είς
2076 4266 2179 4336 τὴν
2216 4265 2327 4319 ἄνω
2357 4263 2541 4317 λοιπὸν
2581 4262 2886 4332 γραφέντες
2929 4260 3284 4332 Ἰερουσαλὴμ
3309 4299 3326 4326 ,
3361 4262 3456 4317 καὶ
3481 4257 3552 4334 ἦν

1975 4359 2156 4428 πάσης
2198 4356 2405 4418 πόλεως
2432 4354 2617 4408 λοιπὸν
2646 4356 2680 4424 ή
2730 4353 2933 4424 ἔρημος
2977 4352 3274 4422 ἀγιωτέρα.
3320 4353 3408 4407 Ἐν
3449 4353 3552 4424 μὲν

1971 4451 2081 4520 γὰρ
2110 4450 2230 4512 ταῖς
2275 4447 2462 4499 πόλεσι
2512 4445 2580 4499 τά
2607 4445 2901 4515 παράνομα
2930 4443 3105 4502 ταῦτα
3134 4445 3228 4498 καὶ
3253 4445 3551 4516 τυραννικά

1971 4538 2234 4608 ἐτολμάτο
2287 4535 2408 4590 καθ’
2462 4534 2699 4601 ἑκάστην
2744 4533 2954 4603 ἡμέραν
2993 4532 3348 4602 ἐπιτάγματα
3375 4549 3390 4564 ο
3423 4533 3458 4602 ἡ
3489 4531 3551 4585 δὲ

1971 4631 2176 4702 ἔρημος
2214 4629 2460 4682 ἀτέλειαν
2494 4622 2607 4696 εἶχε
2635 4627 2732 4696 τῆς
2765 4623 3135 4695 ἀπανθρώπου
3164 4623 3507 4694 λειτουργίας
3529 4641 3545 4656 α

1971 4722 2157 4777 καὶτὰ
2185 4721 2283 4780 μέν
2325 4718 2652 4788 δικαστήρια
2696 4717 2917 4780 ἀνοσίας
2969 4716 3220 4787 πράξεως
3250 4715 3419 4786 ἔγεμε
3453 4716 3549 4768 καὶ

1969 4816 2224 4885 ἀθέσμων
2255 4812 2644 4881 ἐπιταγμάτων
2666 4824 2682 4839 ⁸
2721 4811 2778 4862 αἱ
2807 4809 2865 4862 δέ
2901 4809 3129 4879 ἐρημίαι
3177 4810 3303 4872 τοὺς
3331 4809 3550 4862 πάντων

1968 4905 2270 4978 ἀνθρώπων
2299 4903 2704 4975 εὐνοξιωτέρους
2749 4897 2894 4971 εἶχον
2924 4900 3146 4963 πολίτας
3170 4940 3184 4964 ,
3212 4900 3340 4963 τοὺς
3363 4898 3425 4964 ἐξ
3451 4902 3549 4954 ἀν-

1969 4985 2201 5068 θρώπων
2226 4993 2488 5064 ἀγγέλους
2514 4992 2914 5064 γεγενημένους
2933 5031 2948 5056 ,
2980 4993 3076 5048 καὶ
3105 4993 3244 5064 πρὸς
3272 4992 3364 5046 τὸν
3386 4993 3445 5044 οὐ
3456 5009 3551 5062 9a-

1968 5088 2057 5142 νὸν
2092 5089 2124 5157 ἡ
2176 5085 2382 5158 ἔρημος
2436 5083 2735 5155 ἡμιλλᾶτο,
2769 5083 2830 5135 τό
2876 5099 2939 5151 γε
2970 5083 3035 5137 ἐκ
3062 5081 3162 5151 τῆς
3206 5081 3408 5152 ἀρετῆς
3439 5082 3550 5136 τῶν

1967 5177 2257 5236 οἰκούντων
2279 5175 2530 5228 πολιτῶν.
2559 5175 2670 5228 Kal
2701 5173 2859 5244 φύσει
2885 5173 2983 5244 μὲν
3015 5168 3082 5244 ἦν
3121 5175 3154 5243 ή
3179 5174 3421 5244 τιμωρία
3451 5191 3548 5245 χαο

1966 5268 2286 5338 λεπωτάτη,
2313 5269 2380 5339 τῇ
2420 5267 2476 5319 δὲ
2515 5265 2797 5336 προθυμίᾳ
2828 5266 2936 5318 τὼν
2981 5257 3398 5335 ἀγωνιζομένων
3425 5266 3547 5332 ἐγέο

1966 5378 2087 5413 νετο
2123 5359 2281 5431 ῥᾳδία
2331 5360 2428 5413 καὶ
2478 5357 2653 5430 κούφη
2713 5357 2807 5410 καὶ
2839 5357 3091 5428 εὔπορος.
3137 5356 3546 5411 Πολλαπλάσιον

1965 5451 2087 5504 τότε
2115 5447 2363 5519 ἐνόμιζον
2396 5449 2526 5518 ὁρᾷν
2569 5446 2631 5499 τὺ
2660 5447 2808 5515 φῶς,
2840 5447 2934 5500 καὶ
2961 5445 3023 5499 τὸ
3060 5446 3348 5516 εἰρημένον
3392 5445 3545 5516 παρὰ

1963 5541 2042 5611 τῷ
2058 5539 2206 5611 [702]
2233 5539 2512 5609 προφήτῃ,
2540 5538 2622 5590 ὅτι
2645 5538 2712 5591 Ἡ
2740 5536 2974 5604 σελήνη
3000 5537 3169 5590 ἔσται
3195 5537 3274 5602 ὡς
3295 5539 3327 5589 ό
3349 5535 3543 5603 ἣλιος,

1965 5635 1997 5685 ό
2023 5631 2091 5683 δὲ
2122 5630 2290 5698 ἣλιος
2319 5628 2767 5692 ὲπταπλασίων,
2785 5629 2943 5682 τοῦτο
2956 5627 3315 5697 ἀπειληφέναι
3330 5627 3392 5679 τὸ
3425 5626 3544 5696 φῶς

1964 5723 2063 5792 ἢδη
2102 5719 2368 5792 ἐνόμιζον.
2403 5719 2478 5773 Οὐ
2504 5718 2612 5790 γάρ
2638 5719 2806 5786 ἐστιν,
2833 5719 2932 5773 οὐκ
2959 5719 3075 5772 ἐστι
3106 5719 3284 5789 ψυχῆς
3309 5717 3543 5784 εὐθυμό⁴

1968 5830 2124 5881 τερον
2174 5811 2603 5885 καταξιουμένης
2659 5812 2797 5886 ὑπὲρ
2842 5811 3078 5884 Χριστοῦ
3118 5811 3309 5867 παθεῖν
3348 5805 3543 5864 τιτῶν
