4182 6322
664 377 765 439 Q97

661 488 847 544 δεινῶν
896 484 989 538 καὶ
1035 483 1323 554 ἀφορήτων
1361 480 1498 538 εἶναι
1543 483 1841 539 δοκούντων
1890 485 2038 553 ἡμῖν.
2091 481 2227 551 Ἤδη

662 570 800 641 πρὸς
827 567 918 637 τδν
959 564 1187 621 οὐρανὸν
1233 564 1552 625 μεθεστάναι
1599 567 1694 619 καὶ
1727 567 1843 636 μετ’
1873 564 2115 633 ἀγγέλων
2147 580 2232 633 χο·

667 652 844 723 ρεύειν
875 648 1144 719 ἐνόμιζον.
1172 647 1238 699 Τί
1265 648 1374 718 γάρ
1417 647 1621 723 μᾶλλον
1664 648 1846 709 αὐτοῖς
1869 644 2097 715 οὐρανοῦ
2137 644 2228 696 καὶ

660 721 909 802 ἀγγέλων
928 729 1060 796 ἔδει,
1085 726 1179 783 τοῦ
1209 728 1318 781 τῶν
1339 721 1585 797 ἀγγέλων
1606 729 1875 782 Δεσπότου
1900 725 2018 797 μετ’
2051 725 2225 780 αὐτῶν

653 817 812 880 δντος
850 813 1027 885 Ἰησοῦ
1069 812 1160 867 ἐπὶ
1211 811 1311 881 τῆς
1353 813 1604 882 ἐρήμους
1640 813 1705 865 El
1743 812 1890 881 γάρ,
1939 810 2071 862 ὅπου
2124 807 2228 860 είσὶ

657 899 751 951 δύο
803 898 835 968 ἢ
892 899 1039 968 τρεῖς
1079 893 1402 964 συνηγμένοι
1436 894 1518 957 είς
1558 894 1620 946 τὸ
1663 890 1828 948 αὐτοῦ
1879 891 2082 960 ὄνομα,
2114 890 2231 942 ἐκεῖ

659 981 806 1032 ἐστιν
833 980 891 1031 ἐν
942 977 1092 1047 μέσῳ
1121 972 1338 1038 αὐτῶν,
1378 973 1556 1044 πολλῷ
1588 973 1788 1045 μᾶλλον
1822 974 1879 1025 ἐν
1909 972 2059 1042 μέσῳ
2087 971 2229 1024 ἐκεί-

660 1078 766 1112 νων
812 1055 881 1130 ἦν
905 1057 1026 1110 τότε
1057 1056 1482 1127 συνειλεγμένων
1502 1097 1516 1119 ,
1544 1057 1645 1126 οὐχ
1690 1055 1766 1118 ὡς
1815 1055 1895 1117 είς
1942 1053 2004 1106 τὸ
2034 1053 2224 1123 ὄνομα,

659 1142 774 1196 ἀλλ’
797 1139 939 1211 ὑπὲρ
966 1139 1058 1192 τοῦ
1085 1139 1344 1208 ὀνόματος
1369 1136 1745 1208 κολαζομένων
1764 1136 2045 1206 διηνεκῶς.
2083 1135 2226 1188 ἰστε

659 1224 800 1295 γὰρ,
834 1223 955 1276 ἴστε
1011 1219 1233 1290 σαφῶς,
1264 1220 1348 1273 δτι
1401 1219 1499 1289 τῆς
1557 1217 1826 1289 τιμωρίας
1874 1217 2078 1288 ταύτης
2125 1218 2226 1270 οὐκ

658 1305 805 1359 ἐστιν
835 1305 996 1376 ἑτέρα
1039 1302 1424 1374 χαλεπωτέρα,
1458 1303 1550 1356 καὶ
1589 1301 1672 1354 ὅτι
1707 1301 1933 1372 μυρίους
1964 1299 2225 1362 θανάτους

658 1387 849 1451 ἄλλους
879 1387 946 1440 ἂν
965 1386 1174 1439 εἴλοντο
1212 1385 1500 1457 ὑπομεῖναι
1531 1386 1580 1437 οἱ
1615 1383 1792 1452 ταύτῃ
1832 1385 1900 1452 τῇ
1931 1382 2094 1452 ψήφῳ
2122 1397 2224 1434 κα-

653 1467 1068 1538 ταδικαζόμενοι
1087 1509 1105 1533 ,
1135 1468 1168 1538 ἢ
1213 1467 1313 1537 τῆς
1353 1465 1543 1535 ὀδύνης
1573 1463 1857 1536 ἀνέχεσθαι
1891 1465 1993 1534 τῆς
2019 1462 2225 1516 ἐκεῖθεν

659 1551 977 1622 γενομένης.
1017 1549 1399 1620 Παρεδόθησαν
1452 1547 1738 1619 μετάλλοις
1765 1585 1780 1610 ,
1845 1545 1972 1600 ἔνθα
2026 1545 2225 1616 χαλκὸν

660 1634 971 1705 ἀνορύττειν
1008 1633 1111 1687 εδει
1133 1672 1149 1696 .
1185 1632 1446 1696 πολλάκις
1493 1631 1646 1686 αὐτοὶ
1697 1629 1957 1701 μετάλλου
2001 1628 2223 1700 χρυσίου

661 1717 812 1780 ὄντες
836 1713 1148 1787 τιμιώτεροι
1176 1715 1271 1770 καὶ
1297 1715 1458 1769 άῦλου
1490 1713 1712 1787 χρυσίου
1746 1724 1796 1778 ι,
1829 1713 1890 1766 οὐ
1918 1710 2225 1765 καταδίκων

659 1798 1082 1870 άνορυττομένου
1112 1798 1300 1868 χερσ¹ν
1319 1836 1334 1860 ,
1365 1797 1500 1851 ἀλλὰ
1546 1795 1753 1849 πιστῶν
1789 1793 1992 1866 ἀνδρῶν
2024 1791 2226 1865 προθυ-

665 1881 764 1952 μίᾳ
814 1879 1154 1951 εὑρεθέντοςο
1190 1873 1505 1948 εἰργάζοντο
1539 1877 1772 1947 μέταλλα
1821 1876 1871 1930 ot
1907 1875 2114 1947 μυρίων
2142 1874 2226 1944 γέ-

665 1978 860 2032 μοντες
881 1960 1189 2032 θησαυρῶν.
1223 1960 1289 2014 Τί
1332 1962 1431 2030 τῆς
1470 1961 1620 2029 ζωῆς
1659 1959 1872 2029 ἐκείνης
1906 1958 2225 2030 πικρότερον

663 2045 757 2098 καὶ
797 2038 1210 2113 ὀδυνηρότερονς
1271 2041 1492 2114 Ἐὡρων
1519 2042 1614 2094 καὶ
1659 2043 1737 2104 είς
1772 2041 1995 2103 ἑαυτοὺς
2037 2039 2224 2092 ἐκδαί-

661 2141 820 2178 νοντα
860 2125 931 2178 τά
959 2125 1086 2196 περὶ
1120 2125 1231 2178 τῶν
1278 2124 1524 2194 μεγάλων
1557 2124 1778 2178 ἐκείνων
1806 2124 2011 2190 ἀνδρῶν
2040 2123 2225 2194 δυηγὴ-

662 2225 807 2278 ματα
831 2245 847 2270 ,
889 2207 933 2261 ά
971 2208 1110 2284 ςπερὶ
1142 2206 1249 2260 τῶν
1275 2207 1445 2274 ἁγίων
1473 2204 1691 2270 διέξεισι
1717 2205 1890 2274 λέγων
1915 2208 1943 2259 ὁ
1967 2205 2176 2269 Παῦλος
2207 2220 2221 2235 ·

659 2286 988 2356 Περιῆλθον
1031 2288 1102 2340 ἐκ
1137 2287 1476 2356 μηλωταῖς,
1516 2287 1587 2341 ἐν
1629 2288 1871 2356 αἰγείοις
1914 2286 2221 2357 δέρμασιν,

660 2367 1084 2439 ὑστερούμενοι
1104 2409 1120 2435 ,
1163 2371 1498 2438 θλιϐόμενοι
1521 2407 1537 2432 ,
1596 2370 2068 2438 κακουχούμενοι
2090 2408 2106 2434 ,
2138 2361 2227 2422 ὧν

663 2453 776 2505 οὐκ
817 2445 894 2521 ἦν
919 2451 1086 2516 ἄξιος
1120 2453 1153 2506 ὁ
1195 2452 1423 2520 κόσμος
1467 2451 1561 2521 [ἐν
1586 2449 1842 2521 ἐρημίαις
1887 2450 2226 2520 πλανώμενοι

663 2533 758 2585 καὶ
793 2533 942 2602 δρεσι
981 2535 1074 2585 καὶ
1123 2533 1409 2603 σπηλαίοις
1445 2533 1550 2604 κκαὶ
1589 2536 1708 2596 ταῖς
1750 2534 1909 2595 ὀπαῖς
1954 2536 2052 2603 τῆς
2100 2534 2225 2604 γῆς.

661 2613 846 2668 Ταῦτα
867 2614 961 2666 καὶ
985 2614 1076 2667 ἐπὶ
1102 2614 1200 2684 τῆς
1227 2615 1420 2682 γενεᾶς
1451 2613 1668 2683 ἐγένετο
1691 2614 1793 2685 τῆς
1820 2616 2092 2686 ἡμετέρας

731 2694 896 2749 Ταῦτ’
927 2691 1020 2750 οὖν
1051 2695 1250 2758 ειδότες
1284 2695 1378 2750 καὶ⁸
1407 2697 1568 2766 ἡμεῖς
1590 2737 1605 2760 ,
1657 2696 1931 2767 ᾀγαπητοὶ
1953 2739 1966 2762 ,
2004 2697 2085 2750 δτι
2135 2699 2229 2751 καὶ

661 2777 758 2832 νῦν
787 2780 883 2832 καὶ
911 2779 1111 2841 πάλαι,
1141 2777 1201 2842 ἐξ
1227 2770 1288 2832 οὖ
1319 2778 1607 2846 γεγόνασιν
1638 2779 1955 2849 άνθρωποι,
1991 2779 2228 2843 ἅπαντες

663 2861 714 2913 oi
741 2858 819 2931 τῷ
860 2859 980 2932 Θεῷ
1021 2859 1165 2930 φίλοι
1194 2859 1273 2930 τῷ
1317 2860 1535 2929 στυγνῷ
1562 2859 1656 2912 καὶ
1691 2860 1974 2932 ἐπιμόχθῳ
2004 2861 2099 2916 καὶ
2130 2879 2229 2932 μυ·

723 3031 750 3061 ι
771 3028 899 3092 Reg.
922 3028 1005 3077 ut
1028 3029 1208 3079 ἀσύλου
1224 3030 1439 3094 χρυσίου.
1474 3029 1691 3091 Utraque
1712 3029 1860 3079 lectio
1877 3031 2100 3090 quadrat.

1365 372 1421 427 S.
1462 370 1745 428 JOANNIS
1780 368 2265 427 CHliYSOSTOMl
2301 369 2620 444 ARCHIEP.
2660 371 3204 427 CONSTANTINOP.

3791 366 3894 432 698

2332 481 2465 551 ρίων
2489 482 2709 553 γέμοντι
2737 482 2922 536 δεινῶν
2946 481 3331 553 ὲκληρὼθησαν
3364 480 3482 551 βίῳ,
3511 481 3583 552 μὴ
3615 483 3703 536 τδν
3729 485 3892 555 ὑγρὸν

2330 564 2426 616 καὶ
2451 563 2829 633 διαλελυμένον
2854 563 2948 616 καὶ
2971 563 3062 616 τὸν
3092 564 3324 627 ἀνέσεως
3348 563 3585 629 γέμοντα
3611 563 3891 638 διώκωμεν

2329 644 2464 714 βίον,
2497 644 2632 698 ἀλλὰ
2661 645 2754 698 τὸν
2787 644 3102 716 ἐπίμοχθον,
3132 645 3222 698 τον
3256 647 3508 698 ἐπίπονον
3527 684 3541 709 ,
3571 649 3661 699 τὸν
3687 649 3895 715 θλίψεις

2327 721 2517 790 ἔχοντα
2539 725 2663 775 ,καὶ
2711 722 3105 795 ταλαιπωρίας.
3136 725 3343 794 Ὥσπερ
3380 723 3488 794 γὰρ
3531 725 3629 777 ούκ
3658 725 3774 777 ἔστι
3801 725 3890 780 τὸν

2327 805 2721 873 ἀγωνιζόμενον
2755 805 2822 858 δι’
2850 804 3018 859 ὕπνου
3069 807 3165 860 καὶ
3224 805 3496 877 ῥᾳθυμίας
3547 808 3641 860 καὶ⁸
3681 808 3891 879 τρυφῆς

2326 887 2434 939 τῶν
2469 889 2744 956 στεφάνων
2771 892 3041 961 ἐπιτυχεῖν
3062 931 3078 956 ,
3107 889 3228 943 οὐδὲ
3274 888 3368 942 τὸν
3407 888 3740 962 στρατιιέιτην
3783 891 3890 946 τῶν

2324 969 2599 1038 τροπαίων
2623 1009 2638 1034 ,
2679 971 2800 1025 οὐδὲ
2830 972 2922 1024 τὸν
2955 972 3292 1043 κυϐερνήτην
3322 970 3418 1029 τοῦ
3463 971 3685 1042 λιμένος
3705 1013 3721 1038 ,
3770 976 3890 1029 om

2325 1050 2413 1102 τὸν
2446 1053 2682 1122 γηπόνον
2726 1054 2823 1124 τῆς
2869 1053 2982 1107 ano
3032 1052 3468 1124 πεπληρωμένης
3499 1070 3514 1084 ο
3560 1054 3736 1119 οὕτως
3769 1057 3891 1112 οὐδὲ

2323 1134 2414 1186 τὸν
2444 1135 2630 1188 πιστὸν
2655 1136 2742 1189 διὰ
2770 1135 3038 1208 ῥᾳθυμίας
3064 1137 3155 1190 τὸν
3196 1136 3388 1190 ἐαυτοῦ
3418 1136 3532 1208 βίον
3559 1137 3893 1207 διαγαγόντα

2324 1217 2430 1270 τῶν
2481 1219 2902 1291 ἐπηγγελμένων
2960 1222 3141 1290 τυχεῖν
3198 1219 3436 1288 άγαθῶν.
3469 1220 3595 1284 Πῶς
3646 1217 3740 1275 οὖν
3790 1222 3892 1278 οὐκ

2323 1301 2522 1356 ἄτοπον
2549 1304 2605 1356 ἐν
2635 1302 2730 1372 μὲν
2756 1305 2868 1364 τοῖς
2895 1302 3166 1372 βιωτικοῖς
3193 1303 3361 1358 ἅπασι
3393 1304 3519 1367 τοὺς
3543 1303 3738 1368 πόνους
3757 1321 3890 1374 προσ

2324 1383 2542 1438 κεῖσθαι
2570 1384 2676 1455 πρὸ
2707 1385 2802 1454 τῆς
2831 1384 3024 1454 ⁴ἡδονῆς
3045 1424 3060 1449 ,
3087 1385 3327 1456 καὶτοὺς
3356 1385 3630 1447 κινδύνους
3661 1385 3770 1456 πρὸ
3793 1387 3892 1456 τῆς

2324 1465 2620 1534 ἀσφαλείας
2639 1506 2654 1530 ,
2683 1467 2774 1520 καὶ
2805 1465 2978 1520 ταῦτα
3014 1455 3262 1530 εὐτελοῦς
3291 1467 3382 1520 καὶ
3419 1469 3624 1539 μικρᾶς
3663 1455 3763 1536 τῆς
3785 1455 3892 1520 ἀπὸ

2322 1547 2431 1599 τῶν
2480 1548 2658 1602 πόνων
2687 1548 2909 1602 ἐκείνων
2941 1547 3265 1620 προσδοκίας
3301 1546 3567 1619 μενούσης
3590 1564 3605 1580 ·
3660 1548 3791 1602 ὅταν
3836 1548 3892 1601 δὲ

2322 1628 2549 1698 οὐρανὸς
2576 1630 2932 1700 προκείμενος
2955 1625 3012 1704 ᾖ,
3045 1630 3140 1684 καὶ
3167 1629 3412 1697 ἀγγέλων
3433 1630 3615 1701 τιμαὶ,
3650 1632 3748 1683 καὶ
3778 1628 3891 1700 ζωὴ

2324 1712 2500 1780 πέρας
2542 1713 2642 1768 οὐκ
2674 1712 2907 1782 ἔχουσα,
2950 1712 3044 1766 καὶ
3081 1715 3115 1783 ἡ
3170 1712 3562 1782 μετ’-ἀγγέλων
3615 1709 3890 1780 διατριϐὴ,

2323 1792 2510 1847 καὶτὰ
2543 1794 2761 1860 ἀγαθά,
2790 1794 2826 1847 ἂ
2867 1794 3003 1864 μηδὲ
3053 1795 3303 1864 ἐννοῆσαι
3343 1795 3378 1865 ἢ
3424 1794 3597 1847 εἰπεῖν
3640 1792 3890 1857 δυνατὸν,

2323 1875 2624 1946 προσδοκᾷν
2649 1875 2736 1928 διά
2763 1875 3034 1946 ῥᾳθυμίας
3081 1876 3173 1929 καὶ
3202 1875 3485 1948 ῥᾳστώνης
3516 1875 3612 1929 καὶ
3651 1871 3892 1929 δεαλελυ⁴

2326 1959 2492 2029 μένης
2514 1957 2691 2027 ψυχῆς
2720 1956 2900 2009 αὑτῶν
2926 1957 3323 2025 ὲπιτεύξεσθαι.
3354 1958 3448 2011 καὶ
3478 1957 3552 2028 μὴ
3581 1957 3682 2026 τῆς
3718 1955 3888 2026 αὐτῆς

2323 2040 2460 2094 αὐτὰ
2487 2043 2599 2102 τοῖς
2632 2039 2900 2108 βιωτικοῖς
2925 2039 3155 2110 σπουδῆς
3182 2038 3399 2104 άξιοῦνς
3426 2039 3539 2109 Μὴ,
3563 2038 3886 2108 παρακαλῶ,

2327 2123 2401 2193 μὴ
2427 2120 2568 2174 οὕτω
2599 2121 2782 2184 κακῶς
2819 2123 2950 2192 περὶ
2997 2121 3206 2174 ἑαυτῶν
3255 2123 3349 2175 καὶ
3394 2121 3490 2191 τῆς
3529 2120 3740 2174 ἑαυτῶν
3771 2121 3890 2191 βουο

2324 2203 2606 2274 λευὼμεθα
2637 2203 2910 2273 σωτηρίας
2931 2242 2946 2266 ,
2977 2202 3094 2255 ἀλλ’
3134 2203 3239 2274 είς,
3266 2204 3392 2267 τοὺς
3433 2204 3624 2272 ἁγίους
3669 2203 3893 2266 τούτους

2322 2285 2586 2357 ὁρῶντες,
2617 2286 2742 2348 τοὺς
2771 2283 3051 2353 γενναίους
3099 2286 3193 2339 καὶ
3225 2287 3584 2357 καρτερικοὺς
3632 2285 3894 2356 ἀθλητὰς,

2322 2368 2449 2431 τοὺς
2477 2367 2595 2419 ἀντὶ
2621 2369 2923 2438 φωστήρων
2959 2367 3274 2437 δεδομένους
3304 2368 3456 2438 ἡμῖν,
3484 2367 3619 2440 πρὸς
3643 2367 3742 2438 τὴν
3770 2365 3895 2419 τού-

2322 2465 2431 2502 των
2461 2449 2752 2520 καρτερίαν
2780 2449 2872 2501 καὶ
2893 2449 2992 2520 τὴν
3028 2450 3305 2520 ὑπομονὴν
3327 2450 3420 2503 τὸν
3445 2448 3653 2502 ἐαυτῶν
3679 2448 3892 2502 διευθύ-

2324 2549 2504 2602 νωμεν
2528 2532 2662 2602 βίον,
2701 2530 2850 2603 [705]
2884 2532 2970 2584 ἴνα
2997 2535 3117 2594 ταῖς
3139 2532 3326 2601 εὐχαῖς
3354 2531 3532 2585 αὐτῶν
3573 2532 3898 2602 δυνηθῶμεν

2327 2612 2467 2684 μετὰ
2493 2612 2591 2683 τὴν
2638 2611 2886 2665 ἐντεῦθεν
2938 2613 3248 2683 ἀποδημίαν
3296 2613 3426 2667 ίδεῖν
3471 2630 3531 2666 τε
3578 2613 3774 2678 αὐτοὺς
3805 2615 3898 2667 καὶ

2326 2695 2672 2766 ἀσπάσασθαι
2693 2734 2708 2758 ,
2757 2696 2852 2749 καὶ
2889 2696 3025 2765 πρὸς
3052 2696 3151 2759 τὰς
3187 2696 3469 2766 οὐρανίους
3507 2695 3687 2749 αὐτῶν
3733 2713 3898 2749 κατα-

2325 2775 2590 2846 ταχθῆναι
2619 2777 2823 2845 σκηνάς
2842 2793 2857 2810 ο
2894 2770 2970 2830 ὧν
3008 2778 3219 2845 γένοιτο
3267 2777 3471 2839 πάντας
3522 2778 3670 2846 ἡμᾶς
3711 2779 3896 2846 τυχεῖν

2325 2859 2506 2929 χάριτι
2556 2859 2651 2912 καὶ
2703 2859 3080 2929 φιλανθρωπίᾳ
3127 2859 3223 2912 τοῦ
3257 2860 3464 2930 Κυρίου
3513 2859 3672 2929 ἡμῶν
3718 2858 3895 2927 Ἰησοῦ

2325 2940 2592 3012 Χριστοῦ,
2626 2940 2691 2993 δι’
2721 2933 2780 2994 οὗ
2812 2941 2907 2994 καὶ
2935 2941 3053 3010 μεθ’
3089 2935 3150 2995 οὗ
3178 2940 3257 3012 τῷ
3301 2941 3479 3013 Πατρὶ
3508 2942 3602 2995 καὶ
3633 2941 3711 3012 τῷ
3754 2942 3897 3010 ἁγίῳ

2332 3025 2610 3092 Πνεύματι
2635 3022 2758 3088 δόξα
2797 3025 2875 3087 είς
2901 3024 3022 3086 τοὺς
3053 3023 3252 3087 αἰῶνας
3283 3022 3390 3077 τῶν
3421 3021 3653 3077 αἰώνων.
3699 3023 3893 3093 ’Δμήν.

673 3409 3857 3452 Eam

1531 3677 1632 3738 AD
1658 3675 2034 3736 HOMILIAM
2078 3676 2156 3735 ΙΝ
2184 3675 2246 3736 S.
2278 3674 2700 3736 MARTYREM
2729 3675 3031 3736 PHOCAM

742 3953 911 4009 Miror
947 3952 1276 4007 Frontonem
1324 3949 1575 4006 Ducteum
1625 3949 1906 4006 dubitasse
1938 3948 2482 4020 Constantinopoline
2523 3967 2592 4005 an
2633 3951 2936 4006 Antiochia:
2970 3951 3151 4007 habita
3185 3950 3352 4009 fuerit
3387 3953 3502 4010 hac
3524 3955 3738 4024 concio,
3773 3972 3900 4014 cum

674 4047 791 4117 ipsa
839 4046 958 4102 luce
993 4045 1194 4102 clarius
1224 4045 1295 4100 sit
1339 4044 1810 4113 Constantinopoli
1841 4044 2036 4098 dictam
2084 4043 2256 4098 fuisse
2294 4059 2308 4096 :
2343 4058 2470 4097 nam
2533 4053 2728 4113 praeter
2754 4059 2814 4099 ea
2866 4060 2988 4114 quae
3020 4045 3276 4101 dicuntur
3328 4047 3502 4111 initio,
3543 4049 3804 4104 nimirum
3830 4067 3900 4106 ex

673 4139 845 4194 Ponto
880 4137 1136 4193 hesterna
1164 4135 1253 4191 die
1289 4133 1575 4191 advenisse
1614 4134 1673 4189 S.
1713 4134 2025 4205 Martyrem,
2060 4133 2129 4188 ad
2162 4133 2566 4204 lmperatoriam
2606 4134 2815 4190 scilicet
2845 4136 3032 4190 urbem
3064 4155 3079 4191 :
3113 4137 3242 4206 quid
3272 4137 3339 4193 ad
3368 4137 3897 4211 Constantinopolim

673 4222 1017 4290 indicandam
1063 4225 1458 4298 significantius
1515 4225 1600 4282 his
1632 4226 1814 4281 verbis
1860 4243 1873 4279 :
1916 4224 2309 4279 Exhauriamus
2339 4225 2533 4288 urbem,
2573 4234 2621 4278 et
2661 4241 2752 4279 nos
2781 4227 2850 4279 ad
2872 4225 3168 4295 sepulcrum
3222 4229 3474 4298 martyris
3513 4229 3847 4298 conferamus
3878 4245 3898 4285 .°

667 4339 802 4378 nam
829 4331 878 4375 et
911 4320 1260 4390 Imperatores
1304 4335 1412 4372 una
1445 4308 1713 4372 nobiscum
1755 4318 1972 4371 choreas
2005 4317 2224 4371 ducunt.
2280 4317 2578 4383 Quamnam
2619 4317 2786 4387 igitur
2812 4318 3013 4370 veniant
3044 4327 3275 4371 meretur
3296 4319 3558 4385 privatus,
3602 4337 3717 4375 cum
3751 4323 3901 4391 regia

674 4411 880 4480 palatia
928 4412 1169 4465 deserant
1208 4407 1576 4475 Imperatores,
1614 4417 1664 4462 et
1703 4409 1952 4478 martyris
2003 4409 2240 4476 sepulcro
2302 4409 2610 4464 assideant?
2656 4408 3123 4478 Constantinopoli
3168 4408 3334 4478 igitur
3372 4409 3486 4465 hate
3539 4411 3684 4465 haud
3733 4411 3900 4466 dubie

673 4503 1027 4558 concionatus
1059 4510 1141 4557 est
1162 4501 1615 4571 Cbrysostomus.
1650 4500 1728 4554 Ac
1778 4507 2062 4570 postquam
2093 4499 2159 4554 de
2195 4498 2253 4553 S.
2289 4507 2524 4567 martyre
2553 4497 2735 4570 Phoca
2761 4514 2931 4570 pauca
2965 4498 3250 4568 praemisit,
3278 4501 3566 4556 Anomteos
3601 4501 3850 4563 adoritur
3881 4521 3897 4558 :

673 4595 997 4667 quibuscum
1029 4609 1137 4648 non
1172 4593 1468 4646 Antiochia:
1497 4592 1682 4658 modo,
1705 4592 1799 4646 sed
1822 4591 1980 4646 etiam
1997 4591 2477 4662 Constantinopoli
2517 4602 2796 4648 certamen
2835 4592 3043 4647 habuit.
3099 4591 3199 4647 Hie
3227 4592 3412 4647 omnia
3441 4592 3899 4665 Chrysostomum

674 4685 908 4754 Sapiunt,
944 4684 1139 4753 stylus,
1174 4681 1432 4752 arguendi
1471 4683 1681 4747 modus,
1721 4682 1882 4752 tropi,
1924 4683 2305 4739 similitudines
2344 4700 2358 4737 :
2395 4685 2748 4754 quamobrem
2785 4683 2970 4737 mirari
3008 4684 3156 4740 subit
3201 4684 3467 4740 Savilium
3504 4686 3630 4755 περὶ
3685 4686 3900 4757 γνησιό-

672 4789 829 4844 τητος
866 4773 1148 4840 btesitare;
1189 4773 1283 4828 sed
1314 4788 1438 4828 cum
1479 4774 1680 4828 nullam
1722 4774 2002 4830 Inesitandi
2032 4791 2254 4831 causam
2292 4774 2548 4845 proferat,
2581 4785 2636 4832 et
2664 4790 2790 4831 vere
2817 4776 2964 4830 nulla
2991 4784 3204 4847 poterat
3231 4777 3488 4847 proferri,
3523 4779 3663 4833 haud
3689 4788 3896 4835 temere

673 4867 846 4922 dicam
870 4867 1051 4937 ipsum
1076 4867 1438 4938 perfunctorie
1464 4869 1725 4939 judicium
1751 4869 1958 4935 tulisse,
1995 4887 2170 4941 neque
2195 4888 2308 4927 rem
2339 4871 2404 4926 ad
2442 4872 2703 4926 trutinam
2727 4885 2974 4927 vocasse.
3005 4871 3078 4926 De
3103 4885 3270 4937 anno,
3306 4886 3417 4941 quo
3453 4872 3594 4928 hanc
3613 4872 3750 4927 dixit
3769 4888 3896 4927 ora-

675 4968 897 5030 tionem,
951 4981 1056 5021 non
1111 4967 1184 5021 ita
1220 4976 1365 5021 certo
1404 4967 1552 5037 loqui
1601 4981 1915 5037 possumus.
1963 4964 2217 5019 Nonnihil
2271 4965 2456 5032 indicii
2496 4967 2734 5035 praebere
2783 4965 3034 5021 videntur
3098 4967 3214 5022 haec
3275 4965 3650 5038 Chrysostomi
3690 4966 3897 5022 verba:

676 5057 763 5112 Sic
802 5059 967 5126 igitur
986 5074 1078 5128 ego
1107 5074 1325 5129 quoque,
1353 5059 1400 5113 εἰ
1419 5075 1537 5111 cum
1573 5057 1827 5112 haereticis
1855 5054 2044 5109 bellum
2064 5071 2296 5125 gessero,
2340 5072 2444 5109 non
2467 5073 2585 5108 cum
2617 5056 2914 5109 hominibus
2963 5054 3155 5108 bellum
3182 5054 3394 5116 habere,
3435 5055 3524 5109 sed
3544 5072 3776 5109 errarent
3808 5070 3900 5109 ex-

674 5147 863 5215 pellere
891 5149 1026 5212 volo,
1048 5167 1121 5205 ac
1148 5149 1470 5215 putredinem
1506 5165 1816 5219 expurgare.
1851 5147 1979 5200 Mihi
2025 5158 2328 5203 consuetum
2355 5157 2430 5202 est
2458 5149 2909 5218 persequutimtem
2944 5148 3076 5214 pati,
3108 5163 3211 5200 non
3237 5149 3471 5217 persequi
3502 5163 3521 5201 :
3550 5149 3753 5211 vexari,
3789 5165 3892 5201 non

666 5255 880 5299 vexare.
918 5239 976 5292 id
1021 5241 1066 5295 si
1096 5251 1241 5295 notet
1270 5241 1387 5310 ejus
1417 5241 1653 5309 priorem
1684 5241 2176 5310 persequutionem,
2201 5256 2307 5308 qua
2338 5240 2390 5293 in
2423 5240 2674 5295 exsilium
2706 5241 2915 5309 pulsus,
2953 5239 3114 5308 paulo
3144 5247 3263 5308 post
3291 5240 3472 5294 sedem
3506 5240 3739 5309 repetiit,
3782 5240 3896 5293 haec

678 5331 897 5384 homilia
938 5332 991 5384 in
1017 5332 1176 5386 linem
1216 5333 1343 5385 anni
1366 5333 1489 5396 405,
1520 5333 1601 5387 vel
1631 5332 1965 5400 insequentis
1990 5331 2093 5384 404
2120 5332 2332 5386 initium
2358 5330 2633 5386 referenda
2665 5332 2787 5385 erit.
2821 5331 2976 5385 Certe
3003 5346 3108 5383 non
3133 5330 3293 5384 aliam
3324 5333 3556 5385 antehac
3592 5347 3898 5400 persequu-

677 5422 877 5474 lionem
941 5437 1134 5490 passus
1177 5433 1258 5478 est
1288 5424 1712 5495 Chrysostomus
1763 5441 1775 5477 :
1836 5423 1976 5477 unde
2015 5425 2260 5493 sequitur
2305 5423 2655 5495 probabiliter
2705 5438 2865 5493 posse
2910 5423 2966 5476 in
3005 5422 3110 5477 hoc
3157 5431 3370 5492 tempus
3429 5423 3568 5478 hanc
3615 5423 3898 5477 homiliam

677 5512 929 5568 conferri.

750 5608 820 5658 De
849 5619 1033 5663 sancto
1065 5608 1238 5665 Phoca
1273 5621 1503 5679 martyre
1535 5612 1646 5665 haec
1667 5609 1884 5666 disserit
1905 5609 2111 5665 Fronto
2141 5611 2366 5665 Ducaaus
2392 5629 2404 5664 :
2443 5631 2460 5662 ι
2490 5613 2680 5667 Phoca:
2708 5611 2962 5682 martyris
2992 5613 3238 5667 meminit
3258 5609 3314 5665 S.
3341 5609 3632 5679 Gregorius
3661 5609 3790 5663 Naz.
3833 5608 3896 5662 ad

685 5696 1025 5762 Vnalianum,
1055 5699 1211 5769 eique
1245 5715 1408 5769 prope
1440 5701 1830 5769 Trapezuntem
1868 5701 2107 5755 dicatum
2141 5701 2308 5758 fuisse
2352 5706 2607 5773 templum
2647 5704 3046 5775 Chalcondylus
3073 5705 3277 5760 scribit.
3314 5705 3370 5757 In
3394 5703 3654 5772 Catalogo
3701 5702 3900 5759 Biblio-

684 5789 848 5843 thecae
888 5791 1213 5858 Attgustantﬁ
1235 5792 1293 5847 ﬁt
1323 5794 1527 5850 mentio
1570 5793 1797 5850 Andreae
1829 5776 2294 5866 Chartopbylacis,
2325 5797 2485 5869 cujus
2506 5796 2561 5854 in
2586 5812 2648 5855 ca
2678 5795 2777 5857 Ms.
2809 5804 3059 5856 servatur
3085 5794 3403 5855 Encomium
3423 5794 3478 5852 in
3512 5793 3570 5850 S.
3607 5802 3896 5864 martyrem
