4182 6322
320 571 521 636 larius,
568 581 690 641 quc
726 568 885 638 digna
922 571 1009 619 est
1035 558 1213 616 habita
1254 574 1352 630 pro
1374 554 1589 614 Christo
1624 553 1735 627 pati
1763 550 1917 624 quid-

319 663 462 731 piam
490 673 675 714 eorum
699 696 716 722 ,
746 670 865 726 quae
891 652 1045 710 nobis
1065 651 1246 724 gravia
1271 658 1327 706 et
1354 646 1708 705 intolerabilia
1733 645 1921 701 viden-

320 761 431 805 tur.‘
462 748 579 805 lam
607 761 668 802 se
692 745 975 801 translatos
1005 744 1058 798 in
1085 738 1276 799 ctelum
1306 754 1448 805 esse,
1473 753 1536 793 ac
1562 752 1685 793 cum
1710 735 1917 808 angelis

314 838 517 902 «lucere
561 839 786 895 choreas
833 836 1115 908 putabant.
1161 831 1300 901 Quid
1344 832 1487 888 enim
1530 829 1760 900 amplius
1810 827 1917 884 illis

311 932 449 987 caelo
473 938 529 985 et
552 927 755 1000 angelis
782 940 920 997 opus
951 934 1102 991 erat,
1136 938 1257 980 cum
1293 922 1348 977 in
1388 920 1602 976 deserto
1636 933 1760 975 cum
1809 917 1914 973 illis

315 1020 627 1092 angelorum
672 1018 929 1074 Dominus
971 1015 1128 1073 Jesus
1175 1012 1350 1070 esset!
1373 1010 1508 1067 Nam
1548 1011 1627 1078 si,
1658 1010 1747 1066 ubi
1786 1013 1918 1061 sunt

308 1114 421 1169 duo
445 1112 532 1170 vel
552 1120 663 1169 tres
681 1110 987 1181 congregati
1015 1110 1070 1163 iu
1098 1107 1314 1164 nomine
1339 1107 1479 1177 ejus,
1506 1104 1577 1160 ibi
1606 1112 1691 1160 est
1717 1103 1771 1158 in
1798 1116 1913 1159 me-

308 1205 404 1260 dio
420 1219 605 1261 eorum
635 1201 850 1275 (Matth.
880 1201 969 1267 18,
998 1199 1115 1270 20),
1136 1199 1304 1254 multo
1324 1197 1494 1268 magis
1514 1197 1566 1251 in
1584 1193 1761 1250 medio
1782 1194 1908 1248 illo-

305 1311 428 1351 rum
458 1305 581 1351 tuuc
605 1302 756 1359 erat,
786 1293 877 1365 qui
905 1291 1213 1362 congregati
1244 1300 1355 1345 tum
1384 1288 1596 1344 fuerant
1619 1303 1726 1342 non
1764 1298 1824 1342 ut
1854 1288 1908 1343 in

308 1385 551 1450 nomine,
582 1383 678 1439 sed
704 1392 765 1439 ut
790 1398 888 1453 pro
912 1385 1128 1437 nomine
1156 1379 1275 1451 ejus
1302 1389 1559 1451 perpetuo
1586 1388 1906 1449 torqueren-

307 1483 417 1528 tur.
444 1472 622 1530 Nostis
650 1472 792 1528 enim
817 1512 834 1539 ,
860 1472 1030 1527 nostis
1052 1480 1243 1541 aperte
1279 1470 1381 1525 hoc
1404 1469 1665 1539 supplicio
1691 1469 1906 1538 gravius

304 1577 433 1619 esse
454 1563 680 1630 nullum,
711 1576 913 1632 eosque
931 1603 945 1629 ,
974 1561 1063 1632 qui
1084 1560 1345 1616 sententia
1366 1569 1492 1615 sunt
1513 1558 1605 1614 illa
1628 1558 1900 1625 damnati,

301 1663 587 1711 sescentas
611 1654 742 1709 alias
766 1663 968 1710 mortes
992 1653 1153 1708 malle
1170 1652 1400 1709 tolerare
1416 1693 1433 1718 ,
1462 1666 1623 1723 quam
1654 1666 1750 1708 eos
1768 1694 1785 1718 ,
1812 1652 1906 1724 qui

301 1744 415 1801 illic
442 1744 744 1811 inuruntur,
769 1744 983 1799 dolores
1006 1744 1290 1799 sustinere.
1311 1742 1539 1798 Metallis
1558 1743 1756 1800 addicti
1784 1743 1897 1800 fue-

299 1843 464 1902 runt,
496 1835 587 1891 ubi
626 1849 702 1891 aes
729 1835 1087 1900 eﬂ'odicndum
1131 1843 1247 1890 erat
1279 1835 1593 1905 plerumque
1621 1836 1690 1891 ab
1732 1836 1897 1907 ipsis,

299 1927 394 1998 qui
420 1927 538 1983 auri
563 1928 780 1984 metallo
799 1936 953 1983 erant
973 1928 1341 1997 pretiosiores,
1360 1938 1414 1983 et
1435 1942 1587 1994 auro,
1610 1929 1752 1999 quod
1784 1945 1899 1984 ma-

300 2018 438 2074 teria
480 2033 587 2073 non
620 2026 868 2088 constat,
910 2019 1053 2089 quod
1095 2034 1201 2074 non
1241 2019 1614 2076 damnatorum
1652 2020 1901 2084 effoditur

298 2110 580 2176 manibus,
621 2109 719 2165 sed
760 2108 997 2165 ﬁdelium
1024 2108 1262 2164 virorum
1302 2108 1481 2164 studio
1506 2110 1770 2179 reperitur
1797 2127 1813 2165 :
1842 2112 1897 2167 in

300 2200 535 2255 metallis
554 2214 690 2271 opus
716 2198 1004 2265 faciebant,
1022 2200 1109 2271 qui
1132 2200 1398 2256 thesauris
1421 2201 1714 2257 innumeris
1730 2188 1899 2259 abun-

299 2289 521 2344 dabant.
548 2288 686 2356 Quid
712 2298 831 2360 erat
856 2290 1071 2362 gravius
1096 2300 1153 2346 et
1188 2290 1433 2346 acerbius
1455 2292 1547 2347 illa
1576 2293 1720 2347 vita?
1746 2293 1815 2348 Et
1843 2294 1895 2350 in

296 2381 491 2451 seipsis
525 2384 771 2446 evenisse
813 2383 1149 2439 narrationes
1174 2392 1229 2438 et
1257 2382 1506 2439 historias
1535 2384 1604 2440 de
1632 2386 1761 2441 viris
1790 2386 1896 2443 illis

293 2471 504 2541 magnis
541 2472 868 2540 cernebant,
897 2488 1031 2544 quas
1067 2472 1137 2529 de
1164 2474 1365 2529 sanctis
1395 2470 1556 2530 refert
1581 2474 1779 2531 Paulus
1806 2476 1892 2532 di-

292 2575 425 2617 cens
450 2577 464 2615 :
495 2561 814 2618 Circuimnt
838 2563 893 2617 in
916 2563 1133 2630 metatis,
1156 2564 1207 2618 in
1235 2563 1449 2634 pellibus
1458 2566 1716 2635 caprinis,
1739 2583 1892 2639 egen-

292 2660 369 2705 us
390 2694 406 2718 ,
433 2653 736 2722 angustiati.
767 2654 963 2725 amicti,
997 2654 1176 2724 quibus
1198 2655 1382 2726 dignus
1404 2672 1510 2709 non
1538 2666 1647 2711 erat
1675 2657 1893 2715 mundus

292 2743 479 2815 (Hebr.
505 2746 598 2800 η.
623 2745 719 2804 37.
749 2746 865 2817 ss).

366 2832 583 2891 Horatia
610 2836 915 2890 exhortatio.
939 2864 1013 2878 —-
1039 2836 1165 2893 llaec
1191 2835 1371 2909 itaque
1398 2853 1519 2894 cum
1547 2839 1800 2906 sciamus,
1829 2849 1890 2896 et

290 2938 433 2979 nunc
457 2933 513 2979 et
535 2923 684 2991 olim,
715 2940 782 2980 ex
810 2942 918 2997 quo
943 2926 1055 2980 nati
1078 2936 1204 2982 sunt
1232 2925 1500 2993 homines,
1529 2943 1886 2985 aerumnosam

288 3021 349 3070 ct
370 3013 697 3069 laboriosam
725 3029 791 3073 ac
828 3015 1128 3072 innumeris
1159 3018 1408 3073 refertam
1434 3018 1592 3074 malis
1616 3019 1715 3073 Dei
1744 3021 1883 3074 ami-

287 3118 385 3161 cos
408 3119 598 3160 omnes
624 3106 792 3160 vitam
835 3121 957 3163 esse
982 3108 1203 3163 sortitos
1232 3126 1245 3162 :
1276 3123 1345 3164 ne
1370 3108 1654 3165 delicatam
1683 3125 1747 3165 ac
1770 3110 1885 3169 dis-

288 3195 518 3255 sOIutam
556 3205 612 3252 et
655 3197 1015 3268 voluptatibus
1053 3196 1365 3255 afﬂuentem
1404 3200 1567 3255 vitam
1605 3180 1884 3259 consecte-

1280 451 1350 510 IN
1387 449 1445 507 8.
1490 439 1765 504 PIIOCAM
1802 434 2212 497 MARTYBEM.
2258 429 2678 490 --IIONITUM.

3522 436 3624 496 698

2023 564 2162 616 mur,
2201 549 2295 606 sed
2334 549 2659 606 laboriosum
2698 556 2862 621 atque
2894 562 3253 605 mrumnosum
3284 547 3408 605 vitre
3437 564 3610 621 genus

2015 639 2323 698 aﬂlictionis
2365 650 2421 699 et
2451 639 2681 697 miseriae
2708 640 2951 713 plenum.
2982 639 3052 699 Ut
3076 640 3221 700 cnim
3261 640 3376 698 ﬁeri
3414 644 3622 715 nequit,

2017 742 2077 787 ut
2104 733 2172 798 is,
2198 733 2290 803 qui
2329 732 2381 786 in
2418 746 2592 803 agone
2613 730 2913 799 contendit,
2944 746 3042 803 per
3067 746 3315 787 somnum
3340 740 3397 787 et
3424 741 3617 802 torpo-

2015 822 2132 879 i'em
2176 837 2241 879 ac
2263 822 2487 880 delicias
2533 822 2764 879 coronas
2806 823 2972 879 etiam
3017 833 3399 895 consequatur,
3443 838 3625 894 neque

2015 914 2171 969 miles
2201 923 2425 987 tropaea,
2453 929 2631 987 neque
2655 922 2870 986 portum
2899 915 3250 987 gubernator,
3290 930 3394 973 nec
3426 930 3614 973 aream

2013 1004 2277 1077 repletam
2301 1008 2536 1079 agricola
2563 1025 2576 1063 :
2606 1008 2688 1063 sic
2715 1023 2817 1064 nec
2844 1016 2907 1064 ut
2928 1008 3120 1074 ﬁdelis,
3149 1009 3243 1081 qui
3271 1008 3436 1065 vitam
3460 1010 3615 1065 suam

2013 1094 2066 1149 in
2096 1096 2308 1167 pigritia
2351 1110 2418 1152 ac
2451 1096 2770 1153 remissione
2812 1090 3129 1165 traduxerit,
3167 1098 3306 1154 bona
3349 1099 3617 1170 promissa

2008 1197 2394 1258 consequatur.
2433 1188 2630 1243 Annon
2669 1187 2829 1259 igitur
2849 1189 3139 1245 absurdum
3163 1196 3248 1247 est
3274 1190 3326 1244 in
3361 1189 3617 1246 omnibus

2007 1277 2223 1348 quidem
2251 1279 2412 1334 rebus
2450 1267 2633 1335 saeculi
2679 1280 2838 1351 hujus
2875 1290 3002 1337 ante
3040 1281 3367 1352 voluptatem
3399 1283 3615 1340 labores

2009 1382 2132 1424 esse
2154 1370 2478 1440 propositos,
2525 1377 2581 1426 et
2615 1380 2744 1428 ante
2782 1371 3127 1428 securitatem
3166 1372 3423 1443 pericula,
3453 1372 3615 1443 idque

2006 1471 2133 1513 cum
2165 1458 2353 1514 vilium
2392 1467 2459 1515 et.
2489 1461 2803 1531 exiguarum
2852 1475 3037 1518 rerum
3066 1470 3190 1534 post
3228 1462 3449 1529 labores
3471 1463 3613 1525 'ilios

2004 1550 2341 1621 exspectatio
2364 1551 2732 1624 relinquatur;
2769 1567 2893 1611 cum
2920 1570 3054 1611 vero
3083 1554 3273 1611 caelum
3316 1556 3387 1612 sit
3412 1571 3611 1628 propo-

2004 1640 2189 1708 situm,
2217 1642 2534 1714 angelorum
2575 1645 2829 1714 honores,
2869 1647 2980 1703 vita
3016 1663 3138 1718 quas
3183 1648 3333 1704 nullo
3358 1649 3465 1706 line
3502 1659 3611 1706 ter-

2002 1734 2259 1800 minatur,
2296 1748 2418 1789 cum
2457 1734 2663 1805 angelis
2699 1735 3062 1803 conversatio,
3104 1748 3158 1793 et
3182 1738 3321 1794 bona
3362 1755 3481 1811 qua:
3506 1756 3609 1798 nec

2002 1823 2297 1895 intelligere
2344 1840 2446 1882 nec
2482 1825 2634 1882 effari
2674 1828 2960 1899 quisquam
2998 1836 3176 1899 potest
3204 1847 3220 1884 :
3246 1843 3465 1901 sperare
3507 1846 3609 1887 nos

2002 1909 2137 1979 fore,
2168 1923 2225 1968 ut
2251 1929 2347 1985 per
2373 1913 2633 1970 desidiam
2657 1926 2714 1972 et
2749 1917 3000 1972 inertiam
3024 1916 3299 1988 animique
3326 1920 3606 1975 remissio-

2003 2016 2126 2057 nem
2162 2017 2225 2059 ea
2259 2019 2671 2076 consequamur,
2701 2020 2800 2062 nec
2824 2006 3074 2063 eamdem
3102 2007 3207 2063 illis
3231 2007 3438 2080 dignari
3478 2009 3603 2066 dili-

2001 2095 2238 2163 gentiam
2291 2111 2452 2167 quam
2499 2097 2849 2153 sacularibus
2908 2098 3069 2153 rebus
3110 2098 3460 2167 impendere?
3503 2099 3602 2168 Ne,

1997 2184 2247 2254 obsecro,
2264 2201 2334 2242 ne
2357 2185 2493 2251 adeo
2518 2188 2660 2243 male
2672 2187 2742 2244 de
2763 2187 2940 2256 nobis,
2963 2188 3135 2258 deque
3155 2197 3338 2244 nostra
3364 2190 3601 2260 ipsorum

1999 2275 2173 2331 salute
2204 2286 2538 2355 statuamus;
2579 2278 2675 2334 sed
2701 2278 2872 2334 oculis
2896 2278 3096 2335 nostris
3117 2279 3186 2335 ad
3220 2288 3437 2337 sanctos
3470 2281 3603 2338 istos

1996 2366 2297 2434 conversis,
2321 2367 2391 2423 ad
2421 2382 2712 2439 generosos
2736 2378 2895 2439 atque
2919 2370 3210 2426 tolerantes
3228 2370 3478 2441 athletas,
3510 2374 3601 2444 qui

1995 2458 2171 2523 nobis,
2196 2468 2257 2513 ut
2287 2460 2437 2528 quasi
2459 2457 2606 2516 faces
2632 2460 2981 2532 praeluceant,
3002 2461 3111 2517 dati
3133 2469 3281 2531 sunt,
3307 2462 3375 2519 ad
3408 2463 3601 2521 horum

1997 2549 2334 2606 tolerantiam
2364 2547 2525 2623 atque
2554 2553 2867 2624 patientiam
2897 2554 3061 2609 vitam
3102 2563 3340 2610 nostram
3367 2570 3594 2625 compo-

2002 2655 2217 2709 namus,
2251 2652 2310 2696 ut
2352 2658 2539 2699 eorum
2572 2645 2842 2714 precibus,
2885 2655 3168 2716 postquam
3196 2644 3322 2701 hinc
3362 2660 3600 2703 excesse~

1994 2733 2188 2799 rimus,
2240 2749 2363 2790 cum
2405 2735 2530 2792 illos
2580 2736 2784 2802 videre,
2839 2746 2951 2793 tum
2999 2737 3249 2808 amplecti
3308 2740 3597 2809 possimus,

1994 2830 2157 2892 atque
2192 2824 2245 2879 in
2277 2824 2382 2880 illis
2425 2826 2732 2883 czclestibus
2758 2827 3116 2884 tabernaculis
3154 2827 3431 2885 collocari.
3461 2828 3595 2897 Quzn

1992 2926 2095 2969 nos
2132 2929 2321 2971 omnes
2361 2916 2562 2971 utinam
2606 2931 3023 2989 consequamur,
3053 2918 3220 2987 gratia
3247 2924 3303 2973 et
3346 2915 3581 2989 benigni—

1991 3010 2099 3058 tate
2131 3002 2337 3059 Domini
2365 3006 2535 3061 nostri
2559 3005 2688 3062 Jesu
2711 3006 2934 3074 Christi,
2962 3024 3059 3079 per
3080 3022 3240 3077 quem
3262 3016 3318 3062 et
3336 3022 3458 3062 cum
3490 3024 3597 3078 quo

1989 3092 2137 3148 Patri
2158 3103 2215 3151 et
2245 3095 2467 3167 Spiritui
2498 3105 2685 3153 sancto
2712 3098 2883 3169 gloria
2931 3098 2984 3153 in
3024 3098 3218 3153 siccula
3245 3098 3593 3165 sscculorum,

1990 3184 2187 3240 Amen.

1717 3816 2073 3881 MONITUM
2083 3866 2097 3881 .

275 4068 521 4177 ﬁhocam
553 4073 1157 4177 Thaumaturgumllilt
1196 4081 1249 4137 in
1284 4083 1669 4177 Martyrologio
1703 4087 1953 4146 Romano
1991 4091 2223 4164 legimus
2255 4095 2290 4150 5
2317 4093 2493 4152 Martii
2523 4110 2590 4153 ex
2623 4096 2887 4177 Gregorio
2918 4099 3226 4159 Turonensi
3264 4101 3343 4161 De
3376 4105 3553 4177 gloria

271 4158 575 4270 Martyrum
659 4165 900 4270 iVatali:
1036 4170 1232 4270 Phocus
1253 4176 1395 4270 apud
1424 4158 1781 4234 Antiochiam.
1833 4158 2078 4255 Itemque
2124 4184 2193 4240 ﬂ
2230 4182 2362 4242 Julii
2399 4204 2413 4243 :
2453 4186 2648 4260 Sinope
2684 4158 2961 4246 invPonto'
2991 4190 3053 4248 S.
3082 4158 3274 4251 Phoci:
3302 4158 3555 4270 inditur—is

273 4255 512 4359 eiusdem
541 4258 805 4359 Icisitatins
851 4258 1339 4359 Episcopi,cujus
1393 4270 1651 4340 reliquias
1714 4270 1977 4330 Viennam
2036 4276 2230 4333 Gallia:
2285 4255 2595 4336 translatas
2640 4281 2760 4337 Ado
2814 4290 3049 4339 testatur
3112 4284 3169 4339 in
3230 4255 3554 4359 Chronicoi

274 4345 335 4455 i‘n
389 4344 685 4419 Horologio
757 4349 1069 4411 Graecorum
1138 4358 1211 4412 22
1273 4357 1423 4417 Junii
1470 4373 1729 4434 notatur,
1794 4369 1828 4439 ἢ
1892 4389 1901 4423 ‹

2003 4370 2196 4443 κημιδὴ
2279 4371 2377 4426 τοῦ
2447 4373 2703 4444 λειψάνου
2767 4377 2861 4430 τοῦ
2926 4378 3084 4447 ἁγίου
3146 4344 3551 4455 ἱερομάρτυροέ

271 4439 461 4545 thura:
673 4447 816 4518 apud
838 4448 1152 4545 Usuardum
1184 4472 1215 4511 a
1241 4455 1454 4514 Molano
1482 4461 1687 4517 editum
1719 4465 1800 4520 sic
1832 4466 2050 4534 legitur,
2071 4439 2391 4538 vReportatio
2419 4439 2643 4539 Lipsani
2667 4472 2842 4525 sancti
2872 4439 3288 4545 Hie-romartyri's
3310 4439 3504 4532 Phocis

272 4530 334 4639 in
359 4532 682 4639 Ctaleudario
706 4555 837 4639 vero
864 4541 1198 4639 Graecorum,
1239 4548 1530 4622 interprete
1568 4530 1938 4626 Geuebrardo,
1967 4530 2274 4615 Translatio
2298 4530 2668 4631 Reliquiarum
2694 4561 2887 4639 Phoca;
2917 4530 3211 4637 martyris}
3245 4530 3555 4626 rursus

274 4622 630 4729 septembris,
670 4632 941 4729 ῖρῦξὶγιξω
970 4638 1366 4713 ἱερομάρτυρος
1409 4646 1591 4701 Φωκᾶ.
1621 4646 1676 4703 lu
1720 4647 1901 4704 Menolt

2003 4667 2024 4707 3
2050 4668 2224 4723 graece
2264 4622 2505 4709 Venet'iis
2547 4654 2692 4710 edito
2722 4631 2957 4726 duplicis
2980 4622 3393 4729 Phocte'passio
3417 4622 3552 4720 bre:

270 4717 416 4767 viter
450 4717 752 4824 eaedem-(lie
773 4723 845 4776 22
864 4724 1205 4796 Septembris
1229 4735 1645 4805 perstringitur;
1674 4754 1740 4792 ac
1760 4740 1901 4809 prior

2003 4717 2241 4812 [uidem;
2277 4742 2374 4797 τοῦ
2399 4744 2557 4814 ἁγίου
2590 4717 2993 4819 ἱερομάρτυρος
3024 4749 3189 4804 Φωκᾶ
3207 4717 3308 4805 ἶιτθῦ
3333 4717 3551 4824 Θαυμά-

677 4810 861 4917 fuisse.
881 4815 1151 4917 Pamphili
1183 4831 1238 4877 et
1259 4822 1442 4917 Maria:
1469 4826 1616 4883 illius
1645 4831 1982 4900 perhibetur,
2005 4810 2219 4905 Sinope
2244 4834 2299 4889 in
2323 4810 2503 4891 Ponto
2523 4810 2724 4906 natus,
2744 4810 2912 4911 atque
2932 4810 3193 4901 aiteneris
3227 4810 3547 4917 unguiculis

271 4890 664 4994 miraculorum
726 4902 898 4971 gloria
933 4905 1198 4963 claruisse
1259 4912 1421 4982 eique
1481 4919 1807 4989 martyrium
1868 4922 1973 4977 hoc
2023 4890 2182 4993 signo
2231 4928 2660 4994 prmnuntiatum
2696 4890 2860 4986 vestjz

2923 4931 3168 4992 insidens
3210 4938 3375 5009 capiti
3426 4938 3551 5010 ejus

270 4982 821 5104 gOEETb‘afotopam
852 4996 1113 5068 imposuit
1151 5002 1391 5061 humana
1423 5006 1696 5077 ejusmodi
1726 5028 1861 5070 voce
1889 5016 2059 5073 missa
2088 5038 2100 5073 :
2134 5018 2327 5077 Mistus
2353 5031 2437 5079 est
2476 5024 2642 5091 calix,
2677 5035 2837 5095 teque
2882 5027 3070 5084 bibere
3116 4982 3548 5104 illumroportJet.

670 5081 770 5197 Dei
790 5101 1017 5146 munere
1047 5108 1369 5197 concessum
1405 5110 1491 5155 est
1519 5118 1533 5154 :
1563 5119 1689 5157 nam
1728 5103 2059 5177 lmperatore
2084 5112 2325 5182 Trajano
2355 5117 2681 5187 martyrium
2723 5071 2907 5189 gladio
2930 5122 3135 5193 pariter
3171 5136 3225 5180 et
3254 5071 3547 5197 ignzvcon-

270 5169 597 5237 summovit,
650 5182 782 5242 post
812 5188 1041 5235 mortem
1104 5184 1287 5243 clarus
1348 5189 1651 5249 miraculis.

270 5250 477 5326 Sinope
518 5276 740 5333 quoque
800 5271 1087 5341 oriundus,
1123 5278 1217 5346 qui
1266 5282 1547 5349 satellites,
1603 5302 1633 5340 a

1697 5194 1972 5255 Posterior
2019 5216 2148 5258 vero
2178 5203 2389 5263 Phocus
2451 5206 2652 5262 ibidem
2710 5210 3036 5271 hortulanus
3097 5194 3548 5287 fuisse'dicitur,

1692 5289 1895 5358 quibus
1944 5294 2012 5349 ad
2056 5310 2242 5351 necem
2298 5298 2665 5366 quaerebatur,
2732 5301 2970 5372 hospitio
3012 5307 3245 5376 excepit,
3293 5323 3356 5362 ac
3401 5309 3549 5379 seip-

441 5353 548 5467 ‘gis
591 5362 855 5467 ‘P'l'Odi‘dil:
888 5370 965 5423 uti
1018 5382 1205 5467 narrat
1242 5378 1384 5445 apud
1412 5376 1769 5446 Lipomanum
1819 5386 2091 5453 Asterius,
2118 5399 2169 5443 et
2202 5402 2482 5460 amputato
2518 5396 2691 5465 capite
2717 5352 2868 5467 grata
2912 5399 3023 5455 Deo
3053 5352 3272 5457 victlima
3328 5352 3547 5459 oblatus

266 5438 391 5537 fuit.
456 5443 533 5499 Ex
590 5450 675 5505 his
728 5454 943 5514 duobus
995 5438 1397 5537 prioremiqui

268 5542 322 5597 in
375 5534 734 5609 inscriptione
792 5557 1055 5608 tractatus
1120 5534 1365 5622 dicatur,

1450 5470 1749 5543 Episcopus
1799 5476 1936 5540 fuit,
1990 5483 2241 5548 suspicor
2295 5485 2397 5541 hac
2444 5489 2693 5543 oratione
2742 5490 2972 5557 laudari,
3004 5496 3147 5563 quod
3210 5496 3545 5568 ἱερομάρτυς

1430 5578 1539 5657 quo
1583 5565 1752 5657 titulo
1811 5571 2010 5640 saepius
2080 5574 2134 5627 in
2202 5575 2505 5649 Menologio
2558 5580 2741 5654 [704]
2805 5581 3109 5655 Episcopus
3158 5565 3274 5640 aut-
3307 5565 3542 5657 Pt'esby—

665 5633 676 5645 .
1447 5626 1462 5632 _
1888 5626 1903 5640 _
2084 5626 2133 5627 η
2202 5626 2501 5649 cumba”
2607 5626 2697 5636 η.
2807 5626 2845 5635 ..
2892 5626 3006 5639 ,πυ
3050 5626 3109 5640 .,.
3158 5626 3253 5640 ...η
3307 5626 3474 5642 ..νου
3514 5626 3540 5630 -

266 5626 417 5753 litos
452 5640 716 5753 martyrlto
762 5652 1056 5698 exornatus
1086 5662 1115 5699 ει
1156 5646 1358 5705 Graecis
1395 5652 1645 5723 insigniri
1696 5659 1875 5725 video,
1915 5672 1973 5715 ut
2006 5664 2299 5735 lgnatium,
2358 5626 2679 5742 Dionysium
2724 5626 2789 5729 Jct
2841 5626 3101 5744 [Ii/lasiuiin,
3137 5687 3193 5731 ut
3226 5687 3280 5733 et
3323 5626 3541 5753 iepopj)-

337 5733 465 5753 νην.
505 5738 638 5753 nm...
684 5736 771 5753 ,.,..
806 5736 1095 5753 μηηικμ
1233 5739 1243 5750 .
1402 5743 1411 5753 .
1557 5747 1567 5753 .
1755 5750 1763 5753 _

1505 5714 1533 5723 ν
1865 5714 1875 5725 ,
1960 5714 1971 5715 κ
2006 5714 2299 5735 -0------...,
2359 5714 2489 5725 -.νη
2735 5714 2789 5729 ιλ.
2841 5714 3078 5731 unum...
3227 5714 3253 5732 υ

264 5714 465 5786 νάχους
503 5725 775 5793 appellant
806 5736 1127 5801 monachos,
1154 5739 1245 5808 qui
1273 5743 1568 5813 presbyteri
1598 5750 1790 5815 creati,
1822 5762 1873 5806 ct
1905 5754 1957 5809 in
1990 5756 2422 5817 ecclesiasticam
2448 5714 2814 5821 hilarare-hiatu
2858 5774 2986 5821 sunt
3007 5721 3207 5823 allecti.
3241 5786 3259 5820 ο

343 5827 722 5904 interpretatio
754 5838 947 5901 Latina
983 5856 1064 5904 est
1098 5847 1391 5913 Frontonis
1423 5854 1623 5916 Duczei.
