4182 6322
375 345 482 402 699

1515 356 1580 413 IN
1627 356 1683 414 s.
1728 355 2008 435 pnocm
2047 356 2448 416 umnam

3503 358 3611 418 700

774 956 965 1034 [ιτοι]
1029 969 1204 1056 ΕΙΣ
1266 952 1493 1059 TON
1550 970 1888 1056 AI‘ION
1943 975 1970 1055 1

2073 933 2704 1057 POMAPTYPA
2767 966 3201 1057 ΦΩΚΑΝ,

1619 1409 1740 1462 ΚΑΙ
1784 1408 1976 1463 ΚΑΤΑ
2012 1406 2393 1464 ΔΙΡΕΤΙΚΩΝ

486 1795 598 1854 Καὶ
631 1795 722 1866 εις
752 1795 859 1851 τόν
890 1801 1030 1868 ρμαρ
1055 1795 1324 1868 ψαλμὸν,
1358 1815 1378 1849 ι
1421 1795 1596 1866 Φωνῆ
1631 1815 1754 1867 μου
1800 1799 1951 1868 πρὸς
1977 1799 2086 1853 τὸν
2115 1800 2336 1868 Κύριον
2362 1797 2683 1869 ἐκέκραξα,
2722 1798 2894 1871 φωνῇ
2927 1816 3048 1872 μου
3073 1799 3224 1872 πρὸς
3249 1798 3358 1856 τὸν
3388 1802 3540 1857 Θεὸν

1841 1889 2120 1958 ἐδεήθην.
2159 1909 2180 1942 ι

457 2719 525 2780 α’.
561 2714 804 2787 Λαμπρά
849 2712 1066 2785 γέγονεν
1099 2713 1230 2784 ήμῖν
1270 2710 1458 2786 χθέςὴ
1510 2713 1692 2780 πόλις,
1733 2689 1992 2786 λαμπρὰ.

387 2804 480 2856 καὶ
513 2798 838 2872 περιφανὴς,
872 2803 973 2849 οὐκ
997 2795 1186 2866 ἐπειδὴ
1217 2795 1402 2857 κίονας
1434 2789 1598 2863 εἶχεν,
1630 2795 1744 2856 ἀλλ’
1779 2793 1964 2864 ἐπειδὴ

387 2885 640 2955 μάρτυρα
668 2877 1018 2950 πομπεύοντα
1047 2877 1155 2931 ἀπὺ
1185 2877 1387 2930 Πόντου
1426 2875 1562 2948 πρὸς
1608 2878 1755 2949 ἡμᾶς
1787 2894 1963 2948 παρα.

385 2966 692 3037 γενόμενον.
717 2958 871 3016 Εἷδεν
899 2961 1053 3033 ὑμῶν
1073 2961 1170 3030 τὴν
1195 2959 1519 3029 φιλοξενίαν,
1547 2962 1641 3013 καὶ
1672 2960 1965 3030 ἐνέπλησεν

385 3050 528 3120 ὑμᾶς
553 3049 653 3118 τῆς
693 3045 975 3114 εὐλογίας·
1019 3043 1278 3116 ἐπῄνεσεν
1312 3041 1466 3112 ὑμῶν
1497 3041 1596 3112 τήν
1634 3042 1970 3114 προθυμίαν,

384 3135 477 3187 καὶ
499 3132 759 3202 εὐλόγησε
787 3129 914 3190 τοὺς
941 3126 1439 3198 παραγενομένους.
1470 3124 1814 3197 Ἐμακάρισα
1839 3125 1966 3188 τοὺς

385 3215 736 3278 συνελθόντας
766 3213 861 3266 καὶ
893 3211 1257 3281 μετασχόντας
1287 3206 1452 3262 αὐτοῦ
1483 3208 1584 3279 τῆς
1605 3208 1853 3274 εὐωδίας,
1875 3209 1968 3264 καὶ

383 3300 674 3355 ἐταλάνισα
705 3298 830 3358 τοὺς
867 3293 1292 3362 ἀπολειφθέντας
1319 3309 1334 3324 ο
1364 3291 1480 3345 ἀλλ’
1511 3292 1600 3346 ἵνα
1631 3293 1707 3364 μὴ
1736 3294 1768 3362 ή
1795 3293 1969 3362 ζημία

382 3382 563 3438 αὐτῶν
587 3379 805 3441 ἀνίατος
831 3378 1075 3446 γένηται,
1103 3375 1264 3428 πάλιν
1290 3377 1349 3428 ἐν
1371 3374 1534 3444 ἑτέρᾳ
1555 3376 1590 3446 ή
1599 3376 1662 3445 μέ
1670 3391 1741 3445 ρᾳ
1764 3375 1969 3445 ἀνακη-

385 3468 652 3540 ρύττομεν
672 3462 858 3526 αὐτὸν,
889 3462 976 3514 ἵνα
1005 3459 1100 3514 καὶ
1129 3460 1180 3512 οί
1227 3457 1642 3540 ἀπολειφθέντες
1671 3457 1759 3540 διά
1801 3457 1969 3530 ρᾳθυ-

386 3539 514 3622 μίαν
541 3545 936 3600 διπλασιάσωσι
955 3543 1024 3613 τῇ
1051 3541 1254 3612 σπουδῇ
1283 3539 1383 3612 τὴν
1405 3540 1656 3622 εὐλογίαν
1688 3539 1787 3611 τήν
1819 3540 1970 3612 παρὰ

381 3621 478 3686 τοῦ
508 3631 800 3704 μάρτυρος.
836 3629 902 3696 ’,Ο
933 3626 1033 3697 μὲν
1058 3625 1170 3704 γὰρ
1197 3624 1457 3689 πολλάκις
1490 3621 1665 3690 εἷπον,
1694 3625 1852 3678 τοῦτο
1876 3624 1972 3679 καὶ

382 3693 558 3784 λέγων
577 3693 637 3767 οὐ
662 3693 947 3782 παύσομαι
961 3725 976 3739 '
1001 3709 1101 3761 οὐκ
1133 3693 1364 3771 ε’ὐθύνας
1395 3708 1611 3762 ἀπαιτῶ
1640 3709 1972 3780 ἁμαρτημά-

387 3816 532 3857 των.
569 3795 706 3850 ἀλλὰ
750 3797 864 3858 τοίς
901 3789 1186 3846 ἀσθενοῦσι
1235 3790 1505 3862 φάρμακα
1554 3791 1968 3854 κατασκευάζω.

395 3878 756 3948 ’Λπελείφθης
779 3876 905 3947 χθές
929 3890 945 3940 ;
978 3872 1289 3946 παραγενοῦ
1317 3872 1419 3926 κᾶν
1447 3873 1707 3944 σήμερον,
1739 3873 1825 3926 ἶνα
1856 3873 1972 3944 ῐδῃς

383 3963 548 4018 αὐτὸν
579 3963 659 4025 εἰς
689 3960 781 4014 τὸν
813 3959 1012 4012 οἰκεῖον
1033 3955 1211 4027 χῶρον
1241 3955 1607 4026 ἀπαγόμενον.
1635 3950 1790 4018 Εῐδες
1809 3954 1968 4008 αὐτὸν

381 4045 475 4099 διὰ
504 4047 602 4116 τῆς
631 4044 836 4112 ἀγορᾶς
884 4040 1152 4109 ἀγόμενον
1178 4055 1193 4104 ;
1231 4037 1396 4107 βλέπε
1435 4037 1597 4091 αὐτὸν
1629 4039 1725 4092 καὶ
1755 4037 1844 4092 διὰ
1870 4038 1967 4092 τοῦ

385 4129 652 4196 πελάγους
686 4125 940 4185 πλέοντα,
968 4124 1057 4176 ἵνα
1083 4122 1320 4193 ἑκάτερα
1345 4119 1415 4174 τὰ
1440 4123 1677 4192 στοιχεῖα
1705 4120 1804 4191 τῆς
1836 4122 1967 4193 παρ’

385 4210 551 4265 αὐτοῦ
588 4207 836 4276 εὐλογίας
875 4204 1186 4276 ἐμπλησθῇ.

456 4292 660 4361 Μηδεὶς
711 4283 1172 4358 ἀτωλιμπαν’έσθω
1207 4285 1309 4356 τῆς
1353 4287 1504 4358 ἱερᾶς
1573 4287 1778 4358 ταύτης
1839 4303 1969 4340 παν-

383 4373 669 4447 ηγύρεως·
703 4372 778 4443 μὴ
827 4370 1093 4441 παρθένος
1137 4369 1276 4421 οῐκοι
1306 4369 1546 4438 μενέτω,
1583 4368 1658 4439 μὴ
1690 4368 1827 4439 γυνὴ
1871 4369 1970 4438 τὴν

384 4460 563 4513 οἰκίαν
595 4457 890 4527 κατεχέτω,
913 4454 1240 4525 κενώσωμεν
1263 4453 1362 4522 τὴν
1395 4452 1570 4516 πόλιν,
1599 4453 1693 4506 καὶ
1720 4453 1856 4522 πρὸς
1880 4452 1970 4504 τὸν

383 4543 556 4611 τάφον
583 4539 677 4594 τοῦ
713 4541 991 4610 μάρτυρος
1051 4536 1506 4608 μεθορμίσωμεν⁸
1563 4537 1660 4589 καὶ
1714 4536 1823 4607 γάρ
1875 4536 1969 4589 καὶ

388 4626 627 4698 βασιλεῖς
665 4625 818 4693 κοινῇ
857 4620 976 4692 μεθ’
1002 4619 1156 4692 ήμῶν
1187 4618 1490 4690 χορεύουσι.
1529 4617 1695 4672 Ποίαν
1717 4615 1810 4671 οὖν
1841 4635 1970 4687 συγ-

385 4707 612 4780 γνώμην
645 4706 756 4776 ἕχει
785 4708 812 4759 6
841 4705 1057 4774 ἰδιώτης
1081 4743 1095 4767 ,
1129 4701 1395 4774 βασιλέων
1425 4702 1524 4764 τὰς
1555 4700 1839 4770 βασιλικὰς
1871 4701 1969 4753 αὐ-

384 4792 484 4856 λὰς
515 4791 1028 4861 καταλιμπανόντων
1055 4827 1070 4845 .
1105 4788 1199 4841 καὶ
1230 4786 1309 4856 τῷ
1356 4786 1512 4856 τάφῳ
1552 4784 1646 4838 τοῦ
1696 4787 1970 4858 μάρτυρος

387 4874 908 4946 παρακαθημένωνς
941 4864 1174 4942 Τοιαύτη
1206 4872 1315 4939 γάρ
1347 4871 1455 4922 τῶν
1489 4869 1780 4940 μαρτύρων
1813 4871 1844 4940 ή
1889 4869 1972 4922 δύ-

387 4977 586 5031 ναμις,
626 4960 702 5022 ὡς
753 4959 827 5030 μὴ
871 4959 1028 5027 μόνον
1078 4957 1205 5019 τοὺς
1251 4952 1502 5018 ίδιώτας,
1539 4952 1676 5006 ἀλλά
1727 4954 1970 5020 καὶτοὺς

386 5043 458 5096 τά
485 5043 792 5112 διαδήματα
827 5040 1129 5111 φοροῦντας
1163 5035 1515 5108 σαγηνεύειν·
1548 5035 1688 5105 αὕτη
1713 5036 1822 5090 τῶν
1861 5037 1970 5091 Ἐλ-

389 5125 564 5196 λήνων
589 5126 622 5196 ή
656 5119 1075 5192 αίσχύνη,αὖτη
1099 5120 1198 5191 τῆς
1226 5119 1433 5188 πλάνης
1455 5117 1634 5171 αὐτῶν
1663 5119 1723 5171 τὸ
1746 5117 1967 5184 ὄνειδος,

389 5209 530 5279 αὕτη
575 5208 687 5262 τῶν
736 5207 1007 5278 δαιμόνων
1054 5206 1086 5275 ή
1140 5203 1546 5272 ὲξολόθρευσις·
1575 5202 1714 5271 αὕτη
1746 5202 1968 5275 ήμῶνή

388 5292 638 5360 εὐγένεια
661 5335 676 5357 ,
711 5288 933 5360 καὶτῆς
973 5285 1304 5355 Ἐκκλησίας
1343 5286 1372 5338 6
1424 5284 1707 5352 στέφανος.
1750 5286 1976 5357 Χορεύω

392 5376 533 5449 μετά
557 5373 872 5448 μαρτύρων,
907 5372 1001 5425 καὶ
1028 5367 1267 5442 σκιρτῶ,
1293 5367 1412 5422 ἀντὶ
1440 5367 1725 5449 λειμώνων
1763 5367 1977 5437 βλέπων

388 5445 570 5513 αὐτῶν
596 5445 658 5513 τδ
688 5457 966 5530 τρόπαιον,
999 5455 1081 5508 δτι
1106 5452 1228 5506 ἀντὶ
1251 5450 1444 5523 πηγῶν
1484 5445 1625 5521 αἷμα
1653 5451 1842 5523 ἔρρεον
1861 5469 1876 5483 ο
1911 5454 1978 5507 τὰ

389 5543 524 5597 ὀστᾶ
558 5540 737 5596 αὐτῶν
779 5537 1093 5609 ἐδαπανήθη
1117 5575 1132 5599 ,
1175 5530 1288 5589 καλέ
1317 5536 1352 5606 ή
1400 5534 1598 5606 μνήμη
1637 5534 1816 5587 αὐτῶν
1857 5535 1980 5589 καθ’

390 5625 627 5694 ἑκάστην
653 5623 865 5695 ἡμέραν
890 5621 1202 5694 νεαρωτέρα
1231 5618 1464 5687 γίνεται.
1505 5618 1714 5691 Ὠσπερ
1741 5617 1850 5691 γάρ
1883 5620 1975 5674 τὸν

387 5708 541 5780 ἥλιον
569 5707 849 5778 ἀμήχανον
885 5704 1197 5774 σϐεσθῆναι,
1222 5699 1368 5755 οὕτω
1389 5699 1484 5755 καὶ
1510 5701 1732 5772 μνήμην
1764 5701 1975 5773 μαρτύο

395 5807 503 5862 ρων
522 5806 536 5820 ⁸
565 5790 727 5854 αὐτὸς
757 5789 867 5862 γὰρ
913 5790 941 5843 δ
971 5785 1203 5859 Χριστδς
1229 5784 1582 5854 ἀπεφήνατοο
1628 5784 1681 5834 '0
1713 5785 1971 5854 οὐρανὸς

2065 2713 2165 2767 καί
2191 2715 2230 2783 ἠ
2263 2713 2340 2785 γῆ
2381 2715 2879 2786 παρελεύσονται,
2911 2717 2965 2772 οί
2987 2715 3056 2771 δὲ
3091 2717 3259 2789 λόγοι
3296 2734 3419 2787 μου
3447 2718 3521 2773 οὐ
3559 2716 3654 2788 μὴ

2065 2797 2467 2864 παρέλθωσιν.
2511 2801 2674 2855 Ἀλλά
2721 2799 2814 2854 τοῦ
2846 2800 2944 2871 μὲν
2980 2799 3255 2872 μάρτυρος
3285 2799 3357 2854 τὰ
3399 2799 3656 2871 ἐγκώμια

2066 2880 2146 2943 είς
2191 2879 2282 2933 τὸν
2314 2883 2664 2954 προσήκοντα
2707 2881 2899 2955 καιρὸν
2951 2883 3366 2954 ἀναμείνωμεν
3419 2886 3515 2936 καλ⁹
3543 2882 3657 2952 γὰρ

2067 2963 2159 3014 καὶ
2190 2961 2362 3016 ταῦτα
2404 2965 2716 3035 ἀρκούντως
2744 2965 2961 3034 εἴρηται
3000 2965 3088 3018 διὰ
3119 2964 3219 3037 τὴν
3269 2965 3503 3037 σπουδὴν
3545 2965 3656 3019 τῶν

2065 3043 2390 3120 ὀφειλόντων
2429 3047 2778 3119 συναχθῆναι,
2827 3048 2926 3101 καλ⁸
2971 3048 3248 3118 περιφανῆ
3299 3049 3524 3119 ποιῆσαι
3555 3050 3659 3120 τὴν

2068 3119 2281 3198 ἡμέραν
2307 3113 2408 3197 τῆς
2437 3113 2664 3200 ἐορτῆςί
2685 3127 2840 3200 [705]
2885 3132 2951 3182 ’0
2985 3113 3085 3200 μὲν
3115 3113 3351 3203 γὰρ-καὶ
3379 3113 3506 3201 χθὲς
3537 3113 3658 3184 ιλέ-

2053 3225 2184 3276 γον,
2217 3212 2310 3262 καὶ
2347 3211 2587 3281 σήμερον
2622 3212 2782 3266 πάλιν
2815 3211 2996 3280 λέγω,
3033 3211 3112 3283 τῷ
3145 3215 3243 3284 μὲν
3293 3214 3530 3286 μάρτυρι
3561 3214 3659 3268 οὐ-

2067 3290 2230 3360 δεμία
2253 3291 2379 3358 δόξα
2401 3293 2512 3346 ἀπὸ
2533 3295 2625 3364 τῆς
2658 3293 2767 3347 τῶν
2789 3294 2999 3348 πολλῶν
3025 3297 3324 3367 παρουσίας
3345 3297 3656 3367 γενήσεται,

2069 3372 2199 3443 ὑμῖν
2231 3373 2309 3427 ιδὲ
2365 3373 2567 3428 πλείων
2597 3374 2754 3430 ἔσται
2792 3378 2827 3447 ή
2869 3377 3087 3445 εὐλογία
3120 3379 3229 3432 άπὸ
3277 3378 3372 3432 τοῦ
3407 3397 3659 3452 παραγε-

2069 3455 2256 3508 νέσθαι
2288 3456 2425 3529 πρὸς
2456 3458 2548 3510 τὸν
2608 3459 2882 3530 μάρτυρα.
2917 3460 3128 3531 Ὥσπερ
3161 3462 3271 3533 γὰρ
3318 3463 3348 3515 6
3400 3464 3538 3532 πρὸς
3565 3463 3659 3516 τὸν

2068 3538 2220 3609 ἥλιον
2247 3539 2461 3610 βλέπων
2485 3541 2546 3594 τὸ
2567 3542 2668 3612 μὲν
2692 3541 2891 3613 ἄστρον
2923 3543 3276 3615 φαιδρότερον
3300 3545 3360 3598 οὐ
3396 3548 3560 3609 ποιεῖ,
3591 3546 3664 3600 τὰ

2070 3620 2128 3674 δὲ
2152 3623 2326 3676 οίκετα
2372 3623 2597 3700 δμματα
2628 3625 2966 3694 καταυγάζει
2992 3641 3008 3656 ο
3045 3626 3186 3680 οὕτω
3217 3627 3281 3700 δὴ
3317 3629 3412 3682 καὶ
3460 3630 3489 3682 6
3514 3629 3662 3700 μάρ-

2070 3720 2212 3774 τυρα
2246 3705 2456 3774 τιμῶν,
2496 3697 2702 3760 ἐκεῖνον
2757 3706 3142 3781 λαμπρότερον
3197 3697 3280 3762 οὐ
3316 3713 3461 3765 ποιεῖ
3483 3697 3660 3775 ,ἀλλ’

2073 3787 2236 3850 αὐτὸς
2286 3787 2415 3860 παρ’
2448 3787 2657 3842 ἐκείνου
2707 3789 2807 3862 τήν
2857 3789 3112 3859 εὐλογίαν
3163 3790 3260 3846 τοῦ
3311 3792 3490 3864 φωτὸς
3539 3795 3664 3848 ἐπι-

2075 3884 2302 3923 σπαται.

2148 3951 2472 4022 Ποιήσωμεν
2522 3942 2686 4007 πάλιν
2719 3952 2818 4026 τὴν
2862 3954 3132 4011 θάλατταν
3169 3954 3466 4027 ἐκκλησίαν
3523 3957 3665 4028 μετά

2075 4034 2372 4106 λαμπάδων
2400 4035 2631 4103 ἐξιόντες
2663 4040 2976 4104 ἐκεῖσε,καὶ
3001 4039 3064 4093 τὸ
3091 4039 3201 4111 πῦρ
3227 4040 3660 4111 ἐνυγραίνοντες,

2075 4119 2171 4172 καὶ
2203 4118 2263 4172 τὸ
2288 4117 2432 4190 ὕδωρ
2457 4121 2883 4191 ἐμπιμπλῶντες
2915 4124 3108 4195 πυρός.
3151 4123 3358 4194 Μηδεὶς
3391 4123 3667 4192 φοϐείσθω

2075 4203 2137 4257 τὸ
2159 4203 2398 4272 πέλαγος
2417 4222 2430 4234 ⁸
2467 4207 2495 4258 6
2522 4205 2732 4276 μάρτυς
2769 4206 2998 4262 θάνατον
3032 4210 3133 4262 οὐκ
3171 4207 3411 4278 ἐφοϐήθη
3431 4247 3446 4271 ,
3477 4209 3569 4262 καὶ
3597 4211 3665 4262 σὺ

2075 4286 2138 4339 τὸ
2178 4286 2322 4358 ὓδωρ
2352 4287 2631 4361 δέδοικας;
2674 4290 2835 4344 Ἀλλά
2867 4290 3056 4345 τοῦτον
3105 4291 3205 4363 μὲν
3248 4291 3538 4362 αὐτάρκως
3571 4293 3666 4346 τὸν

2076 4369 2231 4437 λόγον
2264 4371 2567 4442 εἰρήκαμεν
2587 4389 2611 4426 ο,
2632 4373 2765 4442 φέρε
2797 4372 2862 4443 δὴ
2895 4375 2990 4427 καὶ
3014 4377 3081 4428 ἐκ
3112 4374 3221 4428 τῶν
3248 4375 3486 4446 σήμερον
3513 4376 3666 4448 είρη-

2080 4452 2257 4523 μένων
2288 4453 2386 4524 τὴν
2429 4453 2683 4508 εἰωθυῖαν
2733 4455 2864 4526 ὑμῖν
2901 4457 3240 4528 παραϐῶμεν
3272 4458 3573 4530 τράπεζαν,
3601 4459 3664 4512 Εἰ

2077 4535 2187 4608 γάρ
2225 4536 2319 4589 καὶ
2371 4541 2784 4608 στενοχωρεῖται
2827 4538 2985 4609 ήμῶν
3022 4538 3086 4592 τά
3119 4539 3368 4611 σώματα,
3396 4541 3510 4594 ἀλλ’
3537 4541 3668 4596 ἀνα·

2077 4617 2398 4689 πτερούσθω
2445 4622 2480 4688 ή
2531 4619 2776 4673 διάνοια·
2824 4620 2946 4674 οὐδέ
2995 4621 3104 4694 γὰρ
3155 4624 3254 4694 τὴν
3305 4627 3668 4696 στενοχωρίαν

2078 4700 2254 4772 ὑμῶν,
2279 4701 2412 4754 ἀλλά
2436 4701 2534 4772 τὴν
2572 4701 2884 4774 προθυμίαν
2919 4703 3122 4774 βλέπω.
3167 4705 3294 4760 Ἡδὺ
3329 4708 3424 4760 καλ⁵
3471 4707 3670 4780 κυϐερ-

2077 4785 2215 4858 νήτῃ
2247 4783 2484 4837 θάλαττα
2515 4787 2904 4858 κυματουμένη
2925 4827 2939 4851 ,
2991 4788 3087 4841 καὶ
3127 4788 3431 4862 διδασκάλῳ
3464 4792 3666 4864 ἐκκλη-

2080 4867 2168 4922 σία
2197 4866 2599 4940 πελαγιζομένη
2619 4886 2634 4900 ·
2665 4870 2728 4923 οὐ
2752 4871 2860 4940 γάρ
2882 4872 3030 4924 ἐστιν
3059 4874 3117 4927 ἐν
3139 4876 3251 4938 τοῖς
3282 4874 3439 4928 ὕδασι
3457 4876 3670 4940 τούτοις

2077 4951 2201 5006 οὐτε
2245 4951 2426 5022 ἀλμη,
2472 4949 2598 5006 οὔτε
2642 4953 2936 5018 σκόπελος,
2989 4954 3112 5010 οὐτε
3154 4955 3356 5026 θηρία,
3391 4959 3528 5015 ἀλλὰ
3571 4960 3670 5015 θά-

2075 5033 2246 5090 λαττα
2285 5034 2379 5088 καὶ
2425 5035 2660 5105 πέλαγος
2706 5037 2878 5107 γέμον
2919 5039 3150 5104 εὐωδίας
3177 5056 3191 5072 ·
3229 5040 3462 5096 ἐνταῦθα
3509 5041 3671 5097 πλοῖα

2076 5118 2178 5173 οὐκ
2202 5119 2310 5172 ἀπὸ
2335 5119 2440 5191 γῆς
2463 5121 2544 5183 εἰς
2584 5119 2711 5190 γῆν,
2747 5120 2862 5176 ἀλλ’
2888 5121 2997 5174 ἀπὸ
3040 5123 3148 5193 γῆς
3174 5125 3256 5188 είς
3279 5125 3509 5198 οὐρανὸν
3536 5127 3671 5197 μεθ-

2078 5201 2447 5273 ορμιζόμενα,
2496 5202 2558 5255 οὐ
2616 5203 2874 5276 χρήματα
2911 5203 3140 5275 ἔχοντα,
3181 5205 3242 5259 οὐ
3281 5207 3514 5277 χρυσὸν,
3546 5209 3669 5263 οὐδέ

2079 5283 2318 5359 ἄργυρον
2337 5323 2353 5349 ,
2385 5285 2524 5339 ἀλλά
2555 5286 2738 5340 πίστιν
2761 5325 2778 5353 ,
2807 5288 2900 5341 καὶ
2925 5289 3148 5361 ἀγάπην
3169 5329 3186 5355 ,
3229 5291 3324 5344 καὶ
3351 5289 3538 5362 ζῆλον.
3572 5292 3668 5346 καὶ

2083 5368 2291 5437 σοφίαν.

2126 5495 2132 5500 .
2156 5452 2220 5522 β’.
2248 5452 2387 5518 Φέρε
2409 5453 2474 5524 δή
2499 5453 2676 5507 τοίνυν
2695 5453 2834 5525 μετά
2852 5454 3138 5528 ἀκριϐείας
3161 5457 3387 5531 ἐφίεμεν
3413 5461 3474 5513 τ“ο
3489 5459 3671 5512 πλοῖον

2089 5537 2358 5608 μηδέποτε
2403 5537 2775 5610 ἀπολλύμενον
2800 5577 2818 5600 .
2874 5539 3010 5611 μηδέ
3058 5543 3316 5611 ναυάγιον
3375 5543 3667 5615 ὑπομένον.

2096 5618 2258 5672 Ἀλλά
2306 5620 2606 5692 προσέχετε
2637 5620 2776 5697 μετά
2804 5621 3092 5692 ἀκριϐείας
3120 5627 3233 5689 τοῖς
3264 5625 3574 5697 λεγομένοις
3595 5643 3607 5656 ·
3644 5629 3673 5680 6

2081 5703 2190 5775 γὰρ
2217 5702 2433 5775 ψαλμδς
2460 5705 2612 5776 ήμᾶς
2645 5696 2882 5777 σήμερον
2911 5706 2993 5770 είς
3019 5706 3327 5778 παράταξιν
3351 5696 3534 5778 ἐξάγει
3563 5708 3674 5763 τῶν

2079 5787 2375 5861 αίρετικῶν
2395 5830 2411 5851 ,
2441 5790 2542 5860 οὐχ
2582 5789 2670 5843 ἵνα
2693 5788 2896 5856 αὐτοὺς
2924 5789 3167 5857 ἑστῶτας
3197 5791 3514 5864 βάλλωμεν,
3554 5793 3670 5848 ἀλλ’
