4206 6302
658 293 759 350 τοι

663 411 753 465 ῐνα
796 408 1078 476 κειμένους
1115 401 1550 474 ἀναστήσωμεν
1595 397 1831 462 τοιοῦτος
1880 396 1988 468 γὰρ
2029 393 2238 464 ήμῶνὸ

656 490 923 559 πόλεμοςο
957 487 1056 538 οὑκ
1097 483 1204 536 ἀπὸ
1253 481 1469 546 ζώντων
1509 482 1734 550 νεκροὺς
1759 480 2082 553 ἐργάζεται,
2123 477 2236 530 ἀλλ’

658 573 767 624 ἀπὸ
811 567 1022 638 νεκρῶν
1055 565 1260 629 ζῶντας
1296 563 1732 626 κατασκευάζει,
1762 563 2097 632 ἡμερότητος
2147 559 2236 626 γέ-

660 671 776 724 μων
819 654 915 704 καὶ
977 647 1178 717 πολλῆς
1229 646 1328 714 τῆς
1381 646 1700 708 ἐπιεικείας.
1753 645 1827 697 Οὐ
1877 644 1984 712 γὰρ
2029 641 2238 694 ἐλαύνω

657 736 960 806 πράγματι,
1020 729 1153 784 ἀλλά
1184 729 1261 799 τῷ
1295 728 1440 798 λόγῳ
1476 728 1656 780 διώκω
1679 767 1696 792 ,
1729 727 1790 779 οὑ
1823 728 1912 780 τὸν
1939 726 2234 796 αἱρετικὸν,

655 819 791 871 ἀλλά
842 817 941 886 τὴν
975 815 1185 884 αἵρεσιν
1211 851 1225 875 ,
1259 811 1320 862 οὑ
1365 811 1457 863 τὸν
1489 810 1769 882 ἄνθρωπον
1798 807 2233 879 ἀποστρέφομαι,

653 901 790 955 ἀλλά
818 900 914 971 τὴν
938 897 1142 966 πλάνην
1174 893 1338 963 μισῶ.
1375 893 1469 946 καί⁹
1490 892 1898 946 ἐπισπάσασθαι
1928 890 2190 961 βούλομαι
2217 905 2231 918 ⁸

651 985 752 1037 οὑκ
795 982 902 1053 ἔχω
933 981 1164 1049 πόλεμον
1216 977 1352 1046 πρὸς
1386 976 1576 1029 οὐσίαν
1602 993 1615 1008 ο
1649 975 1784 1028 Θεοῦ
1831 975 1939 1045 γάρ
1987 973 2146 1045 ἔργον
2201 974 2233 1044 ή

648 1067 838 1119 οὑσία·
869 1062 1005 1116 ἀλλά
1024 1061 1121 1131 τὴν
1158 1059 1385 1130 γνώμην
1424 1058 1815 1130 διορθώσασθαι
1857 1058 2140 1127 βούλομαι,
2168 1056 2233 1126 ἣν

649 1145 1022 1217 διέφθειρεν⁶δ
1072 1143 1335 1205 διάϐολος.
1368 1140 1527 1196 Οὕτω
1580 1142 1674 1194 καὶ
1733 1141 1912 1212 ἰατρὸς
1951 1140 2234 1212 ἀρῤωστον

649 1229 969 1301 θεραπεύων
989 1267 1004 1291 ,
1032 1227 1092 1279 ού
1122 1226 1199 1295 τῷ
1231 1223 1443 1293 σώματι
1474 1223 1720 1293 πολεμεῖ,
1759 1223 1895 1276 ἀλλά
1923 1223 2016 1276 τοῦ
2045 1221 2232 1292 σώμα-

645 1327 738 1374 τος
766 1311 863 1382 τὴν
893 1311 1092 1363 κακίαν
1131 1307 1364 1378 ἀναιρεῖ.
1394 1305 1564 1373 Κάγὼ
1601 1305 1778 1359 τοίνυν
1813 1304 1910 1358 ἐὰν
1938 1304 2232 1374 πολεμήσω

646 1396 978 1465 αίρετικοῖς,
1003 1393 1101 1445 οὑκ
1131 1392 1316 1452 αὐτοῖς
1341 1391 1454 1452 τοῖς
1483 1388 1792 1460 ἀνθρώποις
1827 1387 2070 1458 πολεμῶ,
2096 1388 2232 1442 ἀλλά

643 1480 745 1550 τὴν
776 1479 984 1548 πλάνην
1006 1475 1254 1529 ἐκϐαλεῖν
1283 1473 1563 1543 βούλομαι,
1593 1473 1688 1526 καὶ
1715 1475 1814 1543 τὴν
1845 1473 2112 1544 σηπεδόνα
2143 1473 2234 1525 ἐκ-

646 1562 904 1632 καθᾶραι.
944 1559 1097 1630 Ἐμοὶ
1138 1557 1258 1621 ἐθος
1292 1557 1409 1609 ἐστὶ
1438 1555 1731 1609 διώκεσθαι
1761 1556 1855 1609 καὶ
1893 1555 1967 1627 μὴ
1990 1555 2229 1621 διώκειν,

644 1643 963 1697 ἐλαύνεσθαι
993 1642 1086 1693 καὶ
1123 1639 1196 1709 μὴ
1235 1637 1496 1691 ἐλαύνειν.
1521 1637 1677 1692 Οῦτω
1700 1638 1794 1691 καὶ
1814 1641 1843 1691 6
1867 1638 2103 1708 Χριστὸς
2131 1655 2231 1690 πε-

645 1727 919 1798 ριεγένετο
943 1765 957 1786 .
989 1726 1050 1778 οὑ
1086 1723 1438 1794 σταυρώσας,
1475 1721 1612 1775 ἀλλά
1645 1721 2006 1792 σταυρωθεὶς,
2049 1721 2110 1773 οὑ
2142 1723 2232 1788 ῥα-

642 1807 1009 1873 πίσας,ἀλλά
1059 1805 1361 1876 ραπισθείς.
1414 1806 1482 1857 Εἰ
1515 1803 1632 1872 μὲν
1679 1801 1877 1868 κακῶς
1930 1803 2227 1871 ἐλάλησα,

642 1893 798 1962 φησὶ,
822 1891 1213 1961 μαρτύρησον
1240 1886 1374 1953 περὶ
1406 1886 1513 1940 τοῦ
1544 1884 1731 1940 κακοῦ
1753 1901 1767 1917 ο
1797 1889 1848 1939 εἰ
1887 1885 1955 1938 δὲ
2007 1885 2227 1952 καλῶς,

643 1976 702 2028 τί
723 1993 800 2044 με
821 1974 1012 2042 δέρεις
1037 1988 1054 2036 ;
1092 1971 1151 2023 '0
1177 1968 1451 2038 Δεσπότης
1477 1969 1576 2038 τῆς
1604 1969 1928 2040 οἰκουμένης
1957 1969 2035 2038 τῷ
2060 1968 2230 2039 δούλῳ

641 2058 736 2111 τοῦ
764 2056 1065 2126 ἀρχιερέως
1101 2052 1471 2120 ἀπολογεῖται,
1507 2052 1602 2104 καὶ
1635 2051 1917 2120 ῥαπισθεὶς
1951 2048 2010 2103 τὺ
2033 2051 2226 2122 στόμα,

641 2143 764 2195 ὅθεν
789 2139 979 2210 ἐξῆλθε
1008 2138 1180 2207 ῥῆμα,
1226 2136 1320 2188 καὶ
1359 2134 1458 2204 τὴν
1482 2134 1750 2187 θάλατταν
1775 2133 2070 2204 ἐχαλίνωσε
2092 2175 2105 2197 ,
2135 2137 2230 2189 καὶ

640 2224 1012 2294 τετραήμερον
1043 2216 1295 2291 Λάζαρον
1325 2218 1387 2269 ἐκ
1415 2216 1626 2286 νεκρῶν
1671 2219 1890 2288 ἤγειρεν
1915 2231 1930 2248 ·
1966 2217 2088 2269 ὅθεν
2125 2236 2226 2270 κα-

641 2306 736 2358 κία
769 2303 1193 2376 ἐδραπέτευσεν,
1241 2299 1363 2352 ὅθεν
1395 2300 1677 2369 νοσήματα
1709 2301 1802 2353 καὶ
1857 2300 2228 2370 ἁμαρτήματα

640 2388 827 2441 ἐλύετο
845 2402 858 2416 °
909 2384 1066 2439 τοῦτο
1094 2384 1188 2438 τοῦ
1211 2383 1620 2455 σταυρωθέντος
1648 2382 1709 2435 τὸ
1738 2382 1943 2452 θαῦμα.
1981 2385 2091 2437 Καὶ
2119 2384 2226 2454 γάρ

634 2470 932 2540 δυνάμενος
965 2469 1228 2539 κεραυνὸν
1250 2467 1466 2535 ἀφεῖναι
1486 2507 1500 2530 ,
1530 2467 1624 2518 καὶ
1645 2466 1744 2536 τὴν
1777 2469 1880 2538 γῆν
1905 2469 2100 2532 σεῖσαι,
2133 2470 2228 2520 καὶ

637 2552 791 2625 [706]
819 2552 916 2623 τὴν
949 2555 1103 2623 χεῖρα
1148 2549 1244 2603 τοῦ
1289 2549 1478 2602 δούλου
1529 2549 1792 2618 ξηρᾶναι,
1835 2548 1985 2602 οὑδέν
2023 2550 2226 2603 τούτων

639 2638 918 2707 ἐποίησεν,
956 2635 1092 2689 ἀλλά
1123 2636 1218 2690 καὶ
1239 2633 1620 2700 ἀπολογεῖται,
1656 2631 1752 2686 καὶ
1778 2634 2044 2704 πραότητι
2072 2651 2228 2706 περιρ

635 2721 844 2788 γίνεται
869 2762 881 2780 .
910 2719 969 2784 σὲ
997 2718 1269 2772 παιδεύων
1296 2716 1582 2788 ἄνθρωπον
1619 2716 1749 2768 ὄντα
1796 2716 2061 2787 μηδέποτε
2087 2720 2224 2786 ἀγα-

635 2806 885 2857 νακτεῖν·
927 2802 1033 2855 κᾶν
1067 2799 1428 2870 σταυρωθῇς,
1478 2798 1582 2851 κᾶν
1617 2799 1870 2869 ῥάπισμα
1910 2799 2114 2872 λάϐῃς,
2157 2799 2225 2854 τά

633 2887 776 2940 αὑτά
809 2886 894 2938 ἵνα
939 2886 1103 2958 λέγῃς
1134 2884 1210 2947 ὡς
1255 2883 1283 2934 6
1313 2883 1591 2952 Δεσπότης
1628 2897 1742 2933 σου·
1785 2885 1855 2935 Εἰ
1880 2883 1999 2951 μὲν
2028 2883 2225 2949 κακῶς

633 2970 936 3038 ἐλάλησα,
963 2970 1356 3038 μαρτύρησον
1392 2965 1524 3033 περὶ
1555 2964 1661 3017 τοῦ
1691 2967 1880 3019 κακοῦ
1901 2983 1914 2996 ·
1946 2969 1999 3019 εὶ
2028 2966 2095 3019 δὲ
2124 2984 2225 3021 κα-

631 3052 758 3116 λῶς
782 3094 795 3116 ,
824 3055 879 3105 τί
907 3069 983 3121 με
1036 3050 1262 3118 δέρεις;
1292 3048 1399 3101 Ka‘L
1431 3049 1532 3118 ὅρα
1562 3046 1726 3100 αὑτοῦ
1776 3046 1873 3118 τὴν
1919 3049 2223 3118 φιλανθρω-

631 3138 785 3198 πίαν,
824 3137 939 3200 πῶς
966 3135 1034 3188 τά
1068 3137 1164 3206 μὲν
1194 3133 1300 3186 τῶν
1330 3130 1529 3184 δούλων
1563 3129 1796 3195 ἐκδικεῖ,
1839 3131 1906 3184 τά
1939 3132 1995 3184 δὲ
2030 3131 2222 3185 ἐαυτοῦ

633 3219 992 3290 παρατρέχει.
1043 3215 1291 3284 Ἐγένετό
1319 3215 1400 3278 τίς
1426 3229 1557 3266 ποτε
1585 3215 1873 3285 προφήτης
1891 3253 1906 3277 ,
1944 3214 2036 3267 καί⁵
2068 3213 2221 3283 βασι-

629 3301 728 3354 λέα
772 3301 1074 3354 ἀσεϐοῦντα
1113 3300 1362 3370 διήλεγχε
1387 3338 1400 3361 ,
1438 3296 1532 3350 καὶ
1573 3295 1742 3349 ἐλθών
1791 3315 1952 3368 φησν
2004 3299 2222 3350 Θυσια-

632 3384 924 3452 στήριον,
957 3382 1422 3450 θυσιαστήριον,
1475 3379 1764 3433 ἄκουσον.
1807 3379 2023 3449 Ἐπειδὴ
2056 3379 2163 3448 γάρ
2193 3381 2221 3432 6

634 3466 891 3537 βασιλεὺς
934 3463 1215 3536 Ἱεροϐοάμ
1246 3464 1488 3534 εἱστήκει
1527 3458 1638 3525 τοῖς
1665 3460 1906 3524 εἰδώλοις
1933 3462 2219 3534 ἀναφέρων

635 3549 828 3602 θυσίαν
852 3589 866 3611 ,
893 3547 1062 3600 ἐλθὼν
1086 3549 1132 3606 ,ὁ
1168 3549 1453 3618 προφήτης
1479 3543 1557 3616 τῷ
1583 3544 1954 3616 θυσιαστηρίῳ
1981 3546 2223 3614 διαλέγε-

632 3648 746 3686 ται.
777 3631 843 3683 Τί
890 3633 1098 3694 ποιεῖς,
1135 3625 1180 3683 ὢ
1211 3631 1494 3702 προφῆτας
1535 3629 1627 3681 τὸν
1669 3628 1950 3697 ἄνθρωπον
1980 3630 2215 3700 ἀφῆκας,

634 3717 730 3768 καὶ
769 3716 847 3785 τῷ
903 3714 1271 3785 θυσιαστηρίῳ
1325 3713 1586 3784 διαλέγῃς
1633 3712 1779 3784 Na}...
1817 3713 1969 3782 φησί.
1997 3713 2094 3765 Διά
2123 3715 2215 3781 τίς

645 3798 867 3869 Ἐπειδὴ
894 3797 1043 3851 λίθου
1094 3797 1545 3867 ἀναισθητότερος
1594 3798 1622 3848 6
1652 3794 1936 3866 ἅνθρωπος
1981 3798 2213 3865 ἐγένετο,

633 3883 842 3934 ἐκεῖνον
877 3881 1079 3950 ἀφίημι
1103 3920 1118 3941 ,
1155 3881 1251 3933 καὶ
1285 3879 1460 3949 τούτῳ
1502 3879 1851 3948 διαλέγομαι,
1900 3879 1986 3933 ἵνα
2017 3881 2214 3952 μάθῃς,

632 3964 713 4015 ὅτι
765 3965 793 4020 6
844 3962 991 4026 λίθος
1031 3962 1254 4026 ἀκούει,
1314 3962 1409 4015 καὶ
1455 3965 1482 4014 6
1545 3961 1829 4031 ἄνθρωπος
1876 3964 1974 4015 οὑκ
2007 3964 2210 4017 ἀκούει,

637 4046 969 4110 Ἄκουσον,
1012 4045 1478 4113 θυσιαστήριον,
1532 4043 1839 4108 ἄκουσον,
1883 4045 1976 4097 καὶ
2018 4046 2217 4110 εὐθέως

631 4129 841 4202 ἐρράγη
876 4129 936 4182 τὸ
969 4128 1372 4197 θνσιαστίριον.
1418 4128 1675 4194 Ἕξέτεινε
1720 4127 1818 4198 τὴν
1848 4131 2006 4198 χεῖρα
2050 4130 2214 4182 αὑτοῦ

626 4215 660 4264 6
693 4212 964 4280 βασιλεὺς,
994 4213 1292 4265 πιάσαιτὸν
1318 4213 1601 4282 προφήτην
1629 4209 1971 4280 βουλόμενος,
2000 4212 2097 4265 καὶ
2116 4216 2216 4265 οὑκ

629 4294 862 4362 ⁴ήδύνατο
907 4294 1180 4351 συστεῖλαι
1227 4295 1415 4364 αὑτήν.
1455 4294 1616 4364 Ὀρᾷς
1645 4295 1726 4346 ὅτι
1780 4294 1980 4363 μᾶλλον
2028 4295 2087 4348 τὸ
2132 4295 2219 4349 θυ-

631 4380 948 4449 σιαστήριον
979 4380 1209 4448 ήκουσεν
1237 4417 1249 4436 .
1279 4378 1312 4448 ἢ
1345 4380 1372 4430 6
1416 4377 1701 4446 βασιλεύς;
1732 4379 1862 4449 ὁρᾷς
1891 4381 1973 4430 ὅτι
2009 4380 2100 4432 τὸν
2133 4379 2216 4433 λο-

631 4462 787 4530 γικὸν
830 4463 1008 4532 ἀφῆκε
1027 4503 1042 4526 ,
1085 4462 1177 4515 καὶ
1207 4460 1285 4530 τῷ
1313 4461 1493 4530 ἀλόγῳ
1509 4460 1812 4528 διαλέγεται
1838 4502 1852 4527 ,
1885 4463 1970 4515 ἵνα
1999 4463 2086 4516 διά
2115 4464 2216 4533 τῆς

630 4539 823 4598 τούτου
857 4547 1104 4616 ὑπακοῆς
1130 4547 1228 4613 τὴν
1262 4545 1472 4597 ἐκείνου
1505 4545 1864 4614 ἀναισθησίαν
1895 4549 1985 4599 καὶ
2016 4550 2215 4602 κακίαν

629 4629 1023 4701 διορθώσηταις
1070 4629 1310 4699 Ἑῤῥάγη
1337 4628 1396 4680 τδ
1422 4629 1824 4700 θυσιαστήριον,
1857 4632 1949 4682 καὶ
1983 4633 2015 4702 ή
2047 4622 2215 4686 κακία

633 4713 726 4768 τοῦ
755 4714 1020 4784 βασιλέως
1041 4715 1141 4766 οὑκ
1163 4713 1390 4786 ἐρράγη.
1432 4712 1570 4764 Ἀλλ’
1597 4714 1699 4784 ὅρα
1735 4713 1795 4766 τὸ
1815 4716 2174 4786 γεγενημένον
2197 4733 2211 4748 ⁶

631 4798 865 4862 ἐξέτεινε
910 4799 1008 4866 τὴν
1037 4799 1191 4866 χεῖρα
1228 4798 1256 4847 6
1293 4795 1542 4864 βασιλεὺς
1570 4795 1754 4847 λαϐεῖν
1787 4797 1875 4848 τὸν
1908 4803 2212 4870 προφήτην.

630 4883 728 4934 καὶ
753 4880 954 4942 εὐθέως
983 4877 1256 4949 ἐξηράνθη
1279 4880 1311 4947 ή
1345 4878 1464 4950 χεὶρ
1491 4878 1678 4932 αὑτοῦ.
1716 4878 1933 4959 Ἐπειδὴ
1957 4883 2022 4952 τῇ
2053 4899 2216 4951 τιμω-

632 4966 725 5034 ρία
761 4963 854 5015 τοῦ
888 4961 1273 5032 θυσιαστηρίου
1304 4961 1404 5012 οὑκ
1427 4960 1645 5027 ἐγένετο
1675 4959 1917 5030 βελτίων,
1949 4965 2013 5031 τῇ
2040 4965 2215 5034 οἰκείᾳ.

632 5046 850 5100 κολάσει
880 5045 1195 5098 παιδεύεται
1225 5043 1319 5095 τοῦ
1341 5041 1476 5096 Θεοῦ
1505 5043 1602 5113 τὴν
1628 5044 1893 5114 ὑπακοήν.
1940 5045 2081 5113 Ἐγὼ
2117 5049 2214 5117 μὲν

631 5131 741 5200 γάρ
770 5146 862 5181 σου
905 5127 1219 5197 φειδόμενος
1253 5129 1330 5189 εἰς
1380 5126 1526 5180 λίθον
1557 5126 1803 5196 ἠθέλησα
1849 5129 2062 5196 ἀφεῖναι
2115 5134 2213 5202 τὴν

629 5213 798 5284 ὀργήν
821 5230 833 5241 ·
877 5210 1062 5280 ἐπειδὴ
1101 5210 1156 5262 δὲ
1185 5211 1283 5262 οὑκ
1307 5209 1521 5276 ἐγένετό
1553 5228 1634 5263 σοι
1659 5210 1970 5274 διδάσκαλος
1995 5215 2021 5264 6
2045 5212 2209 5280 λίθος,

630 5295 874 5365 λάμϐανε
906 5296 969 5346 σὺ
1005 5295 1104 5364 τὴν
1155 5294 1445 5364 τιμωρίαν.
1483 5294 1591 5349 Καὶ
1646 5293 1879 5354 ἐξέτεινε
1917 5295 2013 5364 τὴν
2055 5299 2213 5367 χεῖρα

618 5378 820 5442 αὑτοῦ,
856 5377 948 5432 καὶ
978 5377 1289 5448 παραυτίκα
1328 5376 1618 5448 ἐξηράνθη.
1655 5377 1910 5447 Εἱστήκει
1939 5378 2122 5432 λοιπὸν
2154 5382 2214 5433 τὸ

631 5463 891 5533 τρόπαιον
916 5461 1010 5514 τοῦ
1043 5462 1319 5533 προφήτου
1344 5501 1357 5523 ,
1395 5461 1487 5516 καὶ
1533 5461 1806 5514 συστεῖλαι
1839 5461 2006 5535 αὑτὴν
2059 5467 2086 5516 6
2120 5464 2215 5533 βα-

634 5546 814 5610 σιλεῦς
844 5545 944 5610 οὑκ
977 5544 1228 5614 ἠδύνατο.
1261 5541 1374 5597 Ποῦ
1409 5542 1470 5594 τὸ
1499 5543 1735 5614 διάδημα
1763 5560 1776 5607 ;
1832 5543 1934 5596 ποῦ
1977 5548 2031 5598 αἰ
2075 5563 2213 5617 πορν

631 5629 886 5701 φυρίδεςς
920 5628 1023 5683 ποῦ
1057 5630 1105 5682 οί
1148 5626 1437 5698 θώρακες;
1491 5627 1594 5684 ποῦ
1627 5629 1684 5681 αἰ
1728 5617 1986 5694 ἀσπίδεςς
2021 5629 2122 5682 ποῦ
2151 5630 2212 5683 τὺ

629 5725 693 5766 στ
705 5712 1025 5786 ρατόπςδονς
1053 5710 1154 5765 ποῦ
1183 5709 1251 5766 τά
1278 5708 1512 5781 δόρατα;
1550 5709 1609 5766 '0
1646 5711 1779 5776 Θεὸς
1800 5711 2070 5783 ἐκέλευσε,
2116 5712 2211 5767 καὶ

1362 287 1420 343 S.
1459 281 2272 344 JOANNISCHRYSOSTOMI
2312 281 2632 339 ARCHIEP.
2675 283 3214 340 CONSTANTINOP.

3818 281 3930 338 ἨΒ

2345 395 2523 448 πάντα
2547 398 2729 450 ἐκεῖνα
2747 396 3019 451 ἀπώλετο·
3065 397 3528 468 παρειστήκεισαν
3567 400 3618 451 οἱ
3647 399 3930 465 σατράπαι

2347 484 2609 556 βοηθῆσαι
2641 487 2742 556 μέν
2780 489 2842 542 οὑ
2871 487 3187 560 δυνάμενοι,
3239 488 3438 560 θεωροὶ
3476 489 3532 542 δέ
3577 489 3678 559 τῆς
3708 489 3929 560 πληγῆς

2344 578 2623 646 γενόμενοι
2651 579 2831 649 μόνον.
2866 581 2976 633 Καὶ
3001 579 3234 644 ἐξέτεινε
3266 579 3368 650 τὴν
3390 582 3545 651 χεῖρα
3572 577 3740 633 αὑτοῦ
3771 581 3802 630 6
3831 579 3929 648 βα-

2347 669 2526 731 σιλεὺς
2547 710 2561 733 ,
2603 672 2695 723 καὶ
2725 672 3026 742 ἐξηράνθη·
3071 674 3158 726 δτε
3192 674 3412 742 ἐγένετο
3438 671 3600 742 ξηρὰ,
3631 671 3753 723 τότε
3787 687 3927 738 καρ-

2345 759 2445 812 πὸν
2475 760 2690 829 ἤνεγκε.
2735 761 2908 815 Βλέπε
2939 780 3030 833 μοι
3061 764 3122 816 τὸ
3155 765 3457 834 ὑπόδειγμα
3487 764 3544 816 τδ
3570 764 3662 814 ἐπὶ
3695 761 3790 813 τοῦ
3831 761 3926 825 ξύ-

2342 851 2435 905 λου
2461 852 2555 905 τοῦ
2584 856 2643 906 ἐν
2682 854 2760 924 τῷ
2791 854 3105 927 παραδείσῳ
3124 897 3139 920 ,
3168 857 3261 909 καὶ
3288 856 3384 908 τοῦ
3424 855 3579 919 ξύλου
3610 852 3707 907 τοῦ
3752 854 3810 906 ἐν
3847 850 3928 920 τῷ

2345 943 2582 1014 σταυρῷ.
2613 944 2823 1016 Ὠσπερ
2853 947 2962 1018 γὰρ
3000 948 3062 999 τὸ
3102 945 3258 1012 ξύλον
3290 946 3468 998 ἐκεῖνο
3498 945 3708 1014 χλωρδν
3744 941 3807 994 ὃν
3837 941 3929 994 θά-

2340 1050 2499 1086 νατον
2531 1034 2707 1098 ἔτεκε,
2736 1036 2796 1088 τὺ
2819 1036 2876 1089 δέ
2903 1036 3056 1101 ξύλον
3097 1037 3190 1090 τοῦ
3231 1035 3466 1108 σταυροῦ
3491 1035 3653 1106 ξηρὸν
3692 1033 3753 1088 δν
3777 1033 3926 1102 ζωὴν

2339 1125 2627 1194 ἐγέννησεν
2651 1143 2664 1154 ·
2695 1126 2845 1193 οὗτοι
2881 1127 2973 1181 καὶ
3021 1131 3114 1182 ἐπὶ
3158 1129 3259 1200 τῆς
3308 1128 3492 1200 χειρὸς
3527 1126 3622 1179 τοῦ
3656 1125 3927 1195 βαοτλέως

2340 1213 2558 1282 ἐγένετο
2578 1253 2591 1277 ,
2638 1215 2728 1268 ὅτε
2767 1217 2956 1288 χλωρά
2980 1205 3048 1289 ἦν
3071 1258 3088 1284 ,
3119 1219 3241 1271 τότε
3278 1217 3535 1272 ἀσέϐειαν
3582 1217 3770 1270 ἔτεκεν
3790 1255 3806 1280 ,
3835 1217 3927 1270 ὅτε

2341 1306 2481 1378 ξηρά
2529 1308 2765 1376 ἐγένετο,
2798 1311 2921 1363 τότε
2973 1311 3073 1382 τὴν
3123 1311 3372 1382 ὑπακοὴν
3423 1312 3811 1380 προσήγαγεν·
3848 1309 3924 1363 ῖόε

2338 1402 2432 1451 τοῦ
2461 1399 2595 1453 Θεοῦ
2622 1401 2688 1456 τὰ
2723 1401 3003 1474 παράδοξα
3030 1405 3352 1476 πράγματα.

2420 1583 2557 1636 Ἀλλ’
2603 1586 2738 1653 ὅπερ
2773 1583 2979 1652 ἔλεγον.
3034 1584 3124 1637 ὅτε
3169 1583 3332 1647 αὑτὸς
3369 1583 3720 1656 ἐρῤαπίζετο,
3770 1581 3926 1634 οὐδὲν

2338 1676 2506 1728 κακὸν
2534 1675 2612 1745 τῷ
2646 1676 2926 1745 ραπίζοντι
2957 1676 3130 1730 ἐποίει
3152 1691 3166 1705 ’
3201 1677 3290 1730 ὅτε
3330 1676 3387 1729 δέ
3424 1679 3454 1731 6
3481 1675 3665 1737 δοῦλος
3693 1674 3924 1747 ἔμελλεν

2338 1766 2670 1837 ὑϐρίζεσθαι,
2721 1767 2812 1819 τὸν
2864 1769 3088 1837 βασιλέα
3137 1770 3383 1835 ἐκόλασε,
3434 1770 3491 1822 σέ
3537 1768 3811 1822 παιδεύων
3855 1767 3922 1821 τά

2341 1859 2438 1928 μὲν
2477 1857 2572 1912 τοῦ
2622 1858 2757 1911 Θεοῦ
2807 1861 3060 1923 ἐκδικεῖν,
3096 1861 3165 1914 τά
3205 1861 3263 1913 δέ
3310 1863 3484 1915 οἰκεῖα
3528 1861 3921 1932 παρατρέχειν.

2337 1950 2548 2024 Ὠσπερ
2587 1952 2694 2022 γὰρ
2724 1951 2790 2005 τά
2827 1952 2938 2022 ἐμά
2983 1954 3335 2025 παρατρέχω,
3363 1953 3431 2006 τά
3473 1953 3529 2006 δέ
3564 1953 3632 2012 σὰ
3678 1953 3920 2006 ἐκδικῶ·

2335 2039 2476 2094 οὕτω
2514 2041 2609 2093 καὶ
2651 2041 2715 2092 σὺ
2751 2041 2819 2095 τὰ
2850 2042 2958 2113 ἐμά
3003 2043 3229 2108 ἐκδίκει,
3267 2045 3335 2099 τὰ
3377 2044 3432 2096 δέ
3479 2044 3548 2098 σά
3580 2045 3918 2119 παράτρεχε.

2300 2123 2320 2132 ’
2349 2131 2508 2185 Ἀλλά
2543 2134 2852 2188 συντείνατέ
2893 2153 2981 2206 μοι
3017 2137 3118 2207 τὴν
3156 2137 3326 2207 ἀκοὴν
3350 2135 3512 2208 (ἔνθα
3545 2138 3656 2209 γὰρ
3689 2139 3921 2208 ἀγώνων

2335 2225 2548 2296 καιρὸς.
2585 2227 2873 2297 ἀκροατῶν
2918 2227 3076 2298 χρεία
3111 2229 3512 2300 συντεταμένην
3551 2230 3784 2298 ἑχόντων
3823 2231 3922 2300 τὴν

2334 2313 2545 2385 ἀκοὴν),
2571 2316 2658 2367 ἴνα
2675 2316 2848 2387 εἰδῆτε
2871 2314 3021 2388 [707]
3046 2317 3183 2387 μετά
3204 2318 3491 2390 ἀκριϐείας
3511 2320 3628 2383 m7);
3647 2319 3920 2390 δεσμεύω.

2334 2406 2452 2469 πῶς
2487 2407 2599 2460 λύω
2632 2407 2700 2462 τὰ
2745 2407 2856 2462 τῶν
2887 2409 3174 2462 ἀντιδίκων
3207 2410 3607 2482 ἁμαρτήματα,
3649 2412 3770 2474 πιῖις
3814 2430 3920 2464 πα-

2333 2498 2488 2561 λαίω.
2519 2499 2637 2563 πῶς
2671 2502 2877 2571 ρήσσω.
2909 2503 2972 2555 Εἰ
3004 2502 3114 2573 γὰρ
3142 2506 3190 2556 οἱ
3227 2505 3286 2557 ἐν
3315 2505 3394 2575 τῷ
3432 2506 3646 2578 θεάτρῳ
3677 2507 3921 2578 καθήμε-

2333 2607 2414 2643 νοι
2441 2590 2799 2646 ἐπικύπτουσι
2830 2593 2923 2646 δύο
2952 2591 3311 2661 παλαιόντων,
3345 2597 3445 2667 τὴν
3469 2596 3590 2666 ὄψιν
3621 2599 3803 2652 αὑτῶν
3826 2601 3921 2654 καὶ

2332 2682 2432 2751 τὴν
2470 2681 2686 2752 ήλικίαν
2729 2685 3077 2750 ἐκτείνοντες.
3121 2686 3206 2741 ἵνα
3251 2687 3401 2741 ἴδωσι
3435 2688 3795 2759 παλαίσματα
3839 2691 3921 2746 al-

2334 2775 2536 2844 σχύνης
2585 2775 2843 2845 γέμοντα,
2881 2776 2966 2831 ἵνα
3004 2776 3155 2831 ἴδωσι
3192 2778 3560 2850 παλαίσματα,
3591 2780 3627 2834 ἃ
3677 2765 3921 2852 μιμήσα-

2335 2861 2457 2916 σθαι
2488 2863 2740 2932 αἰσχύνη,
2779 2863 2958 2935 πολλῷ
3000 2865 3199 2935 μᾶλλον
3239 2867 3387 2937 ἡμᾶς
3425 2866 3715 2937 προσέχειν
3745 2867 3829 2919 δεῖ
3853 2868 3917 2938 τῇ

2330 2953 2440 3006 τῶν
2478 2954 2635 3007 θείων
2675 2954 2714 3006 Γ
2719 2955 2908 3025 ραφῶν
2952 2956 3234 3028 ἀκροάσει.
3282 2957 3345 3010 Εἰ
3387 2957 3495 3028 γὰρ
3543 2959 3791 3020 ἐπαινεῖς
3830 2958 3921 3010 τὸν

2332 3046 2591 3118 ἀθλητὴν.
2638 3048 2726 3101 διά
2767 3048 2820 3101 τί
2871 3049 2931 3101 οὑ
2981 3052 3106 3120 γίνῃ
3148 3049 3421 3120 ἀθλητής;
3473 3049 3522 3102 εί
3578 3049 3634 3102 δέ
3687 3051 3920 3124 αἰσχύνῃ

2331 3139 2584 3205 γενέσθαι
2613 3139 2872 3210 ἀθλητής,
2909 3140 2997 3193 διὰ
3033 3141 3085 3192 τί
3125 3143 3262 3212 μιμῇ
3300 3141 3504 3195 τούτων
3537 3142 3628 3194 τὸν
3659 3141 3883 3196 ἔπαινον
3897 3160 3917 3210 ;

2346 3230 2486 3290 Ἀλλ’
2535 3237 2635 3290 οὑκ
2689 3233 2834 3284 ἐστιν
2861 3231 3094 3286 ἐνταῦθα
3142 3231 3365 3286 τοιαῦτα
3414 3233 3483 3284 τὰ
3538 3232 3918 3302 παλαίσματα.

2329 3329 2464 3384 ἀλλά
2506 3326 2660 3382 κοινὰ
2701 3327 2834 3379 πᾶσι
2867 3325 2959 3377 καὶ
3000 3323 3252 3394 ὠφέλιμα
3296 3324 3391 3376 καὶ
3429 3326 3540 3388 τοῖς
3569 3324 3795 3392 λέγουσι
3826 3326 3919 3378 καὶ

2326 3426 2439 3495 τοῖς
2475 3421 2757 3475 ἀκούουσι.
2787 3419 3010 3472 Παλαίω
3041 3419 3151 3491 γάρ
3190 3419 3328 3491 μετὰ
3365 3419 3460 3473 τοῦ
3492 3419 3796 3490 αῖρετικοῦ,
3833 3423 3919 3476 ἵνα

2327 3515 2424 3569 καὶ
2452 3515 2597 3585 ὑμᾶς
2625 3513 2864 3585 ἀθλητὰς
2894 3513 3318 3583 ἀπεργάσωμαι,
3355 3514 3442 3566 ἵνα
3474 3514 3546 3584 μὴ
3579 3514 3745 3581 μόνον
3778 3515 3917 3584 ψάλ-

2331 3622 2528 3672 λοντες,
2571 3605 2708 3676 ἀλλά
2752 3606 2847 3659 καὶ
2889 3604 3260 3675 διαλεγόμενοι
3303 3605 3405 3675 τὴν
3450 3604 3695 3672 γλῶτταν
3737 3607 3918 3661 αὑτῶν

2325 3698 2739 3770 ἀτιορῤάπτητε.
2798 3696 2863 3749 Τί
2911 3692 3006 3750 οῦν
3059 3713 3224 3766 φησιν
3270 3697 3300 3748 6
3352 3697 3678 3767 προφήτηςὶ
3739 3699 3919 3768 Φωνῇ

2320 3807 2438 3858 μου
2472 3789 2618 3858 πρὸς
2659 3791 2880 3858 Κύριον
2911 3787 3225 3856 ἐκέκραξα,
3257 3786 3428 3857 φωνῇ
3471 3804 3590 3857 μου
3628 3788 3782 3856 πρὸς
3812 3793 3921 3846 τὸν

2328 3882 2475 3935 Θεόν
2503 3879 2779 3948 ἐδεήθην.
2828 3880 3072 3951 Πρόσχες
3097 3895 3111 3909 ο
3154 3877 3228 3949 μὴ
3274 3877 3423 3932 δοκεῖ
3467 3877 3611 3948 ἐχειν
3656 3879 3918 3951 ἀφορμὴν

2327 3972 2720 4042 παλαισμάτων
2754 3971 2814 4024 τὸ
2846 3971 3045 4043 ρηθένς
3088 3971 3229 4042 Ὅρα
3275 3969 3394 4040 πῶς
3438 3969 3625 4023 πλέκω
3666 3971 3760 4023 τὸν
3797 3973 3918 4025 στέ-

2327 4083 2491 4135 φανον
2528 4066 2621 4117 καὶ
2661 4063 2770 4116 τῶν
2816 4060 3044 4132 ἀγώνων
3093 4062 3190 4133 τὴν
3243 4060 3519 4116 ὑπόθεσιν.
3575 4060 3754 4130 Φωνῇ
3795 4080 3918 4132 μου

2325 4157 2474 4225 πρὸς
2509 4157 2724 4224 Κύριον
2753 4155 3049 4224 ἐκέκραξα
3067 4172 3080 4185 ·
3108 4151 3280 4223 φωνῇ
3299 4172 3419 4222 μου
3445 4153 3596 4221 πρὸς
3623 4153 3734 4206 τὸν
3767 4155 3919 4208 Θεὸν

2324 4248 2595 4315 ἐδεήθην.
2650 4246 2912 4301 Ἑνταῦθά
2948 4264 3037 4317 μοι
3069 4247 3158 4298 τὸν
3189 4246 3465 4316 αἱρετικὸν
3497 4245 3650 4300 κάλει
3679 4262 3694 4275 ⁸
3731 4247 3827 4300 ἐάν
3855 4264 3915 4299 τι

2325 4342 2493 4411 παρῇ,
2524 4340 2620 4392 ἐάν
2644 4357 2702 4390 τε
2732 4337 2805 4408 μὴ
2836 4341 3006 4408 παρῇ.
3038 4337 3161 4390 Ἐάν
3196 4354 3253 4389 τε
3282 4338 3392 4408 γάρ
3423 4340 3594 4408 παρῇ,
3629 4337 3786 4408 παρά
3815 4338 3915 4407 τῆς

2323 4433 2593 4502 ἡμετέρας
2628 4430 2809 4499 φωνῆς
2847 4427 3182 4482 παιδευέσθω
3206 4445 3218 4457 ·
3257 4429 3353 4483 ἐάν
3386 4445 3445 4482 τε
3490 4427 3565 4499 μὴ
3601 4432 3753 4499 παρῇ
3775 4470 3791 4494 ,
3828 4429 3914 4482 διὰ

2323 4520 2421 4590 τῆς
2481 4520 2750 4590 ὑμετέρας
2802 4519 3117 4589 ἀκροάσεως
3173 4517 3508 4587 μανθανέτω.
3576 4516 3716 4570 Ἀλλ’
3775 4519 3916 4588 ὅπερ

2324 4607 2494 4675 εἷπον,
2525 4613 2624 4665 οὑκ
2655 4610 2864 4664 ἐλαύνω
2895 4609 3057 4663 αὑτὸν
3087 4609 3349 4680 παρόντα,
3384 4610 3518 4663 ἀλλά
3550 4609 3781 4679 δέχομαι
3811 4610 3911 4662 αὑ-

2323 4704 2411 4755 τὸν
2441 4703 2812 4772 ἐλαυνόμενον.
2847 4702 2908 4754 οὑ
2940 4701 3066 4771 παρ’
3101 4700 3277 4771 ἡμῶν,
3307 4701 3420 4754 ἀλλ’
3445 4701 3552 4754 ἀπὸ
3589 4700 3682 4755 τοῦ
3708 4703 3912 4755 οἰκείου

2325 4789 2643 4854 συνειδότος,
2702 4789 2844 4842 κατά
2900 4789 2991 4841 τὸν
3040 4789 3285 4856 λέγοντα,
3338 4789 3629 4860 Φεύγείὸ
3681 4791 3914 4859 ἀσεϐὴς

2317 4879 2570 4949 μηδενὸς
2636 4880 2976 4946 διώκοντος.
3043 4881 3105 4933 Ἡ
3179 4881 3472 4952 Ἐκκλησία
3540 4884 3724 4954 μήτηρ
3796 4884 3914 4936 ἐστὶ

2321 4970 2428 5024 τῶν
2453 4973 2666 5026 οἰκείων
2695 4972 2922 5036 τέκνων,
2971 4975 3064 5026 καὶ
3103 4974 3323 5038 τούτους
3359 4973 3646 5045 δεχομένη,
3674 4975 3772 5028 καὶ
3801 4981 3915 5039 τοῖς

2323 5064 2493 5130 ξένοις
2537 5069 2662 5125 τοῦς
2716 5065 2948 5128 κόλπους
2991 5066 3331 5135 ἐφαπλοῦσα.
3380 5067 3573 5121 Κοινὺν
3615 5066 3844 5139 θέατρον
3875 5071 3911 5139 ή

2322 5158 2550 5220 κιϐωτὸς
2581 5159 2614 5228 ή
2644 5156 2736 5209 τοῦ
2760 5157 2882 5209 Νῶε
2912 5155 2999 5222 ἦν,
3033 5159 3146 5211 ἀλλ’
3181 5160 3213 5230 ή
3249 5159 3550 5229 Ἐκκλησία
3577 5160 3671 5213 καί
3705 5159 3912 5230 ταύτης

2324 5249 2565 5318 βελτίων.
2611 5250 2822 5322 Ἐκείνη
2886 5251 2985 5322 μέν
3038 5251 3146 5324 γὰρ
3210 5251 3517 5322 ἐλάμϐανεν
3565 5252 3761 5321 ἄλογα,
3819 5253 3911 5307 καὶ

2321 5342 2616 5410 ἐφύλαττεν
2674 5342 2880 5410 ἀλογαο
2933 5343 3071 5416 αῦτη
3122 5344 3178 5398 δέ
3235 5330 3503 5415 λαμϐάνει
3564 5345 3758 5412 ἄλογα,
3817 5345 3912 5400 καὶ

2323 5433 2668 5502 μεταϐάλλει.
2731 5428 2856 5486 Οίόν
2907 5453 2958 5488 τι
3011 5435 3199 5504 λέγω·
3237 5434 3364 5488 Ἐάν
3424 5435 3639 5507 εἰσέλθῃ
3674 5435 3910 5489 ἐνταῦθα

2291 5524 2548 5595 -ἀλώπηξ
2575 5526 2867 5596 αἱρετικδς,
2906 5527 3045 5580 ποιῶ
3087 5527 3276 5581 τοῦτον
3307 5527 3578 5598 πρόϐατον
3603 5544 3617 5558 ⁸
3649 5527 3747 5580 ἐάν
3796 5531 3909 5582 εἰσ-

2321 5616 2451 5691 έλθῃ
2476 5617 2677 5682 -λύκος,
2714 5619 2850 5672 ποιῶ
2885 5620 3046 5673 αὑτὸν
3089 5621 3274 5690 ἀρνίον
3309 5620 3370 5673 τὸ
3410 5619 3541 5690 ἐμὸν
3576 5620 3744 5691 μέρος
3769 5637 3782 5650 ·
3815 5619 3914 5674 ἐὰν

2321 5709 2377 5765 δέ
2427 5712 2510 5783 μὴ
2552 5711 2828 5784 βούληται,
2880 5714 3030 5767 οὑὸἐν
3085 5715 3214 5784 παρ’
3261 5714 3383 5784 ἐμὲ,
3428 5713 3564 5767 ἀλλά
3621 5715 3775 5785 παρά
3812 5710 3914 5782 τὴν
