4206 6302
280 302 380 356 7d!

282 440 473 497 gamus
492 443 506 480 :
525 429 783 494 ejusmodi
813 433 1039 489 namque
1060 423 1298 492 nostrum
1320 413 1645 470 estbellum.
1666 426 1772 467 non
1803 425 1872 471 ex

278 517 418 572 vivis
440 525 678 571 mortuos
699 512 892 574 reddit,
917 509 1011 565 sed
1032 525 1096 563 ex
1120 507 1343 562 mortuis
1365 505 1512 560 vivos
1529 503 1710 568 efﬁcit,
1727 518 1878 556 man—

279 606 566 662 suetudine
577 622 638 660 ac
653 604 814 660 multa
830 602 1132 658 redundans
1149 599 1490 669 benignitate.
1512 595 1625 650 Non
1649 596 1788 650 enim
1812 593 1879 646 fa-

279 698 382 752 ctis
402 698 654 760 insector,
669 694 762 749 sed
780 693 956 748 verbis
975 705 1285 762 persequor,
1307 705 1410 743 non
1431 687 1760 750 haareticum,
1782 684 1877 739 sed

281 789 554 855 luercsim,
575 803 678 842 non
699 787 967 842 hominem
987 798 1226 848 aversor,
1245 781 1340 836 sed
1358 795 1595 834 errorem
1614 777 1736 833 odio
1756 792 1877 845 pro-

278 893 482 948 sequor
493 887 545 932 et
558 877 788 931 avellere
800 890 983 931 conor:
1001 889 1104 928 non
1123 880 1203 927 est
1217 871 1344 926 mihi
1357 870 1556 925 bellum
1570 877 1874 936 susceptum

277 985 405 1023 cum
429 969 748 1034 substantia;
780 967 872 1021 Dei
895 964 1157 1036 siquidem
1185 977 1318 1033 opus
1336 969 1417 1017 est
1433 959 1757 1016 substantia:
1783 956 1875 1011 sed

278 1060 549 1129 corrigere
574 1068 804 1114 mentem
827 1058 970 1120 volo,
989 1070 1145 1126 quam
1168 1053 1408 1109 diabolus
1430 1051 1684 1120 corrupit.
1713 1050 1798 1103 Sic
1823 1058 1878 1103 et

280 1150 524 1206 medicus
540 1149 666 1206 dum
685 1159 942 1219 aegrotum
952 1155 1130 1211 curat,
1147 1161 1249 1200 non
1264 1159 1457 1215 corpus
1475 1152 1762 1221 oppugnat,
1781 1139 1876 1193 sed

281 1244 527 1314 corporis
548 1244 729 1297 vitium
753 1241 907 1296 tollit.
925 1239 1014 1297 Sic
1035 1241 1196 1309 igitur
1211 1254 1309 1308 ego
1325 1251 1552 1308 quoque,
1575 1238 1617 1291 si
1635 1249 1754 1290 cum
1776 1232 1878 1286 ire-

276 1337 464 1392 reticis
480 1338 670 1392 bellum
684 1349 1033 1406 gesscr0,non
1048 1349 1168 1389 cum
1183 1331 1486 1386 hominibus
1498 1329 1696 1385 bellum
1723 1342 1870 1398 gero,

275 1427 374 1482 scd
404 1442 640 1483 errorem
665 1428 932 1495 expellere
943 1425 1087 1491 volo,
1111 1438 1174 1480 ac
1195 1422 1530 1495 putredinem
1556 1434 1873 1489 expurgare.

352 1517 582 1573 Christus
613 1519 865 1589 patientiae
903 1516 1090 1588 pra'bet
1129 1516 1433 1584 exmplum.
1472 1542 1546 1554 -——
1580 1512 1704 1566 Mihi
1741 1526 1874 1565 con-

273 1621 490 1666 suetum
512 1623 592 1666 est
609 1612 1072 1682 persequutionem
1093 1608 1220 1678 pati,
1240 1622 1346 1662 non
1369 1605 1616 1676 persequi
1639 1622 1650 1657 :
1672 1603 1873 1671 vexari,

276 1717 387 1758 non
415 1719 630 1759 vexare.
673 1703 762 1758 Sic
798 1711 852 1757 et
877 1699 1123 1756 Christus
1147 1697 1414 1763 vincebat,
1446 1711 1555 1751 non
1582 1695 1725 1751 cruci
1754 1694 1876 1748 afﬁ-

272 1810 446 1865 gens,
474 1795 568 1849 sed
600 1793 743 1848 cruci
769 1793 998 1858 afﬁxus;
1029 1805 1135 1845 non
1162 1790 1328 1859 alapis
1360 1787 1573 1844 caadens
1592 1826 1608 1854 ,
1637 1785 1730 1840 sed
1760 1785 1875 1840 ala-

274 1889 363 1958 pis
391 1903 581 1943 cursus.
617 1885 678 1942 Si
706 1886 838 1940 male
864 1885 1100 1953 loquutus
1127 1899 1237 1937 sum
1257 1923 1272 1950 ,
1306 1882 1508 1952 inquit,
1538 1878 1876 1934 testimonium

272 1979 484 2048 perliibe
511 1977 573 2031 de
600 1978 772 2042 malo;
808 1977 851 2030 si
876 1984 1044 2031 autem
1067 1974 1190 2029 bene
1209 2016 1224 2042 ,
1256 1974 1377 2044 quid
1406 1989 1485 2027 me
1511 1973 1664 2028 credis
1689 1972 1871 2043 (Joon.

274 2068 368 2124 18.
396 2066 468 2123 23
494 2066 554 2139 )?
585 2067 840 2121 Dominus
869 2066 1013 2120 orbis
1041 2075 1302 2123 terrarum
1333 2063 1470 2135 apud
1500 2079 1711 2120 servum
1743 2079 1875 2134 pon-

272 2158 436 2214 tiﬁcis
459 2175 518 2213 se
546 2168 751 2229 purgat,
774 2158 934 2213 etiam
962 2157 1127 2228 alapis
1157 2156 1211 2211 in
1239 2171 1333 2211 ore
1363 2170 1554 2221 cazsus,
1588 2155 1726 2210 unde
1750 2170 1874 2225 pro-

268 2252 375 2306 diit
404 2251 646 2318 verbum,
667 2260 721 2305 et
752 2260 899 2306 mare
929 2249 1170 2312 frenavit,
1197 2257 1251 2304 et
1271 2248 1679 2319 quatriduanum
1711 2247 1874 2302 Lam,

270 2359 392 2397 rum
422 2358 452 2396 a
479 2343 702 2396 mortuis
728 2341 982 2396 excitavit
1009 2359 1022 2396 :
1052 2340 1194 2395 unde
1220 2340 1418 2394 malum
1450 2337 1700 2410 fugiebat,
1733 2338 1874 2393 unde

270 2434 620 2504 mgritudines
632 2445 686 2489 et
707 2442 918 2503 peccata
943 2432 1285 2488 solvebantur
1309 2452 1321 2485 :
1347 2432 1449 2486 hoc
1461 2441 1542 2486 est
1558 2432 1869 2486 miraculum

267 2522 544 2580 Cruciﬁxi.
570 2524 700 2579 Nam
723 2540 843 2580 cum
867 2524 1086 2578 fulmina
1115 2524 1326 2577 vibrare
1349 2533 1549 2593 posset,
1583 2538 1645 2576 ac
1672 2532 1870 2577 terram

268 2627 562 2672 eoncutere
586 2657 602 2680 ,
634 2615 880 2684 servique
912 2630 1126 2669 manum
1164 2613 1435 2669 arefacere
1459 2656 1473 2679 ,
1516 2613 1648 2667 nihil
1679 2614 1869 2668 horum

267 2711 434 2775 fecit;
467 2708 561 2764 sed
588 2718 640 2763 ct
663 2723 721 2764 se
747 2716 956 2779 purgat,
981 2718 1036 2762 ct
1061 2716 1280 2776 superat
1299 2707 1646 2777 benignitate,
1674 2716 1723 2760 te
1747 2721 1874 2760 eru-

266 2803 449 2867 diens,
477 2812 531 2858 ut
558 2817 678 2856 cum
701 2802 863 2855 homo
888 2801 982 2867 sis,
1013 2815 1299 2870 numquam
1325 2799 1682 2855 excandescas
1707 2816 1718 2852 :
1744 2799 1870 2854 licet

272 2895 424 2948 cruci
454 2891 716 2963 afﬁgatis,
744 2893 867 2948 licet
894 2892 1102 2961 alapam
1129 2891 1392 2962 accipias,
1423 2902 1480 2946 ut
1507 2891 1694 2947 eadem
1722 2891 1869 2946 dicas

264 3001 392 3056 quae
418 2984 672 3039 Dominus
699 2995 837 3049 tuus,
863 2983 924 3039 Si
950 2983 1083 3036 male
1108 2983 1344 3054 loquutus
1368 2999 1500 3048 sum,
1528 2967 1866 3038 testimonium

264 3078 476 3149 ρει-[ἠόα
496 3077 557 3129 de
578 3075 712 3154 mqlo
725 3095 744 3143 ,'
771 3076 811 3131 si
831 3087 1000 3131 autem
1021 3076 1161 3143 bene,
1190 3076 1311 3146 quid
1331 3093 1410 3130 me
1437 3076 1590 3129 cazdis
1608 3076 1633 3129 ?
1654 3079 1730 3130 Ac
1747 3075 1866 3132 vide

264 3171 440 3240 ipsius
468 3170 842 3240 benignitatem
862 3208 878 3234 ,
901 3183 1008 3240 quo
1030 3177 1183 3238 pacto
1203 3183 1322 3238 qua:
1347 3183 1623 3223 servorum
1650 3167 1863 3238 quidem

262 3277 489 3317 suorum
517 3272 639 3315 sunt
664 3260 914 3326 vindicet,
942 3277 1061 3330 qua:
1088 3275 1218 3316 vero
1246 3275 1340 3315 sua
1370 3267 1515 3328 sunt,
1548 3262 1866 3330 prtetermit-

264 3360 366 3408 tat.
397 3352 658 3422 Propheta
677 3351 944 3423 quondam
972 3351 1104 3418 fuit,
1124 3353 1212 3422 qui
1235 3367 1414 3422 regem
1437 3352 1598 3421 impie
1619 3361 1862 3422 agentem

261 3443 659 3514 redarguebat;
687 3453 741 3499 et
768 3459 886 3499 cum
911 3445 1245 3510 accessisset,
1264 3444 1393 3499 dixit
1419 3465 1432 3501 :
1460 3443 1653 3512 Altare,
1679 3446 1859 3510 altare,

260 3539 392 3592 nudi
409 3539 484 3608 (3.
505 3538 726 3609 Καθλᾶ
741 3537 819 3608 2).
841 3538 974 3592 Nam
990 3538 1240 3608 quoniam
1253 3554 1345 3593 rex
1363 3538 1646 3595 Jeroboam
1661 3540 1865 3594 sacriﬁ-

261 3631 410 3686 cium
435 3629 586 3685 idolis
608 3630 840 3685 oﬂerens
865 3630 1058 3696 stabat,
1075 3638 1188 3684 tum
1211 3631 1430 3685 veniens
1455 3631 1714 3701 prephcta
1740 3647 1863 3685 cum

260 3724 422 3778 altari
449 3723 790 3792 colloquitur.
817 3722 954 3789 Quid
965 3722 1097 3794 agis,
1117 3739 1149 3778 ο
1169 3722 1469 3792 propheta?
1492 3722 1759 3777 hominem
1783 3723 1864 3778 di-

264 3818 460 3881 mittis,
477 3826 531 3871 et
551 3833 672 3871 cum
690 3815 840 3870 altari
861 3815 1213 3885 eolloqueris?
1229 3814 1300 3870 ita
1323 3826 1425 3880 est,
1447 3816 1633 3885 inquit.
1653 3815 1863 3883 Quare?

260 3907 709 3977 Quandoquidem
740 3907 900 3961 homo
929 3908 1098 3977 magis
1140 3922 1332 3976 expers
1365 3921 1555 3962 sensus
1592 3924 1655 3962 ac
1690 3910 1863 3978 stupi-

259 3999 388 4053 dior
411 3998 586 4068 lapide
614 3998 784 4054 factus
811 4007 921 4063 est,
947 4001 1136 4053 omitto
1165 3999 1313 4053 illum
1341 4007 1396 4054 ct
1419 4015 1539 4054 cum
1569 4000 1671 4054 isto
1697 3999 1865 4054 collo-

259 4105 437 4160 quor,
469 4099 527 4144 ut
565 4090 828 4160 intelligas
852 4089 1038 4145 audire
1067 4091 1295 4160 lapidem
1320 4135 1336 4158 ,
1365 4098 1420 4146 ct
1450 4089 1721 4146 hominem
1754 4107 1862 4148 non

260 4181 476 4236 audire.
508 4182 666 4249 Audi,
692 4184 872 4250 altare,
904 4183 1026 4236 audi
1052 4198 1070 4236 :
1100 4195 1153 4237 et
1181 4182 1358 4239 subito
1383 4195 1597 4254 ruptum
1624 4192 1708 4240 est
1733 4185 1866 4240 alta-

261 4290 348 4330 re.
381 4274 632 4330 Extendit
654 4289 869 4330 manum
900 4289 1050 4330 suam
1076 4290 1195 4339 rex,
1219 4289 1338 4333 cum
1366 4277 1678 4347 prophetam
1703 4278 1865 4334 vellet

261 4366 572 4438 corripere,
602 4382 774 4437 neque
801 4367 973 4437 potuit
1002 4366 1146 4421 illam
1172 4367 1239 4421 ad
1270 4383 1330 4421 se
1359 4367 1639 4425 reducere.
1678 4369 1859 4437 Vides,

263 4470 328 4516 ut
352 4462 522 4515 altare
551 4461 749 4530 potius,
783 4474 941 4529 quam
973 4474 1066 4513 rex
1095 4458 1362 4514 audierit?
1389 4459 1556 4524 vides,
1586 4468 1644 4514 ut
1662 4461 1865 4516 omisso

263 4569 335 4609 eo
374 4553 466 4623 qui
504 4554 709 4607 ratione
751 4551 1004 4627 praeditus
1043 4559 1195 4617 erat,
1227 4551 1279 4605 id
1317 4551 1458 4620 quod
1491 4560 1606 4606 erat
1643 4553 1865 4608 rationis

264 4660 471 4712 expers
498 4645 566 4700 sit
593 4643 915 4712 alloquutus,
946 4650 1005 4696 ut
1032 4658 1126 4711 per
1153 4643 1304 4697 istius
1334 4642 1689 4697 obedientiam
1724 4644 1864 4698 illius

262 4748 540 4806 stuporem
561 4735 920 4802 malitiamque
935 4734 1263 4804 corrigeret?
1289 4733 1536 4787 Fractum
1563 4744 1644 4788 est
1669 4733 1862 4801 altare,

265 4837 326 4883 et
354 4827 495 4896 regis
525 4825 725 4879 malitia
756 4823 917 4878 fracta
948 4821 1052 4877 n'on
1079 4834 1181 4878 est.
1214 4826 1292 4878 Ac
1317 4824 1468 4888 vide,
1503 4825 1628 4893 quid
1655 4826 1864 4880 accide-

263 4921 340 4974 rit
367 4935 382 4971 :
415 4916 652 4972 extendit
680 4932 893 4969 manum
936 4929 1084 4970 suam
1125 4931 1220 4971 rex
1243 4957 1257 4980 ,
1288 4922 1347 4970 ut
1370 4916 1682 4986 prOphetam
1711 4931 1864 4971 com-

264 5008 646 5080 prcbendcret,
665 5016 720 5061 et
738 5007 990 5062 continuo
1011 5022 1200 5062 manus
1217 5008 1331 5076 ejus
1351 5008 1576 5062 exaruit.
1600 5008 1861 5075 Quoniam

264 5102 457 5157 altaris
487 5098 748 5169 supplicio
774 5099 965 5168 melior
991 5097 1162 5154 factus
1189 5113 1295 5152 non
1322 5107 1436 5163 est,
1466 5099 1678 5168 propria
1706 5114 1864 5167 pwna

265 5192 632 5250 obedientiam
675 5191 766 5246 Dei
806 5190 1047 5245 docetur.
1097 5190 1208 5259 Ego
1248 5191 1461 5260 quidem
1507 5191 1597 5243 tibi
1637 5205 1864 5259 parcens

265 5286 413 5340 volui
445 5285 496 5338 in
523 5283 751 5353 lapidem
777 5283 910 5336 iram
940 5281 1249 5347 ell'undcre;
1277 5281 1492 5351 quando
1518 5293 1696 5336 autem
1726 5282 1864 5351 lapi-

268 5383 355 5435 :lis
387 5376 692 5445 magisterio
718 5392 824 5432 non
851 5390 911 5430 es
935 5375 1195 5439 eruditus,
1229 5385 1280 5429 tu
1309 5374 1625 5446 supplicium
1655 5377 1862 5444 excipe.

266 5471 340 5526 Et
363 5469 603 5524 extendit
627 5483 842 5522 manum
869 5482 1036 5532 suam,
1063 5475 1117 5520 et
1140 5481 1172 5522 e
1197 5466 1418 5535 vestigio
1442 5467 1649 5521 exaruit
1676 5465 1783 5536 (Ib.
1814 5484 1860 5521 υ.

267 5561 544 5633 4).Sta_bat
571 5560 822 5630 deinceps
849 5566 1108 5627 tropaeum
1137 5556 1433 5626 prophetm,
1461 5567 1514 5612 et
1540 5573 1629 5612 rex
1656 5569 1867 5612 contra-

267 5661 404 5714 here
447 5655 618 5724 ipsam
665 5668 768 5706 non
814 5659 1041 5721 poterat.
1093 5649 1192 5704 Ubi
1233 5648 1518 5704 diadema?
1559 5649 1644 5704 ubi
1687 5658 1866 5704 vestes

273 5746 594 5820 purpurea?
617 5744 703 5801 ubi
734 5743 910 5800 lorica:
931 5743 953 5797 ?
976 5742 1064 5798 ubi
1092 5740 1303 5814 clypci?
1330 5740 1416 5797 ubi
1446 5742 1746 5798 exercitus?
1773 5743 1860 5797 ubi

1537 298 1604 356 IN
1640 299 1698 355 S.
1739 295 2017 354 PHOCAM
2059 294 2471 353 MAli‘l'YllEM.

3477 306 3585 363 79‘!

1992 403 2230 463 lancem?
2255 409 2420 465 Jussit
2447 409 2607 476 Deus,
2631 423 2683 467 et
2702 412 2879 468 omnia
2904 410 2993 469 illa
3022 413 3292 483 perierunt
3316 433 3330 471 :
3355 403 3588 479 circuli.-

1986 500 2199 555 stabant
2225 511 2473 572 satraptc,
2505 503 2596 572 qui
2625 517 2942 559 succurrere
2969 506 3190 564 minime
3218 517 3464 574 poterant
3482 549 3500 575 ,
3531 518 3588 564 at

1987 592 2154 664 plagae
2193 601 2394 648 tantum
2434 603 2769 664 Spectatores
2797 605 2951 650 erant
2979 596 3194 654 redditi.
3242 597 3310 654 Et
3342 599 3588 656 extendit

1986 699 2200 738 manum
2232 698 2381 739 suam
2405 700 2523 750 rex,
2550 695 2605 740 ct
2632 687 2840 741 exaruit
2869 703 2892 740 :.
2911 687 3126 757 quando
3141 688 3292 747 ‘arida
3318 688 3456 746 facta
3476 701 3582 755 est,

1986 786 2110 832 tunc
2138 775 2368 834 fructum
2401 779 2538 835 tulit.
2585 780 2872 836 Considera
2903 780 3031 836 mibi
3061 782 3364 852 exemplum
3390 823 3407 848 ,
3438 784 3589 854 quod

1987 872 2221 925 occurrit
2248 870 2301 926 in
2332 871 2496 942 ligno,
2529 873 2670 943 quod
2703 874 2756 928 in
2788 874 3034 943 paradiso
3062 874 3184 940 fuit,
3219 884 3274 932 ct
3313 877 3366 930 in
3397 875 3586 948 ligno.

1985 963 2125 1033 quod
2145 962 2243 1018 fuit
2263 964 2314 1019 in
2333 979 2510 1021 cruce.
2545 967 2691 1023 Sicut
2716 960 2858 1023 enim
2891 970 3086 1041 lignum
3112 969 3266 1038 illud,
3290 987 3410 1030 cum
3440 981 3586 1028 esset

1985 1055 2175 1124 viride,
2208 1066 2436 1114 mortem
2465 1061 2692 1130 peperit,
2717 1061 2917 1131 lignum
2944 1077 3072 1118 vero
3100 1065 3298 1132 crucis,
3327 1079 3449 1120 cum
3478 1066 3583 1120 ari-

1985 1147 2109 1202 dum
2132 1160 2297 1218 esset,
2321 1152 2484 1206 vitam
2505 1154 2723 1223 genuit:
2751 1155 2830 1211 sic
2850 1163 2902 1210 et
2925 1155 2979 1210 in
3003 1170 3162 1211 manu
3186 1157 3326 1228 regis
3349 1157 3581 1213 accidit:

1984 1239 2199 1308 quando
2223 1240 2405 1297 viridis
2434 1251 2568 1310 erat,
2596 1251 2720 1299 tunc
2747 1245 3073 1316 impietatem
3100 1251 3341 1319 peperit;
3367 1249 3587 1319 quando

1985 1329 2130 1384 arida
2154 1330 2290 1385 facta
2317 1341 2418 1400 est,
2444 1342 2569 1390 tunc
2588 1334 2951 1392 obedientiam
2974 1338 3224 1408 produxit
3253 1358 3267 1395 :
3295 1340 3418 1397 vide
3441 1340 3584 1396 facta

1986 1417 2079 1474 Dei
2116 1421 2398 1476 mirabilia.

2055 1509 2195 1565 Deus
2235 1528 2490 1568 servorum
2531 1532 2738 1570 suorum
2779 1518 3040 1574 ulciscitur
3084 1522 3322 1591 injurias.
3360 1551 3430 1563 -—-
3473 1521 3583 1578 Sed

1982 1601 2124 1672 quod
2165 1602 2407 1658 dicebam
2430 1645 2444 1670 ,
2479 1605 2694 1675 quando
2721 1608 3042 1679 alapislipse
3070 1609 3379 1668 caedebatur
3399 1654 3414 1676 ,
3444 1613 3587 1670 nihil

1983 1692 2110 1746 mali
2131 1691 2355 1747 cadenti
2380 1693 2669 1751 inferebat:
2689 1698 2902 1768 quando
2921 1708 3098 1755 autem
3121 1716 3308 1757 servus
3331 1704 3588 1772 injurians

1984 1798 2237 1854 passurus
2263 1795 2399 1854 erat,
2417 1801 2597 1860 regem
2627 1790 2830 1858 punivit
2850 1832 2864 1856 ,
2894 1801 2955 1846 ut
2986 1801 3039 1847 te
3065 1792 3256 1848 doceat
3278 1810 3339 1850 ea
3360 1794 3587 1865 quidem

1982 1892 2112 1947 qua:
2137 1877 2230 1932 Dei
2262 1888 2385 1933 sunt
2407 1879 2699 1949 vindicare,
2731 1897 2850 1952 quae
2876 1899 3005 1939 vero
3033 1886 3254 1956 propria
3281 1896 3407 1943 sunt
3433 1872 3581 1958 prai-

1984 1969 2297 2027 termittere.
2327 1972 2478 2028 Sicut
2504 1974 2648 2029 enim
2674 1988 2776 2046 ego
2799 1990 2919 2031 mea
2940 1979 3311 2048 praetermitto,
3338 1990 3425 2034 tua
3451 1996 3584 2037 vero

1981 2064 2194 2120 vindico
2218 2084 2232 2122 :
2255 2065 2335 2121 sic
2361 2075 2414 2122 et
2441 2074 2496 2122 tu
2526 2083 2645 2122 mea
2671 2069 2906 2134 vindica,
2935 2081 3022 2126 tua
3055 2086 3183 2127 vero
3206 2074 3578 2142 praetermitto.

1982 2156 2181 2213 Verum
2226 2159 2443 2231 arrigite
2472 2160 2603 2216 mihi
2631 2175 2791 2219 aures
2827 2172 3036 2218 vestras
3065 2181 3079 2219 :
3107 2164 3197 2220 ubi
3228 2166 3370 2220 enim
3400 2177 3580 2221 certa-

1979 2251 2182 2305 minnm
2209 2259 2422 2323 tempus
2446 2257 2530 2308 est
2547 2294 2563 2320 ,
2595 2253 2926 2312 auditoribus
2951 2265 3035 2312 est
3061 2273 3195 2328 opus
3217 2299 3233 2326 ,
3264 2259 3457 2330 quibus
3482 2276 3575 2316 ar-

1980 2351 2141 2396 rectae
2168 2342 2275 2397 sint
2299 2358 2459 2399 aures
2486 2353 2540 2400 et
2568 2354 2805 2413 attentae,
2840 2355 2897 2402 ut
2924 2347 3211 2419 diligenter
3244 2352 3534 2406 advertatis
3560 2394 3579 2419 ,

1978 2445 2083 2502 quo
2125 2442 2280 2504 pacto
2324 2433 2482 2505 ligem
2507 2477 2521 2500 ,
2560 2451 2666 2506 quo
2706 2447 2862 2507 pacto
2904 2438 3106 2494 solvam
3145 2440 3578 2498 adversariorum

1977 2523 2171 2578 delicta
2196 2567 2210 2590 ,
2243 2540 2349 2595 quo
2377 2537 2534 2596 pacto
2561 2528 2732 2584 lucter
2755 2568 2770 2595 ,
2803 2545 2911 2600 quo
2940 2540 3096 2600 pacto
3123 2531 3332 2588 feriam.
3367 2533 3497 2588 Nam
3531 2535 3584 2588 si

1978 2616 2053 2672 illi
2083 2617 2171 2686 qui
2203 2617 2256 2672 in
2288 2618 2498 2673 theatro
2533 2604 2725 2675 sedent
2752 2620 2961 2678 duobus
2989 2623 3320 2682 certantibus
3345 2665 3360 2691 ,
3389 2626 3582 2680 oculos

1976 2721 2102 2763 suos
2128 2717 2182 2764 et
2206 2711 2446 2780 corporis
2472 2720 2732 2766 staturam
2756 2713 3107 2771 extendentes
3127 2757 3141 2781 ,
3171 2717 3325 2787 proni
3355 2733 3578 2789 prospe-

1975 2809 2160 2867 ctant,
2193 2812 2252 2858 ut
2292 2805 2581 2859 certamina
2620 2805 2842 2876 videant,
2867 2807 3049 2876 probri
3099 2808 3296 2878 plena,
3353 2820 3410 2864 ut
3451 2826 3577 2866 cer-

1975 2897 2174 2977 tamina
2221 2898 2438 2953 videant
2474 2914 2593 2968 qute
2642 2899 2839 2954 imitari
2881 2901 3198 2970 probrosum
3244 2911 3328 2958 est
3364 2923 3378 2958 :
3409 2905 3589 2959 mullo-

1974 2989 2145 3058 magis
2180 3002 2278 3043 nos
2307 2997 2520 3059 oportet
2558 2991 2841 3047 audiendis
2877 2990 3167 3061 Scripturis
3199 2993 3394 3048 divinis
3421 3011 3583 3050 aures

1974 3087 2208 3134 attentas
2237 3080 2498 3149 praebere.
2532 3079 2588 3136 Si
2615 3082 2758 3136 enim
2793 3080 2979 3136 laudas
3005 3082 3260 3137 athletam
3285 3125 3300 3148 ,
3333 3100 3430 3140 cur
3469 3099 3578 3140 non

1975 3170 2039 3226 ﬁs
2076 3171 2316 3226 athleta?
2353 3172 2435 3227 sin
2477 3181 2657 3226 autem
2687 3173 2800 3228 ﬁeri
2840 3173 3095 3229 athletam
3128 3175 3444 3245 probrosum
3473 3188 3587 3244 est,

1974 3280 2072 3320 cur
2112 3266 2334 3320 istorum
2385 3264 2569 3321 laudes
2615 3266 2881 3321 imitaris?
2918 3267 2988 3321 At
3013 3267 3285 3336 ejusmodi
3318 3285 3424 3323 non
3453 3280 3582 3324 sunt

1974 3357 2063 3413 hic
2107 3358 2432 3424 certamina,
2460 3356 2553 3413 sed
2599 3358 2903 3413 communia
2945 3359 3154 3413 cunctis
3201 3368 3256 3414 et
3289 3360 3436 3415 utilia
3465 3369 3588 3414 tum:

1971 3448 2274 3504 dicentibus
2300 3489 2315 3512 ,
2351 3457 2462 3503 tum
2489 3447 2846 3504 audientibus.
2887 3448 3023 3504 Cum
3052 3451 3317 3506 haereticis
3347 3466 3580 3521 namque

1972 3541 2214 3606 deeerto,
2235 3549 2295 3596 ut
2317 3549 2373 3596 et
2398 3556 2495 3596 vos
2520 3540 2749 3596 athletas
2777 3541 3028 3608 efﬁciam,
3052 3553 3113 3597 ut
3133 3559 3239 3597 non
3268 3544 3426 3598 modo
3449 3544 3588 3599 dum

1970 3632 2236 3703 psallitis,
2269 3631 2364 3688 sed
2409 3643 2463 3688 et
2503 3632 2630 3688 dum
2674 3632 3037 3710 colloquimini
3064 3675 3080 3700 ,
3111 3633 3346 3704 linguam
3387 3649 3588 3690 eorum

1971 3724 2342 3794 compescatis.
2393 3723 2532 3794 Quid
2580 3724 2737 3795 igitur
2760 3719 2833 3778 ait
2877 3725 3170 3793 propheta?
3212 3725 3339 3782 Voce
3366 3743 3478 3780 mea
3509 3729 3586 3780 ad

1971 3815 2249 3870 Dominum
2278 3816 2495 3870 clamaui
2517 3831 2536 3871 :
2556 3831 2675 3870 voce
2710 3831 2821 3870 mea
2850 3815 2919 3868 ad
2942 3812 3108 3870 Deum
3139 3817 3437 3885 deprecatus
3462 3834 3584 3872 sum

1973 3906 2146 3974 (Psal.
2164 3909 2283 3963 Ml.
2300 3907 2383 3977 2).
2412 3908 2646 3963 Advorte
2672 3926 2684 3961 :
2711 3923 2837 3962 num
2863 3908 3214 3964 certaminum
3237 3908 3585 3965 occasionem.

1971 3999 2212 4071 praebere
2252 4001 2464 4056 videtur
2485 4042 2502 4068 ,
2551 3999 2694 4072 quod
2731 4000 2929 4056 dictum
2968 4000 3090 4055 est?
3119 3999 3254 4055 Vide
3284 4015 3391 4070 quo
3419 4010 3577 4070 pacto

1970 4101 2180 4148 nectam
2201 4109 2452 4148 coronam
2470 4101 2525 4148 et
2542 4091 2895 4148 certaminum
2916 4093 3194 4148 materiam
3209 4107 3414 4162 parem.
3446 4091 3583 4147 Voce

1971 4201 2081 4239 mea
2094 4186 2160 4238 ad
2178 4184 2459 4238 Dominum
2481 4184 2694 4239 clamavi
2714 4200 2732 4238 :
2749 4200 2866 4237 uoce
2884 4199 2995 4237 mea
3015 4183 3082 4236 ad
3104 4181 3268 4236 Deum
3281 4185 3583 4252 deprecatus

1970 4257 2318 4350 sum.(lbid.).
2349 4276 2446 4331 llic
2470 4285 2526 4330 tu
2551 4275 2682 4330 mihi
2715 4276 3024 4332 htereticum
3055 4290 3216 4341 voca,
3250 4275 3364 4329 sive
3399 4275 3583 4342 adsit,

1971 4372 2084 4426 sive
2105 4385 2208 4424 non
2224 4369 2381 4424 adsit.
2404 4370 2459 4425 Si
2480 4367 2623 4425 enim
2640 4370 2800 4437 adsit,
2822 4385 2853 4424 a
2871 4385 3003 4427 voce
3023 4380 3203 4426 nostra
3222 4371 3506 4437 doceatur;
3529 4372 3584 4424 si.

1969 4477 2097 4517 vero
2115 4477 2222 4517 non
2243 4460 2402 4526 adsit,
2421 4474 2450 4514 a
2471 4461 2750 4531 vobis,_qui
2770 4461 3066 4527 audieritis,
3087 4461 3278 4518 discat.
3299 4461 3404 4517 Sed
3426 4462 3580 4533 quod

1971 4553 2237 4619 dicebam,
2261 4568 2370 4608 non
2397 4568 2694 4624 persequor
2716 4554 2889 4623 ipsum
2913 4564 3253 4622 praesentem,
3277 4553 3373 4609 sed
3397 4554 3581 4622 ipsum

1970 4646 2183 4715 excipio
2221 4645 2689 4716 persequutionem
2730 4660 2942 4716 passum
2968 4687 2982 4711 ,
3014 4661 3122 4700 non
3169 4660 3200 4699 a
3242 4661 3329 4700 me
3357 4686 3373 4711 ,
3409 4645 3504 4700 sed
3543 4662 3583 4700 ο,

1972 4738 2184 4808 propria
2209 4738 2536 4793 conscientia
2565 4779 2580 4804 ,
2605 4737 2755 4807 juxta
2786 4753 2910 4794 eum
2948 4737 3040 4808 qui
3087 4737 3265 4792 dixit:
3298 4736 3454 4808 Fugit
3481 4738 3579 4789 im-

1972 4815 2084 4900 pius
2111 4831 2308 4885 nemine
2333 4840 2658 4901 persequente
2686 4829 2870 4902 (Prov.
2898 4831 2988 4887 28.
3027 4829 3102 4903 1).
3133 4831 3302 4886 Mater
3329 4839 3413 4887 est
3439 4829 3580 4884 lilio-

1971 4939 2088 4979 rum
2117 4940 2335 4979 suorum
2375 4925 2654 4993 Ecclesia,
2688 4941 2806 4996 qua:
2833 4933 2889 4981 et
2918 4926 3050 4981 istos
3075 4925 3275 4997 excipit
3298 4967 3313 4992 ,
3347 4934 3404 4981 et
3448 4940 3573 4995 pcr-

1971 5017 2169 5086 egrinis
2196 5019 2371 5072 sinum
2398 5019 2671 5089 expandit.
2700 5019 3002 5074 Commune
3027 5019 3295 5074 theatrum
3314 5029 3431 5074 erat
3452 5034 3585 5074 arca»

1969 5107 2083 5164 Noe
2103 5151 2118 5176 ,
2151 5110 2244 5166 sed
2286 5110 2524 5166 Ecclesia
2552 5111 2742 5166 melior
2769 5120 2854 5166 est
2895 5112 3056 5168 etiam
3084 5126 3242 5182 quam
3271 5112 3394 5166 ista.
3441 5110 3585 5166 Nam

1971 5207 2124 5263 bruta
2153 5204 2368 5275 quidem
2407 5202 2656 5257 animalia
2698 5201 2785 5255 illa
2827 5201 3161 5272 recipiebat,
3188 5211 3243 5256 et
3268 5201 3420 5255 bruta
3447 5215 3578 5254 con-

1971 5297 2222 5354 servabat
2251 5313 2264 5350 :
2293 5295 2409 5349 haec
2449 5303 2627 5348 autem
2667 5293 2823 5347 bruta
2865 5293 3093 5362 recipit,
3141 5301 3197 5348 et
3227 5300 3573 5346 transmutat».

1973 5388 2213 5457 Exempli
2240 5387 2428 5457 gratia,
2458 5385 2503 5440 si
2529 5384 2809 5439 intraverit
2834 5384 3022 5454 vulpes
3045 5382 3364 5447 haereticus,
3393 5383 3576 5449 ipsum

1973 5497 2130 5537 ovem
2149 5479 2358 5545 efﬁcio;
2388 5477 2432 5533 si
2456 5477 2731 5533 instraverit
2755 5477 2934 5547 lupus,
2960 5477 3134 5546 ipsum
3158 5489 3353 5545 agnum
3373 5474 3580 5542 efﬁcio,

1973 5581 2230 5647 quantum
2257 5572 2308 5625 in
2332 5585 2418 5625 me
2441 5570 2601 5626 situm
2627 5576 2711 5625 est
2729 5568 2842 5643 (a);
2868 5568 2951 5623 sin
2977 5577 3156 5622 autem
3183 5564 3434 5629 noluerit,
3464 5579 3582 5618 non

2039 5688 2113 5752 (a)
2147 5695 2257 5738 nare
2277 5685 2445 5740 confer
2469 5697 2580 5752 cum
2598 5684 2720 5736 orat.
2742 5690 2758 5734 ι
2781 5683 2844 5736 de
2863 5681 3103 5734 laudibus
3124 5676 3255 5729 Pauli
3280 5685 3332 5728 et
3355 5689 3466 5728 cum
3486 5682 3586 5724 vus

1978 5748 2351 5804 de‘P'cenitentia
2374 5760 2517 5798 num.
2536 5748 2581 5796 1.
