4206 6302
703 334 812 392 703

701 449 759 505 id
796 448 923 502 vitio
949 461 1068 502 meo
1095 445 1151 501 lit
1172 487 1188 513 ,
1221 443 1315 500 sed
1344 458 1411 500 es
1441 443 1604 515 ipsius
1634 439 1970 511 improbitate
1989 478 2004 503 ,
2035 434 2274 506 quando-

702 539 917 612 quidem
960 539 1198 593 Christus
1241 537 1399 592 etiam
1442 535 1722 590 duodecim
1758 531 2046 600 discipulos
2073 529 2274 596 habuit,

697 641 758 686 et
781 643 919 686 unus
941 628 1109 685 factus
1132 640 1214 685 est
1243 629 1499 699 proditor,
1531 639 1714 680 verum
1743 639 1848 678 non
1869 637 1902 677 a
1921 621 2155 686 Christo,
2181 621 2276 677 sed

699 723 767 775 ab
796 722 974 774 animo
1014 735 1113 774 suo
1155 720 1340 774 vitiato
1365 735 1378 771 :
1406 715 1832 788 quandoquidem
1861 721 1917 768 et
1943 713 2166 768 Elismus
2192 711 2276 766 di-

697 809 961 879 scipulum
983 809 1166 865 habuit
1187 822 1402 863 avarum
1437 806 1512 875 (ι.
1545 805 1674 875 Reg.
1702 805 1782 875 5),
1809 811 1864 857 at
1891 817 1996 857 non
2019 802 2086 858 ab
2110 803 2276 858 imbe-

700 902 920 956 cillitate
942 900 1196 964 doctoris,
1220 898 1312 954 sed
1337 913 1366 952 a
1383 896 1626 966 discipuli
1651 893 1992 964 negligentia.
2013 891 2272 962 Equidem

696 993 901 1046 semina
941 991 1120 1062 jacio:
1151 990 1195 1044 si
1225 1000 1366 1044 terra
1406 989 1479 1042 sis
1508 985 1716 1056 pinguis
1749 999 1931 1040 semen
1971 982 2270 1051 excipiens,

695 1085 855 1138 etiam
885 1091 1119 1152 segetem
1162 1080 1377 1146 reddis;
1426 1079 1508 1133 sin
1546 1085 1722 1131 autem
1765 1083 1911 1145 petra
1938 1073 2012 1129 sis
2040 1072 2269 1135 sterilis,

698 1174 844 1229 nullo
863 1187 983 1228 meo
1003 1173 1131 1227 vitio
1156 1171 1206 1225 id
1233 1170 1292 1224 fit
1316 1187 1330 1224 :
1352 1169 1463 1223 sive
1481 1167 1732 1233 audieris,
1757 1166 1868 1220 sive
1891 1179 1994 1218 non
2015 1161 2266 1227 audieris,

695 1266 971 1336 spirituale
997 1264 1090 1319 tibi
1115 1278 1332 1318 carmen
1353 1262 1604 1316 'occinere
1624 1302 1639 1326 ,
1662 1259 1881 1312 vulnera
1908 1257 2147 1326 mitigare
2163 1270 2268 1310 non

693 1357 930 1411 desinam
952 1397 966 1422 ,
996 1369 1064 1410 ne
1090 1355 1143 1408 in
1172 1354 1260 1408 illo
1284 1352 1372 1407 die
1396 1350 1605 1405 audiam
1627 1391 1642 1416 ,
1675 1347 1830 1404 Seruo
1853 1348 1984 1399 male
2004 1387 2018 1411 ,
2048 1344 2269 1414 oportuit

692 1455 740 1500 te
770 1448 1073 1500 committere
1105 1445 1369 1514 pecuniam
1405 1457 1566 1494 meam
1603 1439 1900 1493 uumulariis
1941 1435 2150 1510 (Matth.
2171 1433 2264 1490 95.

688 1537 760 1592 26
781 1540 821 1609 ).
865 1536 998 1591 Voce
1039 1553 1148 1589 mea
1182 1536 1249 1586 ad
1295 1533 1566 1586 Dominum
1592 1531 1804 1584 clamavi
1829 1545 1851 1595 ;
1896 1544 2012 1582 uoce
2051 1542 2160 1580 mea
2199 1526 2269 1580 ad

689 1629 856 1684 Deum
886 1629 1177 1697 deprecatus
1205 1642 1317 1678 sum
1340 1622 1510 1694 (Psal.
1542 1622 1663 1676 141.
1681 1618 1763 1690 2).

760 1720 814 1773 3.
855 1717 1041 1773 Contra
1061 1716 1324 1769 Anomaros
1355 1714 1491 1784 agit;
1520 1728 1552 1765 ιι
1577 1710 1857 1778 Scripturis
1884 1717 2054 1777 petunt
2083 1706 2265 1761 erroris

685 1824 864 1862 ansam
896 1806 1136 1862 Iueretici.
1174 1834 1247 1846 -ρ-
1270 1803 1406 1871 Quid
1445 1803 1523 1856 ais
1545 1842 1562 1865 ,
1604 1798 1894 1855 ἣξει-ειίεεῖ
1930 1798 1997 1852 de
2021 1811 2264 1866 quonam

689 1903 817 1958 dicit
839 1900 952 1954 haec
974 1897 1248 1967 propheta,
1271 1905 1324 1950 et
1340 1909 1496 1965 quem
1517 1891 1796 1947 Dominum
1820 1904 1882 1944 ac
1897 1889 2062 1944 Deum
2085 1887 2264 1958 appel-

685 1991 792 2046 lat?
833 1990 900 2045 de
927 2003 1029 2044 una
1051 1989 1192 2042 enim
1223 2000 1448 2056 persona
1479 1981 1538 2040 ﬁt
1562 1997 1759 2037 sermo.
1807 1980 1884 2035 llli
1922 1980 2180 2049 siquidem
2209 1979 2261 2033 in

683 2095 838 2135 suum
862 2086 1020 2150 caput
1047 2078 1347 2147 Seripturas
1371 2069 1734 2158 adqlterantes
1755 2111 1770 2136 ,
1802 2085 1866 2126 ac
1890 2078 2147 2142 perpetuo
2171 2083 2262 2124 ar-

681 2178 932 2240 gumenta
955 2169 1210 2223 adversus
1235 2167 1466 2222 salutem
1480 2179 1628 2219 suam
1650 2163 2036 2233 perquirentes,
2065 2163 2115 2216 in
2135 2175 2260 2232 per-

681 2260 896 2314 ditionis
924 2257 1227 2313 barathrum
1253 2255 1456 2325 seipsos
1483 2253 1768 2308 detrudere
1793 2266 1857 2310 se
1888 2266 1993 2306 non
2024 2251 2262 2305 animad-

681 2359 910 2406 vertunt.
940 2350 1130 2405 Filium
1156 2349 1298 2404 enim
1323 2346 1415 2402 Dei
1445 2359 1620 2415 neque
1643 2344 1733 2415 qui
1760 2341 1956 2407 laudat,
1981 2343 2258 2397 clariorem

682 2443 884 2504 efﬁcit;
914 2456 1085 2509 neque
1113 2441 1202 2510 qui
1241 2439 1583 2508 blaspliemiis
1609 2445 1663 2490 et
1687 2434 2025 2489 contumeliis
2053 2431 2214 2486 afficit
2240 2473 2258 2498 ,

683 2535 827 2590 lardil.
855 2551 869 2588 :
898 2550 1003 2588 non
1029 2533 1172 2587 enim
1196 2531 1397 2600 indiget
1421 2528 1577 2584 laude
1599 2536 1780 2582 nostra
1802 2537 1989 2581 natura
2012 2526 2260 2593 incorpo-

681 2641 800 2690 rea;
824 2624 921 2680 sed
942 2621 1387 2694 quemadmodum
1409 2621 1453 2675 is
1472 2619 1558 2688 qui
1573 2617 1906 2688 splendidum
1923 2617 2091 2670 solem
2108 2614 2258 2681 dicit,

683 2719 854 2773 lucem
878 2717 953 2772 illi
973 2732 1078 2771 non
1102 2715 1270 2781 addit,
1293 2729 1467 2782 neque
1491 2712 1580 2782 qui
1604 2711 1732 2766 dicit
1757 2709 2114 2775 tenebrosum,
2137 2709 2263 2766 sub-

683 2808 933 2862 stantiam
953 2807 1068 2874 ejus
1090 2804 1375 2868 imminuit,
1397 2802 1490 2857 sed
1511 2801 1739 2872 propriae
1760 2801 2012 2868 caecitatis
2035 2800 2260 2855 indicem

686 2896 885 2966 profert
927 2895 1240 2950 sententiam
1281 2910 1296 2945 :
1337 2893 1422 2947 ita:
1445 2893 1534 2962 qui
1575 2891 1764 2945 Filium
1806 2890 1898 2946 Dei
1935 2890 2127 2945 Filium
2155 2905 2260 2944 non

682 2988 831 3054 dicit,
855 2996 910 3040 at
937 2994 1258 3045 creaturam,
1283 2983 1502 3037 insania:
1531 2996 1640 3036 sua:
1661 2980 1836 3050 prodit
1859 2990 2257 3049 argumentum;

683 3079 773 3149 qui
798 3092 926 3132 vero
955 3076 1300 3132 substantiam
1325 3074 1443 3143 ejus
1469 3071 1730 3143 agnoscit,
1756 3071 2080 3141 probitatem
2111 3085 2260 3126 suam

685 3168 952 3233 ostendit;
984 3175 1038 3223 et
1076 3182 1176 3221 nec
1219 3166 1320 3220 iste
1358 3163 1630 3219 beneficiis
1661 3161 1834 3232 ipsum
1861 3162 2096 3216 cumulat
2117 3202 2131 3228 ,
2163 3175 2265 3216 nec

687 3263 778 3317 ille
806 3262 1090 3331 quidquam
1119 3261 1290 3328 ipsum
1315 3255 1482 3324 lmdit,
1510 3255 1603 3311 sed
1629 3255 1716 3310 hic
1731 3253 1949 3325 quidem
1978 3269 2075 3324 pro
2095 3255 2264 3308 salute

685 3371 805 3417 sua,
830 3354 917 3407 ille
944 3369 1069 3406 vero
1090 3351 1343 3406 adversus
1369 3349 1592 3403 salutem
1614 3363 1764 3402 suam
1783 3348 2018 3403 dimicat.
2044 3347 2260 3411 Verum,

688 3459 744 3502 ut
795 3446 1074 3511 dicebam,
1119 3443 1419 3512 Scripturas
1461 3439 1855 3504 adulterantes,
1906 3439 2007 3493 alia
2047 3439 2262 3509 quidem

689 3537 1083 3609 praetervolant,
1115 3543 1359 3606 qumrunt
1385 3543 1582 3598 autem,
1613 3546 1738 3586 num
1763 3530 1954 3585 alicubi
1982 3545 2262 3600 argumen-

689 3641 800 3685 tum
824 3628 1034 3698 aliquod
1054 3626 1343 3690 oﬂ'endant,
1363 3623 1503 3694 quod
1529 3625 1761 3693 ipsorum
1783 3623 1969 3676 morbo
1988 3620 2262 3692 suffragari

687 3738 751 3778 ac
790 3723 969 3775 favere
1006 3718 1266 3774 videatur.
1312 3717 1493 3785 Neque
1530 3715 1658 3770 mihi
1697 3723 1752 3768 tu
1781 3713 1978 3768 dixeris
2017 3715 2069 3768 in
2104 3728 2262 3768 causa

684 3828 804 3868 esse
831 3813 1158 3881 Scripturam
1186 3828 1200 3866 :
1223 3824 1329 3865 non
1353 3811 1645 3878 Scriptura,
1671 3807 1765 3862 sed
1783 3807 2026 3878 ipsorum
2057 3807 2261 3874 impro-

688 3905 826 3957 bitas
850 3913 932 3958 est
962 3904 1012 3956 in
1042 3916 1202 3956 causa
1233 3918 1247 3954 :
1276 3897 1699 3970 quandoquidem
1731 3897 1833 3951 mel
1870 3911 2081 3966 quoque
2109 3897 2264 3951 dulce

683 4007 786 4063 est,
813 4005 867 4050 at
893 3996 982 4065 qui
1005 4009 1145 4063 aeger
1169 4001 1270 4055 est,
1293 3991 1542 4046 acerbum
1572 3989 1700 4043 illud
1727 3989 2046 4053 arbitratur;
2077 4004 2261 4042 verum

685 4101 792 4141 non
819 4086 993 4140 mellis
1020 4084 1175 4152 culpa
1196 4125 1211 4148 ,
1239 4081 1334 4144 sed
1361 4080 1681 4134 infirmitatis
1709 4088 1791 4133 est
1815 4080 2035 4133 crimen.
2069 4079 2142 4133 Ita
2174 4079 2262 4148 qui

683 4179 867 4234 furiosi
889 4187 1026 4243 sunt,
1053 4192 1171 4247 quas
1194 4175 1458 4239 videntur,
1479 4187 1583 4226 non
1601 4181 1828 4227 cernunt
1845 4188 1858 4235 ;
1878 4179 1931 4224 at
1946 4185 2128 4225 eorum
2145 4185 2262 4239 qua:

669 4267 927 4323 videntur
954 4268 1105 4335 culpa
1133 4281 1236 4320 non
1266 4273 1366 4329 est,
1391 4265 1484 4318 sed
1508 4263 1702 4318 mentis
1730 4263 1926 4315 vitiata
1955 4261 2136 4314 furiosi
2164 4261 2258 4316 bo-

685 4363 859 4416 minis.
878 4360 1078 4413 Ctelnni
1107 4360 1244 4412 Deus
1269 4357 1485 4421 creavit,
1505 4365 1560 4408 ut
1587 4369 1719 4422 opus
1747 4354 2188 4422 contemplemur,
2211 4363 2264 4406 et

683 4455 924 4525 upilicem
953 4452 1234 4506 adoremus
1255 4492 1268 4515 ,
1300 4458 1354 4502 at
1376 4449 1598 4518 gentiles
1627 4463 1760 4517 opus
1787 4449 1948 4501 Deum
1979 4448 2260 4512 fecerunt;

682 4561 866 4600 verum
890 4561 991 4598 non
1015 4559 1168 4613 opus,
1195 4542 1288 4596 sed
1315 4543 1523 4594 illorum
1548 4541 1854 4609 improbitas
1881 4549 1960 4594 est
1984 4541 2037 4593 in
2063 4555 2221 4594 causa
2245 4557 2260 4592 :

683 4647 737 4692 et
780 4634 1228 4707 quemadmodum
1278 4633 1548 4700 improbus
1579 4646 1608 4684 a
1651 4631 1862 4685 nemine
1901 4631 2152 4700 juvatur,
2192 4630 2263 4684 ita

684 4728 881 4798 probus
909 4740 938 4776 a
969 4740 1027 4778 se
1053 4725 1166 4793 ipso
1195 4722 1352 4776 etiam
1375 4722 1610 4790 juvatur.
1639 4720 1774 4787 Quid
1800 4720 2009 4776 Christo
2033 4721 2168 4792 par?
2209 4729 2266 4774 at

683 4820 753 4874 ab
781 4834 847 4873 eo
885 4832 987 4870 nou
1018 4816 1228 4885 adjutus
1258 4822 1339 4867 est
1363 4812 1544 4867 Judas.
1592 4812 1726 4879 Quid
1757 4812 1966 4866 diabolo
1998 4811 2264 4882 nequius?

683 4921 738 4966 at
762 4911 862 4966 Job
886 4924 1080 4964 corona
1108 4907 1384 4961 redimitus
1405 4915 1517 4969 est;
1549 4915 1603 4960 et
1624 4920 1794 4974 neque
1812 4905 1838 4959 .l
1847 4905 1998 4960 udam
2021 4906 2264 4960 Christus

685 5004 919 5074 adjuvit,
950 5002 1071 5071 quia
1112 5002 1158 5055 is
1197 5011 1311 5054 erat
1347 4997 1653 5067 improbus,
1683 5012 1854 5067 neque
1886 4997 1986 5053 Job
2021 4997 2264 5052 diabolus

686 5097 884 5160 nocuit,
916 5095 1034 5164 quia
1063 5093 1149 5147 hic
1178 5091 1374 5161 probus
1402 5098 1534 5143 erat.
1566 5089 1691 5144 llazc
1714 5104 1814 5156 ego
1840 5088 1986 5153 dico,
2023 5098 2078 5142 ut
2105 5103 2264 5143 nemo

683 5192 988 5259 Scripturas
1015 5193 1245 5250 accuset,
1273 5183 1365 5238 sed
1393 5198 1573 5237 eorum
1600 5180 2020 5250 improbitatem,
2048 5182 2136 5252 qui
2165 5196 2226 5236 ea
2244 5221 2260 5248 ,

682 5298 800 5353 qum
840 5289 983 5335 recte
1023 5277 1160 5332 dicta
1199 5285 1358 5338 sunt,
1393 5275 1530 5328 male
1563 5274 1997 5343 interpretantur.
2039 5274 2170 5328 Nam
2208 5284 2263 5330 et

682 5373 925 5429 diabolus
953 5386 1017 5425 ex
1047 5368 1333 5438 Scripturis
1362 5382 1482 5421 eum
1510 5366 1722 5422 Christo
1749 5366 2067 5435 disputabat.

745 5461 887 5516 Nam
916 5463 994 5515 lue
1019 5476 1178 5524 voces,
1201 5460 1343 5514 Deus
1363 5468 1416 5511 et
1435 5457 1711 5523 Dominus,
1743 5455 1889 5510 Patri
1917 5466 1962 5511 et
1982 5457 2117 5511 Filio
2145 5474 2264 5528 pro-

683 5554 807 5623 pria:
835 5552 967 5615 sint;
1009 5566 1187 5603 nomen
1215 5547 1474 5602 Dominus
1494 5563 1591 5599 non
1627 5556 1697 5600 est
1727 5547 1888 5599 minus
1914 5564 2060 5616 quam
2083 5564 2262 5601 nomen

685 5641 1114 5711 Deus—Atqui
1165 5655 1267 5694 non
1309 5647 1390 5694 est
1437 5638 1490 5690 in
1533 5651 1689 5691 causa
1733 5635 2023 5705 Scriptura,
2062 5638 2154 5693 sed
2200 5653 2261 5694 ea

685 5748 856 5795 mens,
878 5749 992 5807 qua:
1023 5741 1166 5788 recte
1194 5731 1330 5786 dicta
1357 5729 1495 5784 male
1523 5729 1919 5800 interpretatur.
1956 5730 2087 5784 Dum
2118 5731 2257 5786 enim

1415 329 1472 387 s.
1513 325 1790 385 JOANNIS
1826 300 2301 382 etinvsosrout
2339 326 2653 393 ARCHIEP.
2683 335 3221 396 cossrsmmor.

3874 338 3980 394 ἰε-ι

2387 442 2579 503 Filium
2611 452 2767 507 Patre
2798 454 3058 506 minorem
3112 464 3232 504 esse
3271 449 3450 502 volunt
3473 447 3779 514 ostendere,
3810 449 3979 506 inust-

2381 547 2488 594 tata
2517 544 2730 597 nomina
2756 544 2965 600 curiose
2993 542 3364 613 perquirentes
3391 543 3727 597 circumeunt
3753 583 3769 610 ,
3797 541 3975 613 deque

2379 632 2556 688 verbis
2595 634 2700 689 illis
2740 632 2919 706 (Deus
2945 641 3001 689 et
3027 632 3320 702 Dominus)
3344 631 3524 698 aiunt,
3555 633 3723 693 Deum
3753 632 3972 688 Panem

2376 735 2516 786 esse.
2547 722 2737 779 Filium
2780 724 3084 790 Dominum,
3112 732 3166 779 et
3207 723 3422 778 nomina
3454 722 3698 776 dividunt
3731 739 3745 775 :
3775 733 3972 777 vocem

2375 810 2589 880 quidem
2617 813 2753 867 Deus
2780 811 2946 879 Patri,
2973 826 3158 867 vocem
3201 821 3378 865 autem
3425 809 3676 865 Dominus
3708 809 3848 866 Filio
3870 813 3971 864 tri-

2376 899 2562 964 buunt,
2597 911 2654 955 ιιι
2680 902 2768 972 qui
2795 901 3007 956 deitatis
3032 899 3409 956 distributores
3435 899 3575 964 sint,
3611 891 3674 954 et
3696 907 3972 971 tamquam

2377 989 2685 1046 hereditatis
2721 991 3004 1046 divisores.
3036 989 3307 1060 Scriptura
3343 988 3480 1043 Filio
3516 987 3647 1042 dicit
3674 987 3973 1042 Dominus?

2373 1083 2462 1136 ain
2489 1091 2564 1149 tu,
2597 1083 2710 1138 lure
2733 1083 2894 1137 dicit?
2939 1082 3203 1152 Numquid
3239 1080 3500 1151 psalmum
3529 1095 3637 1134 non
3670 1079 3870 1134 audisti
3897 1081 3970 1135 ad

2374 1186 2531 1226 unam
2561 1188 2844 1242 personam
2869 1172 3026 1228 hodie
3054 1173 3318 1228 dicentem
3351 1188 3368 1226 :
3406 1169 3538 1225 Voce
3561 1187 3671 1224 mea
3689 1171 3761 1224 ad
3779 1171 3967 1224 Domi-

2371 1280 2494 1318 num
2513 1266 2722 1318 clamaui
2744 1281 2764 1320 :
2785 1281 2903 1321 uoce
2919 1281 3030 1319 mea
3047 1265 3120 1318 ad
3139 1263 3308 1318 Deum
3329 1264 3625 1334 deprecatus
3642 1280 3757 1318 sum
3783 1263 3965 1334 (Psaf.

2371 1355 2598 1427 “1.2)?
2627 1356 2806 1427 Itaque
2831 1365 2886 1412 et
2915 1357 3195 1411 Dominum
3224 1365 3278 1410 et
3311 1355 3478 1412 Deum
3501 1355 3670 1423 ipsum
3699 1356 3958 1425 appellat.

2373 1443 2559 1500 Utrum
2590 1446 2753 1501 Deum
2783 1461 2902 1502 esse
2926 1447 3006 1500 vis
3035 1445 3248 1510 Filium,
3280 1460 3349 1498 an
3377 1445 3627 1500 Patrem?
3669 1445 3833 1501 Plane
3862 1447 3966 1500 Pa-

2372 1544 2506 1590 trem
2533 1537 2680 1591 dices
2705 1537 2818 1592 limc
2847 1539 3061 1592 nomina
3101 1538 3352 1591 indicare.
3395 1536 3556 1606 igitur
3591 1537 3730 1592 Deus
3753 1547 3837 1593 est
3868 1537 3961 1594 Fi-

2369 1625 2473 1680 lius
2503 1635 2559 1680 et
2591 1627 2845 1682 Dominus
2882 1627 3057 1683 Pater.
3099 1626 3236 1693 Quid
3261 1641 3388 1697 ergo
3416 1627 3630 1680 nomina
3660 1627 3872 1693 dividis,
3904 1639 3962 1684 et

2369 1715 2472 1772 hoc
2505 1717 2720 1787 quidem
2759 1718 2868 1774 illic
2904 1719 3109 1789 adjicis,
3140 1718 3267 1773 illud
3291 1728 3470 1772 autem
3499 1718 3587 1774 hic
3610 1718 3847 1774 dividis?
3892 1721 3960 1775 Et

2367 1821 2496 1862 vero
2541 1807 2738 1863 Paulus
2775 1809 2848 1862 ait
2885 1809 3108 1879 (utinam
3139 1808 3360 1864 Paulum
3396 1807 3630 1875 audires,
3672 1817 3725 1864 et
3767 1809 3959 1864 beatus

2367 1899 2538 1968 esses)
2569 1916 2584 1952 :
2617 1897 2778 1952 Nobis
2797 1908 2962 1954 tamen
2991 1915 3121 1953 unus
3148 1897 3285 1954 Deus
3319 1897 3493 1961 Pater,
3523 1915 3586 1953 ex
3609 1914 3708 1968 quo
3737 1901 3910 1954 omnia
3935 1916 3958 1955 :

2367 1997 2413 2042 et
2436 2003 2568 2042 unus
2609 1987 2858 2046 Dominus
2896 1989 3048 2044 Iesus
3090 1989 3349 2054 Christus,
3387 2005 3476 2059 per
3501 2005 3645 2056 quem
3675 1990 3848 2044 armis
3873 1989 3953 2061 (Ι.

2365 2077 2484 2134 Cor.
2511 2079 2564 2134 8.
2588 2078 2666 2151 6).
2717 2079 2890 2135 Unum
2928 2079 3120 2135 Filium
3147 2080 3314 2135 Deum
3346 2079 3592 2133 vocavit?
3627 2079 3754 2148 quid
3779 2095 3910 2149 ergo
3933 2081 3958 2132 ἲ

2366 2169 2670 2224 Dominum.
2709 2169 2816 2224 Cur
2847 2168 3572 2242 enim,qu:eso,splendidius
3623 2179 3708 2224 est
3756 2185 3952 2225 nomen

2367 2260 2528 2326 Deus,
2578 2276 2735 2332 quam
2786 2261 3061 2327 Dominus,
3111 2268 3204 2315 aut
3258 2261 3517 2316 Dominus
3563 2262 3740 2316 minus
3789 2277 3950 2331 quam

2364 2355 2540 2410 Deus?
2585 2354 2892 2428 Attendite,
2929 2354 3186 2421 obsecro,
3213 2353 3512 2423 diligenter.
3545 2351 3604 2408 Si
3629 2367 3759 2423 ergo
3787 2369 3952 2408 unum

2364 2461 2484 2501 esse
2529 2447 2639 2512 illa,
2688 2446 2943 2500 Dominus
2986 2455 3042 2500 et
3087 2445 3246 2510 Deus,
3277 2444 3582 2507 ostendero,
3613 2445 3735 2515 quid
3762 2444 3955 2500 dices?

2363 2536 2568 2592 Nomen
2591 2538 2726 2592 Deus
2746 2538 2916 2606 majus
2944 2552 3064 2592 esse
3083 2537 3238 2603 dicis,
3260 2537 3519 2595 Dominus
3537 2545 3713 2592 autem
3740 2537 3955 2590 minus?

2367 2627 2502 2681 Audi
2529 2628 2839 2698 prophetam
2861 2627 3126 2682 dicentem
3151 2643 3166 2679 :
3192 2625 3296 2680 Iste
3321 2627 3587 2690 Dominus,
3609 2628 3695 2695 qui
3719 2628 3835 2694 fecit
3855 2643 3953 2680 ca:-

2365 2717 2470 2771 fum
2497 2732 2518 2770 :
2544 2719 2637 2771 iste
2680 2716 2817 2770 Deus
2841 2757 2856 2782 ,
2900 2717 2986 2788 qui
3022 2725 3206 2770 terram
3252 2716 3478 2769 condidit
3519 2715 3679 2787 (Isai.
3719 2718 3810 2772 ιδ.
3840 2716 3952 2787 18).

2368 2808 2622 2863 Dominus
2648 2808 2832 2862 caelum
2853 2848 2868 2872 ,
2900 2815 2956 2861 et
2982 2806 3123 2861 Deus
3151 2815 3368 2861 terram.
3403 2805 3499 2859 llic
3527 2805 3580 2859 in
3606 2805 3797 2860 eadem
3828 2822 3951 2876 per-

2366 2914 2495 2954 sona
2531 2909 2587 2954 et
2629 2913 2822 2954 nomen
2869 2898 3160 2964 Dominus,
3189 2907 3245 2952 et
3268 2912 3464 2951 nomen
3496 2897 3635 2952 Deus
3662 2898 3860 2965 posuit.
3889 2898 3954 2952 Et

2365 3003 2570 3054 rursus,
2591 2987 2727 3041 Audi
2747 2985 2933 3050 Israel,
2955 2986 3200 3040 Dominus
3230 2985 3368 3039 Deus
3397 2996 3513 3039 tuus
3538 2983 3792 3040 Dominus
3820 3003 3950 3039 unus

2365 3089 2439 3134 est
2467 3078 2643 3150 (Deut.
2669 3077 2722 3133 6.
2753 3078 2830 3148 ι).
2859 3077 2945 3130 Bis
2972 3077 3246 3142 Dominus,
3276 3085 3329 3130 et
3357 3077 3519 3131 semel
3549 3077 3686 3130 Deus
3714 3094 3728 3130 :
3761 3093 3826 3132 ac
3850 3079 3953 3147 pri-

2368 3187 2511 3225 mum
2542 3169 2795 3223 Dominus
2814 3208 2829 3233 ,
2864 3176 2920 3222 et
2946 3166 3137 3222 deinde
3167 3167 3326 3231 Deus,
3359 3179 3415 3222 et
3442 3181 3628 3221 rursus
3652 3167 3908 3223 Dominus
3934 3185 3949 3197 ·

2367 3265 2508 3335 quod
2536 3265 2580 3318 si
2610 3263 2713 3317 hoc
2736 3261 2974 3316 deterius
2997 3270 3160 3326 esset,
3184 3259 3312 3315 illud
3333 3271 3508 3314 autem
3537 3260 3730 3329 majus,
3753 3275 3861 3314 non
3887 3259 3952 3314 de

2367 3372 2556 3426 magna
2593 3356 2884 3409 substantia
2911 3397 2925 3420 ,
2969 3353 3261 3424 majorique
3300 3354 3611 3407 vocabulum
3652 3354 3833 3408 minus
3857 3367 3953 3422 po-

2366 3451 2560 3511 suisset
2587 3449 2838 3519 primum,
2875 3447 2968 3502 sed
3018 3447 3203 3516 majori
3243 3446 3386 3500 dicto
3423 3453 3707 3500 contentus
3749 3445 3952 3511 fuisset,

2369 3549 2542 3608 neque
2566 3540 2741 3591 minus
2765 3538 3116 3590 attribuisset.
3162 3535 3295 3590 Num
3339 3549 3400 3589 ea
3425 3575 3440 3597 ,
3482 3550 3604 3604 quas
3629 3534 3770 3599 dixi,
3800 3535 3956 3590 intelc

2370 3628 2609 3688 lexis-tis?
2652 3629 2845 3683 lterum
2893 3626 3098 3681 doceo:
3133 3641 3238 3681 non
3275 3627 3418 3680 enim
3457 3625 3556 3680 hoc
3590 3628 3958 3695 spectaculum

2368 3730 2452 3777 est
2494 3723 2560 3775 ad
2604 3718 3033 3784 ostentationem,
3065 3717 3157 3773 sed
3201 3718 3443 3772 doctrina
3483 3717 3549 3771 ad
3586 3719 3958 3788 compunCtio-

2369 3828 2513 3876 nem,
2543 3825 2648 3864 non
2671 3820 2726 3864 ut
2747 3811 2978 3864 inermes
3003 3811 3228 3875 abeatis,
3256 3809 3351 3863 sed
3375 3819 3432 3863 ut
3460 3810 3646 3862 armati
3671 3810 3955 3865 recedatis.

2368 3902 2573 3956 Nomen
2613 3901 2754 3956 Deus
2792 3901 2965 3969 majus
3003 3914 3123 3954 esse
3169 3899 3324 3965 dicis,
3368 3900 3634 3965 hieretioe,
3683 3877 3744 3954 et
3783 3902 3959 3957 minus

2368 4007 2487 4047 esse
2512 4006 2706 4046 nomen
2739 3991 3024 4046 Dominus?
3063 3991 3280 4044 Ostendi
3305 3990 3395 4043 tibi
3431 3991 3742 4059 prophetam
3769 3991 3956 4046 dicen-

2371 4095 2474 4137 tem
2497 4121 2513 4146 ,
2557 4081 2806 4136 Dominus
2829 4082 2915 4150 qui
2942 4082 3056 4151 fecit
3081 4081 3280 4143 cwlum,
3311 4079 3446 4132 Deus
3479 4080 3564 4149 qui
3591 4081 3822 4133 condidit
3856 4092 3956 4134 ter-

2366 4193 2495 4229 ram.
2561 4176 2798 4246 Moysem
2833 4174 2926 4228 tibi
2969 4188 3152 4228 rursus
3201 4173 3777 4236 ostendodicentem,
3830 4174 3958 4226 Audi

2367 4267 2549 4324 Israel.
2571 4265 2819 4320 Dominus
2838 4264 2978 4318 Deus
3006 4273 3119 4317 tuus
3141 4262 3390 4316 Dominus
3409 4279 3540 4316 unus
3558 4273 3649 4317 est.
3675 4263 3958 4329 Quomodo

2371 4375 2529 4423 unus,
2560 4359 2605 4413 si
2630 4358 2737 4412 duo
2767 4366 2893 4412 sunt
2919 4358 3153 4418 nomina,
3187 4356 3286 4410 hoc
3314 4355 3524 4426 quidem
3552 4357 3797 4421 minoris,
3833 4359 3956 4411 illud

2365 4465 2494 4506 vero
2521 4449 2831 4504 substantia:
2855 4447 3105 4517 majoris?
3136 4447 3249 4500 Non
3270 4447 3413 4501 enim
3435 4448 3616 4516 utique
3641 4448 3820 4516 seipsa
3845 4462 3953 4500 ma-

2362 4542 2448 4611 jor
2472 4551 2526 4596 et
2554 4544 2728 4595 minor
2767 4548 2850 4594 est
2888 4540 3180 4594 substantia
3202 4580 3216 4604 ,
3241 4539 3336 4594 sed
3364 4540 3585 4608 aequalis
3609 4551 3662 4594 et
3689 4555 3952 4594 connexa.

2367 4635 2617 4688 Dominus
2636 4632 2773 4688 Deus
2801 4642 2915 4686 tuus
2940 4632 3184 4686 Dominus
3207 4650 3338 4686 unus
3368 4646 3459 4686 est.
3503 4633 3583 4686 En
3611 4635 3844 4688 ostendo
3869 4635 3956 4688 tibi

2369 4743 2561 4782 nomen
2583 4727 2837 4781 Dominus
2857 4726 2958 4779 hoc
2977 4739 3097 4780 esse
3118 4725 3279 4787 idem,
3302 4724 3442 4794 quod
3471 4725 3609 4780 Deus
3632 4743 3646 4779 :
3674 4727 3725 4778 in
3747 4741 3956 4779 summa

2367 4828 2556 4873 autem‘
2579 4819 2623 4872 si
2667 4818 2923 4872 Dominus
2967 4818 3162 4880 minus,
3197 4817 3337 4870 Deus
3362 4825 3537 4870 autem
3562 4818 3757 4885 majus,
3791 4818 3956 4888 quod-

2369 4925 2489 4963 nam
2527 4910 2643 4983 ejus
2689 4903 2808 4963 esse
2851 4923 3047 4962 nomen
3092 4907 3305 4962 debuit?
3334 4907 3590 4962 Dominus
3631 4908 3846 4969 minus,
3894 4925 3957 4963 an

2368 4999 2509 5054 Deus
2549 4999 2755 5067 majus?
2797 4997 2854 5052 Si
2889 4997 3068 5051 dicat:
3101 4997 3377 5063 Quodnam
3406 5006 3491 5050 est
3513 5011 3708 5050 nomen
3735 5002 3958 5052 meum?

2367 5091 2492 5161 quid
2519 5091 2618 5158 ais,
2647 5089 2935 5144 hmretice?
2962 5105 3030 5144 an
3060 5103 3255 5143 nomen
3289 5088 3544 5143 Dominus
3573 5089 3729 5154 Filii,
3762 5107 3958 5146 nomen

2366 5191 2542 5237 autem
2569 5183 2707 5238 Deus
2735 5182 2905 5236 Patris
2942 5189 3024 5234 est
3059 5191 3308 5250 tanquam
3337 5181 3506 5249 magis
3536 5181 3860 5249 pmprium?
3903 5182 3957 5235 Si

2369 5287 2568 5326 nomen
2612 5273 2887 5338 Dominus,
2936 5271 3075 5342 quod
3124 5281 3207 5326 est
3253 5271 3448 5334 minus,
3481 5271 3740 5325 denotare
3785 5275 3957 5341 ipsum

2367 5364 2688 5428 ostendero,
2731 5363 2856 5434 quid
2895 5363 3092 5417 facies?
3135 5360 3452 5432 Cognoscaut
3491 5362 3609 5432 quia
3645 5379 3830 5415 nomen
3873 5365 3957 5416 tibi

2369 5455 2615 5510 Dominus
2643 5457 2812 5527 (Psal.
2843 5457 2934 5513 82.
2964 5455 3078 5525 19),
3103 5457 3279 5525 inquit
3321 5453 3596 5524 propheta.
3646 5455 3782 5509 Num
3829 5457 3958 5509 dixit

2370 5547 2548 5602 Deus?
2576 5548 2806 5603 Tametsi
2836 5563 2951 5611 cur,
2978 5547 3022 5600 si
3047 5548 3216 5613 tnajus
3238 5556 3317 5599 est
3344 5546 3502 5607 Deus,
3524 5560 3629 5598 non
3659 5547 3797 5599 dixit
3829 5562 3954 5615 pro-

2367 5641 2548 5710 pheta,
2577 5639 2911 5708 Cognoscant
2939 5639 3057 5706 quia
3085 5652 3279 5690 nomen
3304 5635 3396 5689 tibi
3426 5636 3596 5689 Deus:
3622 5636 3664 5689 si
3693 5638 3836 5690 enim
3859 5640 3955 5691 hoc

2369 5735 2582 5807 quidem
2625 5733 2740 5804 ejus
2779 5730 3050 5803 proprium
3081 5744 3141 5783 ac
3171 5727 3439 5801 peculiare
3470 5728 3638 5796 Deus,
3670 5727 3799 5783 illud
3827 5741 3959 5786 vero
