4206 6302
170 376 278 439 τω

172 473 450 537 horines,
478 470 710 540 alienum
737 467 808 522 ab
830 480 897 523 eo
927 475 1197 538 tamquam
1225 463 1468 530 inferius,
1487 479 1584 521 cur
1601 463 1756 528 dixit,

169 565 488 637 Cognoscitur
527 564 644 635 quia
687 577 867 616 nomen
909 560 998 614 tibi
1044 559 1312 623 Dominus,
1339 557 1467 612 illud
1500 570 1758 626 parvum,

172 659 350 713 minus
373 698 388 720 ,
431 653 736 712 et-ini’erius
763 653 983 716 numine
1010 667 1074 708 ac
1101 651 1358 723 dignitate
1384 668 1400 706 :
1432 664 1604 721 neque
1630 649 1760 704 dicit
1809 654 1812 657 '

170 746 301 803 illud
333 761 580 818 magnum
603 754 658 800 et
681 745 907 802 sublime
926 787 941 809 ,
984 742 1129 815 quod
1157 743 1374 814 dignum
1401 752 1484 798 est
1509 741 1760 797 substan-

169 837 276 892 tia?
303 820 461 908 Atqui
488 844 547 892 ut
571 835 834 906 intelligas
859 835 960 891 hoc
985 848 1208 905 parvum
1236 845 1344 889 non
1370 847 1515 898 esse,
1545 846 1643 888 nec
1665 833 1761 888 de-

170 931 334 986 terius
359 967 377 996 ,
406 929 503 986 sed
530 931 774 986 eamdem
803 944 910 984 vnn
937 927 1169 996 habere,
1200 926 1539 1000 Cognatam,
1567 924 1760 996 inquit,

164 1022 284 1089 quia
329 1037 513 1075 nmen
553 1020 642 1074 tibi
681 1018 935 1076 Dominus
965 1036 987 1073 :
1025 1029 1082 1074 tu
1122 1017 1262 1075 solus
1296 1017 1572 1074 altissimus
1611 1032 1764 1087 super

165 1120 603 1167 mammam.
1103 1151 1105 1153 ι
1211 1113 1213 1115 ’

234 1204 292 1258 ι.
313 1205 385 1258 At
411 1203 647 1258 nondum
669 1216 702 1256 a
721 1217 896 1274 pugna
917 1201 1168 1267 discedis,
1190 1202 1284 1263 sed
1302 1191 1390 1258 ais
1410 1217 1599 1258 rursus
1624 1199 1765 1256 Deus

164 1293 344 1363 majus
369 1308 512 1359 esse,
539 1275 791 1346 Dominus
815 1302 994 1347 autem
1022 1294 1217 1358 minus.
1255 1291 1312 1349 Si
1342 1291 1539 1347 Filium
1569 1291 1760 1363 majori

166 1385 387 1439 nomine
423 1383 747 1454 appellatum
777 1383 1102 1449 indicavero,
1144 1382 1271 1454 quid
1296 1383 1478 1438 dices?
1502 1399 1629 1438 num
1663 1398 1764 1452 pn-

159 1489 324 1544 gnam
361 1472 554 1528 ﬁnies?
583 1488 708 1528 num
729 1488 763 1529 a
786 1459 1129 1530 cententione
1155 1473 1418 1530 desistes?
1457 1490 1586 1529 num
1617 1486 1764 1529 tuam

163 1565 397 1621 salutem
425 1564 720 1636 agnosces?
749 1579 877 1620 num
900 1565 969 1621 ab
989 1566 1191 1620 insania
1214 1565 1474 1622 recedes?
1497 1566 1766 1623 intellexi-

162 1656 234 1710 sti
257 1697 274 1720 ,
313 1655 447 1737 quid
490 1654 753 1711 dixerim?
799 1655 1229 1726 quandoquidem
1277 1671 1474 1712 nomen
1515 1656 1766 1712 Dominus

164 1745 309 1818 Filio
340 1746 612 1813 tribuunt,
639 1745 781 1802 Deus
804 1757 984 1802 autem
1014 1747 1158 1802 Patri
1187 1756 1247 1803 ut
1284 1748 1477 1818 majus.
1521 1748 1580 1804 Si
1607 1748 1768 1820 igitur

161 1834 359 1908 majori
402 1837 621 1894 nomine
659 1837 852 1894 Filium
881 1839 1207 1910 appellatum
1236 1839 1563 1904 indicavero,
1591 1855 1765 1912 pugna

161 1925 414 1982 confecta
441 1937 524 1983 est
553 1945 570 1984 :
594 1929 702 1995 tuis
725 1929 868 1984 enim
890 1931 1056 1984 armis
1087 1939 1138 1986 te
1167 1931 1380 2002 subigo,
1399 1932 1611 2002 tuisque
1635 1947 1767 2003 pen-

165 2020 254 2074 nis
282 2028 335 2075 te
362 2035 579 2092 supero.
610 2015 690 2077 Tu
717 2021 897 2078 dixisti
925 2023 1062 2077 Deus
1087 2023 1284 2094 majus,
1311 2023 1562 2079 Densius:
1585 2034 1766 2081 autem

165 2110 356 2166 minus
393 2126 516 2167 esse
553 2127 750 2168 nomen
779 2130 797 2167 :
820 2112 1191 2170 demonstrare
1228 2114 1353 2170 volo
1397 2115 1574 2170 minus
1622 2115 1767 2171 Patri

163 2217 279 2258 non
321 2203 659 2269 convenisse,
693 2204 739 2259 si
787 2205 959 2275 major
1003 2215 1140 2274 erat,
1171 2215 1228 2262 et
1269 2207 1442 2276 majus
1481 2207 1617 2262 Filio
1658 2221 1766 2264 non

161 2296 513 2363 convenisse,
541 2294 588 2350 si
614 2293 788 2374 Filius
809 2296 986 2351 minor
1011 2305 1148 2353 erat.
1179 2297 1315 2352 Audi
1340 2295 1764 2368 prophetam‘ﬂi-

161 2393 404 2451 contem,
439 2383 539 2439 Hic
567 2395 640 2442 est
661 2385 799 2442 Deus
829 2397 999 2443 noster
1024 2404 1043 2444 :
1069 2405 1169 2443 non
1189 2378 1522 2445 “(inlabitur
1539 2390 1672 2446 alius
1698 2391 1768 2445 ad

168 2491 288 2529 eum
309 2490 331 2529 :
351 2475 606 2532 ndineem't
623 2494 823 2549 onlnem
846 2479 978 2533 uiam
1003 2481 1228 2536 scientia
1248 2497 1269 2536 :
1293 2491 1406 2553 post
1424 2483 1532 2536 hac
1550 2482 1601 2537 in
1620 2483 1768 2539 terris

162 2567 304 2621 eius
333 2577 430 2633 est,
452 2578 499 2621 et
521 2584 640 2622 cunt
657 2569 944 2626 tonantibus
962 2581 1286 2634 conparatus
1310 2583 1384 2628 est
1411 2572 1556 2647 (ΒΨ.
1584 2576 1637 2631 5.
1666 2574 1768 2631 36-

160 2655 237 2713 88
259 2655 302 2728 ).
332 2657 471 2734 Quid
517 2659 584 2714 ad
631 2661 732 2715 hoc
778 2662 1113 2731 respondes?
1161 2679 1288 2720 num
1320 2664 1407 2720 his
1431 2665 1608 2722 verbis
1631 2678 1767 2720 cun-

159 2748 422 2804 mdicis?
465 2749 536 2803 Αι
563 2765 670 2820 non
696 2759 848 2821 potes
880 2769 893 2805 :
926 2753 1122 2808 veritas
1145 2754 1291 2809 enim
1317 2764 1616 2826 permanet,
1643 2771 1764 2828 quae

162 2839 514 2908 splendorem
538 2856 695 2898 suum
721 2842 936 2910 emittit,
969 2852 1024 2900 et
1048 2845 1232 2904 oculos
1251 2845 1626 2903 hereticorum
1645 2862 1768 2904 cre-

157 2930 295 2988 dere
351 2933 453 3002 ipsi
511 2935 874 2991 recusantium
925 2947 1187 2993 excaecat.
1233 2939 1569 3012 Quamquam
1611 2941 1767 3012 longa

1359 365 1449 428 DE
1485 364 1772 428 SANCTIS
1809 363 2279 429 MARTYRIBUS.

3344 367 3452 425 τινες

1867 474 1993 519 sunt
2030 462 2321 520 certamina
2344 502 2361 532 ,
2393 451 2447 518 et
2476 459 2674 532 multus
2717 472 2801 519 est
2838 471 3003 519 mstus
3033 481 3049 520 :
3081 463 3253 537 major
3281 480 3461 526 tamen

1869 564 1952 611 est
2002 556 2208 622 oratio,
2252 565 2413 627 atque
2465 551 2801 610 incommoda
2849 566 3070 627 superat
3121 557 3461 623 auditorum,

1868 656 2164 718 testemque
2204 647 2412 718 mitigat
2453 659 2576 702 rore
2622 646 2883 703 doctrina:
2914 665 2928 702 :
2957 657 3013 704 et
3051 649 3265 720 quando
3293 663 3464 708 semet

1867 751 1961 794 aut
2004 741 2200 796 iterum
2242 739 2298 795 in
2343 739 2676 795 hebdomada
2716 749 3128 811 congregamnr,
3160 740 3461 798 auditorem

1869 831 2225 902 negligentem
2250 844 2373 886 esse
2400 845 2507 886 non
2532 840 2764 900 oportet.
2814 829 2871 887 Si
2907 830 3050 887 enim
3091 846 3157 887 ex
3197 829 3302 887 hoc
3345 833 3462 886 loco

1867 923 2190 990 excesseris,
2215 939 2279 980 ac
2296 923 2491 980 dixerit
2517 924 2776 993 quispiam
2800 941 2814 979 :
2835 923 2949 990 Qua
2971 922 3039 980 de
3063 929 3122 980 re
3143 924 3336 980 doctor
3351 924 3472 980 dis-

1868 1015 2076 1072 seruit?
2097 1015 2369 1087 subjicies,
2400 1004 2670 1072 Adversus
2709 1015 3026 1072 haereticos:
3057 1015 3106 1071 si
3129 1015 3323 1072 dixerit
3345 1015 3462 1083 tibi,

1868 1108 1983 1177 Qua
2011 1109 2080 1165 de
2107 1123 2168 1164 re
2185 1109 2333 1180 egit?
2357 1124 2532 1179 neque
2554 1109 2719 1164 menti
2745 1110 3036 1165 occurrerit
3055 1151 3072 1177 ,
3089 1104 3335 1164 .maxima
3361 1113 3466 1164 erit

1871 1201 2198 1272 ignominia;
2237 1201 2320 1257 sin
2346 1195 2522 1257 autem
2553 1199 2776 1268 dixeris,
2809 1201 2980 1271 ipsum
3011 1200 3201 1271 pungis
3235 1219 3254 1255 ι
3275 1212 3329 1258 et
3350 1199 3466 1255 sive
3518 1186 3520 1189 ’

1869 1293 1942 1348 sit
1971 1284 2272 1357 haereticus,
2299 1292 2473 1363 ipsum
2503 1292 2760 1366 corrigis,
2793 1291 2905 1347 sive
2935 1291 3210 1364 negligens
3236 1292 3306 1346 sit
3330 1293 3466 1346 ami-

1869 1398 1987 1452 cus,
2017 1384 2189 1455 ipsum
2215 1384 2424 1455 pellicis
2447 1425 2462 1450 ,
2491 1384 2603 1440 sive
2631 1382 2792 1440 etiam
2821 1383 3015 1438 mulier
3038 1369 3232 1440 lasciva
3250 1423 3265 1450 ,
3293 1381 3466 1439 efﬁcis

1873 1477 2374 1547 temperantiorem;
2418 1493 2540 1532 nam
2585 1485 2639 1532 et
2684 1476 2892 1532 mulieri
2937 1475 3164 1532 reddere
3201 1477 3466 1532 rationem

1870 1566 2034 1623 debes
2065 1566 2347 1622 :Hulicres
2388 1567 2544 1634 enim,
2576 1567 2765 1636 inquit,
2802 1566 2858 1621 in
2903 1567 3114 1622 emissio
3151 1576 3347 1620 taceam
3379 1587 3394 1619 ε
3421 1563 3469 1620 si

1869 1659 1994 1731 quid
2032 1669 2200 1714 autem
2235 1661 2408 1714 uolunt
2431 1659 2644 1726 discere,
2665 1659 2806 1713 domi
2839 1659 2971 1712 uiros
3009 1673 3126 1713 suos
3159 1657 3469 1729 interrogent

1875 1749 1952 1824 (Ι.
1981 1748 2104 1807 Cor.
2132 1750 2218 1805 14.
2239 1750 2344 1805 34.
2385 1750 2498 1818 55).
2547 1749 2605 1805 Si
2643 1749 2862 1804 domum
2895 1749 3168 1818 ingressus
3195 1746 3380 1812 fueris,
3412 1756 3468 1802 et

1870 1857 1938 1898 ex
1957 1878 1964 1886 -μ
1985 1851 2036 1898 te
2077 1842 2270 1896 mulier
2295 1842 2612 1905 scisciletur,
2644 1840 2783 1910 Quid
2811 1840 2940 1895 mihi
2969 1841 3038 1898 ab
3060 1839 3290 1896 ecclesia
3319 1848 3467 1894 retu-

1871 1934 2015 1990 listi?
2055 1933 2322 2005 responde
2363 1934 2459 2002 illi,
2491 1933 2605 1989 Non
2631 1947 2842 1997 carnes,
2876 1946 2978 1988 ncc
3001 1932 3206 1996 vinum,
3232 1941 3334 1987 nec
3364 1944 3464 1986 au-

1871 2041 2012 2095 rum,
2034 2041 2135 2082 nec
2159 2025 2435 2088 mundum,
2472 2041 2578 2096 quo
2623 2038 2821 2096 corpus
2867 2031 3124 2089 ornetur;
3165 2032 3219 2078 σει
3255 2036 3470 2079 sermo-

1872 2133 2017 2184 nem,
2041 2133 2149 2190 quo
2174 2114 2469 2187 sapientior
2493 2131 2646 2172 mens
2674 2114 2948 2172 reddatur.
2980 2115 3112 2175 Cum
3143 2130 3198 2169 in
3220 2127 3470 2184 congres-

1870 2227 1989 2267 sum
2011 2212 2250 2279 mulieris
2267 2215 2498 2273 vener'.-.
2518 2224 2757 2265 mensam
2774 2208 2849 2264 illi
2865 2207 3193 2279 spiritualem
3211 2221 3422 2278 appone
3447 2223 3464 2261 :

1870 2307 1958 2363 dic
1985 2309 2214 2378 primum
2241 2304 2368 2361 dum
2394 2304 2568 2359 adhuc
2592 2319 2780 2359 recens
2806 2313 2890 2358 est
2914 2299 3201 2368 memorie,
3221 2296 3471 2356 Perirua-

1872 2413 1992 2452 mur
2019 2394 2399 2466 spiritualibus,
2429 2411 2494 2451 ac
2517 2393 2712 2458 deinde
2738 2393 2978 2450 sensibili
3006 2407 3190 2449 mensa
3221 2390 3468 2462 perfrua-

1893 2487 2257 2544 nur:etenim
2304 2487 2350 2542 si
2397 2502 2484 2542 res
2529 2495 2739 2541 nostras
2785 2486 2856 2540 ita
2902 2485 3283 2557 disponamus,
3329 2482 3470 2540 Deus

1880 2579 2030 2634 etiam
2055 2578 2226 2634 aderit
2251 2580 2304 2634 in
2329 2579 2510 2634 medio
2536 2577 2726 2645 nostri,
2755 2591 2878 2633 cum
2911 2585 2968 2630 ut
2989 2589 3229 2640 mensam
3254 2572 3465 2630 benedi-

1871 2680 1978 2736 cat,
2002 2661 2114 2728 tum
2142 2677 2201 2725 ut
2223 2685 2323 2725 nos
2353 2677 2596 2726 coronet.
2620 2667 2729 2724 Nos
2747 2667 2963 2738 quidem
2989 2681 3089 2736 pro
3107 2664 3191 2721 his
3219 2664 3459 2720 omnibus

1871 2763 2073 2832 gratias
2098 2777 2316 2835 agamus
2345 2763 2444 2833 ipsi
2478 2754 2620 2818 Patri
2637 2776 2761 2817 cum
2788 2759 2926 2816 Filio
2949 2775 3015 2816 ac
3036 2757 3236 2830 Spiritu
3256 2747 3447 2812 sancto

1874 2871 2015 2911 nunc
2037 2864 2098 2913 et
2123 2870 2356 2924 semper,
2386 2866 2439 2912 et
2467 2856 2520 2912 in
2549 2855 2745 2911 smcula
2774 2853 3113 2910 mulierum.
3143 2851 3350 2912 Amen;

1714 3183 2396 3195 -—--——-—~
2782 3175 3453 3204 εει-ΞΕ

951 3451 954 3453 ’
1060 3431 1163 3495 AD
1203 3432 1583 3505 HOMILIAM
1631 3425 1710 3493 IN
1763 3426 2095 3493 SANCTOS
2145 3427 2619 3494 MARTYRES."

175 3700 359 3773 ἁγίων
406 3700 651 3757 πάντων
689 3696 948 3756 Fortasse
988 3701 1127 3755 utin
1173 3694 1369 3767 Latina
1419 3691 1667 3755 Ecclesia
1712 3697 1952 3768 primum
1999 3696 2276 3754 celebrata
2319 3707 2405 3754 est
2447 3699 2696 3755 omnium
2730 3686 3034 3773 martyrum
3076 3701 3342 3762 festivitas
3395 3721 3466 3762 ex

179 3819 516 3893 pmscripto
542 3817 810 3873 Bouiiacii
833 3815 924 3882 IV,
961 3831 1025 3871 ac
1045 3813 1242 3872 deinde
1275 3813 1602 3870 Sanctorum
1625 3814 1872 3873 omnium
1899 3810 2148 3884 Gregorii
2180 3807 2250 3866 Π
2285 3824 2527 3882 tempore
2560 3832 2574 3866 :
2615 3813 2695 3869 sic
2713 3823 2770 3869 et
2803 3814 2857 3868 in
2886 3814 3073 3872 Graeca
3111 3806 3302 3888 paucis
3337 3831 3463 3891 post
3568 3869 3570 3871 .

178 3934 552 3990 Pentecosten
588 3931 785 3986 diebus
825 3930 958 3984 olim
992 3930 1294 3999 martyrum
1340 3925 1590 4004 omnium
1630 3924 1909 3980 memoria:
1935 3923 2246 3980 dedicatum
2273 3935 2392 3993 erat
2456 3923 2678 3989 festum,
2708 3925 2855 3994 quod
2882 3925 3078 3983 deinde
3139 3928 3464 3987 Sanctorum

173 4045 443 4101 omnium
492 4044 840 4100 solemnitate
888 4049 1272 4119 consecratum
1304 4048 1410 4096 est.
1436 4019 1721 4117 uterum
1751 4037 1900 4092 hunc
1931 4035 2326 4109 Chrysostomo
2362 4027 2611 4093 tribuunt
2631 4053 2938 4093 sermonem
2984 4038 3177 4109 praeter
3209 4041 3466 4098 Codiccui

181 4164 383 4237 Regia:
407 4163 696 4229 BibliOth.,
743 4161 998 4219 lledicce
1040 4161 1502 4232 manuscriptum,
1546 4158 1842 4237 Catalogus
1869 4160 2232 4242 genuinarum
2272 4160 2514 4214 auctoris
2543 4159 2666 4229 ejus
2705 4160 3043 4245 orationum,
3073 4162 3166 4230 qui
3200 4160 3254 4215 in
3282 4161 3471 4232 Augu-

120 4274 126 4276 '
181 4292 360 4339 etans
391 4291 668 4349 servatur,
700 4291 754 4337 et
783 4283 924 4338 alius
948 4296 1015 4335 ex
1041 4280 1190 4336 Italia
1227 4282 1432 4355 missus
1464 4281 1534 4334 ad
1557 4296 1658 4335 nos
1697 4279 1799 4334 indi

1897 4279 1997 4350 ἑῆς
2027 4278 2213 4350 βίϐλου
2235 4279 2344 4332 τῶν
2390 4278 2766 4350 μαργαριτῶν,
2797 4278 2903 4333 hoc
2935 4279 3094 4334 titulo
3133 4275 3473 4353 ιῈγιὶὼμιον

181 4404 274 4466 εις
301 4401 440 4464 τοὺς
461 4399 652 4470 ἁγίους
675 4400 909 4464 πάντας.
949 4420 969 4453 ι

265 4514 660 4584 interpretatio
693 4511 888 4566 Latina
918 4521 1004 4565 est
1035 4510 1284 4580 ejusdem
1319 4501 1619 4564 Frontonis
1644 4507 1845 4563 Ducari.

177 4696 274 4714 —

1513 4753 2121 4842 LAUDATIO

579 4930 668 4976 SS.
713 4929 972 5003 ΟΙΝῌᾘΙ
1016 4929 1127 4984 QUI
1171 4924 1561 4976 NAR‘I'YBIUII
1601 4931 1768 4976 TOTO

1873 4933 2166 4982 sanatum
2207 4937 2376 4984 omne
2404 4936 2567 4982 sum
2611 4937 2782 4982 mssr
2827 4925 2929 4999 (α).

1596 5057 2097 5139 mem

251 5205 309 5261 1.
349 5198 602 5272 Martyres
626 5215 742 5254 cum
767 5212 960 5282 angens
979 5207 1153 5254 cotton
1169 5237 1186 5262 ,
1215 5192 1348 5251 bona
1373 5213 1439 5253 ex
1461 5193 1574 5271 ipsa
1597 5209 1789 5253 morio-

1893 5220 2088 5280 quutus
2116 5218 2220 5274 est,
2243 5209 2325 5265 vel
2363 5219 2660 5281 martyrum
2705 5219 2881 5266 castra
2920 5211 3097 5280 potius
3134 5205 3191 5267 et
3227 5214 3505 5269 exercitus

168 5298 330 5352 litate
354 5292 601 5348 derivata.
624 5320 697 5332 —-
724 5289 968 5346 Nondum
999 5299 1203 5360 septem
1228 5289 1438 5345 dierum
1464 5290 1677 5361 διθρςυε
1704 5301 1791 5348 εκ
1895 5301 2066 5357 nihilo
2108 5301 2287 5355 minor
2325 5301 2427 5357 illis
2467 5301 2776 5371 angelorum
2796 5302 3014 5370 castris,
3041 5317 3161 5374 qua:
3190 5303 3497 5374 patriarcha

170 5402 474 5452 numerus.
505 5400 572 5442 ex
617 5399 726 5457 quo
769 5400 977 5442 sacram
1023 5385 1368 5445 Pentecostcs
1396 5384 1791 5441 solemnitatem
1899 5390 2065 5449 Jacob
2091 5392 2223 5447 vidit
2247 5390 2401 5462 (Gen.
2429 5390 2519 5449 τοὶ.
2544 5391 2625 5465 2),
2652 5392 2747 5447 sed
2774 5392 3001 5449 aemulus
3029 5394 3134 5450 illis
3162 5402 3218 5450 et
3243 5394 3490 5464 aequalis.

169 5479 615 5547 celebravimus,
649 5485 707 5535 et
733 5491 833 5534 nos
866 5491 1054 5533 rursus
1094 5484 1387 5548 martyrum
1414 5476 1612 5533 chorus
1637 5492 1793 5534 asse-

241 5591 334 5656 (1)
366 5589 548 5642 uallata
559 5601 671 5642 altu
684 5587 936 5655 codicibus
951 5589 1114 5655 Regiis
1127 5589 1283 5641 tribus
1298 5596 1349 5642 et
1368 5601 1466 5643 uno
1485 5587 1790 5643 Coisliniano.

1904 5484 2164 5558 Martyres
2181 5483 2324 5540 enim
2345 5493 2400 5540 et
2419 5484 2595 5556 angeli
2616 5484 2830 5540 nomine
2855 5492 3060 5539 tantum
3087 5482 3319 5540 distincti
3347 5494 3495 5554 sunt,

1899 5579 2055 5638 factis
2073 5587 2251 5635 autem
2277 5576 2569 5650 junguntur
2591 5596 2605 5632 :
2629 5577 2820 5636 cadum
2840 5575 3078 5631 incolunt
3099 5575 3294 5648 angeli,
3313 5576 3492 5632 itidem
