4206 6302
723 382 827 440 737

726 507 777 548 et
813 502 1069 561 martyres
1100 507 1108 539 :
1144 485 1426 541 senectutis
1453 493 1697 551 expertes
1725 490 1772 533 et
1808 475 2129 531 immortales
2170 478 2290 561 sunt

728 585 837 650 illi,
871 560 969 637 hoc
995 591 1048 635 et
1079 586 1337 648 martyres
1372 572 1701 629 oblinebant.
1731 568 1800 623 At
1828 568 2188 632 ineat-porcam
2222 560 2295 612 illi

727 682 966 726 naturam
1016 668 1188 723 sortiti
1234 664 1390 719 sunt?
1437 660 1571 729 Quid
1618 668 1727 712 tum
1772 655 1984 727 postea?
2012 653 2133 707 licet
2156 650 2299 704 enim

728 773 988 830 martyres
1013 773 1236 826 corpore
1261 752 1596 821 circumsepti
1627 751 1753 815 sint,
1780 744 2059 801 immortali
2084 751 2257 797 tamen
2285 758 2297 794 :

726 852 851 920 quin
882 851 1055 920 potius
1088 850 1244 901 etiam
1284 856 1406 900 ante
1437 845 1601 913 ipsam
1632 838 2078 896 itnmornlitatem
2105 832 2301 888 Christi

731 957 875 994 mors
908 955 1131 1009 corpora
1160 939 1324 990 multo
1353 936 1467 1005 plus
1488 977 1502 997 ,
1532 948 1687 1003 quam
1716 931 2082 986 immortalitas
2107 925 2305 980 conde-

730 1045 903 1087 corat.
936 1033 1045 1085 Νυιι
1074 1032 1142 1084 ita
1172 1030 1404 1083 siderum
1435 1038 1745 1080 exornatum
1771 1028 1935 1078 choro
1964 1020 2151 1075 cmlunt
2184 1018 2305 1071 illu-

728 1134 838 1178 stre
860 1132 962 1186 est,
980 1138 1044 1174 ae
1068 1119 1337 1190 splendida
1362 1119 1636 1172 vulnerum
1664 1115 1809 1169 sanie
1832 1115 1847 1145 ¹
1870 1124 2158 1181 martyrum
2185 1122 2304 1162 cor-

730 1232 855 1284 pora
912 1223 1189 1268 exat-nata.
1255 1210 1434 1279 Itaque
1481 1210 1600 1278 quia
1653 1207 1842 1259 mortui
1890 1212 2049 1266 sunt,
2106 1199 2304 1252 ideirco

735 1305 963 1358 maxime
1005 1310 1289 1371 superant,
1329 1312 1381 1355 et
1430 1311 1553 1353 ante
1600 1296 2044 1351 immormlitatem
2074 1306 2102 1343 a
2135 1299 2305 1342 morte

729 1395 967 1449 catenati
1005 1392 1219 1462 prmtnia
1251 1397 1604 1457 repertarum.
1650 1384 1879 1438 Minniin
1902 1399 2011 1435 cum
2038 1380 2188 1448 paulo
2212 1377 2307 1429 nti-

731 1503 826 1539 nus
868 1485 927 1538 ab
968 1484 1158 1553 angelis
1176 1499 1194 1547 ;
1241 1482 1401 1552 gloria
1432 1490 1477 1531 rt
1504 1478 1692 1530 honore
1715 1474 1963 1526 συνοικιειὶ
1992 1486 2105 1521 euut
2132 1466 2301 1537 (Psal.

733 1576 783 1629 8.
814 1575 892 1641 6),
912 1574 978 1628 de
1005 1571 1269 1639 communi
1295 1570 1562 1622 hominum
1591 1576 1773 1619 natura
1798 1564 1964 1631 inquit
1995 1558 2154 1613 David
2177 1576 2187 1608 :
2214 1554 2304 1609 sed

733 1677 787 1721 (ιι
839 1667 939 1720 hoc
979 1664 1186 1733 paulum
1227 1659 1454 1716 reddidit
1488 1657 1730 1712 Christus
1760 1670 1877 1709 cum
1906 1650 2309 1724 advenisset‘et

734 1766 959 1811 mortem
1002 1764 1171 1808 morte
1210 1751 1533 1805 damnasset.
1580 1746 1774 1801 Verum
1803 1744 1901 1797 hoc
1928 1757 2024 1812 ego
2056 1739 2175 1794 inde
2203 1753 2306 1790 non

733 1846 1025 1908 confirmo,
1064 1843 1156 1899 Sed
1187 1858 1249 1895 ex
1280 1856 1348 1896 eo
1377 1839 1515 1909 quod
1554 1835 1788 1891 defectus
1815 1833 1900 1888 hic
1928 1832 2112 1885 mortis
2142 1830 2192 1881 itt
2226 1827 2307 1879 lu—

733 1954 882 1991 rrum
924 1947 978 1991 et
1016 1934 1351 1989 commodmn
1380 1931 1539 1986 cevsit
1570 1947 1583 1983 :
1614 1929 1712 1982 nisi
1740 1928 1878 1982 enim
1907 1923 2154 1978 mortales
2184 1919 2312 1973 fuis-

735 2038 894 2095 sent,
942 2038 1200 2097 martyres
1245 2024 1366 2078 facti
1411 2039 1513 2077 non
1557 2030 1735 2075 essent
1769 2038 1780 2072 :
1813 2020 1986 2086 itaque
2030 2014 2129 2068 nisi
2170 2026 2312 2065 mors

736 2119 944 2185 fuisset,
975 2134 1039 2172 ne
1055 2130 1265 2170 corona:
1290 2114 1499 2184 quidem
1531 2112 1892 2163 exstitissent:
1925 2108 1967 2160 si
1996 2121 2099 2157 ttntt
2130 2103 2314 2158 fuisset

740 2211 1005 2271 interitus,
1031 2206 1339 2275 martyrium
1362 2220 1466 2257 Itntt
1494 2203 1677 2256 fuisset
1703 2217 1715 2253 :
1740 2200 1781 2253 si
1806 2212 1950 2250 mors
1973 2210 2075 2249 non
2106 2193 2309 2255 fuisset,

738 2317 844 2356 non
876 2299 1131 2370 potuisset
1170 2297 1348 2352 dicere
1387 2295 1612 2354 Paulus,
1648 2290 1878 2355 Quotidie
1906 2288 2090 2339 morior
2116 2300 2202 2353 per
2230 2300 2311 2335 t'c-

738 2400 893 2445 stram
929 2389 1175 2460 gloriam,
1210 2402 1357 2455 quant
1394 2383 1547 2435 habeo
1591 2382 1640 2432 in
1688 2380 1883 2433 Chrile
1920 2376 2043 2429 Jesu
2084 2376 2157 2442 (I.
2189 2371 2309 2425 Cor.

744 2481 833 2535 15.
863 2479 952 2547 3|)
985 2499 997 2532 :
1024 2478 1121 2531 nisi
1149 2490 1292 2529 mors
1312 2485 1370 2527 'et
1393 2473 1635 2526 interitus
1664 2469 1899 2531 fuissent,
1925 2481 2028 2519 non
2060 2463 2315 2533 potuisset

742 2571 880 2627 idem
908 2570 1084 2624 dicere
1106 2608 1121 2629 .
1164 2567 1369 2621 Gaudeo
1397 2565 1448 2617 in
1476 2562 1789 2631 passionibns
1826 2559 1945 2611 meis
1976 2572 2066 2627 pro
2090 2554 2245 2619 vobis,
2270 2563 2315 2605 ct

742 2662 995 2728 adimpleo
1022 2676 1078 2713 ea
1098 2674 1210 2729 qua:
1228 2656 1407 2711 desunt
1430 2654 1721 2725 passionum
1751 2650 1934 2705 Christi
1962 2650 2012 2701 in
2032 2664 2182 2701 carne
2208 2662 2317 2699 mea

747 2754 881 2819 (Col.
907 2755 955 2808 Ι.
986 2752 1100 2821 24).
1146 2750 1222 2804 Ne
1263 2748 1537 2802 doleamus
1564 2759 1689 2813 ergo
1710 2784 1723 2806 ,
1753 2742 1889 2811 quod
1921 2739 2169 2807 mortales
2201 2738 2319 2792 facti

746 2847 935 2909 simus,
966 2843 1059 2898 scd
1100 2840 1295 2911 gratias
1336 2851 1587 2907 agamus,
1626 2834 1762 2904 quml
1812 2831 2047 2902 martyrii
2092 2830 2319 2882 stadiunt

702 2970 703 2973 η
746 2937 898 2990 ttuhis
928 2935 995 2988 sit
1030 2948 1058 2986 a
1091 2938 1261 2985 morte
1301 2938 1613 2987 reseratum,
1650 2935 1698 2978 et
1729 2922 1794 2975 ab
1826 2921 2039 2974 interitu
2060 2918 2317 2987 praunio-

744 3041 864 3081 runt
896 3024 1167 3078 materiam
1195 3033 1555 3087 accepcrunus
1576 3033 1590 3079 ;
1615 3014 1753 3067 unde
1779 3024 1832 3066 ct
1860 3010 2206 3065 certaminum
2233 3021 2326 3061 oc-

745 3118 1015 3171 casionem
1045 3113 1181 3166 nacti
1209 3126 1410 3163 sumus.
1443 3108 1600 3161 Vides
1625 3104 1933 3175 sapientiam
1964 3101 2075 3166 Dei,
2102 3114 2206 3170 quo
2231 3113 2325 3167 pa-

746 3218 836 3263 cto
879 3206 1163 3260 maximum
1211 3200 1336 3254 illud
1385 3198 1641 3253 maiorum
1670 3204 1933 3265 eaputque
1960 3200 2153 3246 nostra:
2181 3190 2324 3243 cala-

752 3299 971 3359 mitatis,
1004 3294 1145 3366 quod
1177 3292 1381 3347 invexit
1405 3288 1668 3351 diabolus,
1694 3296 1919 3340 mortem
1952 3284 2185 3352 inquam,
2208 3295 2324 3335 eam

752 3392 804 3442 in
854 3389 1109 3458 honorem
1157 3384 1479 3454 gloriamque
1525 3388 1757 3434 nostram
1800 3376 2090 3439 convertit,
2134 3389 2196 3428 ac
2232 3387 2329 3443 per

754 3482 889 3535 hanc
920 3481 1087 3549 ipsam
1111 3476 1336 3531 athletas
1361 3473 1424 3527 ad
1456 3471 1689 3542 martyrii
1712 3469 1890 3523 brari-.1
1917 3465 2167 3521 deduxit?
2191 3463 2327 3531 Quid

758 3572 925 3641 ergo?
952 3570 1215 3625 idcircone
1244 3565 1455 3620 diabolo
1477 3564 1662 3616 mortis
1685 3575 1840 3615 causa
1863 3558 2057 3629 gratias
2076 3554 2329 3625 agemus?

758 3665 908 3718 Absit
931 3681 945 3716 :
969 3676 1071 3714 non
1098 3659 1240 3713 enim
1261 3657 1328 3711 ab
1354 3655 1472 3725 ejus
1498 3662 1673 3708 mente
1700 3659 1845 3706 recte
1875 3649 2065 3703 factum
2093 3647 2214 3709 hoc,
2238 3645 2329 3699 sed

761 3754 850 3807 Dei
882 3748 1153 3819 sapietttize
1184 3756 1264 3802 est
1289 3745 1505 3799 donum.
1539 3742 1627 3797 Ille
1652 3741 1863 3811 quidem
1890 3737 2106 3800 invexit,
2126 3744 2178 3789 ιιι
2208 3750 2331 3803 per-

758 3845 942 3905 deret,
984 3850 1038 3895 ct
1084 3838 1149 3891 ad
1188 3848 1387 3891 terram
1430 3833 1660 3889 reductis
1702 3844 1847 3899 spem
1896 3828 2078 3879 salutis
2121 3839 2333 3879 omnem

762 3931 1138 4004 pratscinderet
1157 3946 1169 3980 :
1188 3926 1431 3982 Christus
1450 3933 1623 3988 autem
1649 3920 1699 3974 id
1718 3921 1985 3988 arreptum
2018 3915 2335 3978 ittttttttL‘t\'il,

761 4034 815 4076 et
855 4024 904 4075 in
931 4021 1120 4074 caelum
1153 4030 1250 4070 nos
1283 4029 1464 4068 rursus
1490 4028 1583 4082 per
1614 4012 1781 4080 ipsum
1814 4008 2121 4063 introduxit.
2172 4006 2339 4060 Nemo

766 4115 923 4183 igitttr
950 4126 1045 4164 nos
1074 4109 1308 4168 damnet,
1338 4104 1475 4173 quod
1502 4102 1723 4156 chorum
1750 4111 1802 4153 et
1825 4098 2114 4154 exercitum
2144 4105 2343 4168 marty-

764 4223 881 4262 rum
913 4214 1106 4260 curtum
1133 4198 1461 4270 appellarim,
1491 4198 1685 4265 tmiqne
1712 4193 1788 4247 rei
1815 4191 2079 4246 etmtmria
2106 4189 2212 4244 duo
2243 4206 2341 4242 no-

767 4301 907 4354 miua
958 4293 1227 4350 tribuerim
1259 4307 1272 4344 :
1301 4288 1492 4342 chorus
1520 4287 1659 4340 enim
1700 4292 1754 4339 ct
1788 4282 2055 4338 exercitus
2079 4280 2341 4336 contraria

769 4400 911 4454 sunt,
932 4400 1115 4442 verum
1144 4383 1228 4437 hic
1253 4390 1533 4449 utrumque
1559 4376 1785 4431 maluit:
1813 4373 2004 4429 ctcniut
2035 4372 2184 4442 quasi
2214 4370 2345 4424 cho—

770 4499 890 4539 reas
914 4481 1199 4544 ducerent,
1243 4474 1308 4529 ad
1354 4481 1615 4526 tormenta
1650 4483 1771 4523 cmn
1801 4468 2069 4535 voluptate
2096 4478 2346 4534 perrexe-

773 4584 917 4638 runt,
945 4582 997 4626 et
1027 4579 1293 4637 tamquam
1325 4564 1606 4619 bellatores
1645 4575 1857 4615 onmem
1898 4555 2260 4612 fortitudinem
2287 4569 2349 4608 ac

776 4664 1107 4718 tolerantiam
1147 4672 1255 4727 pra:
1284 4669 1344 4710 se
1374 4653 1635 4716 tulerunt,
1666 4649 1952 4718 hostesque
1984 4648 2241 4701 vicerunt.
2274 4645 2351 4698 Ac

776 4757 820 4811 si
863 4769 1047 4810 eorum
1088 4748 1299 4820 quidem
1327 4787 1342 4811 ,
1382 4760 1499 4813 qua:
1533 4751 1808 4813 geruntur,
1839 4749 2046 4809 spectes
2072 4748 2350 4801 naturam,

779 4862 950 4917 pugna
977 4853 1030 4898 et
1060 4840 1256 4895 bellum
1280 4846 1334 4892 et
1353 4836 1497 4890 acies
1524 4844 1666 4898 sunt,
1693 4846 1813 4902 qua:
1838 4839 2091 4900 geruntur
2117 4832 2230 4885 :sin
2260 4845 2353 4883 au-

781 4952 886 4993 tem
927 4946 1111 4989 eorum
1142 4938 1372 4983 utentem
1419 4924 1761 4990 consideres,
1796 4936 1914 4991 quzc
1940 4919 2073 4975 fiunt
2094 4962 2108 4985 ,
2143 4919 2354 4975 chorcm

780 5037 921 5089 sunt,
948 5033 1001 5076 et
1024 5019 1286 5082 convivia,
1307 5006 1370 5072 ac
1400 5014 1728 5076 festivitates,
1751 5021 1805 5067 et
1831 5011 2072 5081 voluptas
2100 5010 2350 5073 maxima,

781 5133 897 5187 qua:
929 5112 1286 5183 perficiuntur.

852 5251 981 5305 Cum
1008 5242 1139 5299 bello
1175 5247 1432 5313 comparat
1478 5236 1759 5308 Martyrum
1803 5243 2079 5299 tormenta;
2120 5243 2357 5287 constan-

787 5339 908 5392 tiam
943 5336 1230 5404 Martyrum
1271 5330 1465 5402 egregie
1498 5328 1748 5382 describit.
1771 5324 2019 5379 ——\'isne
2059 5334 2109 5378 te
2139 5325 2357 5379 doceam

791 5428 903 5481 huic
930 5426 1071 5479 otnni
1103 5423 1241 5477 bello
1278 5436 1395 5475 esse
1437 5420 1772 5484 terribiliora,
1817 5428 2105 5487 martyrum
2148 5417 2357 5485 inquam

789 5533 875 5573 res
902 5515 1116 5588 gestas?
1153 5512 1289 5582 Quid
1324 5521 1406 5567 cst
1426 5513 1478 5565 in
1518 5509 1656 5566 bello
1677 5507 2046 5563 formidabile?
2082 5506 2361 5577 Utrimque

854 5691 872 5721 ι
897 5686 991 5771 χιιι,
1005 5686 1257 5751 splendido
1274 5685 1517 5737 vulnerum
1537 5667 1701 5747 choro,
1717 5699 1827 5750 qua:
1853 5684 1996 5735 lectio
2016 5697 2111 5733 non
2133 5692 2208 5734 est
2232 5695 2365 5746 sper-

792 5762 970 5800 αειιω.

1434 371 1487 425 S.
1529 365 1801 426 JOXNNIS
1838 355 2311 422 Cili‘é‘t’SUS'lO‘all
2353 349 2668 409 ARCHlliP.
2708 342 3237 403 CONSTANTINOP.

3877 335 3987 389 705

2408 473 2545 521 stant
2564 464 2705 519 aries
2732 460 3091 525 connnunita‘,
3122 460 3354 530 undique
3380 458 3542 513 annis
3566 456 3851 527 fulgentes,
3883 468 3990 511 ter-

2406 572 2624 625 ramque
2673 554 2953 624 splendore
2996 552 3358 620 complentes;
3403 550 3637 621 undique
3684 551 3987 618 iaculorum

2406 652 2576 705 nubes
2597 650 2927 713 emittuntur,
2950 644 3187 718 quorum
3202 647 3541 703 multitudine
3558 662 3650 701 aer
3668 645 3991 706 occultatur;

2410 750 2674 797 torrentes
2700 743 2972 811 sanguinis
3013 741 3062 795 in
3097 752 3290 795 terram
3332 742 3643 804 volvuntur;
3672 738 3856 793 multa:
3895 752 3995 791 un-

2406 836 2567 905 dique
2586 845 2791 904 strages
2818 844 2873 887 ut
2892 843 3131 903 segetum
3160 834 3215 887 in
3240 847 3435 899 messe,
3463 834 3534 888 ita
3560 834 3811 898 militum,
3841 834 3935 903 qui
3967 846 3996 886 tt

2406 942 2466 982 se
2488 926 2711 980 invicem
2746 934 3173 993 prosternuntur.
3206 926 3319 995 Age
3340 939 3467 995 ergo
3488 925 3556 978 ab
3578 925 3790 979 illorum
3822 941 3999 995 pugna

2410 1028 2463 1071 te
2491 1017 2557 1071 ad
2585 1018 2721 1070 hanc
2749 1016 3103 1069 traducanms.
3141 1016 3238 1068 llic
3260 1015 3414 1068 binm
3440 1030 3652 1084 quoque
3678 1025 3805 1069 sunt
3830 1017 3998 1075 acies.

2413 1122 2513 1161 una
2546 1093 2758 1176 quidem
2810 1117 3121 1176 martyrum.
3153 1107 3318 1159 altera
3352 1119 3483 1159 vero
3510 1115 3859 1174 tyrannorum
3890 1126 3906 1161 :
3936 1122 4001 1162 ac

2409 1200 2617 1268 tyranni
2663 1197 2877 1266 quidem
2916 1197 3106 1250 armati
3146 1205 3288 1253 sunt.
3343 1207 3608 1266 martyres
3635 1204 3817 1251 autem
3854 1198 4001 1250 nudo

2409 1295 2643 1357 pugnant
2672 1302 2927 1356 corpore;
2956 1289 3049 1342 sed
3076 1303 3105 1341 a
3132 1288 3288 1341 nudis
3310 1297 3505 1350 tamen,
3533 1302 3639 1341 non
3666 1287 3735 1341 ab
3753 1288 3998 1346 armatis.

2413 1378 2630 1431 victoria
2661 1389 2980 1447 reportatur.
3008 1378 3142 1444 Quis
3164 1393 3267 1432 non
3299 1379 3660 1448 Obstupescat,
3694 1378 3911 1449 quando
3956 1380 4001 1431 is

2414 1471 2502 1539 qui
2536 1470 2696 1539 virgis
2724 1470 2964 1531 ca-ditur,
2990 1470 3283 1525 cit-dentem
3307 1470 3487 1533 vincit,
3531 1481 3583 1526 et
3609 1472 3821 1525 vinctus
3849 1473 3995 1525 solo.

2414 1571 2546 1625 tum,
2574 1573 2792 1615 exustus
2814 1570 3081 1626 urentem,
3110 1570 3165 1614 ct
3183 1562 3271 1629 qui
3302 1561 3524 1614 moritur
3554 1543 4003 1616 interficientem?

2416 1650 2572 1705 Vides
2603 1659 2660 1704 ut
2690 1650 2804 1705 ha'c
2828 1652 2931 1704 illis
2965 1652 3282 1706 terribiliora
3314 1652 3462 1705 sint?
3503 1652 3637 1706 Nam
3669 1654 3757 1706 illa
3782 1654 4003 1722 quidem

2417 1757 2736 1811 quamquam
2767 1741 3119 1795 formidabilia
3147 1752 3286 1805 sum,
3318 1751 3493 1796 tamen
3534 1758 3598 1796 ex
3620 1743 3815 1799 ordine
3842 1754 4003 1797 natu-

2417 1848 2489 1886 ra:
2518 1832 2650 1887 {inut
2677 1849 2692 1887 :
2718 1832 2831 1886 haec
2858 1841 3034 1885 autem
3058 1841 3378 1901 exsuperant
3409 1843 3647 1889 naturam
3670 1851 3893 1889 omnem
3923 1852 4005 1889 re-

2416 1939 2639 1993 rumque
2663 1938 2877 1977 omnem
2916 1924 3372 1992 censcqucntiam,
3421 1934 3478 1978 ut
3515 1924 3782 1996 intelligas
3808 1926 4005 1982 divina:

2417 2016 2597 2084 gratia:
2619 2022 2834 2084 accepta
2856 2013 3071 2069 ferenda
3101 2029 3238 2077 esse,
3272 2031 3389 2083 qtae
3418 2015 3500 2068 hic
3523 2002 3643 2069 eum
3673 2017 3835 2069 laude
3866 2033 4005 2086 pne-

2420 2116 2646 2161 stautur.
2695 2105 2928 2160 Tametsi
2954 2104 3079 2174 quid
3109 2104 3228 2169 hac,
3274 2118 3475 2173 qumso,
3516 2121 3691 2176 pugna
3731 2107 4008 2177 iniquius?

2416 2198 2541 2268 quid
2559 2195 2940 2251 certaminibus
2960 2196 3074 2253 istis
3118 2195 3401 2265 iniustius?
3424 2195 3556 2251 Nam
3587 2198 3638 2251 in
3676 2198 3839 2251 bellis
3864 2209 4007 2252 uter-

2417 2304 2523 2360 que
2551 2303 2763 2355 eorum,
2791 2289 2878 2358 qui
2911 2298 3166 2359 pugnant,
3197 2299 3467 2354 armatur;
3500 2288 3585 2343 hic
3620 2304 3751 2345 vero
3779 2306 3889 2345 non
3917 2292 4006 2351 ita.

2418 2382 2513 2435 scd
2544 2381 2630 2435 hic
2652 2381 2865 2450 quidem
2898 2382 3071 2436 nudus
3102 2390 3204 2447 est,
3230 2382 3317 2435 ille
3346 2397 3471 2436 vero
3499 2383 3663 2437 armis
3681 2391 3769 2438 est
3800 2392 4005 2439 tectus:

2422 2471 2473 2524 in
2522 2472 2903 2525 certaminibus
2936 2486 3119 2525 rursus
3160 2473 3396 2541 utrisque
3438 2473 3563 2529 licet
3604 2462 3800 2528 manus
3825 2485 4011 2529 contra

2426 2564 2667 2617 attollere
2691 2580 2705 2627 ;
2740 2563 2826 2617 hic
2850 2579 2977 2618 vero
3004 2564 3212 2619 vinctus
3250 2573 3331 2618 est
3368 2565 3485 2628 iste,
3510 2575 3565 2619 at
3594 2564 3685 2619 ille
3703 2576 4029 2635 cunrpote-,

2423 2662 2559 2709 state
2590 2655 2724 2708 ictus
2752 2653 2953 2724 infligit,
2988 2664 3035 2709 et
3082 2663 3348 2725 tamquam
3380 2671 3444 2710 ex
3476 2636 3757 2727 tyrannide
3783 2657 4013 2727 quadam

2429 2744 2530 2798 sibi
2560 2744 2771 2813 quidem
2799 2760 2889 2798 eas
2918 2754 3093 2814 partes
3134 2756 3467 2800 assumeutcs
3505 2746 3768 2815 prmsidcs
3796 2757 3855 2801 ut
3882 2749 4018 2803 male

2427 2834 2643 2901 faciant,
2668 2836 2827 2906 justis
2853 2837 3173 2907 martyribus
3194 2844 3251 2891 ιιι
3270 2837 3407 2891 male
3431 2838 3697 2906 patiantur
3718 2839 4013 2893 attribuen-

2428 2934 2530 2992 tes,
2555 2927 2625 2980 ita
2654 2927 3075 2996 congrediuntur
3118 2944 3236 2981 emn
3270 2930 3491 2994 sanctis,
3524 2938 3577 2983 ct
3604 2946 3673 2985 ne
3695 2931 3777 2985 sic
3802 2932 4021 3001 quidem

2430 3016 2574 3086 ipsos
2601 3028 2925 3087 expugnant,
2956 3018 3049 3072 sed
3080 3020 3148 3072 ah
3178 3020 3274 3073 ista
3303 3036 3476 3090 pugna
3511 3038 3617 3075 tam
3644 3023 3822 3092 iniqua
3856 3039 4021 3091 supe-

2428 3108 2527 3161 rati
2556 3108 2834 3163 disceduut
2869 3127 2882 3162 :
2913 3118 3071 3179 atque
3115 3110 3252 3165 idcut
3294 3112 3488 3165 accidit
3526 3127 3590 3166 ac
3619 3114 3664 3165 si
3696 3115 3820 3182 quis
3844 3116 4021 3168 virum

2430 3198 2736 3267 quempiam
2768 3198 3080 3254 bellatorem
3100 3201 3151 3255 in
3176 3201 3415 3272 praelium
3441 3202 3689 3271 deducat,
3717 3215 3774 3260 et
3799 3208 4024 3275 praecisa

2433 3288 2633 3342 lancea:
2652 3290 2920 3358 ’cnspide,
2950 3292 3113 3345 lorica
3142 3292 3446 3362 spoliatum,
3484 3295 3626 3348 nudo
3671 3302 4031 3366 corpore‘pu.

2432 3392 2595 3446 guare
2635 3378 2837 3447 iubeat,
2882 3381 2971 3435 ille
3000 3392 3176 3435 autem
3219 3383 3344 3437 licet
3396 3398 3684 3451 percussus
3733 3400 3799 3439 ac
3840 3386 4027 3450 Iasus,

2434 3470 2807 3539 sexecntisque
2845 3469 3129 3526 confossus
3172 3471 3501 3537 volneribus,
3544 3484 3804 3542 trOpa‘um
3849 3486 4028 3531 tamen

2436 3558 2624 3626 erigat.
2667 3559 2925 3631 Martyres
2964 3562 3106 3614 enim
3157 3561 3329 3615 nudos
3368 3578 3489 3617 cmn
3532 3564 3583 3617 in
3625 3564 3863 3619 medium
3909 3581 4032 3634 pro-

2440 3651 2744 3712 li‘ilXiSrClli,
2779 3667 2840 3704 ac
2869 3652 3118 3706 revinctis
3150 3661 3269 3720 post
3300 3662 3443 3722 terga
3475 3654 3716 3708 minibus
3742 3670 3839 3710 eos
3872 3655 4034 3709 unde»

2444 3754 2651 3808 quaque
2672 3742 3078 3810 percustissent,
3104 3742 3175 3795 ita
3198 3743 3543 3796 vincebantur
3567 3761 3579 3794 :
3611 3744 3682 3796 illi
3707 3755 3891 3798 autem
3915 3746 4033 3798 rul-

2444 3843 2571 3882 uera
2599 3846 2717 3881 cum
2748 3832 3109 3899 excepissent,
3140 3841 3394 3901 ιτοειωιιιιι
3416 3843 3598 3885 co.:tra
3626 3834 3901 3888 diabolum
3922 3836 4033 3890 cri-

2443 3919 2657 3988 gebant.
2693 3920 2753 3973 Et
2783 3921 3229 3987 quemadmodum
3260 3936 3543 3990 percussus
3570 3922 3795 3978 adamas
3816 3927 4035 3980 minute

2446 4009 2585 4064 cedit
2622 4026 2793 4080 neque
2834 4012 3123 4077 emollitnr,
3170 4013 3276 4066 imo
3325 4014 3523 4067 ferrum
3551 4030 3580 4067 a
3609 4030 3716 4084 quo
3736 4019 4038 4086 percutitur

2447 4103 2732 4171 confringit
2770 4122 2784 4157 :
2831 4104 2899 4156 ita
2931 4104 3179 4157 nimirum
3226 4112 3284 4159 et
3326 4115 3632 4160 sanctorum
3664 4108 3883 4173 anima),
3912 4123 4037 4163 cunt

2454 4202 2560 4246 tam
2591 4194 2741 4248 multi
2772 4194 3038 4248 cruciatus
3067 4193 3471 4261 adhiberentur,
3507 4186 3634 4265 ipsie
3661 4197 3880 4266 quidem
3902 4199 4038 4253 nihil

2454 4299 2613 4361 grave
2655 4285 3015 4349 patiebantur,
3046 4300 3233 4339 eorum
3269 4300 3401 4339 vero
3426 4300 3454 4337 a
3481 4286 3672 4355 quibus
3697 4289 4043 4342 cmdebantur

2458 4373 2564 4428 vim
2599 4390 2661 4429 ac
2687 4377 2938 4430 virtutem
2968 4375 3333 4445 profligantes,
3362 4378 3588 4445 turpiter
3611 4387 3667 4431 et
3687 4378 4046 4447 ignominiose

2456 4465 2694 4522 devictos
2716 4475 2834 4535 post
2873 4468 3072 4521 multos
3104 4476 3158 4522 et
3187 4467 3550 4524 intolerandus
3576 4470 3711 4525 ictus
3730 4486 3761 4526 e
3786 4474 4048 4526 certami-

2461 4558 2617 4611 nibus
2641 4557 3000 4611 dimittebant.
3052 4557 3261 4612 Etenim
3291 4558 3399 4614 illis
3421 4560 3472 4615 itt
3501 4562 3729 4631 equulco
3751 4564 3951 4619 vinctis
3973 4567 4053 4619 la-

2458 4660 2570 4705 tcra
2599 4650 2887 4712 fodiebant,
2918 4649 3178 4718 profunde
3211 4650 3391 4705 sulcos
3433 4660 3657 4721 agentes
3688 4654 3728 4718 ι,
3758 4656 3915 4724 quasi
3951 4669 4053 4711 ter-

2460 4756 2570 4795 ram
2589 4748 2769 4795 aratro
2789 4741 3079 4805 sulcarant,
3110 4756 3217 4795 non
3242 4755 3466 4811 corpora
3494 4724 3831 4799 lacerarent:
3864 4747 4054 4804 videre

2462 4841 2574 4887 erat
2614 4836 2762 4886 sinus
2795 4841 3032 4900 apertos,
3074 4842 3311 4887 reserata
3348 4834 3535 4899 latera,
3566 4848 3781 4905 pectora
3824 4838 4055 4908 effossa,

2465 4937 2639 4991 neque
2660 4931 2837 4976 tamen
2854 4936 2921 4976 eo
2946 4923 3181 4976 cruciatu
3203 4920 3437 4979 furorem
3459 4939 3614 4979 suum
3642 4927 3932 4995 explebant
3954 4929 4061 4985 illa:

2464 5014 2721 5083 sanguine
2754 5023 2919 5082 pasta:
2969 5014 3191 5078 bellum;
3242 5014 3337 5069 sed
3384 5015 3685 5072 abstractos
3725 5018 3792 5071 ab
3818 5022 4062 5090 equuleo

2466 5105 2719 5174 subjectis
2765 5104 3086 5159 ctrbonibus
3129 5104 3182 5159 in
3220 5104 3362 5161 scala
3408 5104 3586 5163 ferrea
3636 5109 4060 5169 extendebant:

2470 5195 2899 5266 tumquevidcre
2934 5204 3053 5251 erat
3088 5200 3389 5265 Spectacula
3417 5198 3587 5254 multo
3610 5198 3875 5270 prioribus
3905 5219 4070 5261 acea-

2468 5287 2639 5351 biora,
2672 5284 2911 5355 duplices
2955 5295 3133 5355 guttas
3161 5301 3193 5343 e
3235 5287 3554 5359 corporibus
3594 5288 3922 5357 detinentes,
3972 5294 4069 5349 has

2469 5376 2682 5446 quidem
2712 5376 2965 5431 stillantis
2988 5376 3282 5447 sanguinis,
3330 5379 3451 5435 illas
3494 5389 3674 5437 autem
3716 5383 3973 5439 carnium
4004 5387 4068 5439 li-

2470 5465 2836 5536 quefactarum
2870 5484 2884 5520 :
2922 5468 3092 5522 sancti
3132 5482 3262 5524 vero
3297 5478 3567 5541 tamquam
3614 5472 3751 5527 inter
3784 5487 3955 5530 rosas
3991 5476 4069 5545 ja-

2472 5570 2658 5616 centes
2684 5561 2736 5615 in
2762 5561 2974 5631 prunis,
3012 5562 3083 5615 ita
3110 5575 3230 5615 cum
3277 5562 3553 5630 voluptate
3590 5580 3708 5636 quae
3732 5565 4073 5636 gerebantur

2473 5652 2804 5723 spectabant.

2543 5765 2559 5795 ι
2595 5763 2757 5824 ssril.,
2781 5762 3043 5826 profmtdos
3067 5738 3256 5827 agentes
3279 5762 3328 5814 in
3350 5763 3440 5827 eis,
3458 5773 3508 5817 ut
3529 5766 3597 5819 ita
3622 5767 3795 5832 dicam.
3820 5769 4016 5825 utan.
