4206 6302
196 419 303 471 707

192 529 290 583 καί
344 526 603 582 ἀθάνατοί
653 528 789 579 εἰσιν
829 528 1047 587 ἐκεῖνοι,
1085 527 1244 579 τοῦτο
1281 528 1375 579 καὶ
1415 529 1461 580 οἱ
1507 527 1786 598 μάρτυρες

192 614 436 679 ἕξουσιν.
485 609 647 663 Ἀλλὰ
694 609 789 663 καὶ
826 609 1117 681 ἀσώματον
1147 610 1337 680 ἔλαχον
1368 612 1564 664 ἐκεῖνοι
1588 610 1788 679 φύσιν;

193 697 311 751 Καὶ
340 696 392 748 τί
420 693 613 757 τοῦτος
641 695 690 746 οί
716 692 823 765 γὰρ
860 693 1135 764 μάρτυρες
1159 696 1206 745 εἰ
1225 693 1496 764 καὶσῶμα
1516 693 1791 765 περίκειν-

193 798 305 838 ται.
341 778 457 832 ἀλλ’
492 778 787 831 ἀθάνατονο
823 778 1021 847 μᾶλλον
1053 777 1109 831 δὲ
1155 778 1247 830 καὶ
1288 778 1393 848 πρὸ
1440 779 1539 847 τῆς
1587 778 1789 831 ἀθανα-

197 864 323 925 σίας
370 862 399 925 6_
447 859 539 913 τοῦ
578 858 815 929 Χριστοῦ
852 860 1081 919 θάνατος
1130 860 1227 928 τῆς
1252 859 1552 923 ἀθανασίας
1591 859 1790 930 μᾶλλον

197 944 539 1008 καλλωπίζει
566 944 634 997 τὰ
667 942 895 1014 σώματα
913 955 960 996 ι.
990 943 1102 1012 υύχ
1138 941 1310 1005 οὕτως
1344 943 1460 995 ἐστὶ
1486 941 1736 1012 λαμπρὸς
1762 943 1791 993 ό

191 1028 428 1099 οὐρανὸς
459 1026 538 1098 τῷ
571 1025 716 1098 χορῷ
759 1026 869 1079 τῶν
923 1025 1137 1096 ἄστρων
1181 1024 1574 1096 κοσμούμενος,
1617 1026 1692 1088 ώς
1722 1025 1791 1077 τά

194 1109 433 1180 σώματα
457 1109 566 1163 τῶν
610 1108 904 1179 μαρτύρων
932 1106 1171 1178 λαμπρῷ
1203 1106 1281 1177 τῷ
1313 1106 1459 1179 χορῷ
1490 1106 1599 1161 τῶν
1628 1124 1791 1179 τραυ-

195 1194 391 1263 μάτων
420 1192 789 1262 κοσμούμενα.
809 1191 969 1242 Ὠστε
991 1190 1178 1261 ἐπειδὴ
1204 1190 1495 1254 ἀπέθανον,
1522 1189 1609 1245 διὰ
1630 1189 1788 1243 τοῦτο

196 1276 438 1347 μάλιστα
468 1272 865 1338 πλεονεκτοῦσι,
894 1273 987 1326 καὶ
1016 1274 1118 1344 πρὸ
1143 1274 1240 1344 τῆς
1264 1273 1566 1337 ἀθανασίας
1596 1272 1788 1327 ἔλαϐον

200 1361 263 1414 τὰ
289 1360 547 1431 βραϐεῖα,
571 1358 680 1411 ἀπὸ
703 1357 799 1411 τοῦ
823 1357 1054 1411 Θανάτου
1089 1357 1542 1426 στεφανωθέντες.
1578 1358 1788 1411 ’Πλάτ-

194 1460 399 1507 τωσας
426 1440 616 1497 αὐτόν
654 1441 858 1511 βραχύ
891 1457 945 1493 τι
977 1442 1113 1509 παρ’
1136 1440 1451 1511 ἀγγέλους,
1501 1440 1650 1509 δόξῃ
1690 1442 1791 1495 καί

190 1524 338 1594 τιμῇ
365 1523 796 1592 ἐστεφάνωσας
827 1523 1034 1586 αὑτὸν,
1065 1525 1193 1595 περὶ
1224 1523 1324 1594 τῆς
1362 1524 1549 1595 κοινῆς
1575 1524 1790 1593 φύσεως

189 1609 306 1662 τῶν
355 1606 679 1679 ἀνθρώπων,
719 1607 886 1678 φησὶν
920 1609 948 1659 6
986 1607 1176 1660 Δαυῖδ·
1209 1606 1344 1667 ἀλλά
1386 1607 1481 1661 καὶ
1528 1608 1587 1661 16
1613 1608 1787 1679 βραχὺ

188 1692 356 1745 τοῦτο
396 1692 842 1763 παραγενόμενος
886 1691 915 1741 6
961 1692 1196 1761 Χριστὸς
1248 1690 1520 1751 ἀπέδωκε,
1574 1691 1789 1763 θανάτῳ

190 1776 429 1829 θάνατον
458 1772 853 1835 καταδικάσας.
899 1771 1043 1839 Ἐγὼ
1066 1771 1121 1825 δέ
1165 1772 1266 1824 ούκ
1298 1772 1548 1826 ἐντεῦθεν
1583 1774 1787 1844 διισχυ-

193 1858 443 1929 ρίζομαι,
472 1857 588 1910 ἀλλ’
612 1858 694 1910 ὅτι
716 1854 812 1909 καὶ
834 1855 893 1907 τὺ
925 1854 1215 1925 ἐλάττωμα
1246 1853 1405 1907 τοῦτο
1432 1855 1523 1909 τοῦ
1554 1855 1786 1910 θανάτου

193 1942 582 2013 πλεονέκτημα
614 1941 868 2009 γέγονεν’
899 1940 948 1991 εί
978 1938 1089 2009 γάρ
1112 1939 1186 2008 μὴ
1219 1933 1329 1991 εἷεν
1363 1937 1568 2008 θνητοὶ,
1596 1940 1697 1992 οὐκ
1722 1939 1788 1993 ἂν

188 2027 448 2094 ἐγένοντο
496 2021 853 2094 μάρτυρεςδο
889 2020 1030 2073 ὥστε
1069 2022 1117 2073 εἰ
1155 2021 1230 2090 μὴ
1273 2020 1501 2085 Θάνατος
1540 2016 1630 2093 ἦν,
1666 2022 1787 2075 οὐδὲ

192 2110 465 2177 στέφανος
489 2101 556 2176 ἡν
573 2119 588 2135 ο
625 2106 673 2157 εἰ
700 2104 775 2174 μὴ
798 2101 1022 2173 τελευτὴ
1050 2098 1137 2173 ἦν,
1163 2104 1264 2155 οὐκ
1288 2098 1355 2173 ἦν
1379 2101 1675 2174 μαρτύριον
1693 2120 1708 2134 ο
1739 2106 1787 2156 εἰ

195 2193 276 2265 μὴ
326 2192 556 2253 θάνατος
595 2183 684 2259 ἦν,
731 2188 831 2240 οὐκ
867 2185 1099 2257 ἡδύνατο
1144 2185 1354 2247 Παῦλος
1405 2185 1605 2254 λέγειν,
1646 2187 1787 2241 Καθ’

186 2276 426 2346 ἡμέραν
444 2271 831 2339 ἀποθνήσκω.
866 2267 945 2337 νὴ
974 2267 1102 2355 ξῂκ
1136 2267 1431 2355 ὑμετέραν
1463 2269 1785 2355 καύχησιν⁹

188 2358 275 2425 ἢν
306 2359 425 2425 ἔχω
451 2356 520 2409 ὲν
545 2352 776 2422 Χριστῷ
809 2349 1031 2419 ’1ησοῦ·’
1056 2352 1104 2403 εἰ
1138 2351 1210 2420 μὴ
1241 2349 1466 2412 θάνατος
1493 2351 1587 2404 καὶ
1614 2351 1788 2423 φθορά

184 2438 280 2511 ἦν,
312 2440 414 2492 οὐκ
446 2436 678 2507 ἡδύνατο
712 2434 889 2502 λέγειν
912 2436 941 2487 6
970 2434 1152 2497 αὐτός·
1176 2433 1367 2501 Χαίρω
1414 2434 1486 2487 ἐν
1532 2433 1654 2500 τοῖς
1678 2451 1789 2488 πα-

185 2523 423 2592 θήμασί
432 2538 550 2589 μου
579 2519 727 2585 ὑπὲρ
744 2517 930 2585 ὑμῶν,
950 2516 1047 2569 καί
1067 2516 1395 2585 ἀναπληρῶ
1412 2526 1435 2555 ο
1456 2516 1527 2571 τὰ
1545 2518 1789 2588 ὑστερή-

184 2622 351 2667 ματα
376 2601 494 2655 τῶν
522 2603 790 2667 θλίψεων
819 2597 928 2652 τοῦ
958 2599 1217 2667 Χριστοῦ
1244 2599 1315 2652 ἐν
1337 2597 1413 2667 τῇ
1436 2600 1619 2667 σαρκί
1642 2617 1783 2669 μου.

184 2676 361 2740 Ὠστε
393 2686 468 2755 μὴ
496 2684 775 2752 ἀλγῶμεν,
804 2682 885 2734 ὅτι
922 2680 1224 2749 ἐγενόμεθα
1254 2681 1458 2753 θνητοὶ,
1483 2682 1598 2735 ἀλλ’
1626 2682 1788 2753 εὐχα-

185 2769 493 2843 ριστῶμεν,
524 2766 726 2820 ὃτιάπὺ
749 2765 843 2818 τοῦ
877 2764 1107 2819 θανάτου
1130 2764 1380 2836 ἡνεῴχθη
1415 2766 1545 2836 ἡμῖν
1575 2766 1635 2818 τὸ
1659 2766 1787 2819 στάσ

182 2855 304 2907 διον
333 2849 428 2904 τοῦ
461 2849 757 2921 μαρτυρίου
778 2864 791 2877 ·
814 2848 922 2900 ἀπὸ
936 2849 1035 2918 τῆς
1062 2847 1268 2917 φθορᾶς
1297 2847 1563 2917 ἐλάϐομεν
1592 2847 1787 2909 ὑπόθε-

185 2953 280 2989 σιν
308 2933 420 2987 τῶν
446 2932 711 3004 βραϐείων
728 2945 741 2958 '
775 2930 1024 2984 ἐντεῦθεν
1041 2930 1236 3000 ἔχομεν
1269 2930 1525 3001 ἀφορμὴν
1546 2930 1656 2983 τῶν
1680 2948 1783 2985 πα-

182 3018 531 3088 λαισμάτων.
563 3016 726 3085 Ὁρᾷς
751 3014 944 3082 σοφίαν
986 3012 1145 3078 Θεοῦ,
1166 3011 1283 3075 πῶς
1311 3012 1372 3065 16
1397 3013 1652 3082 μέγιστον
1675 3016 1784 3067 τῶν

183 3103 399 3163 κακῶν,
428 3102 489 3154 16
511 3100 801 3168 κεφάλαιον
852 3096 952 3164 τῆς
990 3095 1265 3166 ἡμετέρας
1296 3096 1606 3166 συμφορᾶς,
1642 3097 1780 3167 ὅπερ

181 3186 488 3255 εἰσήγαγεν
518 3185 544 3235 6
578 3179 844 3243 διάϐολος,
879 3179 969 3232 τὸν
1019 3178 1249 3231 θάνατον
1296 3177 1460 3245 λέγω,
1487 3176 1675 3232 τοῦτον
1704 3181 1784 3242 είς

180 3268 355 3338 τιμὴν
389 3266 484 3319 καὶ
516 3266 673 3331 δόξαν
702 3263 977 3334 ἡμετέραν
1016 3260 1300 3333 μετέϐαλε,
1329 3259 1419 3314 διά
1440 3262 1601 3315 τοῦτο
1650 3262 1784 3333 πρὸς

177 3352 254 3406 τά
280 3350 379 3403 τοῦ
406 3348 557 3420 [712]
591 3348 891 3419 μαρτυρίου
920 3345 1144 3417 βραϐεϊα
1172 3346 1296 3407 τοὺς
1333 3344 1571 3414 ἀθλητὰς
1597 3344 1781 3414 drum;

184 3435 255 3486 Τί
291 3429 422 3497 σῦν;
452 3433 924 3502 εὐχαριστὴσομεν
942 3427 1266 3498 τῷδιαϐόλῳ
1284 3426 1372 3481 διὰ
1400 3428 1491 3482 τὸν
1521 3428 1782 3495 θάνατον;

178 3519 277 3590 Μὴ
312 3518 553 3585 γένοιτοί
600 3516 660 3567 06
716 3515 824 3585 γὰρ
872 3512 971 3583 τῆς
1004 3512 1212 3566 ἐκείνου
1240 3510 1465 3582 γνώμης
1492 3512 1555 3564 τὸ
1586 3514 1785 3583 κατόρ-

179 3598 373 3671 θωμα,
417 3598 553 3669 ἀλλά
581 3598 682 3668 τῆς
725 3598 819 3651 τοῦ
855 3596 991 3650 Θεοῦ
1023 3597 1213 3665 σοφίας
1244 3596 1304 3648 τὸ
1335 3595 1612 3667 χάρισμα·
1641 3597 1783 3649 ἐκεῖ·

180 3701 277 3746 νος
360 3684 649 3751 εἰσήγαγεν
690 3682 778 3734 ἵνα
831 3679 1111 3750 ἀπολέσῃ,
1165 3678 1262 3731 καὶ
1326 3678 1463 3747 πρὸς
1519 3678 1618 3747 τὴν
1677 3680 1780 3749 γῆν

178 3762 554 3832 ἐπαναγαγὼν
592 3764 771 3816 πᾶσαν
804 3763 1012 3834 ἐκκόψῃ
1042 3760 1315 3833 σωτηρίας
1337 3759 1525 3813 ἐλπίδα
1545 3777 1559 3792 ·
1593 3763 1620 3814 6
1646 3762 1781 3831 Χρι-

179 3850 313 3912 στὸς
340 3848 396 3900 δὲ
429 3847 561 3900 αὐτὸ
585 3845 767 3899 λαϐὼν
798 3843 1151 3915 μετέστρεφε,
1177 3843 1272 3896 καὶ
1306 3845 1384 3907 είς
1416 3844 1507 3896 τὸν
1552 3844 1780 3913 οὐρανὸν

178 3933 339 4001 ἡμᾶς
371 3931 437 3983 δι’
474 3930 637 3983 αὑτοῦ
666 3930 826 3982 πάλιν
864 3930 1127 3998 ἀνήγαγε.
1162 3926 1367 3997 Μηδεὶς
1389 3921 1481 3980 οῦν
1506 3926 1660 3997 ἡμῶν
1682 3944 1781 3980 κα-

176 4013 597 4083 ταγινωσκέτω,
629 4015 676 4065 εί
712 4012 868 4082 χορὸν
890 4012 985 4063 καὶ¹
1051 4002 1353 4081 παράταξιν
1404 4010 1641 4063 ἐκάλεσα
1672 4009 1778 4062 τῶν

180 4096 489 4168 μαρτύρων
534 4097 594 4148 16
632 4096 926 4166 πλήρωμα,
984 4094 1077 4147 δύο
1131 4093 1349 4146 ἐναντία
1402 4093 1641 4163 ὀνόματα
1697 4096 1779 4147 ἐνὶ

180 4182 475 4250 πράγματι
507 4180 675 4243 τιθείς
702 4196 714 4208 ·
746 4181 903 4249 χορὸς
936 4178 1044 4249 γὰρ
1073 4178 1166 4231 καὶ
1192 4174 1507 4248 ,παράταξις
1535 4178 1775 4239 ἐναντία,

176 4264 300 4317 ἀλλ’
350 4263 583 4316 ἐνταῦθα
643 4262 904 4331 συνῆλθον
943 4259 1258 4331 ἀμφότερα⁸
1290 4260 1385 4313 καὶ
1436 4260 1548 4330 γὰρ
1588 4259 1777 4332 ὥσπερ

178 4347 506 4417 χορεύοντες
537 4349 631 4400 ἐπὶ
663 4347 761 4410 τάς
797 4346 1065 4417 βασάνους
1091 4344 1261 4415 ᾔεσαν
1295 4342 1413 4412 μεθ’
1430 4342 1644 4413 ἡδονῆς,
1683 4345 1777 4397 καὶ

176 4431 377 4500 ὥσπερ
402 4429 763 4498 πολεμοῦντες
782 4428 953 4491 οὕτως
976 4426 1227 4498 ἀνδρείαν
1250 4427 1430 4478 πᾶσαν
1463 4426 1556 4478 καὶ
1576 4443 1775 4495 καρτε-

179 4512 311 4581 ρίαν
354 4511 716 4577 ἐπεδείξαντο,
744 4511 838 4563 καλ¹
864 4510 970 4562 τῶν
1012 4508 1269 4563 ἐναντίων
1317 4509 1645 4579 ἐκράτησαν.
1679 4510 1774 4563 Ἂν

180 4595 287 4663 μὲν
320 4593 430 4654 τῶν
454 4592 795 4663 γινομένωνι1
826 4593 926 4664 τὴν
951 4590 1114 4660 φύσιν
1143 4592 1280 4663 ἴδῃς,
1309 4592 1456 4661 μάχη
1491 4591 1585 4643 καὶ
1616 4591 1777 4644 πόλε-

181 4694 288 4746 μος
338 4678 431 4728 καὶ
474 4677 777 4746 παράταξις
807 4676 875 4728 τά
912 4676 1197 4743 γινόμενα’
1246 4675 1311 4727 ἂν
1340 4674 1521 4744 δὲτὴν
1549 4674 1773 4745 γνώμην

177 4758 293 4811 τῶν
330 4759 627 4828 γινομένων
658 4759 938 4831 ἐξετάσῃς,
966 4760 1117 4828 χοροὶ
1163 4758 1257 4810 καὶ
1286 4756 1466 4810 θαλίαι
1505 4760 1597 4810 καὶ
1640 4775 1774 4811 παν-

183 4850 418 4910 ηγύρεις
441 4841 535 4893 καὶ
557 4841 787 4911 μεγίστη
811 4841 970 4911 ἡδονὴ
1000 4841 1068 4893 τὰ
1094 4840 1412 4909 τελούμενα.
1610 4836 1611 4839 “

257 4922 449 4975 Βούλει
489 4924 678 4994 μαθεῖν
711 4925 785 4987 ὡς
836 4924 1077 4993 πολέμου
1116 4922 1289 4976 ταῦτα
1329 4924 1768 4995 φρικωδέστερας

176 5004 250 5058 τὰ
274 5004 385 5057 τῶν
414 5007 708 5076 μαρτύρων
738 5008 899 5075 λέγω.
930 5008 995 5058 Τί
1024 5006 1152 5058 ποτέ
1187 5008 1332 5057 ἐστιν
1367 5008 1423 5057 ἐν
1445 5005 1522 5075 τῷ
1553 5006 1770 5075 πολέμῳ

174 5087 239 5139 16
275 5089 535 5158 φρικτόν;
571 5090 918 5161 Στρατόπεδα
966 5091 1196 5158 ἕστηκεν
1230 5088 1571 5161 ἑκατέρωθεν
1616 5107 1770 5158 περι-

242 5213 271 5241 ³
296 5212 449 5262 Savil.
480 5214 673 5270 θάνατος
705 5221 783 5273 τῆς
803 5216 1058 5271 ἀθανασίας
1080 5218 1255 5276 μᾶλλον
1278 5216 1564 5270 καλλωπίζει
1586 5218 1645 5263 τά
1666 5218 1767 5264 σώ-

177 5290 328 5337 ματα.
353 5276 473 5337 ίζρε.
503 5289 617 5325 mss.
642 5276 836 5331 θάνατος
855 5284 938 5333 τῆς
958 5278 1213 5331 ἀθανασίας
1235 5278 1376 5324 πλέον
1403 5277 1561 5331 αὐτοῖς
1584 5280 1767 5325 καλλω-

177 5335 523 5401 πίζεικμοτρί.
549 5343 606 5399 τῇ
631 5339 865 5401 ἀθανασίᾳ
906 5340 1082 5399 μᾶλλον
1120 5340 1279 5401 καλλί-
1308 5337 1461 5386 Paulo
1505 5346 1615 5400 pOsl
1640 5340 1764 5401 Reg.

174 5398 247 5453 τῷ
275 5397 416 5470 ίχῶρι
448 5399 544 5445 τῶν
557 5397 1056 5470 τραυμάτωνηήειίρε
1073 5412 1217 5470 (ιιι-ειη
1241 5397 1413 5470 Morel:
1437 5397 1671 5470 egiSavil.
1696 5397 1766 5461 τῷ

176 5458 430 5527 £099.16»?
454 5474 524 5520 τρ.
553 5458 950 5527 (ιὶηοιιιειξοηεηι
994 5458 1184 5527 quilii,
1209 5466 1366 5527 ugpole
1389 5458 1615 5512 institutae
1635 5458 1769 5509 com;-

172 5525 425 5582 pafayom
446 5525 603 5582 magis
625 5533 903 5577 congruum,
929 5525 1176 5571 resumere
1201 5525 1358 5569 visum
1377 5529 1488 5579 est)

240 5577 274 5654 ξ
295 5580 419 5654 Ιςρε.
448 5577 576 5654 umis
607 5584 764 5638 θνητοὶ
798 5582 885 5629 οῦκ
905 5586 960 5630 ἂν
983 5584 1227 5630 ἀπέθανον·
1253 5583 1291 5628 εί
1318 5583 1380 5643 μὴ
1402 5577 1650 5641 ἀπέθανον,
1677 5584 1765 5630 οὐκ

171 5640 470 5732 ἂνϐἐγξγὲντο
494 5644 644 5732 μάρτέ

360 5717 371 5732 ι
414 5706 621 5732 ἕκηλον-..υ
652 5706 741 5732 ..ΑΓ

298 5706 391 5751 Alii
413 5706 773 5767 ἀνταναπληρῶ.

234 5762 264 5800 ιι
287 5766 438 5814 Savil.
464 5779 517 5815 et
535 5766 658 5826 Heg.
674 5762 799 5815 linus
820 5767 911 5813 τῶν
932 5766 1300 5828 ἀγωνιζομένων.
1329 5764 1498 5815 Morel.
1528 5766 1619 5813 τῶν
1639 5783 1791 5827 γινο-,

172 5820 348 5879 μένων.

1397 415 1483 470 DE
1524 415 1817 472 SANC'I'IS
1860 416 2331 475 MARTYRIBUS.

3373 428 3479 482 708

1897 530 2283 600 πεφραγμένα,
2318 520 2711 602 ἀπολάμποντα
2744 535 2857 597 τοῖς
2887 530 3090 597 ὅπλοις,
3121 536 3213 590 καὶ
3252 537 3349 610 τὴν
3386 546 3492 613 γην

1890 622 2328 691 καταυγάξοντα.
2357 623 2495 694 νέφη
2530 623 2701 694 βελῶν
2729 626 2951 694 ἀφίεται
2975 631 3316 700 πανταχόθεν
3351 636 3488 688 ἀπο-

1894 712 2207 783 κρύπτοντα
2226 713 2318 767 16v
2342 714 2479 786 ἀέρα
2511 714 2588 785 τῷ
2622 716 2838 787 πλήθει,
2888 719 3092 789 ρύακες
3119 723 3373 793 αἱμάτων
3393 725 3492 779 ἐπὶ

1891 803 1989 872 τῆς
2021 805 2124 873 γῆς
2160 802 2436 876 φέρονται,
2476 806 2569 859 καὶ
2610 806 2779 873 πολλά
2814 810 3091 880 πανταχοῦ
3122 811 3191 864 τά
3216 814 3487 885 πτώματα

1893 894 2145 967 καθάπερ
2172 898 2229 948 ἐν
2248 896 2448 968 ἀμητῷ
2482 884 2790 970 ἀσταχύων,
2821 899 2964 954 οὕτω
3000 902 3109 956 τῶν
3141 884 3490 977 στρατιωτῶν

1892 985 2210 1056 ἐπαλλήλων
2233 990 2711 1059 καταφερομένων.
2746 990 2885 1061 Φέρε
2906 988 2998 1046 οῦν
3022 994 3116 1047 ἀπ’
3140 986 3364 1051 ἐκείνων
3393 997 3487 1052 ἐπὶ

1890 1076 2093 1146 ταύτην
2116 1076 2306 1145 ἀγάγω
2330 1095 2388 1130 σε
2405 1078 2503 1149 τὴν
2522 1079 2720 1154 μάχην.
2735 1082 2847 1136 Καὶ
2864 1084 3098 1138 ἐνταῦθα
3118 1086 3211 1140 δύο
3232 1090 3486 1160 παρατά-

1892 1167 2062 1237 ξεις,ἡ
2093 1165 2190 1237 μὲν
2212 1167 2321 1220 τῶν
2354 1170 2665 1240 μαρτύρων,
2687 1173 2719 1241 ἡ
2747 1172 2804 1227 δὲ
2833 1172 2943 1227 τῶν
2961 1175 3241 1246 τυράννων
3259 1197 3271 1209 ·
3295 1180 3410 1233 ἀλλ’
3434 1182 3486 1234 οἱ
3527 1214 3530 1218 ~

1895 1256 1995 1329 μὲν
2047 1256 2301 1329 τύραννοί
2354 1260 2459 1312 εἰσι
2520 1261 2977 1333 καθωπλισμένοι,
3025 1267 3072 1318 οἱ
3104 1266 3163 1320 δὲ
3204 1268 3487 1341 μάρτυρες

1890 1347 2083 1419 γυμνῷ
2094 1348 2171 1420 τῷ
2192 1348 2405 1421 σώματι
2426 1351 2707 1423 μάχονται,
2733 1356 2826 1408 καὶ
2849 1357 2883 1427 ἡ
2899 1356 3022 1428 νίκη
3042 1359 3149 1412 τῶν
3166 1378 3231 1427 γυ
3240 1362 3407 1432 μνῶν,
3422 1365 3483 1417 06

1888 1441 1998 1495 τῶν
2027 1440 2492 1513 καθωπλισμένων
2519 1444 2747 1513 γίνεται.
2778 1449 2874 1512 Τίς
2907 1450 3007 1504 οὐκ
3039 1450 3105 1504 ἂν
3161 1454 3484 1525 ἐκπλαγείη,

1888 1530 1971 1583 ὄτι
2000 1531 2029 1582 6
2053 1530 2448 1601 μαστιζόμενος
2468 1534 2805 1604 περιγίνεται
2831 1537 2925 1593 τοῦ
2952 1539 3324 1608 μαστίζοντος,
3350 1543 3379 1596 6
3400 1543 3488 1597 δε-

1889 1618 2110 1688 δεμένος
2140 1618 2234 1672 τοῦ
2248 1618 2565 1690 λελυμένου,
2586 1623 2615 1674 6
2634 1626 3065 1696 κατακαιόμενος
3093 1628 3189 1681 τοῦ
3216 1630 3485 1696 καίοντος,

1889 1711 1917 1761 ὁ
1943 1708 2303 1779 ἀποθνήσκων
2322 1710 2417 1769 τοῦ
2434 1710 2785 1782 ἀναιροῦντος
2802 1729 2816 1777 ;
2834 1708 2989 1777 Εἶδες
3013 1715 3127 1780 πῶς
3141 1717 3314 1770 ταῦτα
3337 1719 3482 1772 ἐκεί-

1891 1812 1996 1849 νων
2017 1796 2459 1870 φρικωδέστερα;
2496 1798 2709 1852 Ἐκεῖνα
2744 1800 2840 1870 μέν
2874 1803 2921 1854 εί
2957 1803 3051 1857 καὶ
3089 1803 3315 1875 φοϐερὰ,
3347 1805 3485 1860 ἀλλά

1891 1884 2031 1938 κατά
2052 1883 2213 1953 φύσιν
2232 1885 2461 1953 γίνεται’
2484 1887 2657 1940 ταῦτα
2675 1886 2731 1940 δὲ
2762 1890 2944 1943 πᾶσαν
2965 1890 3280 1961 ὑπερϐαίνει
3298 1892 3480 1963 φύσιν,

1892 1975 1987 2026 καὶ
2018 1975 2198 2027 πᾶσαν
2220 1976 2562 2048 πραγμάτων
2600 1977 2940 2039 ἀκολουθίαν,
2970 1979 3059 2033 ἵνα
3079 1980 3256 2051 μάθῃς
3275 1983 3356 2036 ὅτι
3380 1983 3483 2055 τῆς

1890 2059 1982 2113 τοῦ
2009 2059 2145 2114 Θεοῦ
2179 2061 2402 2135 χάριτός
2452 2065 2567 2117 ἐστι
2614 2064 2684 2117 τὰ
2730 2066 3162 2137 κατορθούμενα.
3199 2070 3392 2124 Καίτοι
3426 2072 3482 2125 τί

1890 2148 1990 2219 τῆς
2021 2156 2200 2221 μάχης
2228 2149 2435 2221 ταύτης
2476 2152 2834 2222 ἁδικὼτερονς
2863 2153 2919 2206 τί
2954 2157 3062 2207 τῶν
3089 2157 3481 2228 παλαισμάτων

1891 2237 2387 2310 παρανομώτερον;
2422 2239 2514 2294 Ἐν
2556 2241 2654 2309 μὲν
2683 2240 2791 2310 γὰρ
2809 2243 2925 2305 τοῖς
2952 2242 3208 2314 πολέμοις
3236 2247 3481 2316 ἀμφότει

1894 2342 1975 2395 ροι
2017 2326 2347 2395 φράττονται
2371 2328 2419 2380 οί
2452 2327 2780 2397 μαχόμενοι’
2814 2330 3051 2385 ἐνταῦθα
3079 2333 3135 2385 δὲ
3157 2333 3254 2403 οὐχ
3284 2333 3480 2398 οὕτως,

1890 2413 2005 2465 ἀλλ’
2041 2414 2071 2465 6
2096 2413 2195 2484 μὲν
2227 2413 2454 2484 γυμνὸς,
2478 2416 2505 2467 6
2526 2414 2583 2467 δὲ
2619 2414 2998 2471 καθώπλισται
3019 2434 3033 2449 ⁶
3062 2419 3121 2472 ἐν
3150 2424 3263 2485 τοῖς
3305 2422 3481 2490 ἀγῶσι

1889 2499 2050 2552 πάλιν
2104 2499 2435 2570 ἀμφοτέροις
2485 2501 2662 2565 ἔξεστι
2699 2502 2797 2567 τὰς
2843 2490 3032 2574 χείρας
3060 2508 3355 2581 ἀνταίρειν,
3397 2513 3484 2564 ἐν-

1887 2587 2062 2641 ταῦθα
2104 2588 2161 2641 δὲ
2206 2589 2235 2641 6
2281 2588 2381 2659 μὲν
2426 2588 2655 2647 δέδεται.
2687 2594 2715 2644 6
2752 2592 2807 2645 δὲ
2838 2594 2956 2663 μετ’
2989 2595 3237 2661 ἐξουσίας
3284 2599 3481 2669 ἐπάγει

1888 2675 1986 2739 τὰς
2021 2675 2254 2746 πληγάς,
2274 2678 2367 2730 καὶ
2396 2676 2649 2748 καθάπερ
2673 2681 2736 2732 ἐκ
2762 2682 3075 2751 τυραννίδος
3090 2685 3236 2748 τινὸς
3268 2688 3482 2753 ἑαυτοῖς

1891 2766 1989 2836 μὲν
2014 2766 2076 2818 τὸ
2106 2766 2293 2829 κακῶς
2328 2771 2502 2819 ποιεῖν
2539 2768 3035 2840 ἀποκληρώσαντες
3072 2773 3121 2825 οί
3142 2773 3479 2842 δικάζοντες,

1885 2855 1998 2917 τοῖς
2033 2854 2263 2919 δικαίοις
2314 2855 2371 2908 δὲ
2420 2854 2656 2927 μάρτυσι
2690 2856 2749 2911 16
2786 2859 3018 2929 πάσχειν
3044 2862 3231 2927 κακῶς
3259 2865 3481 2920 ἀπονεί-

1890 2955 2109 3013 μαντες,
2141 2941 2283 2996 οὕτω
2310 2943 2714 3014 συμπλέκονται
2737 2948 2850 3012 τοῖς
2892 2948 3089 3014 ἁγίοις,
3120 2951 3213 3004 καὶ
3254 2951 3375 3005 ούδέ
3397 2953 3482 3008 οῦ-

1885 3048 1993 3093 τως
2025 3029 2206 3084 αὐτῶν
2234 3030 2628 3101 περιγίνονται,
2671 3033 2809 3086 ἀλλά
2850 3036 2989 3105 μετά
3038 3039 3138 3108 τὴν
3193 3039 3480 3111 ἀνώμαλον

1884 3118 2089 3188 ταύτην
2123 3120 2304 3189 μάχην
2359 3119 2684 3191 ἡττηθέντες
2746 3122 3128 3195 ἀναχωροῦσι·
3162 3128 3258 3181 καὶ
3282 3130 3481 3184 ταυτὸν

1883 3206 2091 3273 γίνεται
2116 3200 2227 3259 οἷον
2261 3205 2327 3259 ἀν
2348 3206 2504 3269 εἴτις
2537 3206 2874 3282 πολεμιστὴν
2902 3210 3190 3282 ἄνθρωπον
3219 3217 3300 3281 είς
3323 3217 3481 3271 πόλε-

1888 3311 1985 3364 μον
2020 3294 2351 3363 εἰσαγαγὼν,
2386 3296 2481 3348 καὶ
2514 3296 2605 3349 τοῦ
2646 3297 2869 3368 δόρατος
2907 3299 3005 3371 τὴν
3042 3303 3247 3373 αίχμὴν
3276 3307 3479 3361 ἀποκό-

1882 3383 2009 3453 ψας,
2055 3384 2151 3436 καὶ
2178 3382 2269 3436 τὸν
2295 3383 2522 3455 θώρακα
2551 3385 2850 3452 ἀποδύσας,
2881 3387 3024 3441 οὕτω
3056 3391 3254 3465 κελεύῃ
3286 3396 3479 3466 γυμνῷ

1883 3470 1959 3541 τῷ
1996 3470 2146 3543 [715]
2189 3470 2406 3541 σώματι
2451 3472 2798 3543 μάχεσθαι,ό
2850 3474 2909 3528 δὲ
2958 3476 3329 3549 πληττόμενος
3382 3483 3480 3536 καὶ

1884 3557 2178 3628 παιόμενος
2209 3558 2304 3611 καὶ
2330 3558 2594 3612 πάντοθεν
2642 3560 2812 3629 μυρία
2844 3562 3133 3632 δεχόμενος
3183 3568 3480 3639 τραύματα

1882 3646 2140 3716 τρόπαιον
2176 3645 2412 3714 στήσειε.
2443 3647 2553 3699 Καὶ
2595 3648 2702 3719 γὰρ
2743 3649 2871 3713 τοὺς
2916 3653 3201 3725 μάρτυρας
3236 3659 3477 3728 γυμνοὺς

1881 3735 2105 3800 ἄγοντες
2125 3743 2173 3794 θ,
2199 3732 2292 3785 καὶ
2323 3732 2420 3795 τάς
2446 3736 2634 3805 χεῖρας
2663 3735 2839 3789 ὀπίσω
2867 3736 3133 3809 δήσαντες
3190 3744 3285 3795 καὶ
3333 3745 3473 3797 πάν-

1880 3820 2035 3873 τοθεν
2074 3820 2331 3881 παίοντες
2375 3822 2471 3874 καὶ
2503 3821 2936 3887 καταξαίνοντες,
2977 3824 3150 3890 οὕτως
3195 3830 3470 3898 ἡττῶντοο

1879 3908 1927 3959 οἱ
1958 3905 2014 3960 δέ
2046 3906 2114 3959 τά
2158 3905 2449 3977 τραύματα
2480 3909 2782 3980 δεχόμενοι,
2808 3912 2869 3964 τὸ
2918 3912 3057 3965 κατά
3088 3914 3180 3967 τοῦ
3225 3917 3472 3970 διαϐόλου

1879 3994 2136 4062 τῷπαιον
2174 3995 2425 4065 ἔστησαν.
2459 3994 2568 4048 Καὶ
2590 3996 2843 4067 καθάπερ
2863 3997 3075 4068 ἀδάμας
3104 3991 3474 4073 πληττόμενος

1881 4081 2041 4144 c1616;
2065 4082 2162 4151 μὲν
2176 4082 2276 4135 οὐκ
2293 4082 2583 4145 ἐνδίδωσιν,
2597 4085 2715 4137 ούδέ
2736 4087 3091 4155 μαλάσσεται,
3109 4088 3197 4141 τὸν
3218 4090 3273 4142 δὲ
3291 4091 3473 4143 παίον-

1879 4184 1946 4220 τα
1970 4167 2175 4221 διαλύει
2211 4168 2448 4239 σίδηρον’
2475 4170 2616 4223 οὕτω
2645 4172 2708 4241 δὴ
2729 4175 2825 4227 καὶ
2849 4178 2903 4228 αί
2927 4175 3097 4245 ψυχαὶ
3132 4175 3239 4229 τῶν
3275 4178 3467 4244 ἁγίων,

1878 4255 2147 4309 τοσούτων
2172 4258 2525 4325 ἐπαγομένων
2544 4258 2991 4329 βασάνων,αύταὶ
3029 4264 3126 4331 μὲν
3155 4264 3307 4316 οὐδὲν
3331 4264 3469 4318 ἔπα-

1882 4359 2007 4412 σχον
2042 4343 2235 4406 δεινὸν,
2269 4344 2378 4395 τῶν
2408 4344 2464 4396 δὲ
2500 4345 2772 4399 παιόντων
2795 4347 2892 4418 τὴν
2919 4348 3147 4418 δύναμιν
3174 4350 3469 4405 καταλύου-

1881 4446 1991 4491 σαι,
2024 4431 2264 4512 αἰσχρῶς
2304 4434 2394 4484 καὶ
2443 4434 2865 4501 καταγελάστως
2894 4436 3229 4506 ἡττηθέντας
3261 4440 3326 4492 ἐκ
3356 4440 3467 4491 τῶν

1880 4519 2105 4586 ἀγώνων
2129 4519 2436 4588 ἐξέπεμπον
2471 4522 2609 4591 μετά
2653 4522 2852 4586 πολλὰς
2880 4526 2973 4577 καὶ
2999 4526 3305 4595 ἀφορήτους
3332 4526 3470 4595 πλητ-

1877 4606 1999 4671 γάς.
2042 4606 2152 4659 Καὶ
2195 4605 2305 4675 γάρ
2356 4602 2697 4678 προσέδησαν
2720 4612 2919 4674 αὐτοὺς
2946 4612 3021 4680 τῷ
3050 4612 3213 4681 ξύλῳ,
3247 4614 3341 4666 καὶ
3368 4615 3465 4676 τὰς

1877 4692 2117 4761 πλευρὰς
2163 4693 2479 4763 διώρυττον,
2540 4695 2941 4764 ἐμϐαθύνοντες
2990 4698 3253 4761 αὔλακας,
3294 4700 3462 4754 καθά-

1875 4795 1982 4847 περ
2009 4778 2113 4847 γῆν
2136 4779 2515 4849 ἀροτριῶντες,
2544 4782 2658 4835 ἀλλ’
2687 4784 2747 4835 ού
2778 4783 3007 4853 σώματα
3032 4786 3310 4855 σχίζοντες
3328 4803 3341 4817 ·
3370 4791 3466 4841 καὶ

1872 4860 1940 4935 ἦν
2004 4867 2132 4919 ἰδεῖν
2164 4867 2399 4935 λαγόνας
2432 4871 2980 4943 ἀναπεπετασμένας,
3020 4874 3235 4945 πλευρά
3294 4877 3465 4946 ἀνεῳ-

1873 4954 2030 5021 γότα,
2063 4955 2231 5027 στὴθη
2256 4957 2646 5029 διερρηγμένα,
2677 4963 2772 5014 καὶ
2804 4964 2926 5016 οὐδὲ
2963 4964 3197 5016 ἐνταῦθα
3224 4964 3324 5033 τῆς
3360 4982 3463 5035 μα-

1873 5040 1992 5103 νίας
2025 5040 2322 5112 ἔστησανοὶ
2360 5046 2642 5117 αἱμοϐόροι
2697 5047 2863 5119 θῆρες
2919 5051 3136 5109 ἐκεῖνοι,
3167 5050 3302 5104 ἀλλά
3357 5051 3464 5103 ἀπὸ

1871 5127 1965 5181 τοῦ
2019 5128 2175 5195 ξύλου
2212 5131 2531 5198 καθελόντες
2567 5136 2708 5204 ὑπὲρ
2750 5136 2859 5188 τῶν
2880 5138 3169 5208 ἀνθράκων
3201 5139 3292 5191 ἐπὶ
3316 5139 3463 5208 σιδη-

1876 5216 1972 5285 ρᾶς
1998 5216 2264 5286 κλίμακος
2298 5219 2497 5274 ἔτεινον
2516 5239 2529 5253 ·
2568 5223 2661 5275 καὶ
2690 5219 2757 5293 ἦν
2796 5225 2923 5277 ίδεῐν
2942 5224 3104 5278 πάλιν
3157 5226 3458 5296 πικρότερα

1870 5299 1978 5353 τῶν
2007 5304 2290 5373 προτέρων
2338 5306 2607 5378 θεάματα,
2632 5310 2825 5373 διπλᾶς
2856 5313 3305 5382 καταφερομένας
3340 5330 3460 5365 στα-

1871 5386 2029 5454 γόνας
2053 5390 2117 5443 ἐκ
2148 5392 2256 5443 τῶν
2277 5394 2564 5462 σωμάτιον,
2598 5397 2695 5458 τὰς
2721 5398 2819 5466 μὲν
2842 5398 2936 5450 τοῦ
2956 5400 3186 5467 αἵματος
3219 5400 3454 5471 ῥέοντος,

1869 5474 1965 5535 τὰς
1990 5476 2045 5527 δὲ
2078 5476 2186 5529 τῶν
2223 5479 2438 5549 σαρκῶν
2472 5483 2789 5551 τηκομένων
2815 5502 2827 5513 ·
2855 5488 2902 5537 οί
2934 5486 2988 5538 δὲ
3017 5487 3162 5555 ἅγιοι
3205 5487 3457 5558 καθάπερ

1869 5560 1961 5610 ἐπὶ
1982 5562 2149 5628 ῥόδων
2184 5564 2425 5634 κείμενοι
2453 5566 2561 5619 τῶν
2587 5569 2894 5641 ἀνθράκων,
2924 5571 3066 5626 οὕτω
3118 5572 3235 5644 μεθ’
3270 5572 3460 5644 ἡδονῆς

1867 5645 1933 5697 τὰ
1956 5647 2213 5715 γινόμενα
2244 5650 2518 5719 ἐθεώρουν.

1936 5858 1955 5881 ι’
1976 5854 2067 5901 .ὶῖἰὶ
2097 5850 2376 5912 εἰσάγοντες.
