4182 6322
323 427 433 480 709

395 543 450 596 ἰ.
483 543 547 595 At
570 549 623 596 tu
650 543 775 597 dum
795 541 993 596 scalam
1014 541 1165 596 audis
1186 539 1434 602 ferream,
1455 538 1745 608 Spiritualis
1767 537 1908 592 illlus

323 633 487 688 Scala:
515 635 819 701 recordare,
839 650 997 706 quam
1033 633 1330 704 patriarcha
1358 632 1487 687 vidit
1512 631 1678 687 Jacob
1708 646 1737 685 a
1766 640 1907 686 terra

325 725 379 778 in
411 726 597 780 cadum
637 737 914 780 extensam
948 744 960 778 :
1002 742 1096 796 per
1135 725 1282 780 illam
1311 724 1484 795 angeli
1512 721 1910 778 descendebant

321 813 476 885 (Gen.
508 814 598 869 28.
635 817 748 884 l3),
782 830 880 886 per
920 817 1055 869 hanc
1093 830 1222 871 vero
1267 825 1532 886 martyres
1566 811 1861 868 ascendunt
1892 830 1906 866 :

320 906 534 974 utrique
565 907 813 962 Dominus
843 916 925 962 est
968 907 1199 961 innixus.
1249 905 1366 960 Non
1413 904 1709 975 potuissent
1735 903 1907 959 sancti

321 996 408 1050 isti
435 995 648 1052 dolores
678 995 936 1066 perferre,
968 997 1068 1050 nisi
1096 996 1218 1052 huic
1245 998 1410 1050 innisi
1435 996 1684 1050 fuissent.
1710 995 1787 1049 Ac
1810 1008 1905 1064 per

319 1089 462 1142 illam
506 1088 720 1160 quidem
769 1089 1066 1144 ascendunt
1106 1099 1160 1144 et
1203 1089 1536 1144 descendunt
1567 1086 1780 1158 angeli:
1809 1101 1905 1157 per

319 1180 455 1234 hanc
485 1196 612 1234 vero
639 1182 929 1236 ascendere
946 1192 1208 1254 martyres
1233 1183 1401 1237 cuivis
1434 1181 1770 1238 manifestum
1795 1190 1900 1239 est.

314 1271 455 1337 Quid
485 1272 594 1326 ita?
625 1272 775 1338 Quod
809 1273 885 1326 illi
916 1275 1131 1342 quidem
1159 1275 1208 1327 in
1232 1273 1584 1328 ministerium
1611 1284 1733 1328 sunt
1754 1273 1903 1329 missi

315 1377 525 1430 eorum,
546 1364 634 1434 qui
659 1362 1010 1420 hereditatem
1033 1367 1242 1435 capient
1265 1365 1449 1420 salutis
1469 1363 1652 1438 (Hebr.
1674 1366 1698 1420 ι
1719 1405 1733 1418 .
1771 1363 1858 1436 ιι)
1885 1383 1898 1419 :

317 1448 405 1506 isti
431 1466 556 1508 vero
581 1462 847 1524 tamquam
866 1456 1080 1510 athleta:
1097 1465 1253 1524 atque
1275 1457 1504 1511 victores
1524 1455 1902 1510 certaminibus

315 1543 574 1598 absolutis
612 1544 864 1615 deinceps
905 1547 972 1602 ad
1017 1546 1390 1617 agonotbetam
1441 1546 1750 1617 pergebant.
1794 1547 1899 1602 Vc-

312 1637 717 1693 rumenimvcro
768 1653 835 1690 ne
862 1639 1155 1694 oscitanter
1184 1639 1463 1694 audiamus
1493 1655 1608 1708 qua:
1629 1638 1899 1705 dicuntur,

313 1724 440 1781 dum
483 1729 729 1782 audimus
767 1730 1037 1798 subjectus
1086 1728 1250 1784 fuisse
1290 1731 1604 1799 corporibus
1656 1731 1901 1787 laceratis

314 1835 532 1886 prunas,
571 1821 664 1874 scd
709 1821 1006 1890 cogitemus
1043 1822 1250 1892 quales,
1279 1823 1366 1876 ubi
1417 1821 1581 1876 febris
1624 1838 1722 1877 nos
1747 1823 1899 1877 inva-

303 1910 476 1972 serit,
497 1911 667 1965 simus
696 1929 708 1964 :
743 1912 905 1965 vitam
932 1906 1086 1967 nobis
1111 1912 1452 1982 injucundam
1474 1919 1529 1967 et
1553 1913 1897 1984 peracerbam

311 2008 579 2067 putamus,
629 2001 1046 2071 ingemiscimus,
1096 2003 1439 2071 impatienter
1476 2001 1720 2069 ferimus,
1762 2013 1897 2078 tam.

306 2106 468 2160 quam
500 2092 705 2160 parvuli
723 2092 952 2148 infantes
978 2092 1336 2164 indignamur,
1361 2095 1535 2165 ignem
1561 2095 1709 2150 illum
1731 2097 1895 2152 nihilo

307 2184 572 2239 mitiorem
597 2187 836 2254 gehenna
860 2195 1111 2257 putamus
1146 2207 1158 2241 :
1187 2199 1241 2241 at
1267 2189 1352 2242 isti
1388 2205 1494 2243 non
1526 2188 1896 2245 fehreincnm-

306 2275 486 2342 bente,
529 2276 623 2332 sed
650 2278 864 2330 ﬂamma
893 2279 1013 2332 illos
1041 2278 1277 2348 undique
1329 2279 1628 2347 obsidente,
1660 2295 1722 2336 ac
1746 2283 1890 2336 scin-

306 2367 434 2422 tillis
459 2368 511 2422 in
543 2370 722 2424 ulcera
749 2371 1171 2441 prosilientibus,
1192 2380 1248 2427 et
1270 2373 1458 2441 quavis
1489 2373 1597 2427 fera
1625 2374 1894 2430 crudelius

303 2463 524 2518 vulnera
559 2464 956 2531 vellicantibus,
995 2466 1215 2536 perinde
1243 2466 1394 2536 quasi
1440 2475 1622 2522 essent
1648 2468 1896 2522 adaman-

302 2557 420 2621 tini,
454 2567 508 2611 et
536 2557 588 2611 in
614 2557 803 2614 alienis
830 2559 926 2612 ista
967 2558 1286 2628 corporibus
1318 2561 1432 2614 lieri
1473 2571 1778 2625 cernerent,
1821 2562 1889 2616 ita

297 2665 580 2720 generose,
609 2667 672 2706 ac
719 2667 841 2706 cum
867 2667 1097 2722 ea,,quae
1127 2653 1246 2707 illos
1287 2652 1535 2718 decebat,
1571 2652 1891 2710 fortitudine

301 2743 356 2794 in
381 2742 735 2798 confessionis
761 2742 938 2798 verbis
978 2744 1413 2801 constantissime
1451 2745 1886 2814 perseverabant,

296 2845 354 2886 et
380 2834 431 2888 in
459 2834 706 2889 omnibus
746 2834 830 2889 his
859 2834 1016 2889 malis
1044 2835 1322 2900 durautes,
1353 2835 1514 2892 simul
1541 2846 1593 2891 et
1618 2836 1782 2892 animi
1805 2838 1888 2892 sui

298 2926 463 2982 robur
492 2927 746 2984 invictum
786 2937 839 2982 et
871 2929 963 2983 Dei
1004 2929 1231 2998 gratiam
1269 2930 1482 3000 egregie
1525 2943 1636 3001 pra:
1663 2945 1721 2986 se
1750 2930 1885 2987 fere-

295 3020 443 3075 bant.
469 3019 624 3090 Sche
648 3020 749 3076 sub
775 3035 1022 3076 auroram
1050 3022 1216 3076 solem
1246 3024 1576 3079 exorientem
1600 3023 1808 3078 vidistis
1829 3033 1888 3081 et

292 3111 446 3182 quasi
498 3126 721 3168 croceos
767 3113 948 3169 radios
997 3114 1366 3170 emittentem?
1413 3115 1537 3171 talia
1576 3125 1882 3173 sanctorum

293 3211 449 3258 erant
473 3217 721 3274 corpora,
760 3204 885 3259 dum
923 3206 1086 3260 veluti
1127 3207 1308 3262 crocei
1350 3209 1570 3278 quidam
1604 3209 1738 3264 radii
1782 3211 1882 3266 rivi

291 3293 567 3365 sanguinis
596 3295 831 3365 undique
872 3296 979 3350 illis
1005 3295 1334 3363 diﬂluercnt,
1365 3311 1660 3368 eorumque
1685 3315 1884 3370 corpus

293 3387 483 3451 multo,
504 3401 663 3456 quam
689 3386 880 3441 ca-lum
908 3387 987 3442 sol
1011 3387 1147 3457 ipse,
1171 3388 1504 3456 splendidius
1533 3389 1878 3446 illustrarcnt.

293 3476 446 3532 llunc
489 3481 801 3546 sanguinem
854 3479 1030 3550 angeli
1067 3490 1383 3538 contuentes
1436 3482 1877 3551 oblectabantur;

288 3567 565 3625 daemones
607 3569 920 3636 horrebant,
956 3579 1010 3626 et
1039 3570 1154 3640 ipse
1183 3571 1427 3628 diabolus
1453 3574 1734 3629 tremebat.
1765 3574 1878 3630 Non

289 3660 437 3714 enim
481 3661 698 3731 sanguis
739 3669 858 3716 erat
899 3662 1235 3730 simpliciter,
1281 3663 1370 3732 qui
1413 3663 1754 3731 cernebatur,
1784 3666 1879 3722 sed

287 3755 508 3824 sanguis
533 3755 811 3820 salutaris,
843 3757 1061 3825 sanguis
1087 3764 1329 3820 sanctus,
1378 3758 1596 3828 sanguis
1637 3758 1772 3814 czclo
1797 3759 1878 3814 di-

285 3862 449 3916 gnus,
477 3849 695 3918 sanguis
741 3849 832 3919 qui
861 3848 1113 3920 pulchras
1151 3849 1406 3906 Ecclesia:
1435 3851 1656 3906 arbores
1680 3853 1878 3922 jugiter

289 3940 496 4009 irrigat.
525 3939 669 3995 Vidit
696 3941 840 3996 hunc
867 3942 1205 4012 sanguinem,
1255 3929 1568 4013 horrui-tque
1596 3943 1874 4012 diabolus;

287 4030 605 4086 recordatus
647 4041 732 4088 est
770 4033 967 4104 quippe
997 4032 1220 4088 alterius
1261 4035 1537 4104 sanguinis
1573 4035 1873 4102 Dominici;

286 4132 511 4191 propter
550 4123 700 4178 illum
743 4125 1057 4194 sanguinem
1099 4125 1185 4182 hic
1208 4125 1456 4180 efﬂuxit:
1495 4143 1563 4183 ex
1596 4145 1704 4197 quo
1733 4129 1873 4184 enim

291 4213 500 4268 Domini
528 4213 671 4270 latus
702 4225 944 4286 apertum
973 4225 1076 4281 est,
1101 4231 1356 4272 sexcenta
1386 4217 1580 4274 deinde
1609 4219 1774 4274 latera
1799 4219 1874 4293 ei;

287 4306 430 4360 fossa
457 4308 750 4363 conlueris.
792 4308 922 4376 Quis
958 4309 1102 4365 enim
1148 4325 1256 4364 non
1286 4325 1406 4365 eum
1430 4310 1627 4380 gaudio
1655 4327 1778 4367 sese
1808 4313 1875 4368 ad

287 4411 491 4467 agones
513 4398 646 4465 istos
671 4398 934 4454 ineundos
959 4395 1255 4454 Dominicis
1270 4401 1608 4471 passionibus
1629 4419 1872 4460 commu-

287 4489 582 4554 nicaturus,
607 4499 661 4544 et
686 4489 885 4546 Christi
915 4491 1071 4545 morti
1111 4493 1403 4549 conformis
1443 4493 1652 4551 futurus
1689 4498 1872 4552 accin-

283 4579 411 4648 get?
439 4577 537 4635 Est
575 4581 714 4634 enim
755 4581 1027 4637 sufﬁciens
1066 4582 1182 4638 hate
1207 4583 1522 4654 retributio,
1568 4597 1622 4644 et
1650 4591 1874 4658 amplior

287 4660 516 4736 merces,
564 4682 616 4725 et
656 4674 950 4728 certamina
994 4675 1259 4731 excedens
1301 4679 1599 4746 priamium,
1639 4681 1720 4734 vel
1751 4695 1874 4738 ante

287 4761 589 4829 ingressum
621 4762 671 4814 in
697 4776 916 4832 regnum
950 4765 1225 4820 cadorum.
1257 4767 1337 4822 Ne
1355 4768 1514 4838 igitur
1536 4770 1870 4838 horreamus,

281 4852 410 4907 dum
444 4851 581 4907 hunc
606 4855 684 4908 vel
715 4855 860 4908 illum
881 4871 1093 4934 passum
1122 4873 1244 4915 esse
1271 4863 1587 4932 martyrium
1605 4863 1868 4934 audimus;

280 4942 377 5014 sed
406 4943 738 5012 horreamus,
764 4946 887 5000 dum
926 4927 1174 5003 audimus
1197 4948 1338 5004 hunc
1377 4927 1461 5006 vel
1492 4953 1636 5008 illum
1660 4927 1870 5012 emolli;

283 5035 416 5093 tum,
457 5042 521 5083 ac
567 5036 645 5082 tot
687 5030 951 5102 tantisque
996 5034 1344 5089 certaminum
1392 5039 1625 5106 praemiis
1664 5040 1872 5110 lapsum

277 5133 420 5173 esse.

356 5209 482 5276 Qua:
501 5211 710 5279 praemia
739 5222 984 5283 martyres
1022 5227 1276 5271 inducant.
1312 5217 1584 5289 Comparat
1616 5222 1870 5296 Martyres

278 5316 394 5354 cum
419 5301 899 5373 θηρῶσι-ρηοά
931 5308 974 5360 si
1005 5308 1211 5377 placeat
1237 5327 1320 5373 ea,
1344 5329 1460 5380 qua:
1483 5324 1601 5383 post
1630 5316 1762 5370 hanc
1790 5320 1868 5371 vi-

280 5403 388 5448 tam
412 5405 727 5464 sequuntur,
747 5398 965 5454 audire:
991 5402 1132 5454 nulla
1166 5418 1226 5456 ea
1255 5405 1467 5472 quidem
1501 5421 1720 5476 possunt
1745 5428 1869 5466 ora-

288 5485 434 5543 tione
460 5488 722 5544 declarari
749 5507 763 5544 :
791 5489 968 5563 Neque
995 5496 1136 5550 enim
1170 5498 1343 5551 oculus
1372 5500 1514 5562 sidit,
1559 5501 1749 5571 inquit,
1779 5519 1868 5558 ne-

273 5595 372 5646 que
408 5583 548 5635 auris
587 5584 800 5648 audivit,
847 5603 1003 5664 neque
1042 5589 1093 5642 in
1131 5606 1218 5642 cor
1251 5591 1466 5645 hominis
1515 5595 1866 5664 ascenderunt,

273 5688 389 5740 qua
422 5679 724 5746 prutparuuit
757 5677 891 5732 Deus
919 5680 980 5734 iis
1001 5683 1088 5750 qui
1108 5682 1322 5754 diligunt
1357 5686 1498 5740 illum
1531 5687 1550 5758 (
1575 5688 1623 5742 l.
1667 5688 1784 5743 Car.
1813 5692 1866 5745 2.

273 5770 369 5829 9);
416 5767 592 5822 nullus
619 5782 776 5838 porro
805 5788 866 5824 ex
903 5771 1205 5827 hominibus
1231 5775 1363 5829 adeo
1398 5777 1558 5832 Deum
1582 5779 1769 5833 dilexit
1809 5797 1871 5836 ac

273 5867 559 5930 martyres.
604 5859 980 5926 Verumtamen
1012 5882 1116 5923 non
1145 5867 1286 5939 quod
1319 5885 1528 5927 omnem
1572 5875 1865 5929 elationem

1486 422 1573 477 DE
1611 417 1895 483 SANCTIS
1934 413 2402 478 MARTYRIBUS.

3511 428 3613 483 ΠΟ

2022 541 2361 604 mentemque
2401 543 2686 604 exsuperet
2713 545 3068 606 repositorum
3111 539 3370 596 bonorum
3412 548 3616 615 magm-

2023 624 2172 688 tudo,
2209 624 2330 680 ideo
2381 625 2673 689 silebimus,
2712 627 2807 682 sed
2845 638 3100 697 quantum
3141 631 3300 686 situm
3351 634 3404 689 in
3461 636 3615 691 nobis

2017 714 2120 768 erit
2151 714 2354 782 dicere,
2387 724 2442 770 et
2484 716 2535 770 in
2566 717 2716 771 vobis
2759 717 2964 785 audire,
3004 722 3316 777 conabimur
3337 725 3484 788 vobis
3510 727 3611 781 ob.

2016 801 2176 859 δραι-ἒξ
2201 805 2589 872 demonstrare,
2619 817 2815 877 quanta
2846 809 2964 863 illos
2993 809 3064 864 ibi
3104 811 3336 884 excipiat
3385 815 3611 869 beatitu.

2015 893 2086 948 do
2113 913 2127 948 :
2154 896 2294 951 hanc
2331 897 2474 952 enim
2511 897 2585 950 illi
2629 899 2730 952 soli
2772 898 3047 954 evidenter
3083 912 3368 970 noverunt,
3411 905 3504 975 qui
3546 921 3609 961 ea

2020 987 2194 1057 reipsa
2215 987 2578 1057 perfruuntur.
2602 990 2888 1047 Enimvero
2916 992 3201 1064 perexiguo
3227 995 3443 1066 quidem
3472 1006 3609 1053 tent-

2015 1079 2159 1147 poris
2204 1090 2476 1136 momento
2516 1092 2780 1154 martyres
2822 1085 3150 1156 gravia‘ista
3189 1097 3246 1141 et
3272 1086 3608 1144 intoleranda

2017 1170 2290 1246 patiuntur
2322 1190 2335 1226 :
2373 1159 2651 1243 postquam
2681 1183 2859 1231 autem
2904 1175 3029 1232 hinc
3053 1179 3402 1246 excesserint,
3425 1181 3477 1236 in
3504 1197 3609 1237 ca:-

2011 1245 2092 1315 los
2115 1260 2411 1316 ascendunt
2437 1263 2643 1334 angelis
2665 1265 2810 1333 ipsos
2839 1266 3284 1338 praecedentibus,
3305 1280 3358 1325 et
3380 1245 3580 1326 archan

2010 1353 2141 1421 gelis
2162 1355 2450 1408 satellitum
2474 1370 2622 1410 more
2653 1358 3006 1426 stipantibus:
3031 1375 3136 1414 non
3157 1363 3299 1416 enim
3332 1363 3492 1430 pudet
3512 1379 3606 1420 eos

2012 1447 2291 1501 conservis
2317 1447 2489 1502 officia
2513 1451 2787 1518 prmsta'ro,
2808 1451 2901 1505 sed
2923 1453 3126 1523 quaevis
3150 1455 3321 1524 parati
3344 1467 3467 1510 sunt
3489 1457 3606 1511 illo-

2009 1550 2126 1590 rum
2151 1552 2310 1593 causa
2336 1539 2532 1602 facere,
2563 1543 2776 1611 quando
2804 1543 2877 1596 illi
2905 1544 3104 1613 quavis
3129 1561 3225 1616 pro
3251 1546 3478 1602 Domino
3504 1563 3606 1603 suo

2005 1626 2221 1682 Christo
2253 1643 2358 1682 non
2389 1630 2698 1685 dubitarunt
2752 1634 3007 1702 perferre.
3060 1634 3252 1693 Postea
3291 1655 3418 1694 vero
3443 1656 3604 1710 quant

2006 1721 2061 1776 in
2088 1721 2247 1777 cmlos
2276 1723 2633 1788 ascenderint,
2674 1735 2871 1782 sanctze
2891 1742 3078 1784 omnes
3104 1729 3206 1785 illae
3235 1732 3456 1788 virtutes
3477 1749 3625 1788 con-A

2005 1823 2249 1869 currunt.
2279 1816 2331 1872 Si
2355 1817 2497 1872 enim
2525 1820 2820 1892 peregrinis
2853 1821 3067 1876 athletis
3092 1823 3148 1878 in
3176 1825 3365 1881 urbem
3400 1825 3603 1881 adven-

2010 1909 2242 1963 tantibus
2271 1910 2500 1980 populus
2529 1913 2706 1967 omnis
2736 1913 2960 1969 conﬂuit
2990 1915 3245 1987 undique,
3271 1933 3472 1989 eosque
3497 1922 3602 1974 cir-

2007 1999 2397 2058 cnmvallantes
2453 2012 2630 2072 aptam
2679 2005 3041 2081 membrorum
3094 2007 3497 2078 dispositionem
3547 2015 3598 2090 i_u

2010 2088 2116 2142 illis
2165 2093 2643 2162 contemplantur:
2692 2099 2860 2151 multo
2910 2100 3109 2170 magis,
3161 2117 3283 2156 cum
3327 2088 3600 2174 religionis

2009 2181 2223 2237 athleta:
2272 2184 2324 2238 in
2379 2187 2540 2241 ett-los
2581 2191 2959 2256 asccmlerint,
3009 2204 3336 2249 concurrunt
3386 2199 3596 2268 angeli,

2006 2286 2302 2344 omnesque
2329 2279 2568 2349 undique
2591 2281 2866 2336 conﬂuunt
2885 2297 3128 2354 superna:
3154 2287 3394 2354 virtutes,
3411 2306 3598 2348 eorum

1998 2367 2340 2424 considerant
2364 2369 2605 2438 vulnera,
2643 2384 2699 2428 et
2747 2383 3013 2446 tamquam
3055 2378 3286 2434 victores
3313 2385 3595 2452 quosdam,

1997 2472 2029 2511 e
2052 2458 2191 2513 bello
2221 2475 2283 2516 ac
2315 2463 2510 2531 pneliis
2537 2475 2886 2534 revertentes,
2925 2467 3108 2524 multis
3140 2456 3371 2542 tropaeis
3417 2489 3481 2528 ac
3511 2478 3594 2530 vi-

1995 2550 2176 2606 ctoriis
2203 2553 2389 2622 partis,
2434 2569 2557 2610 cum
2587 2557 2863 2628 voluptate
2899 2561 3174 2630 excipiunt
3215 2579 3310 2618 eos
3331 2581 3522 2621 omnes
3544 2578 3597 2624 et

1995 2644 2389 2714 amplexantur,
2417 2662 2480 2702 ac
2507 2648 2704 2705 deinde
2730 2651 2899 2706 multo
2922 2653 3172 2709 satellitio
3203 2657 3597 2728 circumseptus

1995 2735 2061 2791 ad
2107 2737 2306 2808 Regem
2337 2741 2613 2808 caelat-um,
2645 2743 2712 2799 ad
2756 2745 2904 2800 illum
2952 2748 3201 2803 thronum
3238 2752 3398 2806 multa
3426 2756 3594 2825 gloria

1995 2828 2382 2886 redundantem
2408 2875 2422 2899 ,
2470 2833 2560 2889 ubi
2605 2835 2898 2892 Cherubim
2946 2849 3000 2894 et
3039 2841 3318 2912 Seraphiin
3358 2845 3593 2912 adstant,

1993 2917 2286 2976 deducunt.
2333 2923 2467 2978 Cum
2509 2941 2636 2980 vero
2677 2928 2803 2982 illuc
2852 2930 3188 2999 advenerim,
3230 2950 3461 3006 eumque
3501 2941 3591 3010 qui

1996 3011 2190 3066 throno
2213 3015 2408 3071 insidet
2430 3017 2790 3086 adoraverint,
2814 3022 2984 3076 multo
3000 3024 3211 3094 majori,
3231 3041 3389 3097 quam
3413 3044 3443 3084 a
3460 3045 3592 3104 εφη·

1991 3104 2180 3170 servis,
2207 3119 2235 3158 a
2262 3105 2488 3162 Domino
2504 3109 2842 3179 excipiuntur
2869 3111 3239 3170 benevolentia
3269 3134 3284 3172 :
3317 3133 3423 3174 non
3446 3122 3588 3178 enim

1991 3203 2048 3246 ut
2081 3209 2267 3250 servos
2297 3211 2391 3252 eos
2416 3199 2612 3268 excipit
2642 3200 2989 3272 (quamquam
3017 3213 3076 3261 et
3101 3207 3365 3265 maximus
3391 3210 3478 3266 hic
3508 3222 3590 3269 est

1990 3285 2193 3352 honor,
2217 3288 2407 3359 cuique
2435 3305 2539 3345 non
2569 3294 2738 3361 possit
2761 3294 2981 3366 aequalis
3016 3299 3297 3370 reperiri),
3327 3300 3421 3357 sed
3451 3313 3587 3358 tam-

1987 3393 2147 3447 quam
2174 3379 2376 3434 amicos
2407 3396 2552 3436 suos.
2604 3381 2704 3436 Vos
2730 3385 2882 3451 enim,
2939 3387 3125 3458 inquit,
3176 3391 3328 3444 amici
3353 3395 3452 3447 mei
3471 3398 3590 3452 estis

1988 3469 2274 3541 (Joan.15.
2302 3472 2428 3542 ll);
2459 3489 2521 3528 ac
2551 3475 2742 3529 meriti»
2767 3490 2898 3534 sane
2930 3497 2944 3532 :
2975 3481 3236 3548 siquidem
3261 3483 3374 3553 ipse
3405 3502 3588 3541 rursus

1986 3559 2156 3614 dixit:
2191 3559 2446 3631 Majorem
2495 3563 2590 3617 huc
2630 3581 2774 3620 nemo
2814 3568 2962 3622 habet
3001 3569 3340 3641 dilectionem,
3381 3584 3438 3629 ut
3472 3579 3587 3630 uni-

1985 3666 2118 3702 mam
2144 3667 2289 3704 suam
2310 3664 2464 3722 ponat
2481 3657 2592 3724 quis
2613 3673 2706 3726 pro
2729 3658 2904 3714 amicis
2923 3661 3026 3714 suis
3062 3661 3112 3734 (Ι
3119 3662 3222 3717 bid.
3251 3665 3360 3733 13).
3399 3668 3586 3736 Quan-

1984 3740 2058 3795 do
2105 3741 2267 3812 igitur
2317 3746 2603 3800 maximam
2648 3747 2748 3816 ipsi
2809 3749 3085 3806 caritatem
3125 3753 3583 3828 demonstrarunt,

1987 3833 2116 3888 istos
2160 3834 2358 3903 excipit
2408 3835 2716 3902 honoriﬁce,
2761 3848 2919 3909 atque
2962 3842 3050 3897 illa
3087 3843 3252 3913 gloria
3296 3848 3583 3916 perfruun-

1985 3934 2070 3978 tur
2100 3934 2152 3990 1;
2185 3927 2475 3996 participes
2520 3928 2654 3983 ﬁunt
2682 3929 2970 3987 chororum
3009 3944 3065 3988 et
3087 3937 3310 3993 canticis
3341 3943 3582 4012 mysticis

1981 4014 2398 4071 communicant.
2435 4017 2495 4073 Si
2516 4018 2657 4074 enim
2679 4033 2801 4075 cum
2831 4030 3014 4078 essent
3041 4024 3094 4080 in
3123 4040 3366 4097 corpore,
3391 4045 3582 4087 secun-

1981 4107 2107 4161 dum
2162 4111 2542 4180 mysteriorum
2581 4114 3016 4171 communionem
3062 4119 3112 4171 in
3162 4119 3308 4175 illum
3351 4123 3575 4180 chorum

1981 4197 2419 4266 admittebantur,
2439 4209 2497 4256 ut
2523 4216 2644 4256 cum
2675 4203 2809 4273 ipsis
2833 4197 3123 4262 Cherubim
3160 4213 3451 4280 psallerent
3477 4214 3578 4287 hy-

1981 4304 2162 4343 mnum
2191 4299 2274 4345 ter
2300 4299 2544 4346 sanctum
2599 4291 2754 4363 (Isai.
2785 4297 2837 4352 6.
2869 4295 2956 4368 3),
2987 4308 3044 4352 ut
3075 4313 3166 4355 vos
3193 4303 3357 4371 probe
3385 4307 3574 4374 nostis,

1986 4378 2073 4446 qui
2107 4379 2377 4450 mysteriis
2428 4381 2620 4436 initiati
2671 4385 2845 4451 estis;
2889 4387 3058 4441 multo
3100 4393 3271 4462 magis
3301 4410 3440 4448 nunc
3471 4397 3578 4452 illis

1981 4467 2276 4538 conjuncti,
2307 4485 2428 4525 cum
2456 4472 2650 4542 quibus
2679 4473 2876 4532 choros
2915 4477 3042 4545 olim
3073 4480 3359 4550 ducebant,
3410 4488 3577 4545 multa

1981 4573 2102 4613 eum
2132 4558 2328 4615 ﬂducia
2360 4556 2650 4618 laudationi
2675 4565 2753 4619 illi
2795 4570 3210 4626 communicant.
3259 4575 3451 4631 Annon
3481 4593 3576 4634 an-

1984 4649 2138 4705 tehac
2191 4652 2509 4723 martyrium
2537 4653 2901 4712 ~horrebatis?
2955 4674 3134 4716 annon
3182 4667 3425 4738 martyrii
3478 4685 3576 4727 vos

1984 4755 2127 4795 nunc
2183 4741 2510 4798 desiderium
2553 4745 2728 4815 capit?
2783 4749 3043 4820 numquid
3083 4767 3191 4807 non
3231 4751 3426 4812 doletis
3461 4759 3575 4830 jam

1980 4831 2220 4901 martyrii
2251 4841 2466 4903 tempus
2495 4848 2603 4889 non
2628 4833 2863 4892 adesse?
2888 4837 3085 4894 Verum
3113 4855 3460 4903 exerceamus
3475 4866 3576 4906 nos

1978 4923 2046 4976 ad
2075 4933 2283 4994 tempus
2310 4927 2552 4998 martyrii
2581 4945 2595 4981 :
2623 4938 3068 5002 contempserunt
3120 4936 3196 4991 illi
3228 4940 3409 5006 vitam,
3444 4958 3573 4999 con-

1981 5027 2160 5073 temne
2191 5030 2247 5073 tu
2273 5019 2494 5076 delicias
2520 5039 2533 5075 :
2566 5023 2912 5094 proiecerunt
2938 5026 3013 5082 illi
3037 5043 3264 5099 corpora
3293 5033 3346 5087 in
3374 5035 3573 5105 ignem,

1982 5111 2183 5179 projiee
2228 5120 2283 5166 tu
2313 5114 2567 5183 pecunias
2596 5131 2740 5177 nunc
2770 5118 2823 5171 in
2855 5133 3149 5192 pauperum
3180 5140 3371 5181 manus
3404 5147 3416 5182 :
3449 5145 3575 5198 pru-

1980 5215 2077 5255 nas
2101 5201 2179 5257 illi
2203 5202 2500 5269 calcarunt,
2549 5213 2604 5260 tu
2637 5208 2942 5278 cupiditatis
2970 5211 3240 5269 ﬂammam
3269 5220 3574 5289 exstingue.

1980 5299 2270 5354 Laboriosa
2297 5309 2423 5357 sunt
2454 5302 2551 5357 ista
2572 5313 2625 5357 et
2647 5303 2909 5373 dilﬂeilia,
2944 5308 3039 5364 sed
3070 5318 3250 5367 tamen
3282 5314 3430 5368 utilia
3458 5316 3576 5370 val--

1978 5390 2066 5445 de.
2095 5389 2172 5445 Ne
2213 5406 2275 5446 ea
2308 5407 2427 5462 qua:
2465 5398 2749 5464 prmsentia
2788 5409 2916 5454 sunt
2952 5401 3144 5456 acerba
3169 5391 3432 5473 spectes,
3481 5410 3572 5462 sed

1978 5499 2097 5552 qua:
2123 5483 2358 5556 jucunda
2400 5485 2610 5542 futura:
2644 5505 2751 5546 non
2779 5507 2900 5563 qua:
2927 5493 2979 5548 in
3014 5497 3259 5551 manibus
3291 5499 3453 5568 mala,
3477 5501 3570 5556 sed

1977 5592 2098 5647 qua:
2146 5579 2199 5633 in
2232 5593 2328 5649 spe
2353 5580 2490 5636 bona
2522 5599 2535 5636 :
2567 5599 2675 5638 non
2700 5600 2991 5655 mrumnas,
3033 5590 3126 5645 sed
3165 5592 3385 5660 pra-mia
3416 5610 3430 5648 :
3465 5609 3571 5650 uou

1979 5669 2211 5735 labores,
2250 5670 2343 5727 sed
2372 5687 2601 5728 coronas
2634 5693 2645 5727 :
2681 5691 2787 5730 non
2835 5677 3082 5744 sudores,
3126 5681 3218 5736 sed
3248 5682 3527 5740 mercedes
3557 5703 3568 5738 :

2018 5886 2023 5890 _
2043 5825 2057 5855 ί
2087 5829 2134 5902 ui
2157 5824 2306 5902 savii;
2321 5827 2394 5902 sic
2405 5825 2612 5902 legitur.
2629 5829 2742 5902 istos
2762 5830 2943 5902 eatripu
2969 5839 3017 5884 ut
3036 5833 3394 5899 dilectissimos,‘
3411 5843 3455 5888 et
3473 5837 3566 5902 yie-

1981 5887 2055 5936 riu
2081 5887 2166 5936 illa
2187 5887 2413 5950 ineffabili
2438 5887 2558 5953 perri
2575 5900 2771 5953 uiuitur;
2796 5887 2944 5946 bene.
