4182 6322
691 378 779 436 ἿΗ
1403 378 1458 434 S.
1497 376 1770 433 JOANNIS
1805 374 2271 433 CllltYSOSTOMl
2309 374 2627 432 ARCHIEP.
2667 375 3193 435 CONSTANTINOP.

685 512 791 550 non
821 492 1157 559 acerbitates,
1203 493 1295 549 sud
1326 492 1698 547 retributiones
1728 508 1741 543 :
1768 505 1870 551 non
1895 491 2066 560 ignem
2090 504 2249 544 uren-

685 598 813 643 tem.
846 585 937 641 sed
960 585 1288 656 propositum
1311 599 1576 655 regnum:
1606 598 1708 637 non
1730 584 2006 637 carniliccs
2026 580 2253 636 circum-

684 686 904 735 stantes.
934 676 1028 730 sed
1060 675 1324 730 Christum
1355 683 1721 729 coronantem.

754 768 804 823 3.
851 768 962 833 Qua
995 769 1188 822 ratione
1212 765 1278 819 ad
1301 766 1529 819 eirtutrm
1563 766 1789 833 expedite
1810 761 2055 831 possimus
2082 776 2249 831 perve-

682 862 812 916 nire.
840 891 911 902 —
932 860 1057 915 Haec
1089 859 1331 928 expedita
1368 859 1597 914 maxime
1635 858 1768 911 ratio
1794 871 1857 909 ac
1886 856 1973 909 via
2000 854 2065 909 ad
2093 854 2254 908 virtu-

681 962 788 1008 tem
836 952 1103 1017 facillima,
1140 967 1246 1006 non
1294 951 1506 1005 labores
1555 958 1755 1004 tantum
1816 948 2029 1015 intueri,
2065 946 2158 1001 sed
2199 954 2252 1000 et

686 1046 902 1115 prtemia
928 1057 1046 1098 cum
1071 1042 1360 1107 laboribus,
1390 1055 1563 1109 neque
1583 1041 1693 1111 ipsa
1717 1047 1917 1096 tantum
1946 1038 2248 1108 separatim.

679 1135 812 1188 Cum
836 1135 991 1203 igitur
1019 1133 1415 1204 eleemosynam
1440 1148 1500 1187 es
1545 1131 1927 1201 impertituros,
1955 1132 2059 1183 noli
2088 1144 2250 1200 pecu—

681 1226 782 1279 nia:
821 1224 1112 1287 impensam
1154 1223 1467 1289 attendere,
1507 1223 1599 1278 sed
1639 1223 1855 1292 justitiae
1893 1221 2251 1276 coacervatio-

682 1332 826 1373 nem.
866 1314 1128 1385 Disponit,
1176 1315 1311 1369 dedit
1337 1314 1640 1385 pauperibus
1670 1328 1689 1368 .'
1719 1313 1920 1382 justitia
1949 1313 2057 1383 ejus
2084 1322 2249 1364 manet

679 1410 731 1461 in
760 1409 997 1462 arculum
1017 1408 1187 1462 amuli
1214 1410 1231 1475 (
1257 1404 1401 1459 Paul.
1430 1405 1549 1458 Hi.
1583 1402 1652 1475 9)
1689 1421 1702 1457 :
1728 1419 1793 1457 ne
1820 1403 2071 1471 resliicias
2098 1416 2248 1470 opes,

679 1514 798 1567 (ιιιιιξ
828 1497 1233 1559 exhauriuntur,
1287 1493 1377 1548 sed
1408 1493 1607 1562 inSpicc
1640 1492 1942 1545 thesaurum
1973 1490 2059 1560 qui
2085 1504 2251 1559 auge-

681 1598 787 1642 tur.
810 1588 863 1642 Si
892 1587 1120 1655 jejunes,
1150 1600 1254 1639 non
1286 1585 1460 1638 carnis
1500 1599 1563 1637 cx
1600 1582 1801 1652 jejunio
1842 1580 2251 1635 maccrationem

682 1680 991 1741 considera,
1029 1678 1121 1733 sed
1170 1676 1574 1741 relaxationem,
1618 1690 1774 1744 quam
1806 1690 1868 1728 ex
1902 1674 1986 1727 illa
2015 1688 2251 1727 macera«

682 1772 824 1824 tione
882 1767 1246 1837 consequeris.
1301 1768 1355 1821 Si
1402 1776 1609 1820 noctem
1662 1765 1953 1819 insomnem
2012 1763 2255 1827 traducas

681 1858 906 1925 orando,
935 1873 1041 1913 non
1074 1858 1370 1915 molestiam
1416 1872 1483 1910 ex
1511 1855 1702 1925 vigilia,
1727 1854 1820 1910 sed
1843 1870 1997 1923 quam
2027 1854 2254 1923 acquiris

678 1952 1012 2005 exoratione
1043 1949 1287 2003 tidnciam
1340 1948 1625 2017 perpende.
1679 1946 1752 1999 Ita
1802 1960 2013 2015 quoque
2064 1946 2255 1998 milites

680 2042 876 2095 iaciunt
906 2058 919 2093 :
954 2056 1057 2095 non
1088 2040 1309 2093 vulnera
1360 2040 1651 2103 intuentur,
1693 2038 1786 2092 sed
1833 2038 2047 2106 pra-mia
2098 2054 2110 2089 :
2150 2052 2252 2090 non

677 2131 873 2198 cedes,
904 2130 996 2186 sed
1020 2130 1268 2185 victorias
1303 2146 1316 2181 :
1350 2144 1453 2185 non
1486 2138 1723 2183 mortuos
1750 2129 2021 2195 cadentes,
2050 2128 2142 2183 sed
2167 2144 2256 2182 co-

680 2233 898 2277 renatos
922 2221 1167 2277 victores.
1200 2221 1289 2275 Sic
1317 2228 1370 2278 et
1399 2220 1783 2289 gubernatores
1810 2229 1933 2274 ante
1964 2229 2251 2289 tempesta-

681 2324 761 2369 tes
792 2325 973 2384 portus
1015 2313 1323 2383 respiciunt,
1366 2321 1491 2368 ante
1531 2312 1799 2381 naufragia
1840 2311 2251 2381 negotiationes;

680 2415 803 2460 ante
834 2404 1165 2459 incommoda
1204 2404 1550 2473 navigationis
1583 2418 1700 2473 qua:
1739 2418 1804 2457 ex
1847 2402 2107 2457 maritima
2136 2417 2255 2472 per-

680 2498 1007 2566 egrinatione
1048 2496 1191 2549 lucra
1222 2495 1596 2563 decerpuntur.
1629 2494 1701 2549 Ita
1724 2493 1809 2552 {ac
1838 2503 1891 2549 tu
1916 2508 2257 2565 quoque:co-

676 2592 785 2659 gita
811 2599 1061 2654 quantum
1081 2590 1150 2642 sit
1172 2587 1321 2651 illud,
1345 2590 1507 2641 multa
1534 2598 1689 2642 nocte
1705 2587 2092 2641 dormientibus
2115 2601 2255 2640 mor-

678 2684 871 2743 talibus
896 2682 1163 2747 omnibus,
1203 2680 1329 2736 feris
1354 2694 1415 2734 ac
1432 2680 1684 2748 jumentis
1711 2679 1761 2732 in
1784 2676 2034 2731 altissima
2057 2678 2252 2747 quiete,

677 2776 847 2831 solum
880 2785 929 2829 te
957 2770 1381 2842 expergefactum
1413 2785 1532 2825 cum
1572 2770 1839 2823 communi
1869 2768 2103 2822 omnium
2153 2768 2257 2821 Do-

674 2867 825 2935 mino
846 2866 1012 2921 libere
1037 2864 1299 2934 colloquia
1328 2864 1580 2917 miscere.
1609 2862 1782 2915 Dulcis
1804 2872 1886 2916 est
1914 2861 2165 2916 somnus?
2189 2864 2255 2915 At

674 2957 809 3015 nihil
830 2955 1040 3011 dulcius
1069 2955 1308 3009 oratione
1339 2955 1380 3007 ⁸.
1412 2953 1467 3009 Si
1493 2953 1637 3008 solus
1665 2968 1782 3007 cum
1807 2953 1920 3006 solo
1945 2952 2254 3021 colloquens

676 3048 766 3107 diu
800 3047 1036 3118 potueris
1078 3045 1367 3116 perdurare
1422 3044 1568 3098 nullo
1616 3043 1977 3111 obstrepente,
2023 3043 2168 3096 nullo
2199 3049 2253 3096 te

681 3137 1075 3207 interpellante,
1118 3146 1276 3205 atque
1303 3134 1371 3190 ab
1397 3135 1637 3190 oratione
1677 3142 1975 3197 revocante,
2010 3133 2172 3189 habes
2197 3142 2253 3189 et

677 3240 888 3298 tempus
922 3227 1326 3297 suffragatorem
1369 3225 1434 3281 ad
1480 3226 1530 3280 id
1572 3225 1710 3295 quod
1771 3226 1974 3293 expetis
2008 3224 2251 3279 obtinen-

681 3322 831 3375 dum.
858 3318 1054 3374 Verum
1084 3320 1135 3375 in
1184 3318 1327 3376 molli
1362 3325 1531 3371 strato
1576 3317 1917 3381 decumbens,
1944 3316 2008 3382 in
2036 3315 2170 3370 hanc
2197 3324 2250 3369 et

680 3412 732 3465 in
762 3411 905 3467 illam
949 3418 1155 3481 partem
1182 3408 1430 3473 verteris,
1471 3421 1532 3463 ac
1558 3422 1775 3477 surgere
1806 3406 2105 3475 pigritaris?
2145 3406 2250 3461 Ve-

680 3502 830 3560 niant
852 3500 944 3557 tibi
970 3501 1020 3553 in
1053 3511 1281 3553 mentem
1314 3498 1409 3561 illi,
1429 3498 1520 3571 qui
1550 3497 1599 3551 in
1624 3498 1879 3554 craticula
1904 3496 2070 3552 ferrea
2106 3498 2251 3567 jace-

683 3593 813 3647 bant
839 3590 997 3647 hodie
1025 3599 1308 3661 martyres,
1341 3605 1449 3644 non
1471 3589 1709 3657 subjecto
1726 3589 1907 3655 cubili,
1941 3588 2034 3643 sed
2066 3588 2251 3658 prunis

676 3682 977 3741 Substratis.

748 3774 1033 3846 illm-tyrant
1052 3772 1301 3844 supplicia
1329 3773 1608 3829 recolendu.
1638 3803 1707 3813 —
1734 3774 1828 3827 llic
1859 3789 1955 3844 ego
1984 3773 2137 3828 finem
2168 3774 2249 3829 di-

679 3866 831 3927 cendi
860 3864 1034 3921 facere
1063 3864 1255 3927 statui,
1281 3873 1340 3919 ut.
1365 3878 1463 3919 vos
1491 3865 1759 3919 craticula:
1788 3866 2046 3937 vigentem
2078 3865 2247 3921 adhuc

743 3978 759 4009 ¹
793 3976 931 4028 savii.
952 3984 1003 4027 et.
1025 3983 1161 4040 Κείς..
1185 3975 1397 4027 oratione
1418 3973 1652 4038 ﬁduciam
1676 3976 1890 4028 habente.

687 4182 1063 4215 :2:.—.——————‘
1066 4183 1359 4212 ——.—_—,_.__—
1314 4184 1423 4203 ﬁ:—
1434 4184 1449 4203 ζ

748 4183 1409 4193 --.—————.____.._.
1440 4184 1449 4189 -
1484 4186 1493 4187 κ
1594 4186 1601 4187 κ
1936 4182 1979 4183 .7

748 4197 1727 4212 _——_.————.—_,_._____.~--..s-.4.ﬁ_
1750 4196 1759 4201 -
1790 4198 1807 4199 η
1836 4193 2073 4201 γης-.--ι
2102 4196 2167 4199 ,αν

3836 380 3937 435 ἨΞ

2360 496 2413 544 ct
2439 499 2705 544 recentem
2736 488 2987 544 habentes
3029 490 3341 545 memoriam
3381 488 3713 557 ahscedatis,
3738 499 3793 545 et
3822 490 3933 558 ejus

2360 588 2519 633 noctu
2548 588 2705 650 atque
2728 580 2951 634 interdiu
2980 580 3328 635 recns-demitti
3347 596 3361 634 :
3380 580 3503 636 licet
3525 581 3930 637 cnimsexceuta

2361 673 2566 727 vincula
2597 688 2692 727 nos
2720 672 3047 738 devinciant,
3083 682 3256 728 tamen
3289 672 3441 728 facile
3470 682 3659 728 cuncta
3700 674 3927 729 disrum-

2360 780 2486 834 pere
2516 764 2806 834 poterimus
2828 805 2843 831 ,
2872 775 3030 834 atque
3057 765 3122 817 ad
3144 765 3399 819 orandum
3428 780 3779 836 consurgere,
3802 765 3929 819 dum

2359 855 2665 910 craticulam
2696 869 2907 925 semper
2933 870 3204 909 versamus
3250 856 3447 909 animo.
3479 855 3594 910 Non
3622 854 3929 910 craticulam

2359 956 2534 1000 autem
2560 946 2753 1009 solum,
2782 946 2874 1001 sed
2904 954 2957 1000 et
2991 946 3090 1001 alia
3135 956 3426 1019 martyrum
3468 956 3730 1001 tormenta
3773 960 3932 1015 super

2359 1037 2536 1092 cordis
2584 1039 2754 1093 nostri
2793 1037 3121 1092 latitudinem
3162 1038 3542 1094 describamus.
3573 1038 3929 1103 Quemadmo-

2359 1126 2481 1182 dum
2512 1128 2603 1198 qui
2631 1142 2755 1183 suas
2779 1128 2921 1183 mdes
2959 1128 3314 1197 elegantiores
3339 1128 3598 1192 reddunt,
3630 1128 3817 1182 ﬂorida
3842 1142 3933 1183 eas

2360 1221 2563 1289 pictura
2588 1219 2819 1289 undique
2834 1230 3093 1275 exornant
3120 1236 3135 1273 :
3167 1221 3243 1274 sic
3262 1229 3315 1275 et
3336 1235 3432 1275 nos
3453 1220 3505 1274 in
3526 1222 3716 1275 mentis
3736 1229 3933 1275 nostra

2359 1310 2653 1381 parietibus
2677 1311 2943 1365 cruciatus
2968 1320 3258 1381 martyrum
3287 1311 3649 1382 depingamus.
3674 1312 3805 1367 Nam
3845 1313 3933 1366 illa

2359 1400 2571 1471 quidem
2612 1400 2817 1471 pictura
2864 1412 2947 1455 est
2994 1402 3231 1468 inutilis;
3266 1403 3365 1456 ista
3396 1419 3520 1457 vero
3550 1404 3705 1472 plena
3752 1404 3930 1458 lucri:

2360 1508 2464 1546 non
2491 1493 2633 1547 enim
2654 1493 2897 1562 pecuniis,
2916 1493 3132 1563 indiget,
3160 1509 3266 1548 non
3292 1496 3539 1565 expensis
3556 1538 3570 1560 ,
3600 1512 3773 1565 neque
3798 1497 3934 1551 adeo

2359 1592 2471 1638 arte
2497 1583 2598 1637 ulla
2615 1584 2813 1653 pictura
2844 1585 2956 1638 ha-c
2978 1585 3230 1640 :sedvice
3256 1588 3491 1641 omnium
3523 1598 3819 1657 promptam
3843 1605 3934 1642 vo-

2359 1675 2613 1729 luntatem
2663 1688 2999 1746 mentemque
3024 1691 3335 1747 generosam
3363 1672 3425 1733 ac
3451 1680 3754 1749 vigilantem
3783 1680 3933 1734 sutil-

2359 1767 2430 1821 cit
2469 1767 2753 1834 adhibere,
2799 1778 2958 1839 atque
3001 1769 3083 1824 bis
3121 1771 3271 1840 quasi
3303 1771 3546 1825 manibus
3594 1773 3935 1841 peritissimis

2360 1859 2597 1929 ipsorum
2644 1858 2945 1915 describere
2990 1862 3277 1916 cruciatus.
3306 1861 3661 1932 Depingamus
3704 1878 3836 1934 ergo
3881 1865 3933 1917 in

2358 1953 2533 2006 anima
2565 1962 2742 2004 nostra
2773 1951 2869 2006 hos
2899 1950 3138 2019 jacentes
3168 1952 3217 2005 in
3257 1952 3555 2021 sartagine,
3599 1952 3716 2006 illos
3756 1964 3933 2006 autem

2360 2057 2519 2111 super
2563 2043 2822 2097 carbones
2866 2052 3151 2106 extensos;
3202 2041 3300 2096 hos
3330 2043 3381 2096 in
3411 2042 3612 2096 lebetes
3655 2042 3929 2111 dejectos,

2361 2133 2480 2187 illos
2509 2132 2560 2185 in
2592 2147 2738 2186 mare
2764 2132 3073 2199 demersos;
3104 2133 3236 2185 alios
3266 2133 3557 2198 laceratos,
3580 2134 3715 2187 alios
3738 2135 3788 2186 in
3819 2145 3935 2188 rota

2361 2226 2642 2291 distortos,
2668 2225 2803 2279 alios
2832 2226 2883 2279 in
2911 2224 3258 2295 praecipitium
3286 2234 3466 2292 actos;
3505 2234 3663 2295 atque
3694 2225 3789 2279 hos
3821 2227 3937 2296 qui-

2359 2318 2479 2373 dem
2504 2333 2624 2373 cum
2648 2318 2827 2373 bestiis
2850 2318 3230 2389 depugnantes,
3250 2317 3369 2371 illos
3389 2332 3518 2371 vero
3546 2317 3596 2371 in
3625 2317 3936 2371 barathrum

2358 2411 2663 2476 devolutos,
2687 2411 2818 2466 alios
2843 2420 2900 2466 ut
2923 2412 3113 2481 cuique
3142 2410 3362 2481 contigit
3389 2420 3611 2465 mortem
3640 2411 3931 2465 obeuntes:

2362 2514 2419 2560 ut
2462 2505 2614 2574 hujus
2646 2507 2862 2576 picturae
2887 2503 3145 2558 varietate
3169 2502 3385 2557 domum
3415 2510 3651 2556 nostram
3681 2502 3937 2555 illustrio-

2360 2611 2473 2651 rem
2500 2610 2619 2650 cum
2647 2594 3057 2656 reddiderimus,
3088 2603 3269 2662 aptum
3297 2592 3551 2647 caelorum
3581 2593 3710 2662 Regi
3755 2592 3935 2646 diver—

2360 2687 2559 2741 sorium
2596 2700 2974 2755 prmparemus.
3016 2684 3222 2738 Etenim
3270 2683 3315 2738 si
3355 2683 3615 2753 ejusmodi
3660 2682 3852 2738 viderit
3882 2682 3934 2736 in

2358 2788 2541 2831 nostra
2566 2787 2742 2831 mente
2760 2778 3015 2847 picturas,
3044 2774 3221 2830 veniet
3242 2789 3364 2828 cum
3400 2774 3577 2841 Patre,
3603 2774 3935 2828 mansionem

2358 2868 2495 2937 apud
2523 2884 2620 2923 nos
2643 2868 2797 2922 faciet
2823 2882 2943 2921 cum
2970 2866 3170 2935 Spiritu
3199 2874 3412 2930 sancto;
3436 2865 3641 2934 eritque
3682 2865 3937 2933 deinceps

2358 2958 2499 3028 regia
2524 2958 2763 3028 quaedam
2792 2957 2984 3011 domus
3014 2970 3165 3010 mens
3203 2964 3383 3010 nostra
3408 2995 3423 3019 ,
3452 2955 3703 3025 nullaque
3734 2956 3783 3008 in
3817 2971 3935 3010 eam

2359 3048 2561 3118 ingredi
2588 3049 2780 3117 poterit
2801 3048 3028 3101 absurda
3054 3047 3323 3115 cogitatio,
3344 3045 3469 3099 dum
3498 3058 3791 3117 martyrum
3823 3061 3934 3099 me-

2359 3143 2524 3197 moria
2546 3182 2561 3207 ,
2585 3142 2727 3194 velut
2758 3141 2962 3208 pictura
2998 3137 3239 3207 qumdam
3268 3136 3454 3191 ﬂorida
3473 3178 3488 3201 ,
3524 3136 3667 3191 omni
3695 3146 3936 3206 tempore

2358 3235 2409 3288 in
2434 3233 2585 3287 nobis
2607 3230 2873 3295 manebit,
2894 3230 3225 3296 multumque
3250 3227 3302 3289 in
3328 3242 3387 3281 ea
3417 3227 3756 3295 splendorem
3781 3226 3937 3280 emit-

2356 3335 2461 3390 tet;
2492 3324 2720 3393 atquein
2747 3320 2898 3376 nobis
2921 3322 3032 3374 ltcx
3079 3319 3446 3373 universorum
3478 3318 3731 3373 continue
3756 3316 3935 3371 diver-

2354 3418 2575 3473 sabitur.
2599 3413 2750 3481 Quod
2777 3415 2821 3468 si
2850 3414 2921 3467 ita
2951 3412 3221 3468 Christum
3270 3411 3323 3465 in
3368 3410 3467 3464 hac
3495 3409 3599 3463 vita
3631 3409 3934 3478 susceperi-

2354 3525 2492 3573 mus,
2528 3516 2647 3579 post
2698 3514 2935 3561 nostrum
2985 3520 3048 3559 ex
3096 3519 3157 3558 ea
3202 3503 3492 3558 discessum
3531 3501 3827 3573 poterimus
3882 3502 3934 3554 in

2353 3612 2551 3657 mterna
2584 3599 2743 3667 recipi
2773 3597 3106 3653 tabernacula
3140 3594 3316 3666 :quod
3346 3594 3496 3649 nobis
3522 3592 3774 3646 omnibus
3794 3607 3931 3661 pra:-

2352 3706 2495 3749 stare
2511 3692 2756 3762 dignetur
2781 3689 2947 3760 gratia
2976 3698 3030 3742 et
3058 3686 3351 3757 benignitas
3381 3683 3589 3739 Domini
3616 3685 3784 3755 nostri
3808 3683 3933 3737 .lesu

2351 3785 2545 3841 Christi
2570 3826 2583 3850 ,
2610 3799 2702 3853 per
2738 3797 2894 3853 quem
2926 3792 3117 3836 etcum
3147 3794 3251 3850 quo
3282 3776 3423 3832 Patri
3443 3775 3611 3845 gloria
3632 3816 3648 3841 ,
3679 3789 3781 3828 una
3810 3789 3930 3828 cum

2352 3886 2538 3931 sancto
2588 3885 2641 3930 et
2689 3873 2897 3928 viviﬁco
2947 3872 3182 3941 Spiritu.
3250 3869 3303 3924 in
3339 3866 3534 3924 sweula
3586 3867 3931 3922 smeulorum.

2358 3972 2549 4023 Amen.

3644 4180 3827 4187 ...υ-..ο

1724 4460 1795 4516 IN
1844 4458 2215 4518 llOMlLlAM
2251 4458 2345 4515 DE
2376 4458 2651 4517 TElllili
2703 4456 2908 4516 MOTU

756 4758 1080 4835 [7l7JAliam
1108 4758 1376 4814 edidimus
1407 4757 1682 4811 homiliam
1704 4757 1757 4808 in
1776 4763 1928 4809 terra:
1947 4764 2303 4823 motum,quae
2325 4765 2405 4811 est
2426 4766 2573 4811 sexta
2603 4756 2665 4808 de
2698 4752 2904 4809 Lazaro
2926 4752 2986 4807 T.
3008 4756 3110 4819 l,in
3140 4756 3297 4825 cujus
3312 4755 3515 4811 Monito
3541 4773 3593 4827 p.
3621 4758 3721 4812 772
3751 4762 3934 4816 multis

683 4893 807 4932 eum
836 4872 1237 4943 Chrysoslomi,
1280 4879 1393 4926 tum
1428 4868 1660 4924 aliorum
1694 4868 2021 4923 testimoniis
2054 4870 2403 4938 probavimus
2436 4869 2782 4922 Antiochiam
2821 4867 3195 4937 frequentibus
3236 4878 3393 4924 terra:
3433 4873 3673 4929 motibus
3702 4891 3933 4931 succus-

684 5010 823 5056 saai,
857 4990 1201 5056 maximeque
1232 4995 1389 5041 aetate
1422 4984 1796 5054 Chrysostomi
1834 4982 2020 5037 fuisse.
2062 4982 2110 5037 Is
2138 4991 2318 5036 autem
2352 4972 2506 5036 terrze
2534 4992 2737 5046 motus,
2764 4981 2943 5050 quode
2985 4996 3130 5036 nunc
3164 4982 3361 5052 agitur,
3390 4993 3521 5040 tunc
3558 4987 3777 5052 accidit,
3811 5004 3930 5042 eum

682 5110 1108 5177 Chrysostomus
1132 5119 1272 5173 aeger
1307 5104 1359 5157 in
1389 5104 1527 5158 lecto
1549 5104 1899 5157 decumberet
1933 5123 1943 5156 :
1975 5108 2065 5173 qui
2093 5114 2150 5156 ut
2183 5106 2380 5159 ardens
2409 5116 2523 5159 erat
2550 5106 2732 5159 studio
2760 5105 3105 5159 instituendas
3132 5106 3325 5175 plebis,
3358 5117 3605 5163 tnmstam
3641 5110 3789 5165 illam
3812 5127 3931 5166 cer-

684 5237 817 5275 nens
843 5220 913 5273 oh
937 5221 1274 5290 ingruentem
1304 5219 1687 5279 calamitatem,
1717 5219 1865 5271 nullo
1904 5217 2125 5273 aﬂ‘cctus
2163 5219 2337 5273 morbi
2364 5234 2551 5286 sensu,
2589 5220 2653 5272 ad
2688 5214 2902 5290 gregem
2934 5220 3204 5273 advolavit
3237 5239 3249 5273 :
3289 5223 3432 5289 quod
3474 5222 3695 5291 quidem
3732 5225 3819 5281 ille
3850 5228 3935 5281 in-

684 5342 805 5395 nuit
830 5355 953 5394 cum
996 5340 1109 5393 ait:
1155 5339 1305 5391 Verbi
1345 5340 1589 5392 doctrina
1620 5338 1987 5405 a’gritudinem
2021 5355 2187 5392 meam
2225 5340 2276 5391 in
2309 5337 2501 5391 bonam
2548 5339 2901 5391 valetudinem
2925 5340 3164 5393 mutauit.
3195 5338 3319 5393 Haec
3362 5356 3527 5409 porro
3565 5342 3759 5397 concio
3783 5353 3934 5397 extra

684 5461 873 5515 urbem
904 5459 955 5511 in
998 5459 1178 5525 aliqua
1205 5458 1582 5521 ecclesiarum,
1617 5474 1755 5526 quas
1784 5458 1961 5526 populi
1992 5457 2315 5513 Antiocheni
2346 5460 2543 5527 pietate
2572 5457 2715 5511 ducti
2753 5457 3190 5527 frequentabant,
3217 5457 3453 5511 habitam
3495 5456 3665 5514 fuisse
3708 5460 3936 5513 suadent

688 5598 795 5637 non
834 5594 1003 5653 pmra
1032 5582 1402 5651 Chrysostomi
1438 5584 1621 5646 verba,
1656 5598 1745 5650 qm
1775 5584 2030 5651 populum
2065 5590 2171 5637 non
2201 5585 2366 5639 semel
2399 5583 2582 5636 laudat
2624 5583 2691 5637 ob
2730 5592 3038 5653 susceptum
3066 5583 3317 5638 audiendi
3347 5598 3511 5638 causa
3537 5582 3751 5638 itineris
3786 5582 3936 5639 inbo-
