4182 6322
363 417 468 474 ’113

1629 402 1714 460 ne
1747 401 2255 487 resupnum.

478 538 2720 571 ______—__—-————————-—-————-——-——-—-

3538 408 3640 464 7H

982 629 1487 730 HOMILIA
1529 624 1820 710 POST
1861 620 2288 708 TERR/E
2351 623 2797 749 MOTUM
2844 613 2950 706 (ο),

1832 781 2150 835 «om»

421 935 765 1008 Chrysostomi
816 948 934 1004 ergo
983 945 1182 1001 gregem
1236 926 1460 988 caritas;
1510 921 1940 977 Antiochenorum

353 1031 546 1099 pietas;
571 1016 914 1080 calamitatum
937 1025 1151 1093 fructus.
1173 1048 1246 1060 --
1275 1017 1386 1072 Etsi
1428 1014 1654 1100 adversa
1691 1008 1942 1067 valetudo

354 1120 687 1192 impedierit,
721 1114 1004 1188 quominus
1035 1111 1306 1166 vobiscum
1349 1103 1940 1177 spiritualemchorum

351 1225 662 1284 ageremus,
693 1221 790 1263 vos
835 1215 1010 1261 tamen
1064 1202 1267 1257 itineris
1309 1199 1462 1287 labor
1503 1211 1610 1260 non
1659 1193 1938 1287 deterruit.

353 1283 504 1358 Licet
533 1301 677 1355 enim
706 1298 858 1352 labor
885 1295 972 1350 ille
997 1308 1092 1348 vos
1127 1291 1295 1348 multo
1327 1283 1523 1344 sudore
1568 1285 1810 1358 perfusos
1835 1283 1942 1339 huc

352 1393 651 1455 adduxerit,
690 1399 747 1444 at
777 1388 923 1443 verbi
953 1385 1191 1441 doctrina
1219 1398 1341 1438 cum
1367 1380 1734 1452 aegritudinem
1764 1391 1938 1431 meam

351 1488 406 1543 in
433 1487 624 1556 bonam
649 1481 1006 1538 valetudinem
1033 1477 1272 1537 mutavit,
1307 1487 1417 1529 tum
1441 1473 1676 1528 laborem
1703 1478 1938 1526 vestrum

353 1593 447 1647 per
473 1572 820 1647 psalmodiam
851 1569 1131 1628 recreavit.
1163 1567 1366 1623 idcirco
1404 1577 1578 1634 neque
1601 1576 1701 1632 ego
1740 1559 1813 1614 ob
1851 1560 1939 1614 in-

354 1672 659 1728 ﬁrmitatem
690 1667 925 1736 linguam
953 1661 1190 1727 coercui,
1223 1672 1396 1728 neque
1421 1669 1518 1712 vos
1545 1648 1938 1724 defatigationis

352 1780 482 1836 ergo
509 1763 694 1819 audire
715 1759 1009 1823 abnuistis;
1039 1755 1134 1812 sed
1155 1753 1315 1809 simul
1341 1760 1502 1822 atque
1521 1761 1702 1806 sermo
1721 1745 1935 1836 prodiit,

351 1835 661 1925 defatigatio
707 1849 1000 1915 abscessit;
1037 1861 1158 1901 cum
1199 1843 1428 1914 primum
1466 1838 1704 1895 doctrina
1734 1835 1936 1906 prolata

351 1957 469 2012 est,
501 1931 760 2001 lassitudo
805 1941 1026 2011 aufugit.
1057 1937 1190 1993 Nam
1238 1932 1499 2004 aegritudo
1537 1940 1593 1986 et
1631 1928 1940 1999 defatigatio

349 2039 590 2108 corporis
614 2046 760 2101 sunt,
787 2033 1028 2088 doctrina
1053 2044 1180 2084 vero
1208 2025 1372 2081 animi
1408 2037 1545 2094 opus
1576 2030 1733 2092 atque
1766 2018 1938 2073 medi-

350 2131 491 2183 cina.
513 2127 780 2194 Quantum
806 2134 984 2179 autem
1012 2119 1222 2191 corpori
1251 2123 1468 2187 praestat
1493 2115 1668 2169 anima
1687 2155 1702 2181 ,
1733 2119 1938 2166 tantum

353 2219 512 2289 hujus
551 2231 714 2288 opera
753 2223 879 2269 sunt
919 2211 1312 2284 prmstantiora.
1340 2205 1571 2276 Ideoque
1599 2218 1704 2259 non
1750 2202 1939 2257 morbo

353 2322 577 2376 tantum,
596 2311 689 2366 sed
711 2310 976 2364 sexcentis
993 2307 1153 2362 etiam
1173 2304 1292 2359 aliis
1316 2289 1679 2372 ingruentibus
1697 2295 1939 2353 obicibus

353 2411 581 2457 vestram
611 2402 885 2456 caritatem
916 2397 1198 2467 complecti
1233 2407 1521 2464 numquam
1556 2390 1760 2446 cessavi
1792 2406 1805 2442 :
1841 2401 1936 2442 ne-

351 2511 456 2564 que
486 2494 645 2549 hodie
679 2494 746 2547 ab
783 2494 881 2546 hac
911 2491 1163 2561 praeclara
1197 2486 1535 2542 solemnitate
1562 2481 1750 2538 abesse
1769 2478 1935 2535 volui.

352 2587 458 2640 Sed
489 2583 982 2656 hactenusquidetn
1005 2581 1144 2634 lecto
1167 2576 1309 2632 affixi
1339 2587 1575 2636 eramus,
1599 2572 1739 2627 Deus
1761 2580 1936 2623 tamen

353 2695 458 2734 non
489 2678 749 2747 permisit,
782 2685 836 2730 ut
866 2674 1004 2728 fame
1047 2672 1256 2741 penitus
1299 2667 1671 2724 deficeremus.
1701 2662 1769 2720 Ut
1791 2663 1936 2733 enim

352 2771 504 2824 vobis
541 2769 708 2824 fames
737 2778 816 2822 est
845 2782 948 2820 non
997 2763 1180 2819 audire
1203 2802 1221 2828 ,
1251 2762 1331 2816 sic
1367 2768 1422 2814 et
1450 2757 1579 2813 mihi
1618 2757 1788 2810 fames
1829 2767 1934 2806 non

350 2859 679 2914 eoacionari.
708 2858 786 2912 Ad
816 2855 1061 2913 eumdem
1093 2853 1306 2908 modum
1349 2859 1405 2906 et
1451 2856 1624 2905 mater
1670 2853 1936 2918 aegrotans

351 2951 560 3009 extrahi
582 2966 866 3007 mammam
893 2963 1044 3004 suam
1075 2947 1142 3000 ab
1163 2946 1363 3000 infante
1387 2943 1556 3006 malit,
1581 2954 1736 3010 quam
1759 2941 1936 3010 ipsum

353 3045 491 3099 fame
531 3045 887 3098 tabescentem
918 3040 1102 3095 videre
1131 3056 1145 3093 :
1176 3036 1416 3092 trahatur
1443 3043 1499 3091 et
1543 3032 1672 3088 mihi
1715 3045 1932 3100 corpus.

351 3138 481 3206 Quis
503 3138 646 3193 enim
677 3153 780 3191 non
813 3136 997 3190 lubens
1024 3148 1122 3203 pro
1149 3122 1298 3186 vais
1314 3128 1474 3185 etiam
1503 3126 1814 3197 sanguinem
1849 3121 1942 3179 fuo'

350 3230 490 3285 derit
511 3271 528 3294 ,
552 3230 678 3284 viris
707 3238 850 3283 tanta
881 3229 1074 3297 pietate
1097 3266 1111 3290 ,
1140 3234 1288 3279 tanto
1320 3220 1568 3278 audiendi
1612 3219 1790 3275 studio
1828 3217 1934 3272 fer-

353 3323 593 3377 ventihus
624 3321 754 3390 :qui
783 3331 887 3374 tam
925 3318 1118 3388 exiguo
1164 3315 1419 3385 temporis
1457 3321 1730 3368 momento
1759 3310 1932 3380 pumi-

352 3413 572 3469 tentiam
601 3411 932 3468 cxhibeatis?
961 3410 1102 3464 Inter
1129 3409 1268 3463 diem
1298 3415 1354 3462 et
1391 3415 1600 3462 noctem
1645 3402 1933 3459 discrimen

353 3521 458 3558 non
503 3504 698 3568 nostis,
729 3503 822 3557 sed
861 3513 1141 3570 utrumque
1169 3509 1376 3572 tempus
1403 3498 1544 3554 diem
1576 3497 1745 3552 facitis
1767 3538 1782 3562 ,
1825 3510 1934 3551 non

351 3609 529 3652 acrem
547 3604 812 3649 mutantes
837 3593 928 3648 sed
954 3591 1241 3664 pervigiliis
1259 3599 1442 3646 noctes
1464 3589 1818 3644 illustrantes:
1838 3601 1935 3640 no-

349 3695 464 3740 ctes
487 3685 637 3739 vobis
658 3686 948 3748 insomnes,
972 3683 1142 3738 somni
1162 3681 1400 3754 tyrannis
1421 3681 1592 3738 soluta
1621 3687 1704 3735 est
1727 3697 1741 3733 :
1774 3678 1932 3733 Chri-

350 3777 417 3830 sti
436 3792 662 3846 namque
674 3791 825 3830 amor
843 3785 1043 3828 natura:
1065 3773 1423 3828 infirmitatem
1440 3772 1583 3826 vicit.
1604 3772 1686 3825 Ab
1703 3770 1932 3823 humana

348 3867 652 3923 cnnditione
668 3881 892 3935 corpora
912 3866 1198 3931 liberastis,
1218 3862 1357 3934 quod
1377 3863 1598 3919 virtutes
1623 3859 1929 3929 imitemini,

347 3957 476 4012 dum
509 3968 680 4013 tantas
721 3959 924 4028 vigilias
955 3957 1254 4028 suscipitis,
1285 3957 1592 4011 diuturnum
1629 3955 1888 4026 jejunium
1912 3995 1929 4022 ,

349 4059 554 4106 tantum
581 4050 787 4105 itineris
812 4050 1047 4105 laborem
1067 4091 1084 4119 ,
1118 4050 1355 4104 laborem
1397 4048 1602 4104 scilicet
1635 4047 1679 4101 si
1710 4057 1926 4111 natura,

348 4142 579 4210 quietem
605 4142 651 4196 si
681 4142 927 4198 voluntas
976 4151 1266 4212 spectetur.
1299 4141 1397 4197 llic
1445 4141 1650 4196 timoris
1687 4139 1890 4196 fructus
1912 4179 1929 4206 ,

351 4233 437 4286 hic
463 4247 526 4287 ex
557 4241 713 4287 terra:
733 4241 880 4287 motu
907 4241 1216 4303 proventus,
1241 4246 1434 4301 nempe
1458 4240 1750 4302 proventus
1775 4246 1932 4285 num-

347 4338 510 4392 quam
536 4321 967 4389 consumendus,
999 4331 1288 4394 proventus
1316 4324 1406 4394 qui
1437 4331 1491 4379 et
1519 4336 1810 4394 pauperum
1850 4321 1932 4377 fa-

347 4415 578 4471 cultates
615 4423 807 4487 auget,
834 4423 887 4471 et
927 4414 1179 4471 divitibus
1205 4415 1504 4470 divitiarum
1533 4414 1772 4472 accessio
1799 4425 1882 4471 est
1913 4432 1927 4469 :

349 4520 458 4561 non
504 4506 654 4561 novit
699 4515 1104 4578 paupertatem,
1154 4523 1261 4562 non
1315 4506 1463 4563 novit
1504 4506 1734 4562 divitias.
1774 4505 1932 4563 Venit

349 4611 506 4654 terrm
531 4607 730 4665 motus,
751 4607 806 4656 et
831 4599 953 4656 vitze
976 4599 1388 4672 inaequalitatem
1408 4601 1640 4656 sustulit.
1658 4599 1758 4658 Ubi
1789 4615 1932 4657 nunc

347 4700 475 4750 sunt
501 4694 589 4764 qui
615 4693 800 4750 sericis
825 4693 1210 4750 induebamur?
1231 4694 1319 4749 ubi
1349 4695 1576 4749 aurum?
1600 4694 1725 4750 ﬂare
1750 4693 1930 4749 omnia

348 4783 647 4847 evolarunt,
677 4782 906 4850 facilius,
932 4801 1093 4856 quam
1117 4800 1327 4842 araneae
1352 4785 1476 4852 tela,
1505 4785 1759 4856 dissipata
1782 4795 1935 4850 sunt.~

347 4884 405 4930 et
432 4874 570 4930 fluxa
597 4877 766 4947 magis
791 4876 1126 4947 quam'ver‘ni
1152 4876 1313 4932 flores
1333 4876 1664 4946 deprehensa
1688 4886 1832 4932 sunt.
1860 4879 1931 4932 At

346 4968 471 5033 quia
502 4975 741 5035 paratum
771 4975 1006 5023 vestrum
1045 4967 1283 5022 animum
1311 4966 1488 5033 video,
1516 4967 1794 5023 lautiorem
1831 4984 1928 5023 vo-

347 5053 432 5110 bis
453 5068 690 5110 mensam
716 5071 986 5126 apponere
1010 5057 1154 5113 volo.
1182 5057 1418 5128 Corpora
1447 5067 1621 5115 vestra
1650 5057 1812 5127 fessa,
1834 5060 1930 5116 sed

347 5147 585 5214 animum
629 5137 874 5220 vegetum
918 5151 1204 5221 perspicio.
1236 5150 1380 5210 Multi
1425 5151 1676 5210 sudorum
1718 5153 1925 5221 fontes,

347 5235 443 5291 sed
489 5239 869 5293 conscientiam
911 5239 1243 5310 abstergunt.
1274 5240 1406 5296 Nam
1451 5242 1497 5296 si
1539 5242 1753 5299 athleta:
1800 5258 1926 5298 san-

345 5327 506 5400 guine
525 5327 932 5398 perfunduntur,
963 5340 1021 5387 ut
1049 5331 1181 5385 lauri
1211 5321 1355 5388 foliis
1377 5331 1663 5401 donentur,
1689 5350 1806 5404 qua:
1833 5334 1931 5390 bo-

344 5420 435 5494 dic
482 5418 640 5488 data,
685 5435 805 5478 cras
851 5432 1182 5480 marcescent
1211 5441 1224 5478 :
1257 5425 1424 5480 multo
1466 5429 1636 5497 magis
1672 5442 1766 5482 vos
1791 5471 1804 5493 ,
1836 5429 1926 5499 qui

351 5509 611 5566 bonorum
640 5525 862 5582 operum
885 5523 1154 5569 certamen
1183 5515 1377 5572 iniistis
1400 5558 1418 5581 ,
1440 5533 1536 5586 par
1559 5525 1643 5573 est
1668 5533 1770 5575 nec
1800 5534 1928 5576 suc-

345 5602 600 5659 cumbere
625 5616 726 5659 nec
751 5605 978 5660 emolliri
1006 5605 1276 5662 laboribus
1302 5622 1403 5678 pro
1421 5608 1614 5665 virtute
1643 5611 1922 5682 susceptis.

257 5773 266 5780 ·
342 5814 357 5827 _
395 5754 481 5827 Δ(ιι)
510 5757 760 5827 Exscrith
791 5770 858 5827 ex
875 5758 990 5827 Cod.
1014 5761 1238 5827 Vaticano
1254 5776 1306 5827 _n.
1329 5763 1439 5825 δη,
1467 5771 1521 5814 Χι
1546 5765 1728 5827 surculi,
1755 5773 1806 5819 et
1827 5767 1924 5820 eol-

341 5814 440 5874 lata
461 5814 572 5873 ut“
591 5814 710 5872 ﬁdit.
735 5820 986 5873 Combeﬁs.
1011 5834 1137 5876 anno
1160 5823 1287 5879 I656.
1429 5814 1439 5825 ’
1519 5846 1548 5871 ο

2051 914 2301 973 Vestrum
2326 920 2588 975 theatrum
2616 921 2748 977 mihi
2761 935 2970 978 corona
2999 931 3100 989 est,
3130 907 3377 994 unusque
3402 933 3640 979 vestrum

2049 1008 2265 1064 auditor
2291 1010 2510 1079 perinde
2533 1010 2664 1067 mihi
2681 1020 2783 1074 est,
2815 1023 2975 1084 atqne
2999 1021 3109 1069 tota
3138 1014 3352 1071 civitas.
3370 1015 3473 1068 Alii
3497 1016 3642 1069 citius

2049 1111 2290 1156 crateras
2316 1110 2440 1171 potu
2469 1111 2832 1170 coronarunt,
2852 1103 2944 1159 alii
2968 1092 3203 1160 satanica
3226 1105 3470 1160 convivia
3494 1107 3641 1162 cele-

2049 1191 2299 1257 brarunt,
2320 1192 2408 1259 alii
2440 1183 2636 1248 lautam
2673 1207 3001 1264 apparavere
3033 1203 3277 1250 metuam
3305 1211 3441 1252 :vos
3458 1208 3638 1254 autem

2050 1283 2384 1355 pervigilium
2409 1296 2614 1342 tantum
2637 1287 2944 1359 percgistis,
2965 1296 3234 1360 totamque
3263 1290 3448 1346 urbem
3479 1291 3640 1347 vesti-

2049 1372 2152 1441 giis
2176 1383 2485 1430 sanctorum
2514 1377 2708 1446 pedum
2734 1385 3032 1433 vestrorum
3054 1379 3399 1444 emundastis,
3428 1382 3639 1447 incessu

2048 1463 2223 1519 forum
2239 1467 2445 1521 emensi
2464 1467 2615 1533 estis,
2632 1475 2690 1525 et
2714 1483 2892 1536 aerem
2912 1469 3305 1527 sanetitlcastis.
3321 1472 3428 1528 Aer
3442 1475 3640 1544 quippe

2048 1567 2266 1613 sanctus
2306 1557 2540 1614 efficitur
2567 1576 2662 1630 per
2699 1561 3046 1632 psalmodiam
3073 1605 3086 1628 ,
3118 1562 3177 1619 ιιι
3215 1564 3438 1621 audistis
3481 1566 3640 1623 hodie

2050 1647 2216 1704 Deum
2244 1648 2410 1722 Moysi
2444 1650 2714 1717 dicentem
2744 1670 2758 1706 :
2791 1653 2957 1730 Locus
2979 1654 3132 1720 enim,
3155 1656 3208 1708 in
3221 1671 3320 1726 quo
3349 1665 3473 1722 stas,
3505 1668 3640 1710 terra

2046 1749 2224 1793 sancta
2251 1749 2324 1794 est
2353 1739 2564 1812 (Exod.
2591 1743 2644 1798 5.
2668 1743 2744 1815 5).
2770 1739 3151 1799 Sanctificastis
3176 1745 3347 1802 solum
3371 1789 3389 1814 ,
3415 1747 3587 1802 forant
3617 1765 3633 1814 ;

2047 1829 2235 1885 urbem
2257 1831 2411 1887 nobis
2430 1833 2713 1889 ecclesiam
2739 1835 2958 1891 fecistis.
2974 1837 3052 1890 Ac
3070 1836 3208 1892 sicut
3228 1832 3439 1893 torrens
3457 1853 3639 1895 erum—

2049 1937 2181 1992 pens
2201 1938 2394 1995 magno
2412 1921 2669 1996 aquarum
2692 1928 2890 1997 impetu
2909 1929 3088 1984 omnia
3107 1930 3318 1994 evertit,
3331 1930 3410 1986 sic
3425 1940 3640 1988 torrens

2049 2014 2136 2068 ille
2191 2013 2484 2084 spiritualis
2507 2057 2522 2079 ,
2552 2016 2767 2073 flumen
2797 2019 2888 2073 Dei
2918 2018 3195 2076 laetificans
3226 2021 3507 2077 'civitatem
3542 2023 3635 2079 Dei

2048 2103 2374 2173 (Psal.45.5.
2391 2117 2441 2161 et
2457 2106 2545 2162 64.
2569 2108 2681 2178 10),
2698 2109 2961 2179 repletum
2983 2119 3064 2165 est
3077 2106 3250 2181 aquis,
3267 2122 3428 2184 atque
3449 2115 3638 2184 impie-

2049 2200 2172 2252 tatis
2189 2212 2401 2255 ecnum
2423 2216 2485 2256 ex
2495 2202 2753 2272 purgavit.
2772 2201 2941 2258 Nemo
2966 2203 3266 2274 impudicus
3279 2193 3300 2271 ;
3318 2205 3425 2262 imo
3445 2208 3488 2262 si
3515 2197 3638 2276 quis

2047 2296 2346 2366 impudicus
2367 2297 2540 2352 adhuc
2561 2307 2642 2354 est
2659 2338 2676 2364 ,
2699 2299 2744 2353 is
2766 2291 3194 2356 transforinatur.
3228 2301 3427 2358 Vocem
3465 2304 3636 2370 audit,

2045 2395 2101 2443 et
2123 2389 2332 2444 animus
2360 2388 2768 2445 transformatur
2793 2376 2994 2448 :intrat
3020 2393 3248 2449 melodia
3268 2435 3283 2459 ,
3315 2402 3371 2449 et
3394 2394 3640 2464 impietas

2045 2491 2429 2537 transmutatur
2456 2499 2470 2537 :
2504 2483 2750 2554 fugantur
2771 2485 3004 2539 avaritia:
3032 2486 3224 2540 morbi.
3257 2485 3480 2544 Etiamsi
3503 2501 3638 2544 vero

2045 2587 2152 2627 non
2182 2571 2462 2644 fugentur;
2489 2567 2545 2629 at
2585 2574 3034 2644 quemadmodum
3081 2574 3212 2631 ferai
3261 2577 3452 2649 hyeme
3494 2593 3554 2633 se
3582 2580 3637 2634 in

2048 2663 2232 2717 lustris
2262 2665 2560 2731 continent,
2580 2665 2660 2719 sic
2688 2675 2742 2721 et
2766 2666 2975 2720 animus
3002 2665 3278 2722 luxurians
3303 2682 3423 2723 sese
3450 2670 3595 2724 abdit
3618 2686 3634 2734 ;

2012 2770 2019 2776 ·
2042 2771 2107 2811 ac
2134 2757 2592 2828 sicutserpentcs,
2625 2757 2826 2829 frigore
2847 2774 3032 2814 eorum
3060 2774 3288 2830 corpora
3317 2763 3636 2832 congelantc

2043 2848 2098 2903 in
2120 2848 2224 2903 ima
2255 2863 2314 2904 se
2343 2849 2629 2919 recipiunt,
2655 2849 2733 2904 sic
2756 2857 2812 2905 et
2832 2849 3122 2906 illiberalcs
3149 2860 3203 2906 et
3223 2852 3446 2908 serviles
3471 2854 3637 2910 animi

2040 2938 2352 2998 all'ectiones
2383 2956 2479 2998 ceu
2516 2943 2568 2997 in
2593 2942 2938 3012 profundum
2977 2943 3246 3014 quoddam
3276 2959 3396 3001 sese
3425 2945 3638 3002 denter-

2039 3042 2171 3103 gunt
2199 3043 2254 3091 et
2280 3034 2503 3090 abdunt.
2539 3034 2730 3106 Utique
2757 3035 2810 3100 ii,
2845 3037 2933 3106 qui
2960 3035 3076 3093 haec
3107 3036 3506 3102 circumferunt,
3537 3054 3638 3109 pn-

2041 3126 2173 3183 dore
2202 3125 2544 3183 afficiuntur:
2573 3143 2696 3184 nam
2732 3143 2793 3184 ea
2829 3118 3049 3198 quidem
3089 3128 3512 3198 circumferunt,
3536 3132 3637 3187 sed

2040 3230 2315 3278 emortua.
2335 3220 2468 3291 Ipsis
2495 3223 2691 3292 quippe
2718 3221 2946 3276 melodia
2975 3232 3270 3292 cantusque
3299 3231 3478 3278 vester
3498 3223 3634 3296 hye-

2041 3318 2144 3373 mis
2183 3317 2302 3373 loco
2329 3323 2430 3373 est.
2461 3315 2517 3371 ln
2543 3317 2688 3370 avari
2715 3329 2873 3371 aures
2897 3331 2998 3371 vox
3026 3316 3217 3382 intrat,
3248 3330 3312 3371 ac
3338 3316 3460 3371 licet
3486 3333 3635 3372 mor-

2039 3410 2164 3465 bum
2191 3422 2297 3464 non
2327 3408 2503 3479 ejiciat
2525 3448 2540 3474 ,
2572 3408 2712 3478 sopit
2740 3416 2916 3462 tamen
2945 3416 3000 3462 et
3027 3408 3177 3478 quasi
3205 3417 3470 3463 mortuum
3513 3410 3638 3464 red-

2039 3498 2160 3555 dit:
2191 3499 2244 3554 in
2286 3513 2442 3555 aures
2489 3499 2652 3553 intrat
2688 3497 2940 3568 impudici
2993 3508 3048 3553 et
3087 3500 3301 3568 superbi
3332 3516 3348 3566 ;
3377 3502 3477 3556 etsi
3527 3515 3634 3556 non

2039 3590 2343 3662 exstinguat
2369 3588 2752 3660 impudicitiam
2778 3600 2832 3644 et
2866 3589 3209 3660 superbiam,
3242 3599 3522 3662 utramque
3555 3601 3636 3646 ta-

2041 3699 2162 3739 men
2191 3698 2289 3739 eeu
2328 3681 2550 3739 defodit.
2600 3680 2784 3751 Neque
2825 3695 2951 3737 vero
2992 3681 3199 3736 modica
3243 3697 3330 3736 res
3371 3693 3481 3746 est,
3509 3699 3636 3738 cum

2041 3775 2274 3844 nequitia
2305 3788 2409 3828 non
2439 3773 2608 3827 libere
2639 3773 2857 3843 prodire
2896 3771 3076 3828 audet.
3112 3772 3358 3828 Dicebam
3390 3782 3446 3830 et
3473 3773 3587 3830 heri
3611 3817 3630 3844 ,

2039 3880 2289 3937 magnum
2319 3879 2387 3921 ex
2417 3874 2573 3920 teme
2614 3864 2847 3920 motibus
2879 3879 3154 3935 emergere
3198 3850 3450 3920 fructum.
3478 3865 3630 3920 Vidi-

2037 3960 2135 4015 stis
2164 3958 2373 4015 Domini
2416 3960 2788 4024 clementiam,
2815 3959 2905 4030 qui
2944 3958 3070 4014 dum
3119 3959 3308 4016 urbem
3353 3963 3627 4029 concutit,

2037 4058 2273 4107 mentem
2312 4049 2521 4115 tlrmat;
2552 4051 2679 4106 dum
2727 4050 3066 4106 fundamenta
3105 4062 3434 4114 commovet.
3467 4056 3631 4110 animi

2037 4158 2194 4200 sensa
2219 4152 2465 4198 constare
2491 4144 2778 4212 procurat;
2805 4141 2931 4197 dum
2961 4143 3146 4199 urbem
3176 4143 3480 4213 labefactat,
3509 4147 3628 4200 ani-

2037 4248 2187 4288 mum
2226 4233 2488 4288 roborat?
2513 4232 2643 4303 Ejus
2687 4233 3065 4304 benignitatem
3111 4235 3283 4304 cogita
3318 4252 3330 4285 :
3365 4236 3627 4291 tantillum

2036 4325 2355 4397 exagitavit,
2396 4332 2453 4380 et
2495 4325 2548 4378 in
2590 4335 2900 4395 perpetuum
2954 4325 3186 4380 firmavit
3225 4343 3244 4378 :
3286 4325 3430 4381 bidui
3469 4337 3629 4385 terrm

2036 4424 2214 4472 motus
2242 4414 2376 4482 fuit,
2405 4424 2460 4470 at
2487 4415 2539 4470 in
2566 4427 2876 4491 perpetuum
2901 4416 3069 4485 pietas
3109 4429 3318 4472 maneat
3343 4435 3357 4472 :
3391 4418 3455 4473 ad
3503 4436 3621 4474 mo-

2036 4505 2212 4560 dicum
2246 4515 2452 4576 tempus
2480 4504 2727 4561 doluistis
2748 4546 2762 4570 ,
2795 4516 2850 4560 at
2878 4507 2928 4561 in
2954 4517 3264 4577 perpetuum
3293 4509 3498 4565 radices
3524 4511 3627 4564 mia

2034 4597 2199 4653 sistis.
2233 4596 2376 4653 Bene
2400 4598 2595 4668 quippe
2637 4598 2759 4652 novi
2799 4613 2865 4652 cx
2897 4599 3088 4654 timore
3117 4599 3208 4654 Dei
3252 4601 3504 4671 pietatem
3531 4618 3627 4658 ve-

2035 4699 2202 4745 stram
2244 4691 2452 4744 radices
2510 4688 2754 4758 ptisuisse
2798 4706 2811 4743 :
2855 4691 2954 4746 etsi
3009 4691 3259 4747 remissio
3307 4694 3415 4760 sit,
3448 4704 3626 4751 manet

2035 4783 2218 4853 utique
2260 4780 2482 4836 fructus.
2515 4780 2627 4836 Non
2660 4781 2796 4834 ultra
2844 4783 3014 4851 spinzn
3063 4782 3289 4838 aderunt
3316 4801 3434 4854 qua:
3464 4786 3623 4842 snffo.

2033 4883 2185 4940 cent,
2218 4889 2394 4944 neque
2433 4874 2609 4945 pluvia
2647 4874 2925 4929 exundans
2963 4876 3154 4932 obruet
3182 4895 3196 4932 :
3229 4879 3397 4949 probe
3423 4895 3523 4936 vos
3549 4883 3625 4936 ιι..

2035 4982 2154 5022 ιιιοι·
2194 4966 2460 5032 excoluit,
2487 4967 2850 5038 doctrinteque
2880 4983 3014 5024 mem
3050 4984 3205 5040 opem
3246 4971 3388 5028 tulit.
3415 4971 3499 5029 Me
3539 4983 3624 5030 ta-

2033 5067 2192 5115 cente
2243 5057 2585 5114 fundamenta
2639 5058 2928 5129 loquuntur
2983 5080 2997 5116 :
3054 5076 3143 5116 me
3190 5073 3398 5119 tacente
3468 5075 3630 5121 terra:

2035 5158 2212 5205 motus
2238 5149 2377 5204 tuba:
2404 5149 2656 5219 clangore
2696 5149 2978 5204 clariorem
3003 5152 3200 5207 emittit
3225 5168 3409 5209 vocem
3443 5155 3626 5226 hujus-

2034 5239 2177 5294 modi
2210 5257 2224 5292 :
2257 5239 2546 5295 Misericors
2587 5249 2635 5294 et
2676 5240 2941 5294 miseratur
2990 5240 3282 5308 Dominus;
3319 5247 3628 5318 longauimis

2033 5340 2082 5386 et
2107 5332 2319 5386 multum
2349 5331 2631 5386 misericors
2664 5331 2683 5401 (
2702 5329 2845 5386 Psal.
2884 5333 3003 5388 l02.
3033 5335 3088 5390 8.
3120 5335 3228 5406 9):
3260 5341 3482 5407 accessi,
3518 5357 3624 5396 non

2034 5432 2092 5477 ιιι
2119 5437 2216 5480 vos
2239 5422 2552 5485 obruerem,
2579 5422 2671 5477 sed
2708 5432 2766 5477 ut
2794 5439 2986 5479 nervos
3027 5425 3177 5480 vobis
3204 5419 3476 5484 adderem.
3501 5431 3626 5488 lla-c

2035 5523 2188 5569 terra:
2219 5523 2396 5569 motus
2423 5513 2676 5585 loquitur,
2708 5528 2773 5569 ac
2812 5530 3000 5570 vocem
3023 5517 3218 5572 emittit
3243 5535 3257 5572 :
3288 5519 3479 5576 Terrui
3505 5539 3617 5589 vos,

2033 5621 2139 5661 non
2183 5613 2243 5660 ιιι
2268 5605 2507 5662 molestia
2536 5604 2805 5661 afllcerem
2831 5647 2848 5673 ,
2890 5607 2983 5661 sed
3018 5616 3075 5662 ut
3103 5610 3369 5666 cautiores
3394 5625 3620 5684 ιιι-ωειλ-

2033 5715 2166 5754 rem.
2198 5699 2377 5764 Dictis,
2408 5713 2610 5769 qnmsa,
2640 5700 2872 5753 animum
2904 5701 3184 5772 diligenter
3203 5704 3619 5767 advertite.(2mn

2030 5809 2212 5852 sermo
2244 5795 2440 5853 viribus
2461 5794 2732 5864 deficeret,
2761 5795 3022 5874 clamandi
3057 5810 3233 5872 partes
3261 5818 3417 5874 ptena
3444 5821 3620 5861 ειιιτιιοι
