4206 6302
582 338 684 395 ’115

576 452 694 517 pit',
714 464 833 504 eum
860 447 1097 503 doctrina
1129 446 1290 500 robur
1314 446 1598 511 amitteret,
1624 445 1782 499 timor
1823 445 1874 499 in
1905 444 2156 497 auxilium

578 540 745 593 venit.
778 539 903 593 llaec
944 537 1091 590 vobis
1139 537 1448 606 lnquuturus
1494 535 1561 589 ad
1590 534 1856 589 modicum
1887 534 2077 598 venio,
2104 542 2159 587 et

579 647 695 700 qum
724 645 840 685 mea
871 640 990 684 SUlll
1011 641 1203 699 ρι’ωειο
1230 645 1244 683 ε
1270 643 1389 681 eum
1409 635 1587 680 autem
1614 642 1708 680 VOS
1736 628 2021 683 strinxero.
2047 634 2155 678 tuin

579 724 813 778 sermoni
842 723 1066 789 tradam,
1099 730 1156 776 ut
1183 737 1249 775 ne
1297 720 1490 775 frustra
1520 734 1699 774 sermo
1742 719 1945 773 laboret
1976 734 1989 769 :
2022 717 2157 784 lapi-

578 816 673 867 des
706 814 1123 883 pullulantesque
1151 811 1331 880 Spittas
1356 811 1586 873 invenio,
1616 820 1667 865 et
1693 825 1874 863 arvum
1896 821 2153 878 expurgo,

580 915 637 957 ut
660 919 837 959 sermo
864 906 1007 974 larga
1037 918 1192 957 manu
1221 911 1509 957 sementem
1535 902 1715 970 jaciat.

648 992 734 1049 Ex
755 1006 897 1053 terra
916 1003 1049 1047 motu
1070 1004 1309 1065 quantum
1324 996 1501 1047 mutati
1516 991 2042 1061 Antiocheni.—Quid
2060 1007 2157 1047 vo-

577 1085 659 1139 bis
686 1085 866 1140 daumi
895 1102 960 1140 ex
986 1084 1136 1139 brevi
1160 1084 1425 1139 mmrore?
1453 1084 1532 1138 Ex
1557 1084 1859 1139 hominibus
1878 1078 2055 1153 angeli
2081 1084 2157 1138 ef-

579 1177 697 1231 fecti
730 1176 858 1231 eStis
884 1192 897 1229 :
931 1177 983 1230 in
1010 1175 1195 1230 czclum
1219 1174 1318 1229 etsi
1345 1190 1449 1229 non
1478 1175 1616 1241 loco,
1648 1185 1703 1229 at
1722 1174 1957 1228 moribus
1985 1184 2151 1229 trans-

579 1269 667 1322 lati
699 1269 848 1324 estis.
877 1266 1029 1335 Quod
1059 1276 1236 1321 autem
1268 1283 1371 1320 non
1399 1282 1462 1321 ex
1503 1266 1805 1321 adulatione
1834 1267 2037 1334 loquar,
2072 1280 2159 1320 res

575 1361 690 1430 ipse
713 1360 1078 1415 testificantur.
1107 1359 1241 1427 Quid
1265 1359 1404 1414 enim
1435 1359 1584 1412 vobis
1620 1363 1685 1412 ad
1715 1358 2041 1429 paenitentia:
2068 1373 2156 1410 ra-

576 1453 773 1507 tionem
803 1451 1009 1507 defuit?
1039 1450 1292 1505 Invidiam
1323 1450 1553 1520 cjecistis
1572 1490 1587 1513 ,
1621 1450 1909 1504 illiberales
1936 1451 2157 1504 allectus

575 1541 1000 1605 exterminastis,
1040 1543 1288 1595 virtutem
1334 1540 1682 1605 consevistis,
1738 1549 1899 1594 totam
1946 1549 2155 1595 noctem

576 1631 862 1702 pervigiliis
903 1631 1069 1685 saCris
1110 1640 1326 1700 agentes
1346 1671 1361 1695 ,
1392 1646 1511 1684 cum
1542 1631 1706 1684 multa
1744 1630 1963 1685 caritate
1988 1640 2040 1686 et
2072 1630 2156 1685 in-

574 1722 718 1791 genti
743 1722 907 1777 animi
938 1720 1166 1776 fervore.
1201 1721 1366 1776 Nemo
1393 1737 1675 1775 usurarum
1705 1723 1968 1790 meminit,
1996 1738 2156 1778 nemo

573 1815 641 1869 de
684 1814 897 1868 avaritia
937 1815 1169 1884 loquitur
1198 1831 1211 1867 :
1240 1829 1337 1868 nec
1379 1815 1549 1868 solum
1596 1830 1624 1867 a
1670 1819 1899 1884 peccatis
1943 1816 2157 1870 munda:

574 1920 764 1960 manus
798 1914 949 1972 sunt,
976 1905 1069 1961 sed
1096 1907 1253 1960 etiam
1282 1906 1457 1976 lingua
1489 1907 1555 1960 ab
1594 1908 1868 1977 iniquitate
1888 1918 1941 1962 et
1969 1917 2157 1963 contu-

574 1998 732 2053 melia
772 1999 935 2053 libera
965 2015 978 2053 :
1009 2014 1166 2053 nemo
1195 1998 1438 2068 injuriam
1486 2000 1726 2068 proximo
1755 1998 1913 2055 infert
1938 2041 1954 2067 ,
1998 2015 2155 2054 nemo

570 2088 805 2160 satanica
827 2089 937 2143 adit
961 2089 1198 2145 convivia
1228 2105 1242 2143 :
1266 2089 1408 2143 mdes
1431 2090 1641 2143 munda:
1668 2101 1811 2155 sunt,
1842 2089 2011 2144 forum
2034 2104 2154 2144 sor-

568 2179 725 2232 dibus
782 2178 1056 2249 purgatum
1105 2197 1120 2234 :
1173 2179 1458 2234 accedente
1498 2194 1718 2248 vespera
1764 2168 2025 2249 nusquam
2063 2181 2153 2249 ju-

571 2288 760 2327 vcuum
823 2271 1009 2335 chori,
1067 2271 1349 2327 tbeatricas
1399 2270 1779 2326 modulantium
1838 2273 2151 2327 cantilenas.

569 2362 730 2417 Churi
777 2372 925 2417 Certe
981 2372 1137 2429 sunt,
1180 2371 1238 2416 at
1283 2380 1387 2417 nou
1436 2362 1666 2417 lascivia:
1698 2381 1710 2415 :
1743 2362 1891 2418 chori
1937 2364 2149 2433 utique,

569 2440 846 2507 scd'recte
894 2452 1171 2507 factorum.
1213 2452 1268 2506 lu
1305 2452 1420 2505 foro
1451 2452 1676 2524 hymnos
1710 2454 1892 2509 audire
1943 2463 2151 2516 est;ex

567 2543 711 2596 domi
741 2558 868 2597 vero
902 2541 1207 2597 sedentibus
1249 2543 1410 2595 alium
1458 2544 1790 2611 psallentem,
1841 2544 1999 2598 alium
2052 2544 2152 2616 hy-

568 2650 722 2689 mnos
772 2644 1048 2689 canentem
1084 2652 1097 2688 :
1132 2650 1235 2688 nox
1284 2634 1529 2700 advenit,
1562 2644 1615 2688 ct
1648 2650 1833 2690 omnes
1877 2637 1928 2691 in
1977 2639 2153 2692 eccle-

566 2725 723 2788 siam,
752 2726 1088 2795 tranquillum
1122 2733 1330 2794 portum
1358 2724 1710 2797 ﬂuctibusque
1749 2742 1990 2795 vacuum,
2021 2746 2152 2784 con-

568 2818 804 2869 veniunt.
835 2814 1085 2869 Putabam
1121 2831 1218 2885 ego
1249 2813 1360 2869 fore
1381 2856 1396 2881 ,
1429 2824 1485 2869 ut
1512 2824 1629 2885 post
1666 2832 1827 2871 unum
1860 2820 2153 2875 alterumve

565 2906 707 2959 diem
732 2906 919 2975 vigili-.e
946 2920 1167 2975 corpora
1211 2905 1502 2974 dejicerent
1526 2924 1539 2961 :
1566 2924 1705 2962 nunc
1747 2919 1924 2964 autem
1954 2921 2152 2983 quanto

566 2997 758 3066 vigiliae
788 2997 996 3067 longius
1023 2996 1345 3066 procedunt,
1379 3006 1525 3052 tanto
1570 2999 1719 3053 vobis
1753 3002 1925 3070 major
1953 3004 2150 3058 amoris

571 3093 627 3140 tit
652 3088 911 3141 accessio.
944 3088 1041 3154 Qui
1069 3086 1363 3156 psallebant
1388 3089 1730 3157 defecerunt,
1758 3100 1814 3145 et
1855 3107 1947 3148 vos
1986 3094 2153 3150 virili-

568 3187 648 3231 ter
676 3176 831 3246 agitis
860 3194 872 3229 :
905 3177 995 3246 qui
1025 3176 1317 3245 psallebant
1346 3177 1540 3234 defessi
1566 3188 1723 3245 sunt,
1752 3190 1807 3236 et
1830 3197 1926 3236 vos
1950 3183 2148 3241 viribus

567 3272 847 3338 nervisque
875 3269 1012 3323 aucti
1038 3269 1189 3324 estis.
1218 3268 1317 3325 Ubi
1362 3279 1489 3325 sunt
1517 3287 1656 3327 nunc
1677 3314 1692 3340 ,
1724 3288 1854 3344 rogo
1876 3316 1891 3341 ,
1915 3275 2149 3332 divites?

566 3358 774 3413 discant
805 3374 1090 3430 pauperum
1118 3359 1527 3431 phil050phiam.
1552 3362 1830 3419 Dormiunt
1866 3366 1978 3431 illi,
2013 3384 2146 3437 pau-

568 3465 721 3520 peres
751 3465 878 3505 vero
900 3452 950 3506 in
979 3450 1281 3520 pavimento
1308 3452 1463 3521 positi
1486 3469 1589 3507 nou
1619 3452 1909 3521 dormiunt,
1942 3458 2034 3513 sed
2059 3475 2144 3531 ge-

1287 334 1341 389 S.
1380 331 1655 388 JO.\NNlS
1677 330 2147 387 CllllYSOSTOlll
2186 327 2481 385 ARCIIIEP
2540 329 3066 388 CONSTANTINOP.

3752 337 3862 392 716

2264 461 2367 498 nua
2412 444 2626 501 flectunt
2650 487 2666 512 ,
2699 446 2918 503 Paulum
2947 455 3002 501 et
3042 445 3206 501 Silam
3254 445 3563 519 imitantes(
3584 450 3695 503 Ad.
3730 453 3849 515 16).

2269 533 2465 590 Verum
2497 535 2588 590 'illi
2639 536 2972 607 psallebant,
3026 547 3079 593 et
3130 539 3504 594 concutiebaut
3541 556 3855 605 carcerem;

2264 643 2359 682 vos
2403 638 2580 683 autem
2623 628 2846 697 psallitis
2870 668 2885 692 ,
2913 637 2968 683 ct
3009 640 3315 699 quassatam
3345 631 3528 685 urbem
3576 632 3853 687 firmitatis.

2265 718 2461 772 lterum
2492 720 2742 773 contrarii
2772 720 2937 783 lines,
2976 720 3070 775 sed
3114 729 3339 790 utraque
3383 722 3450 776 ad
3487 722 3712 792 gloriam
3759 722 3856 777 Dei

2263 818 2507 879 vergunt.
2537 808 2631 863 llle
2656 824 2885 879 namque
2920 825 3191 865 carcerem
3230 814 3498 867 concussit
3520 853 3535 878 ,
3570 822 3629 867 ut
3666 812 3859 867 intide-

2265 902 2392 956 lium
2416 910 2650 957 mentem
2672 910 2935 971 quateret,
2959 912 3015 956 ut
3036 903 3269 957 carceris
3292 904 3568 959 custodem
3596 905 3857 971 solveret,

2265 1001 2322 1046 ut
2347 992 2567 1045 verbum
2598 991 2691 1046 Dei
2720 992 3060 1046 aununtiaret
3089 1010 3103 1045 :
3134 1006 3229 1047 vos
3264 992 3448 1047 urbem
3478 994 3731 1049 tirmastis
3751 1036 3766 1055 .
3802 1006 3860 1049 ut

2265 1082 2397 1136 iram
2427 1082 2522 1136 Dei
2564 1081 2884 1136 solveretis:
2915 1092 2970 1136 et
2997 1081 3111 1136 ι]ωο
3150 1092 3203 1137 et
3245 1082 3332 1136 illa
3372 1083 3517 1136 vario
3545 1083 3857 1153 dispensata

2266 1174 2425 1228 modo
2454 1183 2599 1227 sunt.
2627 1176 2875 1228 Attamen
2902 1174 3109 1243 gaudeo
3133 1216 3147 1242 ,
3177 1190 3282 1227 non
3306 1175 3451 1246 quod
3485 1176 3612 1231 urbs
3638 1178 3853 1231 tirmata

2263 1266 2351 1329 sit,
2383 1263 2476 1318 sed
2502 1262 2643 1334 quod
2668 1266 2737 1319 sit
2764 1266 3013 1334 precibus
3040 1265 3232 1320 vestris
3258 1266 3464 1321 ﬁmtata
3484 1310 3501 1335 ,
3532 1268 3673 1338 quod
3707 1270 3855 1337 psal-

2264 1356 2455 1411 modize
2498 1366 2689 1411 vestra:
2714 1355 3178 1411 fundamentorum
3208 1357 3328 1412 loco
3369 1359 3583 1414 fuerint.
3611 1359 3858 1430 Superne

2265 1447 2361 1512 ira,
2393 1446 2519 1500 etin
2548 1456 2685 1501 terra
2713 1462 2813 1500 vox
2844 1455 3017 1502 vestra
3052 1465 3065 1501 :
3094 1462 3327 1517 superne
3352 1450 3687 1519 ingruentem
3718 1452 3855 1506 iram

2261 1538 2499 1593 cohibuit
2524 1552 2624 1592 vox
2654 1552 2685 1593 e
2715 1538 2867 1592 terris
2896 1538 3109 1593 emissa.
3144 1539 3330 1608 Aperti
3350 1550 3477 1594 sunt
3504 1541 3645 1608 cmli,
3676 1522 3852 1597 et‘le-

2262 1633 2404 1701 lapsa
2426 1633 2687 1687 sententia
2711 1642 2788 1686 est
2809 1632 3016 1702 gladius
3044 1642 3231 1687 acutus
3258 1651 3271 1685 :
3302 1633 3430 1688 urbs
3449 1633 3502 1689 in
3528 1633 3702 1689 solum
3725 1635 3851 1689 red-

2259 1733 2410 1790 acta,
2455 1723 2858 1792 indeprecabilis
2901 1723 3001 1777 ira.
3046 1722 3203 1778 Nulla
3250 1740 3309 1779 re
3352 1740 3487 1794 Opus
3526 1724 3851 1789 habuimus,

2262 1819 2361 1872 nisi
2392 1815 2725 1886 pmuiteutia,
2752 1816 3019 1886 lacrymis,
3044 1816 3362 1884 gemitibus,
3390 1824 3443 1870 et
3469 1816 3651 1871 omnia
3679 1816 3852 1870 soluta

2260 1920 2383 1964 sunt
2417 1928 2430 1962 :
2462 1908 2601 1963 Deus
2641 1909 2959 1961 sententiam
3006 1907 3152 1971 tulit,
3190 1921 3395 1977 nosque
3435 1906 3572 1960 iram
3606 1906 3855 1961 dissolvi-

2262 2015 2398 2055 mus.
2430 1999 2774 2067 Nequaquam
2822 1998 3149 2052 aberraverit
3193 1998 3284 2067 qui
3327 2012 3423 2052 vos
3468 2006 3746 2051 curatores
3800 2007 3853 2051 et

2260 2101 2565 2147 servatores
2593 2089 2740 2143 urbis
2763 2089 3132 2158 appellaverit.
3165 2088 3389 2144 Ubinam
3433 2090 3739 2158 principes?
3766 2089 3852 2144 ubi

2261 2182 2436 2251 magni
2464 2181 2538 2235 illi
2583 2168 2973 2249 soSpitatores'?
3001 2179 3106 2235 Vos
3136 2180 3282 2234 urbis
3318 2195 3443 2234 vere
3489 2189 3699 2242 turres,
3735 2194 3849 2233 mu-

2260 2289 2371 2338 rus,
2392 2272 2714 2343 przesidium.
2737 2271 2815 2325 Illi
2841 2272 3074 2341 nequitia
3103 2287 3196 2325 sua
3230 2272 3415 2325 urbem
3443 2270 3854 2336 labefactaruut,

2260 2380 2355 2419 vos
2375 2366 2569 2420 virtute
2595 2374 2769 2419 vestra
2801 2364 2984 2419 urbem
3014 2364 3285 2418 lirmastis.
3308 2364 3362 2417 Si
3392 2363 3511 2433 quis
3547 2364 3842 2434 interroga

2259 2466 2363 2519 tus,
2387 2471 2483 2512 cur
2503 2470 2759 2510 concussa
2784 2455 2911 2508 urbs
2941 2454 3120 2521 fuerit,
3140 2456 3240 2507 etsi
3270 2453 3399 2508 nihil
3428 2454 3770 2524 reSpoudeat,
3796 2455 3851 2508 in

2259 2548 2505 2605 confesso
2531 2559 2706 2602 tamen
2736 2557 2838 2612 est,
2867 2546 2918 2600 id
2953 2554 3288 2615 peccatorum
3312 2586 3327 2610 ,
3355 2548 3613 2611 avaritiae,
3642 2547 3851 2615 injusti-

2259 2639 2347 2694 tize
2370 2678 2385 2701 ,
2434 2637 2682 2707 nequitia:
2707 2678 2720 2703 ,
2754 2636 3017 2706 superbia:
3038 2678 3053 2700 ,
3097 2636 3359 2690 mendacii
3384 2650 3541 2690 causa
3567 2637 3847 2691 accidisse.

2259 2730 2546 2798 Cuiusnam
2568 2727 2591 2781 ?
2616 2727 2861 2781 divitum.
2886 2725 3119 2780 Rursum
3150 2726 3194 2779 si
3224 2726 3341 2795 quis
3369 2725 3681 2795 interroget,
3711 2727 3850 2781 unde

2258 2819 2385 2874 urbs
2416 2818 2622 2872 firmata
2668 2816 2857 2877 fuerit,
2891 2818 2945 2870 in
2988 2815 3237 2870 confesso
3263 2826 3378 2879 est,
3412 2816 3553 2886 quod
3584 2831 3682 2886 per
3714 2818 3853 2886 psul-

2257 2908 2461 2963 modias
2482 2950 2496 2973 ,
2527 2920 2711 2976 preces
2730 2948 2745 2973 ,
2779 2905 3072 2975 pervigilia.
3100 2906 3503 2972 Quorumnam?
3530 2906 3846 2976 pauperum.

2257 3003 2385 3070 Quae
2418 3001 2603 3055 urbem
2643 3007 3060 3063 concusserunt,
3091 2999 3301 3052 illorum
3344 3008 3508 3065 sunt;
3537 3015 3659 3068 quae
3703 3000 3846 3054 illam

2257 3090 2746 3154 conﬁrmaverunt,
2798 3097 2975 3142 vestra
3010 3105 3023 3140 :
3058 3088 3235 3157 itaque
3279 3102 3376 3141 vos
3436 3097 3739 3143 servatores
3794 3099 3849 3143 et

2256 3191 2529 3238 curatores
2580 3180 2770 3234 fuistis.
2806 3179 3001 3233 Verum
3031 3177 3117 3231 hic
3164 3178 3430 3232 sermonis
3478 3178 3637 3231 finem
3682 3176 3846 3233 facia-

2256 3290 2375 3330 mus
2404 3273 2688 3345 pervigiliis
2713 3280 2767 3326 et
2798 3268 3105 3340 psalmodiis
3130 3269 3406 3333 instantes,
3434 3269 3659 3338 gloriam
3689 3270 3851 3324 emite

2254 3376 2426 3423 tentes
2452 3364 2615 3428 Patri,
2646 3362 2779 3417 Filio
2806 3372 2859 3415 et
2883 3360 3102 3429 Spiritui
3130 3369 3337 3428 sancto,
3358 3376 3497 3413 nunc
3524 3369 3579 3414 et
3606 3374 3840 3428 semper,

2254 3469 2310 3515 et
2338 3460 2392 3514 in
2421 3456 2616 3513 saecula
2643 3455 2983 3510 saeculorum.
3014 3455 3204 3507 Amen.

2358 3740 2987 3751 .._——n—-——————__.I——
3000 3743 3034 3749 ι.

1543 3975 1621 4035 ΙΝ
1662 3974 2035 4037 HOMILIAM
2070 3975 2167 4036 DE
2204 3974 2391 4035 JUDA
2439 3972 2869 4033 PRODITORE

656 4243 773 4299 Non
799 4241 918 4299 sine
943 4238 1179 4311 quodam
1217 4236 1474 4307 scrupulo
1495 4236 1638 4292 hanc
1668 4237 1973 4301 homiliam,
2016 4252 2141 4307 qua:
2175 4251 2322 4292 nunc
2350 4235 2586 4307 primum
2629 4236 2684 4290 in
2706 4236 2886 4291 lucem
2932 4234 3134 4305 prodit,
3162 4236 3305 4291 inter
3325 4248 3615 4306 germanas
3644 4243 3698 4288 et
3724 4232 3837 4288 sin-

585 4372 741 4413 ceras
756 4352 1124 4427 Chrysostomi
1149 4351 1441 4406 conciones
1456 4350 1705 4405 locamus
1728 4368 1744 4405 :
1768 4352 2047 4407 licetenim
2073 4351 2162 4406 illa
2184 4351 2435 4421 Daphnes
2456 4349 2704 4405 suburbii
2732 4350 3060 4405 Antiocheni
3080 4350 3558 4417 commemoratio,
3582 4363 3689 4418 qua
3709 4362 3838 4402 con-

586 4472 671 4526 cio
690 4469 979 4539 incipitur;
1015 4468 1141 4523 licet
1159 4466 1335 4539 Pythii
1364 4468 1630 4539 Apollinis
1665 4470 1717 4523 in
1750 4482 1815 4522 eo
1836 4466 2100 4522 suburbio
2125 4482 2154 4522 a
2179 4468 2470 4538 gentilibus
2501 4468 2635 4523 culti
2662 4467 2948 4532 memoria,
2974 4482 3189 4521 necnon
3227 4467 3332 4521 alia
3356 4465 3606 4537 quaedam
3636 4463 3835 4520 similia

585 4585 1030 4655 Chrysostomum
1086 4582 1501 4637 concionantem
1537 4580 1740 4637 referre
1761 4580 2069 4645 videantur,
2122 4596 2232 4635 non
2266 4596 2437 4651 pauca
2477 4589 2605 4636 sunt
2632 4596 2755 4651 quae
2784 4581 3131 4651 peregrinum
3164 4579 3366 4644 oleant,
3415 4579 3837 4634 exclamationes

588 4699 843 4755 nimirum
892 4708 947 4754 et
966 4698 1417 4769 interrogationes
1448 4707 1741 4767 perpetuae,
1766 4712 1904 4766 quas
1941 4698 2065 4752 licet
2107 4696 2166 4751 S.
2199 4696 2390 4752 doctor
2417 4713 2524 4753 non
2551 4712 2675 4753 raro
2710 4688 2884 4753 soleat
2911 4711 3197 4767 usurpare,
3234 4711 3343 4751 non
3388 4705 3497 4749 tam
3531 4693 3837 4765 frequenter

609 4943 3019 4968 Μ

1443 5034 1564 5117 ΙΝ
1609 5035 2421 5121 PRODITIONEM
2474 5043 2805 5125 JUDIE
2834 5038 2939 5119 (α).

1988 5212 2410 5271 ϐσξεδὶ>>>>θιξὲἒῦ

608 5329 759 5383 Nunc
787 5339 992 5382 amoena
1024 5324 1264 5395 Daphne,
1287 5340 1427 5380 nunc
1453 5308 1698 5396 religiosa
1724 5336 1822 5392 est,
1843 5343 1946 5383 non
1975 5330 2135 5385 modo

554 5419 695 5489 quod
738 5418 1105 5487 limpidissima
1152 5414 1351 5470 ﬂuenta
1391 5404 1617 5483 emittat,
1660 5431 1764 5472 non
1796 5419 1934 5487 quod
1971 5421 2132 5475 arbo-

552 5528 668 5565 rum
711 5523 892 5565 comas
935 5510 1041 5563 alat
1079 5508 1528 5579 iucundissimas;
1568 5509 1665 5564 sed
1709 5509 1851 5579 quod
1896 5514 2133 5583 peregri-

549 5618 673 5660 nam
705 5601 935 5673 plantam
958 5616 1169 5656 crucem
1200 5602 1461 5672 receperit
1488 5619 1501 5655 :
1536 5616 1676 5656 nunc
1704 5601 1824 5657 fons
1849 5618 1973 5658 vere
1996 5613 2135 5659 tem-

553 5708 746 5767 perans
773 5703 854 5749 est
887 5706 941 5748 et
973 5692 1161 5764 Pythio
1189 5692 1419 5747 dmmoni
1451 5693 1722 5749 terribilis.
1766 5691 1885 5749 Non
1911 5694 2136 5766 amplius

619 5809 691 5871 (α)
725 5810 792 5859 Fx
809 5806 918 5857 Cod.
946 5814 1040 5856 Em.
1070 5806 1201 5855 card.
1225 5806 1463 5856 nttohom.

2242 5334 2417 5404 impiis
2446 5334 2574 5388 viris
2612 5334 2785 5388 solum
2825 5331 3137 5387 calcandum
3178 5332 3364 5397 offert,
3408 5329 3501 5385 sed
3542 5330 3693 5385 vobis
3735 5330 3830 5398 piis

2240 5440 2431 5480 nemus
2465 5424 2697 5494 przebet,
2744 5423 3028 5494 imaginem
3058 5423 3307 5477 amabilis
3353 5420 3497 5476 illius
3525 5422 3649 5488 loci,
3692 5422 3827 5477 born

2240 5532 2461 5587 nempe,
2495 5516 2546 5570 in
2590 5531 2696 5587 quo
2739 5515 3039 5571 Servatoris
3078 5515 3340 5585 proditio,
3370 5514 3542 5569 audax
3578 5511 3783 5568 facinus
3806 5553 3819 5575 ,

2242 5617 2451 5679 peracta
2474 5617 2577 5672 est,
2606 5607 2897 5677 salutisque
2937 5614 3133 5661 nostra:
3172 5606 3440 5675 negotium
3469 5612 3645 5660 ortum
3672 5618 3822 5657 acce-

2243 5704 2339 5771 pit.
2370 5701 2581 5755 Atcuim
2604 5699 2730 5770 quid
2759 5698 3009 5769 praesenti
3032 5698 3192 5755 cmtui
3219 5699 3407 5769 loquar
3425 5712 3532 5753 non
3557 5698 3820 5767 suppetit:

2246 5795 2475 5867 linguam
2509 5776 2685 5848 movet
2705 5802 2876 5848 cretus
2906 5789 2971 5847 ad
2997 5789 3187 5847 ludam
3227 5789 3603 5857 ineusandum,
3633 5792 3727 5844 sed
3766 5798 3822 5841 us
