4206 6302
260 335 366 390 ῚΙῗ
410 366 420 378 -

261 463 443 503 meum
468 449 538 503 ad
569 461 629 505 se
669 447 927 518 pertrahit
970 446 1270 502 Servatoris
1303 446 1605 502 clementia.
1651 448 1868 504 Duobus

264 543 418 598 hisce
457 543 732 610 detineor,
763 543 890 599 odio
928 541 1218 612 proditoris
1243 547 1299 596 et
1324 554 1510 596 amore
1541 541 1750 595 Domini
1775 560 1788 594 :
1814 550 1869 595 at

262 634 432 690 vincit
453 633 637 689 odium
668 647 841 699 amor,
865 642 1048 703 utpote
1073 632 1243 701 major
1265 629 1616 702 validiorque.
1667 631 1869 700 Quama-

262 724 676 803 obrem_relicto
714 723 1008 794 proditore,
1038 723 1336 779 beneficum
1365 722 1600 787 celebro,
1632 738 1738 778 non
1768 723 1878 793 pro'

267 815 412 870 illius
437 815 693 886 dignitate
716 856 732 882 ,
755 814 976 883 sed'pro
1005 814 1252 870 facultate
1290 829 1429 869 mea.
1459 813 1742 882 Quomodo
1781 815 1866 869 in-

264 905 487 961 clinavit
513 905 696 972 caios,
737 914 792 962 et
815 905 1093 962 descendit
1122 907 1174 961 in
1219 905 1458 960 terram?
1485 904 1756 976 quomodo
1797 905 1870 972 is,-

262 995 357 1065 qui
401 1003 569 1075 totum
598 997 771 1066 replet
797 996 1075 1062 mundum,
1115 995 1181 1050 ad
1215 1010 1300 1050 mc
1342 994 1529 1075 venit,
1558 1009 1655 1064 pro
1689 1010 1774 1050 me
1813 1003 1870 1050 et

261 1071 561 1145 secundum
605 1105 692 1146 me
733 1088 945 1144 factus?
972 1090 1246 1160 quomodo
1273 1104 1430 1157 eum,
1476 1071 1635 1158 quem
1682 1087 1867 1158 prodi-

264 1189 439 1235 torem
489 1178 725 1235 futurum
779 1189 1036 1248 noverat,
1078 1179 1398 1250 discipulum
1445 1169 1692 1248 aecepit?
1735 1179 1867 1249 quo-

263 1273 429 1328 rmdo
464 1274 735 1328 inimicum
764 1288 824 1330 se
853 1283 910 1327 ut
935 1275 1160 1329 amicum
1189 1274 1343 1343 sequi
1369 1273 1575 1342 jussit?
1599 1274 1870 1342 quomodo

263 1380 377 1420 non
416 1366 484 1419 de
513 1365 835 1434 proditione,
869 1365 966 1422 scd
996 1366 1063 1420 de
1105 1365 1393 1437 proditoris
1418 1365 1589 1422 salute
1618 1364 1713 1420 fuit
1755 1365 1867 1420 Sul-

267 1455 488 1511 iicitus?
529 1455 662 1511 Nam
701 1455 918 1527 Vespere
946 1458 1106 1526 facto,
1144 1457 1336 1527 inquit,
1380 1456 1869 1512 recumbebatlesus

262 1567 386 1604 cum
427 1551 694 1605 duodecim
741 1551 1006 1624 discipulis
1044 1552 1169 1618 suis,
1200 1561 1246 1606 et
1297 1551 1869 1607 manducantibusitlis

261 1645 396 1698 dixit
425 1662 443 1697 :
469 1643 648 1711 Amen,
680 1661 828 1700 amen
858 1645 971 1699 dico
991 1647 1147 1709 vobis,
1186 1645 1322 1712 quod
1346 1663 1476 1700 unus
1513 1656 1731 1700 vestrum
1757 1639 1867 1699 tra-

263 1743 354 1789 det
385 1752 465 1790 me
508 1735 723 1807 (Hatth.
772 1737 865 1792 26.
895 1736 988 1792 20.
1037 1737 1155 1807 21).
1202 1737 1566 1792 Proditionem
1599 1736 1865 1807 praedixit,

263 1836 329 1880 nt
356 1828 535 1882 secius
557 1827 854 1884 cohiberet.
883 1827 1164 1883 Neminem
1191 1828 1433 1883 indicans
1465 1828 1865 1897 praedictionem

227 1945 232 1950 α
263 1921 468 1988 emisit,
498 1936 618 1991 qua:
645 1919 714 1976 de
739 1919 982 1989 discipuli
1019 1921 1274 1990 nequitia,
1309 1903 1756 1976 'recnmbentibus
1780 1933 1870 1974 oc-

261 2010 435 2076 culta,
480 2010 810 2080 triumphare
853 2026 960 2066 non
1004 2011 1194 2081 potuit.
1244 2010 1375 2078 Quis
1416 2011 1572 2065 talem
1615 2025 1869 2080 umquam

265 2101 484 2158 Domini
526 2103 906 2173 benignitatem
952 2103 1120 2158 vidit?
1157 2103 1219 2158 Et
1248 2102 1488 2172 proditur
1527 2112 1582 2158 et
1626 2103 1870 2174 prodito-

267 2208 384 2248 rem
415 2200 578 2249 amat.
615 2192 747 2262 Quis
782 2192 1077 2263 despicitur
1103 2203 1159 2249 et
1189 2193 1553 2249 misericordia
1586 2193 1869 2249 movetur?

262 2286 519 2344 venditur
563 2295 618 2342 et
660 2287 1043 2358 nequissimum
1091 2297 1445 2343 mercatorem
1490 2302 1692 2343 mensa:
1734 2303 1869 2342 con-

263 2390 470 2434 sortem
506 2379 736 2448 accipit,
775 2387 830 2434 et
874 2374 1170 2434 insidiatori
1214 2379 1421 2449 parcit?
1457 2378 1518 2433 Et
1554 2378 1870 2433 manducan-

264 2471 402 2526 tibus
435 2471 542 2526 illis
579 2471 945 2539 disiuAmen,
989 2464 1152 2526 omen
1196 2472 1309 2526 dico
1349 2473 1518 2537 vobis,
1559 2470 1695 2542 quod
1734 2487 1870 2524 unus

264 2564 672 2619 eestrumtradet
698 2581 776 2619 me
805 2563 912 2636 (Ib.
945 2581 992 2619 υ.
1015 2564 1132 2636 21).
1157 2564 1226 2622 Ut
1257 2566 1418 2619 homo
1445 2563 1782 2630 comedebat,
1815 2572 1870 2619 ct

265 2665 328 2709 ut
370 2655 510 2710 Deus
539 2656 712 2712 futura
751 2655 1121 2726 praedicebat:
1165 2671 1287 2728 quze
1325 2667 1530 2724 natura;
1557 2663 1872 2726 competunt

265 2761 442 2812 mere,
491 2746 578 2806 ille
623 2749 726 2802 mei
764 2763 923 2804 causa
962 2749 1143 2804 subire
1190 2748 1458 2819 dignatur.
1501 2747 1869 2819 Omnibusque

263 2838 541 2909 discipulis
565 2839 632 2895 de
679 2840 768 2895 tali
811 2840 956 2896 dicto
1000 2839 1345 2911 stupefactis,
1390 2849 1445 2896 et
1486 2841 1868 2897 conscientiam

263 2948 421 2988 suam
473 2935 706 3003 graviter
749 2932 1100 3000 ferientibus,
1148 2947 1468 3004 cenamque
1515 2933 1568 2988 in
1620 2938 1870 2992 maeroris

266 3034 482 3093 tempus
508 3026 964 3108 convertentibus,
992 3025 1322 3105 singulisque
1345 3024 1667 3095 dicentibus,
1699 3026 1871 3081 Num-

262 3117 392 3187 quid
425 3133 517 3187 ego
546 3132 657 3170 sum
678 3155 695 3184 ,
731 3103 951 3171 Domine
981 3115 1094 3188 (Ib.
1129 3132 1178 3171 υ.
1205 3103 1329 3187 22)?
1355 3125 1411 3171 ut
1444 3115 1868 3187 interrogatione

267 3209 363 3264 illa
404 3209 644 3265 molesta:
670 3209 992 3280 suspicionis
1021 3209 1262 3265 levamen
1295 3209 1630 3276 invenirent,
1674 3211 1868 3266 animis

265 3300 644 3371 intempestive
674 3301 943 3370 percussis
965 3300 1260 3355 remedium
1288 3301 1549 3357 adhibens
1571 3301 1825 3365 Servatur
1847 3344 1861 3367 ,

263 3393 533 3462 eumqui
582 3393 840 3448 hactenus
881 3394 1124 3449 occultus
1162 3392 1338 3450 fuerat
1378 3395 1731 3465 responsione
1769 3409 1868 3452 sua

263 3485 504 3542 declarat
527 3503 540 3539 :
563 3484 664 3552 Qui
686 3486 907 3558 intingit,
932 3487 1121 3557 inquit,
1150 3478 1342 3550 mecum
1367 3487 1653 3542 manantia
1677 3492 1864 3554 catino,

267 3582 355 3636 hic
396 3597 477 3634 me
509 3582 690 3634 tradet.
732 3578 800 3634 Et
847 3581 1012 3635 Filius
1038 3581 1238 3650 quidem
1284 3581 1502 3636 hominis
1530 3582 1690 3648 cadit,
1737 3583 1868 3638 sicut

264 3673 516 3741 scriptum
558 3683 631 3727 est
675 3673 738 3726 de
765 3672 875 3727 illo.
914 3672 1000 3726 ναι
1030 3683 1202 3727 autem
1238 3673 1430 3727 homini
1457 3673 1562 3738 illi,
1592 3690 1682 3743 per
1719 3690 1866 3742 quem

269 3762 444 3819 Filius
479 3764 702 3819 hominis
736 3766 964 3819 trudetur
985 3781 1004 3818 :
1042 3763 1228 3819 bonum
1267 3765 1312 3818 ei
1353 3775 1461 3820 erat
1501 3765 1548 3819 si
1584 3775 1734 3820 nutus
1765 3783 1865 3820 non

266 3857 450 3926 {uisset
480 3856 630 3911 homo
669 3857 758 3910 ille
784 3857 888 3926 (Ib.
935 3873 984 3910 υ.
1012 3857 1100 3913 25.
1131 3857 1247 3927 24).
1291 3858 1575 3912 Miseratnr
1597 3873 1744 3924 eum,
1776 3860 1867 3929 qui

266 3963 332 4002 se.
355 3948 598 4020 miserari
629 3949 832 4014 noluit;
863 3950 1128 4017 parcitei,
1155 3950 1244 4019 qui
1271 3949 1464 4003 anima:
1487 3963 1600 4004 sua:
1623 3963 1730 4003 non
1771 3964 1866 4018 pe-

269 4049 536 4110 peruerat.
559 4041 735 4095 Palam
760 4039 938 4096 facere
961 4043 1176 4097 nolebat
1195 4057 1339 4108 eum,
1369 4044 1458 4112 qui
1485 4043 1671 4114 sejam
1693 4044 1866 4112 palam

267 4132 490 4197 fecerat,
520 4133 593 4188 illi
619 4132 947 4203 pmuitentiu:
975 4144 1099 4202 tem;
1121 4147 1205 4200 us,
1233 4133 1618 4206 discipulisque
1647 4136 1870 4207 reliquis

268 4224 523 4280 intumis
574 4224 837 4279 medelam
893 4225 1261 4294 suppeditans.
1305 4225 1500 4280 Verum
1555 4227 1688 4281 nihil
1744 4227 1867 4282 hinc

267 4314 464 4368 melior
511 4306 735 4369 ell'ectus
775 4313 1018 4385 proditor
1060 4324 1162 4370 est.
1216 4316 1508 4386 Oportebat
1553 4318 1698 4372 enim
1742 4333 1866 4373 eum

264 4413 392 4477 post
437 4403 706 4485 horrenda
753 4404 1061 4476 hujusmodi
1103 4406 1267 4462 verba
1318 4420 1541 4477 repente
1573 4408 1662 4481 (de
1712 4424 1864 4464 omna

264 4509 512 4565 surgere,
557 4496 838 4566 oportebat
873 4497 1273 4568 condiscipulos
1301 4497 1681 4569 deprecatores
1710 4499 1864 4554 adbi-

267 4590 422 4653 bere,
452 4588 734 4657 oportebat
754 4588 1056 4645 Servatoris
1077 4605 1249 4660 genua
1269 4591 1576 4662 complecti,
1611 4592 1866 4661 illumque

269 4678 579 4749 hujusmodi
627 4679 784 4737 dictis
827 4681 1077 4752 placare:
1122 4681 1381 4748 Peccavi,
1421 4683 1861 4750 clementissime,

269 4770 528 4842 peccavi,
575 4770 752 4843 inique
801 4773 920 4840 egi,
969 4787 1092 4829 cum
1139 4772 1447 4828 hominibus
1485 4788 1650 4842 parvo
1694 4775 1866 4844 pretio

269 4863 484 4919 vendidi
509 4860 950 4922 inaestimabilem
994 4868 1369 4936 margaritam;
1411 4867 1593 4938 inique
1631 4868 1716 4938 egi
1760 4870 1862 4924 im-

204 5000 213 5012 .
268 4974 517 5014 mensum
539 4960 846 5015 thesaurum
872 4975 970 5032 pro
994 4961 1138 5017 tenui
1169 4962 1393 5031 pecunia
1415 4961 1668 5033 prodens.
1698 4963 1864 5020 Parce

269 5051 426 5116 mihi,
460 5049 639 5104 damni
682 5060 736 5104 et
780 5050 1036 5121 perniciei
1076 5051 1405 5108 mercatori;
1447 5054 1662 5122 ign0sce
1695 5053 1860 5120 mihi,

265 5141 427 5212 cujus
466 5141 704 5194 animum
745 5141 859 5195 auri
895 5156 1048 5197 amor
1084 5143 1379 5215 corripuit:
1428 5144 1644 5215 ignosce
1676 5147 1724 5201 ei
1769 5150 1863 5217 qui

266 5247 301 5286 a
330 5229 618 5288 Pharisaais
643 5233 842 5291 nefarie
868 5235 1126 5308 deceptus
1151 5246 1254 5293 est.
1299 5237 1502 5295 ﬂorum
1535 5242 1742 5297 nullum
1780 5244 1863 5298 vel

267 5326 518 5396 protulit,
549 5326 638 5382 vel
668 5326 959 5398 cogitavit;
990 5329 1086 5388 sed
1113 5333 1369 5402 asperiori
1400 5349 1531 5390 voce
1569 5335 1732 5391 animi
1764 5337 1868 5392 im-

266 5416 583 5487 pudentiam
624 5420 876 5491 patefecit
915 5423 1234 5480 clamando:
1276 5425 1543 5496 Numquid
1581 5444 1674 5499 ego
1714 5446 1861 5497 sum,

271 5507 531 5566 Domina!
555 5508 602 5567 0
646 5511 881 5583 linguam
915 5514 1316 5586 impudentem!
1356 5532 1393 5573 o
1423 5520 1661 5575 animum
1705 5521 1864 5576 indo-

266 5601 499 5657 mituml
550 5601 848 5675 lnterrogat
883 5614 941 5660 ut
983 5606 1200 5678 ignarus
1224 5622 1434 5676 eorum,
1475 5625 1609 5681 quas.
1638 5610 1867 5668 medita-

267 5696 454 5764 batur,
497 5706 554 5755 et
593 5697 694 5754 hoc
738 5699 906 5756 latere
954 5711 1102 5771 putat
1136 5701 1295 5760 oculo
1335 5718 1624 5776 numquam
1671 5719 1865 5778 sopore

265 5787 473 5845 clamo.
519 5789 716 5848 Atinio
754 5789 937 5849 dolum
976 5801 1186 5866 gestat,
1233 5803 1290 5853 et
1328 5796 1505 5867 lingua
1547 5797 1864 5868 ignorantia!

1523 334 1608 390 DE
1652 333 2064 392 PRODﬂ‘IONE
2103 332 2320 391 JUDE.

3472 339 3574 394 718

1977 447 2198 502 verbum
2241 444 2444 517 profert
2477 463 2488 497 ε
2524 455 2704 501 mente
2741 445 2852 516 jam
2880 447 3240 517 proditionem
3273 448 3496 518 fecerat,
3521 463 3573 509 et

1971 554 2090 606 ore,
2133 547 2190 592 ut
2220 547 2401 608 putat,
2445 548 2720 607 peccatum
2766 537 2988 609 obtegit.
3035 537 3230 593 iisdem
3277 547 3439 611 atque
3483 544 3574 597 alii

1974 629 2221 700 discipuli
2275 630 2438 684 utitur
2482 629 2701 694 verbis,
2743 630 2902 710 longe
2944 630 3294 687 dissimilibus
3345 647 3465 688 cum
3506 637 3574 691 sit
3623 664 3625 666 -

1975 721 2214 776 moribus
2243 739 2255 774 :
2287 721 2445 791 lupus
2471 722 2687 800 animo,
2720 722 2882 783 ovina
2925 723 3217 792 respondet
3240 739 3394 780 voce.
3434 726 3573 795 Quid

1973 810 2044 866 ad
2067 811 2217 866 illum
2242 809 2496 867 Scrvator
2513 811 2538 865 Ἰ
2557 809 2637 865 Tu
2666 811 2859 866 dixisti.
2885 810 3154 868 Toleranti
3187 829 3318 870 voce
3343 815 3574 886 improbi

1973 919 2190 960 scenam
2221 905 2479 975 coarguit.
2513 904 2730 960 Poterat
2759 906 2906 961 enim
2945 905 3022 960 illi
3060 907 3240 962 dicere
3273 927 3287 962 :
3319 907 3459 977 Quid
3489 908 3577 964 di-

1972 995 2072 1064 cis,
2094 997 2424 1054 exsccrande
2468 1007 2524 1054 et
2548 997 2849 1054 scelerate?
2889 997 3016 1069 quid
3046 999 3198 1064 dicis,
3229 1003 3576 1072 pecuniarum

1973 1089 2326 1160 mancipium,
2372 1099 2429 1146 et
2469 1090 2666 1146 diaboli
2716 1091 2986 1146 consors?
3031 1092 3270 1149 audesne
3320 1094 3562 1165 ignoran-

1974 1184 2101 1238 tiam
2129 1182 2424 1238 simulare.?
2450 1182 2616 1238 audes
2637 1185 2891 1253 obtegere
2915 1200 3035 1253 qua:
3060 1186 3238 1254 obtegi
3264 1189 3582 1256 nequeunti

1973 1290 2151 1330 annon
2203 1274 2480 1330 divinitate
2532 1274 2811 1331 adstaham
2876 1277 2970 1331 tibi
3016 1277 3233 1347 indigna
3288 1279 3584 1334 molienti?

1971 1379 2151 1421 annon
2198 1366 2490 1420 divinitatis
2531 1370 2689 1420 oculo
2731 1376 2784 1422 te
2827 1367 2934 1423 vidi
2977 1369 3265 1440 adeuntem
3305 1358 3582 1440 principes

1973 1461 2354 1518 sacerdotum?
2393 1477 2570 1516 annon
2618 1463 2700 1516 vel
2743 1462 2946 1518 absens
2977 1462 3262 1519 audiebam
3304 1471 3356 1518 te
3391 1462 3579 1518 dicen-

1974 1563 2104 1623 tem,
2140 1555 2276 1624 Quid
2300 1555 2448 1609 vultis
2490 1555 2612 1608 mihi
2652 1556 2794 1621 dare,
2838 1566 2884 1610 et
2931 1573 3021 1627 ego
3047 1557 3184 1610 vobis
3221 1573 3332 1610 eum
3379 1557 3578 1609 tradam

1975 1647 2196 1716 (Matth.
2226 1647 2315 1717 26.
2363 1647 2496 1720 15)?
2545 1663 2612 1702 an
2646 1650 2832 1715 ignoro
2875 1649 3057 1718 quanti
3099 1663 3186 1703 me
3233 1648 3580 1704 vendideris.’

1974 1739 2111 1806 Quid
2146 1740 2342 1810 igitur?
2381 1741 2524 1795 itane
2566 1740 2843 1796 convictus
2888 1739 3230 1811 impudenter
3255 1740 3408 1808 agis?
3449 1741 3576 1810 quid

1973 1845 2036 1887 ea
2087 1841 2268 1902 tegere
2316 1832 2529 1887 conaris
2571 1847 2691 1902 qua;
2745 1832 2920 1886 facere
2974 1832 3176 1902 cupis?
3225 1832 3354 1886 mihi
3397 1831 3580 1886 omnia

1974 1924 2116 1978 mula
2161 1931 2217 1979 et
2262 1934 2446 1993 aperta
2493 1933 2637 1978 sunt.
2677 1923 2803 1978 llaec
2847 1933 2967 1978 cum
3019 1923 3350 1992 respondere
3397 1933 3578 1992 posset

1973 2017 2382 2082 Christus,rnon
2423 2019 2495 2070 ita
2539 2016 2788 2086 loquutus
2817 2024 2935 2078 est;
2983 2014 3076 2070 sed
3109 2013 3421 2084 simpliciter
3465 2013 3578 2084 pla.

1975 2109 2202 2179 cideque
2248 2111 2366 2163 sine
2398 2108 2507 2164 ullo
2551 2107 2934 2178 indignationis
2973 2106 3214 2172 stimulo,
3247 2105 3326 2160 Tu
3367 2105 3579 2169 dixisti;

1976 2211 2035 2256 ut
2073 2215 2172 2256 nos
2202 2200 2420 2256 doceret
2459 2200 2537 2255 sic
2574 2215 2696 2254 cum
2728 2199 2957 2254 inimicis
2998 2213 3119 2254 esse
3160 2197 3449 2268 agendum.
3484 2199 3578 2252 Αι-

1975 2301 2153 2348 tamen
2207 2300 2328 2362 post
2375 2300 2573 2348 tantam
2624 2291 2997 2345 circuitioncm
3044 2289 3238 2344 mansit
3286 2288 3338 2343 in
3386 2287 3578 2343 morbo

1973 2384 2156 2450 Judas,
2189 2400 2296 2440 non
2327 2383 2542 2449 medici,
2570 2381 2665 2439 sed
2692 2383 3002 2453 mgrotantis
3032 2381 3257 2448 incuria.
3287 2379 3381 2436 llle
3421 2394 3580 2434 nam.

1973 2491 2078 2546 que
2102 2476 2281 2531 omnia
2305 2474 2372 2530 ad
2412 2474 2638 2529 salutem
2671 2472 2909 2528 remedia
2933 2471 3278 2538 admovebat,
3319 2470 3406 2527 hic
3445 2488 3580 2527 vero

1973 2582 2036 2622 ea
2067 2566 2350 2622 admittere
2379 2566 2632 2632 nolebat;
2675 2563 2770 2620 sed
2801 2579 2960 2619 unam
3003 2579 3124 2619 cum
3175 2571 3357 2618 nosset
3394 2561 3575 2617 avari-

1976 2660 2121 2724 tiam,
2151 2674 2340 2714 aurum
2370 2651 2588 2715 Ch'risto
2617 2656 2997 2728 anteponebat,
3029 2665 3254 2726 eratque
3284 2655 3368 2720 iis,
3399 2655 3491 2728 qui
3517 2670 3578 2711 se

1974 2752 2366 2817 conduxerant,
2398 2751 2692 2806 benevolus
2731 2760 2895 2821 atque
2919 2748 3112 2804 ﬁdelis.
3141 2748 3420 2805 Accedens
3446 2762 3579 2805 vero

1973 2844 2140 2899 Judas
2173 2831 2391 2898 Christo
2415 2841 2549 2896 dixit
2577 2860 2591 2895 :
2623 2839 2746 2906 Ave,
2789 2840 2990 2905 Rabbi;
3012 2847 3059 2893 et
3081 2839 3338 2894 osculatus
3360 2850 3437 2892 est
3461 2855 3576 2892 eum

1975 2935 2083 3008 (Ib.
2108 2954 2153 2992 υ.
2185 2934 2297 3005 49).
2325 2933 2506 2988 Novus
2533 2946 2665 2988 sane
2707 2930 3024 3002 proditionis
3050 2929 3263 2996 modus,
3294 2929 3362 2984 ab
3387 2929 3576 2984 osculo

1972 3037 2028 3083 et
2078 3026 2491 3096 compellatione
2538 3023 2812 3093 prodicns.
2863 3023 3014 3077 Jesus
3056 3034 3229 3078 autem
3269 3021 3401 3076 dixit
3443 3021 3522 3076 iui
3555 3037 3575 3076 :

1975 3118 2168 3182 Amice,
2200 3117 2270 3170 ad
2297 3117 2423 3186 quid
2453 3116 2631 3169 renis-ti
2669 3113 2776 3187 (Ib.
2807 3130 2857 3169 υ.
2895 3112 3027 3185 50)1
3053 3111 3182 3184 quid
3223 3129 3310 3170 me
3339 3113 3576 3184 gaudere

1967 3207 2149 3278 jnbcs,
2186 3206 2320 3262 ‘dum
2372 3206 2502 3261 mihi
2550 3206 2749 3260 malum
2797 3204 2998 3261 inferre
3037 3203 3282 3274 cogitas?
3320 3203 3449 3275 quid
3487 3218 3576 3260 me

1974 3300 2138 3356 verbo
2184 3298 2408 3365 delinis,
2454 3301 2581 3352 dum
2630 3311 2796 3367 opere
2843 3295 3124 3367 percutis?
3187 3311 3346 3352 vocas
3399 3296 3573 3367 magi-

1971 3401 2162 3458 strum,
2211 3407 2334 3447 cum
2378 3405 2485 3446 non
2527 3389 2602 3446 sis
2644 3387 3132 3459 discipulusiquid
3178 3387 3415 3443 caritatis
3451 3388 3572 3457 jura

1972 3484 2255 3540 confudis?
2295 3499 2393 3538 cur
2422 3483 2570 3553 pacis
2594 3480 2896 3553 symbolum
2928 3480 2982 3534 in
3012 3480 3224 3550 signum
3253 3478 3574 3551 proditionis

1973 3575 2276 3633 convertis?
2330 3575 2608 3647 cujusnam
2659 3573 2910 3645 exemplo
2973 3572 3078 3627 hoc
3131 3572 3380 3644 peragis?
3431 3571 3569 3628 Num

1972 3669 2051 3726 sic
2116 3666 2298 3723 vidisti
2356 3683 2526 3737 nuper
2595 3652 2934 3721 meretricem
3006 3664 3169 3734 pedes
3240 3665 3570 3736 osculantem

1971 3763 2163 3822 meos?
2203 3780 2330 3820 num
2366 3764 2445 3818 sic
2489 3761 2668 3818 vidisti
2711 3762 3078 3818 centurionem
3128 3763 3183 3817 in
3227 3757 3408 3829 genua'
3449 3773 3573 3830 pro-

1971 3855 2358 3914 cumbentem?
2398 3871 2522 3909 num
2563 3853 2700 3910 forte
2747 3853 3022 3910 dzcmonas
3051 3853 3122 3907 ita
3161 3849 3572 3906 succumbentes

1971 3947 2193 4004 vidisti?
2235 3947 2368 4002 Novi
2399 3947 2516 4018 quis
2566 3947 2659 4002 tibi
2700 3944 2873 4001 dolosi
2915 3945 3082 4002 osculi
3111 3945 3252 3999 viam
3299 3951 3571 3998 monstra-

1969 4040 2109 4095 verit
2136 4038 2426 4094 :-~~diab0lus
2456 4038 2548 4093 tibi
2579 4037 2701 4092 talis
2729 4037 3008 4107 amplexus
3034 4036 3251 4091 modum
3281 4036 3567 4105 suggessit,

1972 4141 2028 4188 tu
2070 4146 2201 4188 vero
2230 4129 2478 4200 improbo
2517 4128 2828 4186 consiliario
2864 4127 3276 4196 obtemperans,
3315 4127 3434 4194 ejus
3471 4138 3570 4180 vo-

1969 4223 2228 4289 luntatem
2271 4222 2603 4292 exsequeris.
2635 4219 2846 4286 Amice,
2882 4220 2952 4274 ad
2978 4219 3100 4291 ’qnid
3139 4219 3316 4273 venisti
3336 4219 3363 4272 ?
3391 4216 3570 4288 iniqua

1970 4325 2122 4389 pacta
2149 4315 2332 4385 imple,
2373 4329 2493 4384 qua:
2522 4329 2660 4370 ,cum
2693 4312 2981 4368 Pharismis
3011 4309 3177 4370 iniisti
3212 4329 3226 4366 :
3253 4310 3574 4365 venditionis

1971 4412 2330 4484 syngrapham
2377 4411 2598 4466 absolve
2652 4425 2666 4461 :
2711 4407 2990 4463 subscribe
3041 4407 3116 4462 illi
3163 4407 3378 4475 negotio
3428 4405 3571 4475 quod

1973 4505 2241 4576 pollicitus
2269 4517 2327 4558 es
2357 4523 2372 4558 :
2402 4501 2572 4572 prode
2596 4514 2742 4566 eum,
2772 4499 2862 4570 qui
2890 4497 3042 4569 prodi
3069 4506 3256 4566 cupit:
3283 4495 3393 4566 jam
3435 4511 3574 4566 pra--

1971 4606 2053 4652 ter
2106 4596 2310 4651 loculos
2365 4592 2688 4649 venditionis
2735 4590 3064 4660 marsupium
3120 4587 3385 4660 posside:
3436 4586 3570 4641 cede

1971 4688 2185 4753 latroni,
2216 4688 2307 4758 qui
2335 4702 2430 4756 per
2455 4682 2848 4740 confessionem
2875 4680 3118 4736 ordinem
3145 4679 3437 4750 adepturus
3463 4689 3569 4742 est,

1970 4797 2128 4854 quem
2175 4790 2228 4834 tu
2280 4794 2375 4850 per
2416 4777 2774 4854 proditionem
2812 4774 3060 4830 amisisti.
3095 4772 3138 4828 Τ
3140 4789 3241 4829 unc
3280 4772 3578 4827 accedentes

1969 4874 2249 4944 iujccerunt
2285 4887 2468 4925 manus
2496 4871 2552 4925 in
2590 4868 2789 4936 Iesum,
2822 4879 2870 4923 et
2899 4877 3166 4922 tenuerunt
3203 4882 3323 4921 eum
3358 4857 3570 4937 (Ibid).

1970 4963 2121 5020 Tunc
2161 4963 2487 5034 completum
2539 4969 2623 5016 est
2672 4959 3046 5031 propheticum
3092 4957 3224 5014 illud
3261 4958 3571 5029 eloquium:

1970 5056 2420 5113 Circumdederunt
2441 5070 2520 5108 me
2543 5052 2670 5107 sicut
2697 5069 2820 5124 apes
2845 5055 3036 5123 favum,
3069 5059 3116 5106 et
3145 5059 3443 5104 exarserunt
3467 5049 3572 5103 sic-

1969 5159 2025 5202 ut
2069 5148 2200 5219 ignis
2237 5148 2293 5201 in
2330 5146 2492 5214 spinis
2531 5143 2703 5216 (Psal.
2740 5144 2865 5199 H7.
2898 5143 3134 5211 12);.ac
3174 5155 3425 5196 rursum:
3461 5139 3575 5195 Cir-

1972 5240 2333 5295 cumdederunt
2357 5254 2436 5292 me
2458 5253 2606 5292 canes
2648 5236 2830 5302 multi,
2863 5235 2996 5288 tauri
3028 5234 3238 5304 pingues
3271 5231 3573 5286 obsederunt

1970 5349 2051 5386 me
2089 5330 2262 5403 (Psat.
2293 5330 2384 5385 21.
2422 5330 2532 5401 l7).
2581 5327 2781 5383 Verum
2820 5342 2853 5381 o
2895 5325 3268 5392 tolerantiam,
3309 5338 3428 5393 quae
3473 5323 3574 5376 soli

1971 5426 2074 5497 ipsi
2093 5423 2402 5496 ‘competitl
2446 5422 2503 5478 ln
2534 5421 2671 5478 cmlo
2711 5418 3002 5477 Cherubim
3047 5427 3104 5474 et
3129 5415 3411 5487 Seraphim
3450 5429 3574 5470 cum

1971 5535 2079 5575 non
2118 5517 2351 5575 audeant
2391 5517 2658 5587 respicere
2695 5514 2978 5570 sublimem
3007 5510 3124 5583 ejus
3160 5510 3408 5582 gloriam,
3454 5510 3577 5563 vul-

1976 5619 2087 5666 tum
2114 5625 2269 5665 suum
2297 5609 2395 5663 alis
2424 5623 2526 5664 ceu
2553 5605 2798 5661 manibus
2823 5603 3094 5675 operiunt,
3121 5611 3176 5656 et
3196 5602 3248 5656 in
3277 5610 3413 5656 terra
3444 5599 3572 5654 dtnn

1972 5716 2100 5758 caro
2128 5699 2246 5770 ejus
2286 5699 2532 5754 manibus
2575 5697 2878 5768 iniquorum
2916 5701 3209 5759 teneretur,
3249 5691 3300 5746 id
3351 5690 3440 5745 ille
3472 5705 3564 5758 pa-

1974 5797 2223 5854 tiebatur.
2255 5794 2528 5853 Videtisne
2566 5809 2727 5866 quam
2756 5792 3006 5865 patientis
3037 5799 3091 5848 ct
3115 5788 3328 5862 benigni
3362 5783 3570 5840 Dutnini
