4182 6322
683 319 781 377 Ὴθ
1386 316 1441 369 S.
1481 313 1754 369 JO.\.\'.\'IS
1790 311 2257 368 CHRYSOSTOMI
2303 309 2618 364 AllClllliP.
2661 303 3192 363 CONS'I'ANTINOP.

684 430 812 484 servi
857 428 1019 484 sitis?
1072 426 1232 482 lidem
1279 441 1404 496 ergo
1451 435 1618 479 estote
1664 440 1784 494 erga
1839 424 2078 477 inimicos
2118 438 2247 477 cou-

675 536 860 576 serros
901 531 1125 582 vestros,
1154 503 1362 590 qualem
1390 535 1512 588 erga
1545 519 1784 572 inimicos
1809 533 1932 571 suos
1975 516 2250 569 Dominum

679 613 904 666 vidistis.
948 612 1154 665 Etenim
1207 627 1298 666 vos
1327 626 1535 679 quolue
1577 610 1640 663 ad
1678 625 1884 663 cumam
1927 607 2250 677 spiritualem

683 704 903 758 vocandi
962 704 1134 757 estis:
1185 718 1303 757 cum
1351 702 1574 754 Domino
1631 698 2044 755 recumbentium
2101 698 2254 750 vobis

683 794 823 846 erit:
872 809 937 847 ue
981 794 1098 862 quis
1143 793 1192 845 in
1240 791 1386 845 vobis
1426 790 1590 844 Judas
1632 789 1865 842 moribus
1910 786 2248 856 reperiatur:

3839 295 3938 349 7‘20

2359 435 2546 474 omnes
2583 435 2702 474 cum
2751 433 2881 489 pace
2925 425 2980 471 et
3033 411 3410 483 tranquillitate
3451 408 3724 469 accedite;
3755 421 3938 460 omnes

2359 527 2479 565 cum
2529 527 2658 582 pura
2719 509 3042 566 conscientia
3089 504 3361 562 Servatori
3407 513 3772 558 occurramus.
3828 498 3940 563 Ipse

2359 618 2586 672 namque
2615 612 2699 657 est
2730 602 2960 674 ﬁdelium
2987 597 3243 668 jejunium
3273 605 3432 665 atque
3464 591 3765 646 convivium
3801 603 3814 639 :
3857 589 3941 642 hic

2359 695 2612 747 uutritius
2641 701 2797 759 atque
2836 691 3241 752 nutrimentum,
3274 688 3357 740 hic
3389 695 3570 756 pastor
3595 693 3649 737 et
3671 681 3804 735 ovis.
3839 678 3938 742 ipsi

2359 786 2526 855 gloria
2560 785 2611 838 in
2641 784 2831 838 sa-eula
2854 781 3191 836 δςεειιιοτυιιι.
3223 782 3411 832 Amen.

3117 971 3912 1001 m

712 986 1930 1018 Ww‘ﬁaw.zm

1277 1334 1404 1458 S.
1503 1328 2151 1457 JOANNIS
2248 1327 3364 1456 CHRYSOSTOMI

2130 1889 2476 1949 MONITUM

771 2126 888 2180 Non
919 2144 1116 2196 paucas
1143 2128 1721 2198 pcregrinitatisnotas
1767 2127 1818 2182 in
1869 2125 1968 2180 hac
2003 2124 2222 2178 homilia
2261 2121 2730 2194 deprehendimus.
2763 2121 2944 2194 Stylus
2978 2125 3198 2176 omnino
3238 2121 3523 2186 diversus;
3567 2119 3656 2174 illa
3696 2119 3928 2189 Chryso-

700 2244 856 2295 stomi
885 2244 1144 2308 inventio,
1174 2259 1278 2312 qua
1316 2245 1523 2298 caeteris
1550 2241 1803 2312 praecellit
1831 2240 2207 2308 scriptoribus,
2245 2239 2330 2293 hic
2361 2255 2467 2292 non
2499 2248 2794 2308 comparet.
2822 2237 2978 2291 Ratio
3016 2234 3368 2306 compellandi
3407 2233 3704 2296 auditores,
3736 2246 3928 2299 nempe

712 2358 1058 2427 φιλόχριστοι,
1103 2373 1262 2426 quam
1296 2357 1382 2410 hic
1412 2366 1656 2424 usurpat.
1687 2356 1738 2408 in
1769 2355 2040 2424 germanis
2078 2353 2450 2424 Chrysostomi
2485 2354 2741 2423 operibus
2764 2357 2848 2408 vix
2881 2353 3200 2422 reperiatur.
3237 2349 3354 2405 Non
3390 2351 3660 2405 immerito
3689 2348 3853 2417 igitur
3873 2356 3927 2401 et

699 2472 1077 2534 Combetisius,
1115 2472 1205 2540 qui
1263 2473 1402 2524 hanc
1435 2471 1774 2532 concionem,
1831 2469 1984 2538 quasi
2024 2469 2262 2521 nomium
2294 2469 2548 2522 emissam
2625 2468 2917 2537 publicavit
2949 2482 3090 2520 anno
3146 2465 3301 2531 1656,
3339 2466 3550 2520 tametsi
3603 2477 3666 2517 ea
3723 2461 3920 2515 emissa

699 2589 874 2644 fuerat
914 2593 966 2644 in
1015 2590 1262 2644 Editione
1299 2587 1670 2659 Chrysostomi
1707 2585 1939 2656 Operum
1991 2587 2255 2652 Parisina,
2310 2602 2450 2641 anno
2493 2587 2651 2648 1656,
2696 2602 2812 2640 eam
2856 2587 2979 2639 licet
3011 2583 3380 2654 Chrysostomi
3421 2583 3639 2636 nomine
3691 2578 3922 2638 dederit,

707 2707 795 2759 alii
850 2707 1082 2761 adscribi
1127 2721 1285 2774 posse
1337 2704 1543 2758 auctori
1599 2705 1826 2758 censuit.
1882 2702 2067 2754 Parem
2108 2703 2250 2756 circa
2291 2702 2433 2754 illam
2497 2699 2713 2753 exhibet
2751 2699 3063 2766 scrupulum
3115 2697 3505 2750 Tillemoutius.
3574 2691 3733 2747 Certe
3773 2705 3922 2752 cum,

701 2947 898 2956 _—-—-

905 2931 2762 2954 Μ*

684 3039 745 3081 ΙΝ
778 3033 1415 3079 (ΣΟΜΜΕΜΟΠΔΊΊΟΧΕΜ
1467 3033 1517 3076 8.
1564 3031 1756 3074 BASSI.
1803 3029 2073 3071 IIABITUS
2120 3029 2233 3070 EST
2261 3025 2467 3069 SERMO
2504 3025 2585 3065 DE
2629 3021 2895 3073 TIMORE,
2944 3021 3023 3060 ΕΤ
3067 3019 3148 3059 DE
3195 3017 3415 3061 VERBIS
3472 3016 3649 3072 ILLIS,
3700 3017 3946 3059 DISCITB

1535 3135 1572 3178 Δ
1603 3134 1692 3179 ιω
1721 3131 1871 3186 QUIA
1901 3133 2073 3175 MlTlS
2101 3131 2247 3187 sum,
2284 3131 2362 3173 ET
2394 3125 2656 3170 nUMlLlS
2683 3123 2894 3167 conor:
2941 3102 3050 3184 (α).

2124 3257 2487 3311 casamo

753 3393 802 3444 1.
845 3388 951 3444 Nos
979 3387 1187 3457 quidem
1217 3401 1310 3455 par
1332 3392 1463 3446 erat,
1495 3392 1769 3451 postquam
1799 3381 1848 3433 iu
1879 3395 1972 3432 vos
1990 3387 2164 3431 tantus
2189 3377 2254 3430 de

683 3497 829 3535 more
857 3479 976 3534 {ous
1002 3479 1258 3534 orationis
1285 3476 1482 3530 cll'usus
1507 3483 1607 3537 cst,
1639 3482 1692 3527 cl
1719 3489 1836 3527 cum
1867 3471 1964 3524 hoc
1991 3479 2248 3537 tempore,

679 3582 838 3640 atque
882 3585 912 3624 a
954 3567 1380 3638 prmeedcntihus
1428 3563 1794 3619 sacerdotibus
1836 3578 1897 3615 ac
1940 3561 2248 3614 doctoribus

679 3662 891 3730 eopiosa
914 3661 1063 3716 vobis
1083 3658 1371 3729 spiritualis
1395 3667 1476 3712 est
1503 3657 1759 3710 instructa
1795 3669 1998 3718 mensa,
2029 3668 2251 3721 pauper-

679 3755 828 3810 culas
867 3761 1167 3808 nostrorum
1222 3751 1504 3806 verborum
1555 3749 1723 3804 stillas
1773 3748 2084 3821 reprimere,
2128 3761 2248 3799 cum

681 3844 976 3913 prmsertim
1020 3842 1263 3897 diuturna
1314 3841 1554 3910 corporis
1605 3839 1950 3910 :rgritudinc,
2000 3853 2063 3891 ac
2105 3838 2250 3890 vocis

679 3934 1080 3998 imbecillitate,
1123 3945 1282 4002 atque
1340 3934 1472 3986 adeo
1514 3932 1654 3986 curis
1704 3932 1802 3984 sibi
1844 3929 2250 3986 succedentibus

680 4024 950 4094 praepediti
999 4023 1188 4087 simus,
1233 4039 1265 4076 ο
1301 4021 1494 4077 Christi
1542 4031 1779 4076 amantes
1814 4021 2118 4084 auditor-cs;
2154 4020 2248 4074 sed

677 4113 926 4185 quoniam
952 4112 1256 4182 inexplebili
1295 4114 1608 4167 concinnum
1633 4127 1901 4166 sacrarmn
1928 4127 2109 4166 amore
2133 4126 2252 4165 eor-

678 4205 813 4273 repti
841 4216 936 4257 nos
960 4202 1024 4256 ad
1049 4202 1331 4257 dicendum
1366 4202 1616 4267 invitatis,
1646 4217 1743 4272 age
1766 4201 2056 4256 Salvatoris
2081 4201 2248 4270 gratia

677 4295 813 4350 bene
851 4293 1068 4363 iuvante
1104 4294 1283 4360 paucis
1323 4293 1571 4362 probitati
1617 4303 1827 4359 vestrm,
1877 4309 1995 4363 qua:
2025 4292 2248 4362 tempori

676 4383 942 4453 quadrent
978 4391 1035 4437 et
1079 4383 1417 4444 conveniant,
1465 4396 1811 4450 apponamus.
1859 4383 1970 4436 Hoc
2007 4383 2149 4438 enim
2194 4393 2249 4438 et

677 4473 828 4526 nobis
862 4471 952 4542 qui
999 4471 1243 4533 dicimus,
1298 4479 1351 4524 et
1397 4458 1549 4526 vobis
1577 4473 1664 4540 qui
1693 4471 1885 4527 auditis
1927 4474 2104 4541 aptius
2141 4482 2243 4539 est,

674 4563 881 4628 opinor,
917 4563 1004 4632 qui
1025 4562 1233 4615 ratione
1265 4576 1326 4614 ac
1348 4571 1524 4616 mente
1549 4563 1700 4616 vobis
1729 4578 1845 4631 qua:
1875 4562 2094 4617 meliora
2123 4571 2246 4616 sunt

673 4663 726 4708 et
753 4655 903 4709 utilia
937 4654 1280 4722 comparatis.
1313 4655 1388 4707 Ac
1429 4663 1643 4708 sanctus
1672 4655 1883 4723 quidem
1927 4663 1979 4709 et
2015 4656 2244 4711 celebris

675 4753 876 4814 martyr
899 4752 954 4799 et
977 4746 1259 4814 episcOpus
1305 4743 1519 4810 Bassus,
1550 4746 1639 4814 qui
1680 4759 1886 4799 sacrum
1923 4747 2076 4800 nobis
2105 4748 2245 4800 hunc

674 4847 991 4894 conventum
1028 4837 1185 4892 hodie
1211 4839 1566 4908 congregavit.
1590 4838 1654 4892 iis
1694 4839 1944 4908 prmmiis,
1983 4854 2102 4906 quae
2129 4840 2242 4894 suis

675 4930 967 5000 promeruit
989 4931 1391 4993 certaminibus,
1414 4931 1521 5000 jam
1543 4931 1766 5001 potitur,
1795 4948 1892 4987 nee
1915 4933 2020 4986 ulla
2043 4944 2243 4988 nostra-

676 5036 791 5073 runt
811 5020 1021 5074 laudum
1041 5019 1326 5075 collatione
1345 5021 1426 5076 vel
1459 5023 1713 5090 pensione
1739 5038 1878 5077 nune
1909 5024 2129 5092 indiget,
2147 5027 2240 5078 sed

676 5127 770 5182 pro
797 5112 968 5179 nobis,
992 5122 1048 5166 ut
1065 5111 1220 5178 solet,
1243 5113 1308 5166 ad
1339 5113 1618 5168 Dominum
1637 5129 1823 5184 preces
1846 5116 2031 5184 fundit,
2061 5127 2243 5187 utpote

672 5203 760 5273 qui
781 5214 993 5271 propter
1009 5217 1230 5274 agonem
1246 5204 1484 5272 martyrii
1509 5205 1754 5276 loquendi
1779 5205 2020 5263 libertate
2042 5211 2242 5279 gratia-

672 5310 777 5365 que
793 5295 1072 5366 pluriruum
1090 5295 1278 5358 valeat,
1301 5307 1352 5351 et
1372 5298 1786 5353 immortalitatis
1807 5314 2000 5354 corona
2015 5301 2242 5356 donatus

672 5388 758 5448 sit,
781 5401 934 5457 quam
956 5387 1114 5444 etiam
1132 5387 1373 5445 Christus
1401 5390 1637 5446 ﬁdelibus
1663 5395 1991 5462 praeparavit.
2015 5395 2240 5466 Copiosa

733 5519 1008 5596 (infulata
1031 5536 1141 5596 cum
1181 5533 1284 5576 Mss.
1310 5527 1455 5589 Regio
1499 5527 1635 5590 197.1,
1675 5537 1726 5579 et
1764 5528 1967 5580 Colbez-t.
1995 5531 2134 5592 50338,
2158 5535 2240 5596 qui

673 5584 860 5633 merulis
881 5593 1085 5636 scatent.

2365 3384 2487 3428 sunt
2520 3375 2684 3440 enim,
2732 3381 2786 3433 ut
2825 3380 3051 3427 testatur
3097 3370 3394 3440 apostolus,
3437 3370 3532 3426 Dei
3573 3370 3730 3436 dona,
3777 3371 3863 3441 qui
3895 3381 3946 3425 et

2363 3467 2489 3519 olim
2520 3475 2810 3536 martyrum
2856 3477 3076 3516 munera
3109 3463 3193 3528 iis,
3227 3462 3313 3531 qui
3360 3462 3568 3516 sincere
3598 3461 3770 3530 ipsum
3802 3462 3946 3515 invo-

2361 3567 2503 3621 cant,
2523 3557 2799 3626 dilargitus
2817 3565 2918 3620 cst,
2943 3563 2996 3608 et
3017 3569 3158 3608 nunc
3171 3555 3434 3622 praecipue
3457 3569 3572 3608 cum
3597 3569 3771 3606 annua
3797 3555 3946 3622 paulo

2359 3661 2479 3720 post
2504 3651 2760 3704 memoria
2811 3650 3016 3702 timoris
3067 3648 3211 3702 illius
3261 3646 3580 3702 celebranda
3631 3647 3720 3707 sit,
3779 3655 3836 3699 et.
3877 3648 3942 3698 ad

2360 3744 2526 3797 Deum
2555 3742 2873 3796 laudandum
2901 3741 2970 3795 ob
3002 3739 3270 3794 terribiles
3295 3738 3413 3793 illas
3445 3738 3616 3792 minas
3645 3737 3874 3806 benigna
3894 3748 3944 3790 et

2359 3837 2667 3890 misericors
2690 3836 2762 3889 ira
2789 3835 2883 3888 Der
2907 3849 3004 3888 nos
3037 3840 3304 3902 provocet.
3328 3832 3569 3886 Vidimus
3592 3831 3734 3886 enim
3763 3847 3942 3884 revera

2359 3927 2615 3994 furorem,
2647 3943 2712 3981 ex
2742 3941 2849 3996 quo
2878 3925 3179 3995 benignitas
3206 3924 3540 3986 coruscabat,
3564 3938 3686 3978 curn
3720 3939 3819 3976 uos
3847 3940 3942 3974 un-

2355 4020 2515 4090 dique
2563 4023 2721 4074 timor
2762 4028 2916 4073 terra:
2957 4029 3133 4073 motus
3160 4017 3451 4079 obsideret,
3495 4031 3615 4070 cum
3667 4028 3943 4088 creaturas

2356 4128 2544 4167 omnes
2572 4112 2784 4167 concuti
2826 4127 3191 4177 cerneremus,
3235 4125 3298 4164 ac
3340 4109 3700 4179 pavimentum
3753 4126 3943 4180 magno

2357 4204 2555 4272 impetu
2590 4203 2851 4272 quassari,
2901 4202 3146 4257 Salvator
3175 4209 3351 4256 autem
3385 4201 3789 4255 rniserationum
3820 4216 3940 4253 sna-

2354 4310 2470 4347 rum
2500 4309 2830 4364 nequaquam
2854 4293 3276 4358 oblivisceretur,
3328 4307 3450 4347 cum
3477 4292 3730 4348 acerbum
3774 4293 3937 4346 inter-

2355 4385 2485 4437 itum
2533 4394 2987 4453 exspectaremus,
3038 4399 3160 4438 cum
3222 4393 3436 4438 nostras
3491 4383 3634 4437 aedes
3681 4384 3936 4438 continuo

2352 4475 2592 4544 sepulcra
2639 4483 2818 4530 nostra
2863 4473 3065 4529 futuras
3117 4488 3446 4543 putaremus,
3498 4489 3620 4529 cum
3651 4473 3936 4543 agitatione

2351 4565 2550 4620 detenti
2579 4565 2752 4620 locum
2767 4567 3051 4620 modumvc
3073 4564 3298 4636 perfugii
3327 4563 3534 4619 nullum
3559 4564 3940 4633 reperiremus,

2351 4673 2470 4714 cum
2502 4658 2566 4713 ad
2595 4659 2826 4712 medium
2852 4658 2954 4712 diei
2983 4657 3356 4726 pervenientes
3385 4671 3715 4727 nequaquam
3737 4662 3944 4710 visurus

2351 4763 2446 4802 nos
2468 4763 2738 4817 Vesperam
2753 4762 3109 4816 speraremus.
3132 4762 3251 4801 cum
3273 4761 3484 4802 sursum
3507 4745 3540 4776 ⁸-
3556 4761 3823 4815 appensus
3837 4749 3946 4815 gia-

2350 4840 2801 4906 diusirumiucret,
2835 4854 2896 4893 ac
2924 4839 3170 4892 deorsum
3199 4836 3548 4893 beneficentia
3586 4851 3782 4890 secum
3827 4852 3947 4904 pre-

2349 4935 2497 4988 cihus
2548 4945 2764 4988 strenue
2805 4941 3032 5003 gereret,
3073 4947 3192 4985 cum
3213 4947 3312 4985 una
3333 4945 3463 4986 voce
3487 4924 3687 5000 populi.
3714 4930 3946 4984 Domine

2351 5025 2621 5084 miserere.
2653 5025 2961 5089 clamarent,
2981 5035 3032 5078 ct
3055 5024 3305 5078 Dominus
3325 5022 3750 5078 miserationibus
3767 5021 3946 5076 [lecte-

2350 5119 2612 5187 returzqui
2631 5118 2768 5173 enim
2786 5119 2972 5172 intuitu
2984 5118 3428 5182 solocommovet,
3457 5131 3612 5170 manu
3626 5125 3943 5170 trementem

2349 5222 2643 5265 creaturam
2659 5210 2876 5264 sedavit.
2895 5209 3003 5265 Cur
3030 5225 3131 5262 non
3147 5209 3325 5278 paucis
3342 5209 3438 5262 ista
3454 5207 3781 5275 complector
3795 5206 3820 5258 ?
3840 5223 3948 5260 mm

2349 5314 2610 5371 tempore,
2653 5302 2750 5355 nisi
2783 5302 3033 5356 Dominus
3060 5300 3288 5354 SabaOth
3317 5299 3606 5367 adjuvisset
3633 5313 3745 5364 ειυς,
3785 5301 3945 5365 paulo

2349 5395 2523 5448 minus
2555 5392 2842 5448 habitasset
2878 5395 2927 5446 in
2981 5391 3185 5446 inferno
3213 5392 3385 5444 anima
3418 5401 3593 5442 nostra
3631 5387 3813 5458 (Psnl.
3847 5387 3938 5440 93.

2350 5487 2414 5540 17
2442 5488 2478 5555 ).
2518 5486 2683 5551 Quem
2713 5485 2851 5538 cnim
2887 5500 2988 5538 non
3035 5495 3250 5551 stupore
3295 5479 3476 5550 deligit
3510 5477 3819 5550 maguiitulu
3847 5478 3943 5533 iazi-

2415 5600 2427 5625 '
2465 5595 2537 5643 sic
2555 5601 2660 5642 Mss.
2689 5593 2805 5642 mliti
2834 5605 2969 5652 vero,
2995 5589 3310 5643 extrinwcus.
