4206 6302
240 347 343 403 721

238 459 552 518 concordia
571 461 898 520 Salvatoris!
919 478 1054 535 quos
1076 464 1285 520 animos
1306 463 1373 519 ad
1393 464 1589 534 gratias
1604 461 1840 534 agendas

242 567 353 606 non
388 551 614 609 incitant
631 600 633 603 .
650 568 770 624 qua
798 561 925 610 tunc
949 555 1280 621 acciderunt,
1309 569 1484 625 neque
1525 553 1699 609 solum
1727 567 1848 624 qum

244 652 358 698 tum
377 647 655 717 temporis,
677 647 770 703 sed
786 647 946 704 etiam
960 664 1080 719 qua:
1093 648 1289 705 deinde
1304 662 1366 703 ac
1381 647 1679 722 pauloante
1692 646 1849 703 nobis

242 739 639 794 occurrerunt?
666 738 847 796 Terrze
891 739 1227 796 ﬁrmamenta
1279 739 1598 804 commovit,
1652 737 1848 796 aedium

243 826 593 884 fundamenta
621 832 917 897 concussit,
942 831 1137 886 domus
1167 841 1437 908 tamquam
1465 828 1728 887 oneraria:
1750 845 1849 884 na-

245 932 345 974 ves
382 919 434 974 in
462 920 628 976 maris
655 919 908 976 ﬂuctibus
947 920 1308 991 iactabantur,
1354 919 1635 988 iudiciales
1667 919 1851 975 oculos

245 1019 458 1068 tantum
480 1012 733 1079 ostendit,
761 1019 816 1068 et
836 1012 1057 1083 perinde
1081 1027 1144 1068 ac
1173 1013 1219 1068 si
1245 1012 1438 1068 mediis
1459 1010 1510 1066 iu
1535 1011 1688 1083 aquis
1731 1025 1853 1066 ver-

244 1117 516 1172 saremur,
543 1105 876 1176 agitabamur
901 1119 1110 1160 omnes.

324 1194 412 1251 Ea:
433 1207 580 1251 terra
599 1206 736 1251 motu
764 1198 876 1268 quis
899 1197 1095 1268 fructus
1115 1196 1181 1253 sit
1215 1195 1549 1268 coltigendus.
1567 1224 1643 1236 —
1660 1191 1853 1249 Multus

246 1298 366 1342 erat
399 1287 578 1353 timor,
595 1301 659 1342 ac
685 1288 866 1343 multis
889 1287 1130 1359 partibus
1148 1287 1418 1356 copiosior
1439 1293 1526 1341 est
1545 1284 1736 1339 timore
1760 1283 1856 1338 mi.

246 1377 564 1433 sericordia.
595 1378 728 1433 Cum
739 1379 885 1434 enim
910 1387 1213 1434 creaturam
1236 1379 1480 1448 agitaret,
1501 1390 1605 1432 non
1627 1376 1849 1442 evertit;

237 1482 374 1524 cum
417 1469 664 1525 universa
705 1479 1038 1531 concuteret,
1071 1485 1178 1524 non
1218 1470 1336 1524 solo
1379 1469 1628 1540 aequavit,
1678 1481 1853 1538 neque

250 1570 364 1616 tota
403 1571 767 1617 creaturarum
799 1561 1194 1633 pulchritudine
1220 1569 1420 1616 terram
1451 1559 1670 1615 nudavit
1693 1576 1709 1614 :
1736 1557 1852 1613 sola

236 1663 395 1710 tecta
421 1655 714 1721 concussit,
746 1666 802 1709 ut
820 1656 922 1710 hoc
948 1662 1106 1725 pacto
1129 1654 1302 1709 solum
1329 1654 1765 1718 admoneremur,
1795 1658 1854 1706 at

246 1747 498 1804 interitus
515 1767 581 1805 ne
596 1755 808 1821 gustum
825 1747 1041 1818 quidem
1055 1761 1155 1801 nos
1173 1746 1340 1801 voluit
1354 1745 1608 1802 delibare.
1619 1743 1850 1815 Tantum

201 1871 204 1874 ~
247 1841 372 1911 ejus
397 1843 449 1896 in
480 1839 1095 1898 noscommiserationis
1119 1847 1202 1894 est
1230 1838 1466 1908 pelagus.
1495 1835 1602 1892 Sed
1629 1845 1685 1890 et
1708 1833 1851 1903 quod

249 1945 413 1990 terras
434 1936 715 1990 columnas
737 1934 1095 2000 concusserit,
1126 1932 1229 1987 hoc
1253 1934 1372 2002 ipso
1394 1931 1462 1987 de
1486 1930 1642 1985 nobis
1661 1927 1853 1985 sollici-

249 2033 366 2080 tum
393 2040 455 2080 ac
492 2024 893 2081 misericordem
924 2040 984 2080 se
1014 2023 1268 2095 prodidit.
1301 2022 1445 2077 Vidit
1472 2021 1612 2076 enim
1644 2034 1852 2090 praeva-

248 2116 515 2172 ricatores
544 2133 642 2172 nos
686 2132 828 2183 esse,
862 2126 1024 2186 atque
1067 2115 1278 2170 irritare
1305 2113 1452 2169 illum
1483 2112 1678 2177 solere,
1719 2109 1854 2164 vidit

247 2207 468 2276 rapinas
495 2208 750 2262 adamare
779 2225 791 2261 :
825 2207 956 2262 vidit
995 2222 1094 2262 nos
1117 2206 1335 2261 domum
1385 2203 1566 2259 domui
1601 2202 1847 2272 iungere,

247 2309 309 2356 et
333 2316 520 2370 agrum
559 2314 682 2355 cum
726 2315 856 2369 agro
883 2298 1170 2369 copulare,
1202 2306 1262 2352 ut
1301 2297 1548 2368 proximo
1577 2293 1850 2364 quidpiam

245 2381 558 2446 auleramtts
590 2409 605 2445 :
635 2391 764 2446 vidit
807 2390 1170 2462 orphanorum
1201 2402 1538 2460 nequaquam
1581 2384 1848 2451 misereri,

245 2499 425 2552 neque
445 2486 650 2555 iudicio
675 2484 958 2540 viduarum
989 2499 1207 2556 operam
1239 2485 1368 2540 dare
1399 2501 1413 2538 :
1447 2483 1580 2538 vidit
1606 2497 1636 2536 a
1663 2480 1852 2535 docto-

245 2577 400 2632 ribus
428 2579 695 2634 contraria
741 2576 858 2633 ﬁeri
898 2591 1107 2644 eorum,
1145 2591 1266 2646 quae
1291 2574 1532 2632 facienda
1553 2572 1802 2628 dicebant
1833 2587 1849 2624 :

244 2671 383 2725 vidit
413 2671 640 2725 turbidis
680 2670 1010 2727 theatrorum
1057 2670 1376 2743 spectaculis
1416 2667 1659 2724 addictos
1683 2665 1848 2720 disci-

243 2760 425 2831 pulos,
445 2761 866 2817 ecclesiasticum
880 2761 1122 2817 ordinem
1144 2775 1206 2816 ac
1221 2759 1630 2815 concinnitatem
1651 2755 1850 2829 probro

242 2850 464 2907 afficere
488 2870 502 2906 :
534 2852 665 2906 vidit
682 2853 733 2906 in
761 2852 994 2922 nequitia
1018 2861 1073 2906 et
1098 2851 1294 2906 invidia
1315 2852 1516 2916 vivere,
1541 2849 1673 2904 vidit
1701 2848 1847 2904 fran-

241 2942 373 2998 dem
399 2953 520 2997 cum
552 2943 749 2998 invidia
765 2943 1040 3013 ecpulare,
1059 2941 1191 2998 vidit
1215 2941 1570 2996 simulationis
1589 2941 1850 3010 procellas

241 3035 606 3104 simpliciores
623 3043 891 3105 tamquam
919 3035 1125 3106 navigia
1150 3035 1516 3104 submergere,
1539 3033 1849 3089 viditanimi

241 3127 527 3198 proposito
568 3141 783 3190 necare,
814 3126 950 3182 vidit
976 3135 1235 3197 quantum
1267 3141 1552 3196 possumus
1601 3124 1847 3194 iniuriam

243 3217 473 3286 inferre,
493 3218 624 3274 vidit
649 3217 981 3289 naufragium
1005 3219 1112 3288 pati
1139 3219 1437 3284 caritatem,
1455 3217 1694 3273 fraudem
1722 3233 1851 3273 vero

243 3310 300 3364 in
352 3309 457 3364 hoc
484 3296 607 3364 vita:
654 3309 846 3380 pelago
897 3310 1254 3380 navigationis
1307 3310 1602 3366 secundum
1630 3324 1849 3364 cursum

243 3410 456 3467 tenere,
489 3401 625 3456 vidit
651 3417 683 3456 a
711 3401 938 3456 veritate
965 3401 1195 3466 resilire,
1243 3411 1404 3470 atque
1441 3399 1721 3456 mendacio
1749 3398 1850 3454 ad-

241 3495 486 3571 haerere;
518 3495 751 3566 denique
798 3499 855 3550 ut
903 3510 1010 3550 uno
1061 3493 1228 3550 verbo
1279 3495 1475 3561 dicam,
1506 3492 1636 3549 vidit
1681 3508 1853 3548 mam-

239 3603 426 3644 monae
473 3588 652 3658 potius
683 3603 843 3659 quam
891 3588 1118 3643 Domino
1152 3589 1374 3653 servire,
1429 3587 1612 3657 sicque
1653 3597 1850 3642 terram

243 3689 570 3737 trementem
604 3680 757 3738 nobis
785 3691 1054 3753 tamquam
1081 3682 1426 3754 pazdagogum
1457 3684 1634 3752 pueris
1660 3682 1850 3741 admo-

243 3775 344 3841 vit,
389 3787 442 3830 et
494 3773 816 3846 indulgentis
866 3775 1054 3830 matris
1081 3775 1285 3830 viscera
1310 3773 1574 3842 exhibuit,
1605 3789 1723 3844 quae
1751 3788 1853 3829 8:!!-

243 3879 548 3938 penumero
599 3864 924 3936 pendentem
977 3867 1045 3919 ab
1075 3864 1330 3920 uberibus
1379 3865 1544 3920 illium
1591 3879 1747 3920 suum
1786 3879 1852 3919 ac

244 3962 552 4030 plorantem
580 3959 650 4013 ah
678 3959 765 4013 illa
793 3959 978 4014 volens
1000 3958 1266 4014 abducere
1295 3958 1698 4021 consuetudine,
1730 3973 1854 4028 par-

243 4067 375 4106 vum
407 4051 555 4106 illum
580 4050 835 4106 lectulum
861 4049 1214 4105 vehementer
1235 4051 1492 4117 concutit,
1523 4066 1629 4104 non
1653 4058 1711 4104 ut
1734 4059 1852 4104 stu-

244 4156 386 4214 pore
418 4140 672 4210 percellat
701 4140 979 4208 infantem,
1009 4140 1102 4195 sed
1133 4150 1188 4194 ut
1214 4149 1413 4196 terreat
1443 4158 1455 4194 :
1493 4141 1572 4195 sic
1601 4141 1852 4196 nimirum

247 4244 308 4291 et
339 4233 596 4290 Dominus
623 4234 1016 4299 universorum,
1065 4233 1154 4304 qui
1192 4241 1452 4287 terrarum
1477 4233 1664 4287 orbem
1693 4248 1852 4287 manu

242 4335 444 4404 gestat,
493 4326 640 4380 illum
669 4326 925 4390 concutit,
954 4339 1062 4381 non
1095 4335 1151 4380 ut
1178 4334 1403 4391 evertat,
1433 4326 1526 4380 sed
1559 4335 1616 4381 ut
1639 4342 1735 4383 eos
1763 4327 1853 4397 qui

245 4417 550 4472 insolenter
579 4432 640 4473 se
666 4427 878 4488 gerunt,
905 4419 972 4472 ad
999 4418 1225 4473 salutem
1255 4427 1552 4473 convertat.

322 4508 381 4562 ‘2.
421 4509 605 4580 Neque
631 4524 760 4564 vero
812 4511 1092 4582 quisquam
1141 4511 1514 4581 reprehendat,
1564 4509 1854 4582 quodcum

245 4602 566 4672 indulgente
595 4612 768 4659 matre
809 4601 1096 4657 Dominum
1128 4604 1637 4673 enmparaverimus,
1684 4621 1854 4675 quatt-

248 4697 546 4766 doquidem
606 4697 659 4750 in
693 4696 996 4767 Evangeliis
1024 4695 1259 4765 seipsum
1307 4696 1565 4751 Dominus
1591 4697 1705 4767 ipse
1733 4713 1854 4752 cum

247 4790 454 4861 gallina
502 4789 729 4843 comulit
774 4790 960 4844 dicens
989 4805 1002 4841 ε
1031 4787 1339 4855 Jerusalem,
1385 4786 1693 4854 Jerusalem,
1743 4804 1859 4858 qua:

249 4881 457 4941 occidis,
475 4882 770 4952 prophetas,
801 4891 850 4935 et
888 4881 1090 4949 lapidas
1118 4897 1220 4946 eos,
1249 4881 1334 4951 qui
1351 4880 1431 4952 ,αα
1470 4888 1517 4934 te
1544 4881 1685 4934 missi
1718 4891 1857 4948 sunt,

251 4975 455 5045 quoties
483 4974 618 5026 uolui
644 4988 954 5044 congregare
977 4971 1112 5040 ﬁlios
1134 4980 1244 5026 tuos
1262 4972 1684 5044 quemadmodum
1711 4972 1862 5044 galli-

248 5063 332 5120 ιω
351 5075 621 5135 congregat
647 5063 816 5135 pullos
841 5080 982 5130 suos,
1006 5074 1054 5118 et
1079 5063 1284 5119 noluisti
1328 5063 1350 5135 (
1370 5061 1556 5118 Matth.
1582 5064 1672 5120 9.3.
1703 5063 1810 5136 37)
1839 5065 1864 5118 ?

253 5157 484 5213 Terram
529 5155 692 5227 igitur
717 5166 993 5226 expertem
1025 5157 1219 5211 anima:
1248 5155 1512 5228 benignas
1539 5157 1680 5213 Deus
1707 5173 1861 5212 cont-

254 5248 452 5313 movit,
481 5257 539 5303 ut
561 5263 680 5303 eam
708 5263 828 5318 quae
855 5249 1035 5304 anima
1074 5248 1294 5319 pmdita
1321 5259 1422 5313 est,
1451 5250 1519 5304 ab
1548 5250 1864 5305 inordinatis

253 5340 499 5397 motibus
524 5352 802 5396 revocaret
826 5359 840 5396 :
874 5342 1051 5396 carnis
1073 5340 1346 5396 interitum
1372 5343 1732 5396 comminatus
1756 5350 1860 5407 est,

256 5439 321 5485 ut
350 5429 583 5485 nobisah
597 5430 792 5486 anima:
811 5431 976 5486 exitio
993 5445 1300 5486 caveamus.
1320 5429 1503 5499 Vides,
1539 5448 1572 5486 ο
1612 5432 1697 5502 pie
1722 5431 1867 5504 Chri-

255 5522 460 5587 stiane,
489 5528 688 5591 quanta
729 5521 801 5577 sit
823 5522 1096 5579 Creatoris
1123 5537 1246 5593 erga
1309 5539 1413 5579 nos
1455 5525 1820 5580 misericordia
1842 5525 1867 5577 ἲ

260 5613 416 5670 vides
455 5614 838 5686 benignitatem
891 5632 958 5672 ex
1010 5618 1516 5673 comminationibus
1566 5617 1866 5690 etl'ulgcre?

259 5704 417 5759 vides
447 5706 847 5762 miserationem
875 5708 1174 5778 praevenire
1205 5707 1620 5777 indignationem
1651 5710 1673 5763 ?
1716 5710 1866 5765 vides

255 5798 587 5854 sententiam
619 5797 856 5854 bonitate
881 5797 1124 5870 superari
1149 5799 1172 5854 τ
1195 5797 1378 5871 Neque
1407 5799 1458 5854 id
1481 5815 1607 5857 sane
1633 5803 1860 5856 mirum:

1395 348 1486 407 ne
1519 328 1576 409 si
1620 348 1836 408 casso
1869 346 2227 408 manus.

3450 351 3557 406 722

1949 462 2082 533 ipse
2108 477 2252 520 nunc
2277 461 2440 519 etiam
2469 462 2613 520 mitis
2639 478 2702 520 ac
2727 461 2991 534 benignus
3030 473 3114 521 est
3150 463 3406 520 Dentium
3451 481 3552 518 nu—

1955 562 2089 617 ster,
2116 567 2269 611 more
2297 554 2458 610 solito
2481 553 2550 609 de
2568 554 2742 610 salute
2774 564 2955 611 nostra
2984 554 3266 631 sollicitus,
3289 555 3380 625 qui
3406 553 3550 610 clara

1956 656 2089 699 voce
2113 644 2311 699 clamat
2340 644 2392 699 in
2442 642 2772 716 Evangeliis,
2800 655 2858 699 at
2886 645 3045 716 paulo
3069 652 3196 700 ante
3225 644 3378 699 nobis
3406 643 3553 714 lege-

1954 733 2113 790 batur
2141 751 2156 789 :
2186 732 2379 800 Venite,
2410 734 2638 790 discitea
2663 752 2761 799 me,
2799 737 2920 806 quia
2944 735 3077 790 mitis
3104 752 3237 802 sunt,
3269 747 3316 790 et
3346 734 3556 789 humilis

1955 825 2110 880 corde
2134 824 2350 897 (Matth.
2383 827 2471 882 ll.
2501 825 2630 898 29).
2654 827 2699 883 Ο
2725 836 2922 898 quanta
2947 825 3223 883 Creatoris
3250 837 3331 882 est
3358 825 3555 882 demis-

1940 916 2078 973 siol
2107 933 2208 974 nec
2235 925 2413 973 tamen
2440 917 2687 974 creatura
2731 926 3028 974 reveretur.
3064 916 3273 984 Venite,
3304 917 3495 972 discite
3526 934 3554 970 a

1948 1011 2066 1075 "me,
2099 1009 2313 1078 quando
2340 1008 2618 1065 advenerit
2647 1009 2906 1066 Dominus
2941 1010 3008 1064 ad
3051 1023 3267 1075 servos,
3307 1008 3397 1082 qui
3435 1023 3559 1078 pro-

1957 1099 2090 1172 lapsi
2118 1101 2348 1166 fuerant,
2365 1099 2745 1159 consolandos.
2771 1101 2846 1156 Ita
2871 1101 3082 1171 segerit
3101 1117 3226 1172 erga
3268 1115 3368 1155 nos
3405 1099 3552 1154 Chri-

1957 1193 2091 1258 stus,
2146 1192 2530 1250 misericordia:
2571 1195 2845 1265 specimen
2879 1194 3010 1260 edit,
3046 1209 3170 1249 cum
3221 1202 3556 1264 peccaturem

1960 1286 2136 1356 puniri
2162 1296 2439 1357 oporteret
2468 1303 2594 1343 eum
2620 1303 2808 1344 eorum
2838 1301 3009 1359 genus
3038 1301 3200 1342 omne
3232 1284 3436 1350 delere,
3465 1285 3555 1355 qui

1958 1379 2131 1448 ipsum
2155 1379 2516 1448 irritaverant,
2551 1379 2845 1435 mansuetis
2873 1395 2998 1436 reos
3021 1378 3201 1434 verbis
3225 1376 3513 1448 alloquitur
3539 1393 3554 1429 :

1969 1460 2163 1536 Venite,
2203 1469 2381 1524 discite
2417 1488 2450 1524 a
2475 1488 2574 1537 me,
2599 1471 2720 1542 quia
2762 1471 2898 1525 mitis
2921 1487 3058 1535 sum,
3085 1480 3130 1524 et
3156 1469 3362 1523 humilis
3383 1467 3554 1526 Contr.

1959 1560 2104 1618 Deus
2129 1561 2346 1618 humilis
2372 1571 2476 1630 est,
2504 1573 2560 1621 et
2586 1562 2748 1618 homo
2795 1562 3079 1618 sublimis:
3111 1570 3424 1616 mansuetus
3474 1569 3558 1616 est

1953 1653 2139 1725 index,
2167 1665 2223 1711 et
2246 1671 2370 1712 reus
2394 1657 2658 1727 superbus
2686 1674 2701 1711 :
2732 1655 2989 1712 humilem
3009 1655 3199 1712 artifex
3225 1668 3412 1709 vocem
3436 1654 3560 1708 mit-

1957 1752 2041 1814 tit,
2063 1761 2119 1807 et
2153 1752 2320 1807 lutum
2350 1753 2502 1824 quasi
2527 1767 2621 1808 rex
2649 1753 2914 1823 quispiam
2957 1749 3214 1821 loquitur.
3253 1747 3446 1815 Venite,
3479 1747 3560 1802 dio

1957 1846 2080 1900 scite
2103 1862 2135 1900 a
2154 1861 2253 1911 me,
2280 1846 2399 1917 quia
2425 1846 2560 1900 mitis
2583 1862 2713 1911 sunt,
2739 1853 2788 1899 et
2817 1842 3025 1899 humilis
3043 1844 3216 1898 corde.
3246 1840 3364 1898 Non
3389 1837 3556 1896 ﬂexo.

1956 1947 2081 1992 runt
2103 1951 2198 1992 vos
2229 1953 2352 2010 qua:
2377 1945 2796 2008 prmeesserunt,
2826 1951 2938 1992 non
2977 1942 3270 1991 exorarent
3297 1947 3392 1988 vos
3425 1947 3549 2002 quae

1956 2027 2170 2093 deinde,
2185 2044 2409 2101 quaeque
2425 2028 2582 2100 paulo
2591 2037 2718 2085 ante
2740 2027 3052 2084 acciderunt
3070 2045 3082 2082 :
3101 2023 3553 2098 quemadmodum

1958 2129 2102 2188 tunc,
2127 2137 2270 2178 nunc
2291 2123 2451 2178 etiam
2476 2132 2776 2178 creaturam
2797 2136 2920 2177 cum
2935 2119 3340 2184 commovisset,
3369 2130 3554 2180 rursus

1957 2230 2076 2271 eam
2104 2216 2471 2273 misericordia
2499 2231 2634 2291 usus
2653 2216 2888 2272 ﬁrmavit
2913 2233 2928 2270 :
2962 2214 3140 2272 Venite
3168 2213 3348 2285 igitur,
3377 2211 3555 2267 dist-ite

1955 2325 1989 2363 α
2013 2326 2110 2377 me,
2139 2298 2258 2381 quia
2281 2310 2418 2365 mitis
2454 2327 2588 2378 sum,
2618 2319 2666 2366 et
2692 2307 2900 2365 humilis
2925 2307 3096 2364 corde.
3123 2305 3240 2364 Non
3287 2305 3555 2377 ﬂagellum
3643 2338 3656 2350 ο

1955 2410 2147 2472 gestat,
2176 2415 2284 2474 quo
2309 2403 2576 2470 verberet,
2604 2403 2697 2459 sed
2726 2411 2992 2466 naturam,
3023 2415 3124 2473 qua
3152 2399 3452 2457 medeatur.

2029 2494 2132 2550 Cur
2161 2496 2295 2550 mitis
2319 2496 2385 2551 sit
2409 2505 2456 2551 et
2482 2496 2690 2551 humilis
2714 2495 2767 2550 in
2795 2493 2956 2550 verbis
2982 2491 3235 2550 Christus.
3261 2521 3335 2534 —
3361 2490 3557 2546 Venite

1956 2595 2116 2658 atque
2160 2587 2478 2644 inell‘abilem
2523 2587 2906 2659 benignitatem
2952 2585 3149 2642 videte.
3178 2583 3328 2655 ,Quis
3366 2583 3555 2639 herum

1956 2679 2178 2735 minimc
2214 2680 2588 2735 verberantem
2631 2695 2738 2734 non
2782 2678 2993 2751 diligit?
3027 2677 3150 2750 quis
3184 2675 3418 2747 iudicem
3460 2688 3558 2734 reo

1955 2767 2344 2842 supplicantem
2371 2785 2477 2826 non
2509 2771 2776 2826 miratur?
2801 2769 3032 2828 Omnino
3065 2768 3350 2826 verborum
3383 2767 3559 2822 humi-

1955 2859 2075 2916 litas
2099 2871 2152 2918 te
2173 2862 2224 2916 in
2252 2862 2663 2920 admirationem
2688 2862 2916 2918 traducit
2943 2878 2957 2916 :
2980 2860 3157 2932 opifex
3182 2874 3323 2926 sum,
3349 2868 3403 2915 ct
3422 2870 3559 2929 Opus

1957 2967 2136 3008 meum
2157 2952 2353 3023 diligo;
2377 2951 2530 3010 faber
2551 2968 2693 3020 sum,
2717 2953 2844 3008 etei
2873 2967 3057 3024 parco,
3081 2966 3240 3022 quem
3270 2949 3559 3010 fabricatus

1955 3057 2096 3098 sum.
2129 3043 2185 3100 Si
2213 3059 2351 3104 meae
2382 3043 2656 3115 dignitatis
2692 3044 2815 3114 iure
2853 3058 3066 3099 summo
3095 3053 3235 3108 utar,
3263 3035 3562 3111 collapsam

1957 3147 2198 3192 naturam
2227 3137 2514 3193 humanam
2543 3137 2765 3194 minime
2803 3136 3061 3204 liberabo,
3089 3144 3145 3192 et
3175 3132 3556 3190 immodicahili

1958 3228 2147 3284 morbo
2188 3228 2448 3285 laboranti
2485 3228 2589 3284 nisi
2627 3228 2766 3285 lenia
2806 3228 3192 3285 medicamenta
3230 3225 3514 3281 adhibeam
3539 3263 3555 3288 .

1957 3322 2333 3378 convalescere
2360 3321 2450 3377 illa
2478 3321 2700 3377 minime
2729 3321 2924 3391 poterit
2950 3335 2966 3374 :
2995 3319 3099 3374 uisi
3140 3318 3369 3389 benigne
3395 3326 3558 3387 atque

1959 3412 2263 3471 humaniter
2289 3421 2512 3470 tractem
2538 3454 2554 3480 ,
2587 3423 2810 3469 necatur
2838 3430 2852 3466 :
2879 3413 2924 3469 si
2966 3411 3139 3467 minas
3177 3409 3348 3465 solum
3380 3408 3560 3468 iuietto

1959 3513 2101 3569 tem,
2134 3493 2480 3560 interimitur.
2520 3503 2726 3561 Idcirco
2763 3503 2962 3575 iacenti
3001 3501 3290 3573 emplastra
3325 3499 3560 3556 leuitatis

1958 3612 2170 3669 appono
2201 3615 2216 3651 :
2248 3596 2537 3668 plurimum
2561 3612 2626 3652 ex
2655 3594 3124 3651 commiseratione
3152 3609 3239 3648 me
3277 3590 3555 3654 submitte,

1957 3701 2017 3747 ut
2040 3706 2157 3748 eam
2187 3691 2388 3760 lapsam
2419 3689 2641 3760 erigam.
2671 3688 2948 3744 Jaceutem
2972 3694 3030 3742 et
3053 3685 3320 3754 abiectam
3349 3699 3379 3738 a
3410 3683 3560 3751 lapsu

1960 3800 2066 3841 novi
2093 3785 2292 3840 excitat
2320 3783 2408 3839 ille
2434 3783 2523 3854 qui
2551 3790 2674 3848 stat,
2708 3781 2808 3838 nisi
2833 3795 3048 3836 manum
3075 3787 3130 3834 et
3147 3778 3266 3847 ipse
3290 3777 3554 3833 demittat.

1971 3876 2163 3942 Venite,
2191 3875 2369 3930 discite
2392 3892 2425 3929 a
2451 3890 2533 3929 me
2551 3879 2577 3940 ,‘
2595 3874 2714 3946 quia
2740 3873 2876 3926 ntitis
2904 3888 3017 3926 sunt
3035 3913 3049 3936 ,
3078 3879 3125 3925 et
3155 3870 3359 3923 humilis
3385 3869 3557 3925 corde.

1960 3968 2077 4024 Non
2122 3967 2190 4022 ad
2229 3967 2641 4022 ostentationem
2682 3964 2844 4020 verba
2889 3961 3140 4034 profero,
3172 3977 3351 4016 rcrmn
3391 3975 3559 4028 expc.

1960 4060 2208 4115 rientiam
2249 4057 2401 4112 vobis
2444 4056 2702 4122 exhibui;
2738 4055 2872 4122 Quia
2909 4055 3046 4110 mitis
3081 4069 3231 4117 sum,
3272 4062 3319 4108 et
3353 4053 3563 4106 humilis

1961 4150 2131 4223 corde,
2165 4164 2226 4202 ex
2258 4163 2324 4204 ro
2355 4156 2494 4202 statu
2524 4132 2734 4217 collige,
2769 4146 2819 4199 in
2839 4161 3009 4216 quem
3051 4143 3336 4201 devenisse
3366 4159 3451 4198 me
3479 4144 3564 4198 vi-

1962 4240 2078 4296 des.
2107 4238 2359 4294 Formam
2391 4239 2595 4294 intuere
2621 4252 2816 4302 meam,
2843 4248 2898 4292 et
2925 4252 3044 4307 quae
3065 4236 3138 4292 sit
3161 4235 3394 4305 dignitas
3419 4251 3562 4300 mea,

1962 4347 2082 4388 eum
2114 4334 2293 4387 animo
2322 4341 2413 4386 tuo
2443 4340 2652 4401 reputa,
2681 4345 2871 4400 meque
2899 4329 3085 4396 adora,
3115 4327 3257 4398 quod
3287 4335 3372 4399 tua
3403 4341 3565 4382 causa

1965 4438 2052 4477 me
2078 4423 2411 4478 demiserim.
2438 4423 2625 4492 Cogita
2655 4421 2793 4476 unde
2821 4419 3096 4491 profectus
3123 4419 3223 4472 sim
3244 4460 3262 4487 ,
3293 4425 3348 4473 et
3375 4432 3482 4488 quo
3508 4419 3567 4471 in

1967 4513 2087 4570 loco
2116 4524 2291 4571 tecum
2321 4515 2632 4584 colquu.tr:
2661 4528 2782 4568 cum
2815 4511 2944 4566 tuihi
2983 4511 3171 4566 caalum
3201 4509 3358 4567 sedes
3383 4517 3566 4576 esset,

1967 4622 2108 4662 nunc
2131 4619 2180 4662 te
2209 4607 2485 4678 alloquens
2507 4621 2689 4662 versor
2714 4607 2765 4660 iu
2795 4606 2952 4660 terris
2978 4620 2992 4656 :
3023 4613 3234 4658 sursum
3263 4602 3566 4678 glorificor,

1968 4709 2021 4754 et
2047 4711 2104 4752 ut
2135 4697 2454 4767 longanimis
2480 4713 2586 4752 non
2617 4698 2853 4761 irascor,
2893 4696 3030 4760 Quia
3069 4695 3202 4749 mitis
3232 4711 3366 4761 sum,
3394 4704 3441 4747 et
3468 4696 3568 4747 ltu-

1970 4792 2104 4846 milis
2130 4791 2300 4845 corde.
2332 4789 2443 4845 Nisi
2470 4791 2612 4844 mitis
2639 4805 2813 4844 essem
2842 4787 3000 4860 Regis
3022 4789 3180 4854 filius,
3205 4801 3430 4843 matrem
3458 4803 3572 4843 ser-

1971 4899 2091 4938 vam
2137 4898 2243 4938 non
2282 4885 2562 4953 elegissem
2596 4900 2608 4935 :
2641 4883 2740 4937 nisi
2775 4883 2917 4937 mitis
2946 4898 3156 4946 essem,
3196 4881 3479 4938 invisibilis
3519 4891 3577 4939 et

1972 4978 2196 5033 visibilis
2222 4977 2536 5032 substantia:
2566 4975 2767 5048 Opifex,
2797 4991 3017 5047 peregre
3045 4974 3112 5030 ad
3139 4991 3235 5030 vos
3260 4990 3366 5030 non
3392 4975 3576 5031 veniso

1974 5085 2087 5123 sem
2115 5086 2128 5121 :
2154 5068 2254 5122 nisi
2285 5068 2430 5124 mitis
2455 5077 2650 5132 essem,
2685 5067 2954 5124 involutus
2983 5066 3162 5124 fasciis
3192 5082 3300 5123 non
3333 5067 3578 5131 fuissem,

1978 5162 2066 5230 qui
2108 5161 2425 5216 szeculorum
2467 5175 2583 5214 smn
2618 5169 2766 5228 pater
2791 5176 2804 5212 :
2832 5158 2936 5214 nisi
2964 5158 3181 5215 humilis
3210 5173 3419 5224 essem,
3455 5175 3584 5229 pau-

1979 5262 2236 5323 pertatem
2283 5252 2536 5323 praesepis
2567 5267 2674 5306 non
2706 5251 2989 5306 subiissem
3011 5291 3027 5315 ,
3054 5251 3144 5321 qui
3165 5262 3433 5326 creatum
3462 5264 3586 5321 pos-

1979 5345 2127 5399 sideo
2154 5343 2370 5398 divitias
2408 5346 2672 5398 universis
2705 5361 2718 5398 :
2749 5344 2850 5398 nisi
2891 5345 3036 5398 mitis
3076 5358 3250 5398 essem
3271 5384 3288 5408 ,
3321 5359 3428 5398 non
3463 5357 3587 5398 cum

1975 5437 2232 5506 iument‘s
2271 5451 2513 5490 versarer
2549 5437 2622 5502 is,
2649 5450 2807 5506 quem
2838 5450 3009 5504 neque
3033 5433 3325 5490 Cherubim
3362 5445 3590 5504 possunt

1979 5528 2170 5583 intueri
2195 5543 2208 5580 :
2233 5527 2333 5582 nisi
2355 5528 2500 5581 mitis
2518 5541 2714 5591 essent,
2741 5542 3026 5597 numquam
3050 5541 3149 5596 ego
3169 5527 3256 5597 qui
3275 5526 3592 5596 exspucndo

1979 5621 2136 5674 caecis
2179 5619 2358 5674 lumen
2392 5618 2617 5674 iulundo
2641 5659 2657 5687 ,
2683 5619 2751 5674 ah
2777 5619 3141 5689 improborum
3171 5618 3326 5674 labiis
3353 5633 3590 5688 conspu-

1982 5724 2066 5767 tus
2095 5728 2269 5768 essem
2297 5730 2308 5765 :
2334 5713 2436 5767 nisi
2469 5713 2613 5768 mitis
2642 5727 2840 5780 essem,
2874 5727 3165 5783 numquam
3199 5726 3320 5782 ego,
3352 5711 3444 5780 qui
3473 5725 3588 5767 ser-

1981 5819 2080 5860 vos
2123 5803 2478 5873 manumitto,
2523 5803 2773 5861 servilem
2823 5803 3034 5877 alapam
3077 5803 3393 5860 tolerassem
3427 5817 3446 5860 ;
3488 5797 3588 5852 nisi
