4182 6322
713 334 816 390 723

715 447 854 502 mitis
880 460 1071 513 essent,
1101 444 1315 513 dorsum
1345 457 1520 498 meum
1546 443 1612 497 ad
1641 442 1862 514 ﬂagella
1878 454 1975 513 pro
2002 437 2279 508 mancipiis

711 537 1016 593 sustinenda
1044 549 1148 591 non
1180 534 1540 605 prmbuissem.
1567 533 1672 590 Sed
1693 523 1792 589 cur
1807 547 1925 603 ego,
1947 529 2086 600 quod
2112 528 2282 597 majus

707 637 791 682 est
810 667 825 692 ,
857 641 961 681 non
988 623 1238 696 profero?
1262 625 1359 680 nisi
1388 625 1529 679 mitis
1551 639 1726 680 essem
1745 665 1761 689 ,
1786 639 1905 679 eum
1935 621 2022 676 alii
2053 620 2160 692 pati
2188 619 2282 676 de-

710 718 915 783 berent,
949 732 1053 773 non
1083 718 1264 787 utique
1286 731 1384 787 ego
1403 715 1493 786 qui
1519 715 1646 770 nihil
1667 714 1944 777 debebam,
1969 712 2154 767 mortis
2183 725 2280 782 pro

663 807 666 811 ’
705 807 809 861 illis
833 807 1065 863 debitum
1106 807 1472 862 essolvissem.
1512 807 1624 876 Ego
1663 821 1788 860 vero
1825 803 2056 867 exsolvi,
2089 811 2148 857 ut
2181 816 2279 872 pro

705 897 816 952 illis
843 899 930 967 qui
960 898 1208 954 deorsum
1233 898 1371 968 apud
1400 897 1594 952 inferos
1617 894 2004 960 detinebantur,
2028 894 2275 949 mulctam

703 989 950 1059 supplicii
978 1005 1328 1043 numerarem.
1357 989 1470 1044 Non
1495 991 1636 1043 enim
1666 986 1902 1042 vivorum
1931 995 2131 1040 tantum
2162 983 2277 1038 Rex

702 1094 841 1144 sum,
870 1080 960 1134 sed
988 1079 1144 1135 etia'm
1173 1081 1425 1135 Dominus
1447 1090 1791 1134 mortuorum.
1820 1077 2104 1144 Propterea
2130 1075 2273 1129 viam

703 1179 979 1240 utramque
1016 1171 1426 1240 dispensationis
1464 1172 1709 1225 insistens
1743 1169 1882 1224 veni.
1912 1168 2083 1224 Homo
2111 1181 2273 1237 appa-

701 1260 782 1314 rui
803 1302 819 1326 ,
851 1260 1018 1315 factus
1046 1275 1162 1314 smn
1190 1271 1245 1316 et
1271 1261 1336 1315 ad
1368 1261 1630 1315 modicum
1663 1270 1870 1329 tempus
1908 1267 2148 1313 mortuus
2169 1298 2185 1323 ,
2214 1265 2272 1312 ut

697 1351 944 1406 omnibus
982 1351 1140 1405 etiam
1183 1352 1271 1419 qui
1312 1351 1412 1406 sub
1456 1359 1592 1404 terra
1633 1358 1818 1414 erant,
1860 1347 2270 1420 ineorruptionis

699 1456 831 1495 mea:
872 1441 1065 1495 donum
1112 1441 1455 1510 impertirem.
1508 1439 1711 1505 Venite,
1748 1440 1922 1492 discite
1951 1455 1985 1492 α
2011 1454 2119 1501 me,
2148 1438 2268 1509 quia

697 1532 832 1585 mitis
855 1546 994 1597 sum,
1023 1541 1070 1585 et
1099 1532 1301 1585 Immitis
1327 1530 1496 1588 corde.
1527 1531 1608 1585 Ab
1631 1530 1790 1583 animi
1820 1532 2092 1599 proposito
2113 1570 2126 1593 ,
2159 1541 2264 1581 non

693 1636 725 1675 a
771 1632 954 1676 natura
1006 1631 1088 1677 est
1136 1624 1306 1678 vilitas
1355 1637 1472 1677 mea
1510 1639 1524 1677 :
1570 1621 1923 1675 inaccessibili
1971 1619 2260 1674 substantia

692 1714 942 1782 praeditus
971 1728 1109 1778 sum,
1135 1714 1229 1769 sed
1257 1725 1452 1778 mente,
1480 1729 1599 1785 quae
1622 1729 1680 1769 se
1704 1713 1770 1768 ad
1796 1727 1983 1768 omnes
2005 1711 2260 1767 extendit.

699 1801 891 1871 Venite,
923 1807 1096 1860 discite
1119 1824 1149 1860 a
1175 1824 1273 1874 me,
1303 1807 1420 1875 quia
1449 1808 1582 1862 mitis
1605 1823 1748 1872 sum,
1779 1816 1824 1860 et
1850 1804 2053 1860 humilis
2075 1804 2258 1871 corde,

689 1908 797 1948 non
823 1885 1094 1966 dignitate.
1123 1898 1357 1952 Modicus
1397 1913 1512 1952 sum
1533 1939 1549 1963 ,
1575 1899 1619 1953 si
1647 1908 1854 1967 spectes
1876 1895 2036 1950 animi
2065 1909 2260 1965 propo-

687 1986 846 2040 situm
866 2027 883 2053 ,
913 2003 1014 2042 non
1041 1991 1082 2043 si
1113 1991 1400 2059 potentiam
1431 2007 1447 2044 :
1475 1989 1674 2058 angelis
1705 1987 1955 2043 terribilis
1983 2001 2101 2041 sum
2139 2000 2261 2055 pro-

687 2088 805 2147 pter
827 2068 1140 2150 potentiam,
1174 2081 1474 2136 hominibus
1504 2091 1718 2150 propter
1741 2081 1900 2135 animi
1929 2081 2255 2151 propositum

683 2183 799 2223 sum
841 2171 1071 2226 humilis.
1115 2173 1310 2237 Venite,
1338 2173 1511 2228 discite
1541 2189 1574 2225 a
1605 2189 1704 2240 me,
1737 2174 1854 2242 quia
1876 2172 2010 2225 mitis
2041 2187 2180 2236 sum,
2210 2179 2257 2223 et

683 2261 887 2315 humilis
925 2264 1094 2316 corde.
1135 2263 1252 2318 Non
1301 2281 1396 2333 pro
1437 2273 1640 2318 natura:
1679 2279 1813 2319 mea:
1841 2263 2143 2318 conditione
2173 2262 2252 2316 lo-

681 2365 846 2418 quor,
878 2351 968 2406 sed
1009 2362 1162 2422 prout
1195 2355 1606 2409 misericordiam
1646 2369 1819 2409 meam
1859 2353 2050 2418 decet,
2091 2351 2250 2407 verba

680 2437 838 2494 facio.
866 2441 1024 2498 Multo
1051 2443 1177 2499 mihi
1207 2447 1380 2500 carior
1408 2455 1490 2501 est
1518 2446 1865 2502 mansuetudo
1901 2461 2057 2516 quam
2104 2455 2251 2514 pote-

677 2540 806 2584 stas.
846 2531 958 2587 Rex
991 2549 1106 2588 sum
1143 2551 1263 2606 ego,
1292 2537 1380 2606 qui
1426 2547 1477 2592 te
1522 2537 1765 2607 alloquor
1787 2555 1800 2591 :
1826 2551 2011 2606 magna
2040 2537 2249 2606 quidem

677 2622 872 2679 virtute
900 2626 1094 2694 polleo,
1123 2627 1216 2682 sed
1249 2631 1371 2684 nolo
1405 2631 1658 2699 potentia,
1687 2644 1804 2700 qua:
1831 2629 1957 2683 mihi
1995 2629 2247 2698 suppetit,

677 2721 820 2768 tuam
848 2715 1258 2773 imbecillitatem
1286 2719 1714 2788 perterrefacere.
1739 2718 1854 2775 Non
1875 2719 2014 2786 dico,
2040 2719 2242 2784 Venite,

675 2803 863 2860 discite
894 2821 924 2860 a
964 2822 1050 2862 me
1072 2849 1088 2874 ,
1117 2809 1235 2878 quia
1265 2811 1516 2864 Dominus
1557 2825 1672 2865 sum
1693 2851 1709 2877 ,
1740 2825 1840 2881 ego
1879 2811 1968 2880 qui
2004 2811 2249 2866 dominor

681 2899 970 2967 creaturis,
1000 2901 1086 2972 qui
1124 2904 1349 2972 respicio
1389 2912 1582 2959 terram
1605 2945 1620 2969 ,
1656 2914 1710 2959 et
1736 2903 1910 2959 efficio
1935 2913 1991 2959 ut
2017 2913 2241 2971 tremat,

677 2991 766 3058 qui
790 2993 975 3047 ctelum
1001 2994 1192 3049 metior
1214 2997 1408 3065 palmo,
1430 3006 1483 3052 et
1504 3007 1694 3053 terram
1721 3013 1894 3067 pugno
1915 3005 2069 3052 teneo
2089 2996 2240 3070 (lsai.

674 3081 764 3134 40.
794 3081 885 3152 12)
920 3101 933 3137 :
965 3083 1078 3151 sed,
1121 3084 1311 3150 Venite,
1341 3086 1515 3143 discite
1536 3105 1568 3141 a
1599 3105 1698 3156 nte,
1728 3089 1847 3159 quia
1873 3090 2009 3144 mitis
2036 3106 2166 3153 sum,
2197 3099 2244 3145 et

673 3171 877 3228 humilis
900 3175 1069 3229 corde.
1103 3175 1176 3230 lta
1205 3193 1321 3231 sum
1351 3162 1491 3233 mitis
1519 3197 1533 3236 :
1567 3181 1792 3248 peccasti
1816 3189 1878 3243 _tu
1897 3220 1914 3246 ,
1941 3190 1996 3235 et
2019 3195 2117 3250 ego
2144 3180 2240 3234 lla-

665 3262 819 3330 gellis
843 3279 959 3318 sum
989 3279 1190 3329 caesus;
1223 3267 1292 3322 ita
1325 3277 1511 3336 spOnte
1539 3283 1654 3323 sum
1685 3267 1897 3323 humilis
1931 3270 2087 3324 :veni
2115 3284 2237 3341 ego,

664 3361 729 3407 ut
753 3368 864 3418 eus,
894 3357 982 3425 qui
1013 3358 1264 3413 servitute
1289 3360 1681 3428 premebantur,
1709 3361 1760 3415 in
1790 3361 2088 3417 libertatem
2123 3365 2238 3417 vin—

667 3443 933 3513 dicarem,
979 3455 1032 3501 et
1081 3449 1178 3520 ipsi
1224 3465 1310 3505 me
1353 3451 1687 3507 liberatorem
1729 3453 1894 3523 alapis
1933 3454 2238 3510 ceciderunt

667 3535 842 3600 simul,
875 3547 928 3592 et
953 3538 1005 3591 in
1032 3553 1242 3594 crucem
1269 3542 1594 3598 sustulerunt
1620 3543 1709 3615 qui
1746 3546 2000 3602 servitute
2024 3561 2234 3615 preme-

659 3624 886 3699 bantur,
915 3637 968 3683 et
1000 3640 1179 3700 postea
1209 3631 1418 3689 Patrem
1453 3650 1625 3690 meum
1654 3651 1748 3706 pro
1779 3638 1903 3707 ipsis
1933 3653 2124 3709 rogans
2147 3640 2230 3695 di-

656 3715 846 3771 cebam
875 3735 889 3771 :
920 3716 1105 3787 Pater,
1142 3722 1336 3778 dimitte
1373 3725 1477 3779 illis
1507 3740 1525 3780 :
1554 3744 1653 3781 non
1696 3728 1832 3781 enim
1874 3729 2070 3795 sciunt,
2109 3729 2231 3792 quid

668 3809 858 3878 faciunt
886 3809 1035 3881 (Luc.
1065 3812 1154 3869 25.
1181 3815 1293 3884 Si).
1337 3815 1509 3872 Venite
1537 3820 1710 3890 igitur,
1738 3821 1912 3876 discite
1937 3838 1968 3875 a
1995 3838 2091 3883 me,
2115 3823 2232 3893 quia

660 3902 798 3955 mitis
818 3920 950 3971 sum,
970 3913 1019 3958 et
1041 3905 1244 3962 humilis
1263 3911 1428 3964 corde.
1458 3910 1664 3980 Venite,
1689 3916 1925 3984 supplico
1945 3923 1997 3969 et
2023 3928 2226 3983 precor,

659 4005 767 4046 non
808 4009 892 4049 me
931 3996 1093 4064 pudet
1131 3999 1462 4070 supplicare,
1503 4017 1684 4059 servos
1721 4019 1868 4059 meos
1905 4019 2060 4060 orare
2097 4021 2228 4061 con-

658 4095 837 4140 tentus
876 4103 993 4143 sum
1017 4129 1032 4152 ,
1063 4105 1130 4146 ne
1172 4105 1331 4160 cogar
1377 4094 1562 4162 punire
1594 4111 1606 4146 :
1633 4096 1808 4150 venite
1828 4139 1842 4161 ,
1873 4096 2058 4153 discite
2087 4112 2114 4151 a
2145 4113 2229 4152 me

659 4179 1113 4234 mansuetudinem
1169 4185 1348 4252 prius,
1394 4199 1549 4253 quam
1603 4187 1889 4241 terribilem
1941 4191 2224 4256 potentiam

657 4272 906 4339 spectetis
934 4289 948 4327 :
975 4272 1184 4341 venite,
1212 4290 1350 4329 nunc
1379 4277 1594 4331 medeor
1612 4318 1628 4341 ,
1657 4279 1813 4345 paulo
1850 4289 1968 4348 post
1997 4281 2226 4336 rationes

659 4360 980 4427 subducam;
1007 4379 1146 4419 nunc
1166 4381 1344 4433 parco,
1373 4368 1527 4436 paulo
1549 4381 1664 4436 post
1687 4371 1998 4423 sententiam
2026 4371 2220 4439 feram;

659 4465 798 4504 nunc
827 4463 942 4504 sum
979 4452 1278 4507 misericors
1298 4495 1312 4520 ,
1344 4457 1502 4524 paulo
1532 4467 1646 4526 post
1668 4459 1841 4528 justus
1865 4461 2024 4530 jndex
2056 4477 2220 4531 appa-

655 4539 802 4594 rebo.
849 4537 1050 4606 Venite,
1077 4542 1252 4597 discite
1274 4562 1305 4597 a
1329 4562 1439 4612 me,
1470 4549 1587 4617 quia
1615 4551 1746 4602 mitis
1773 4567 1884 4604 sum
1901 4592 1915 4615 ,
1944 4564 1989 4604 et
2017 4553 2222 4606 humilis

651 4628 820 4683 corde.
855 4628 948 4685 Vel
992 4636 1444 4691 mansuetudinem
1475 4637 1728 4696 honorate
1752 4682 1765 4700 .
1808 4643 1887 4697 vel
1934 4646 2218 4712 potentiam

653 4723 1025 4790 pertimescite.
1069 4722 1290 4792 Venite,
1317 4741 1680 4800 praeoccupate
1723 4731 1907 4787 faciem
1953 4751 2122 4789 meam
2167 4739 2216 4791 in

651 4808 1035 4868 confessionem
1064 4834 1078 4869 :
1110 4822 1346 4885 tempore
1373 4818 1568 4888 quippe
1596 4824 1940 4878 mansuetudo
1968 4827 2061 4880 ista
2099 4842 2215 4882 mea

650 4899 1006 4958 discriminata
1033 4915 1132 4960 est.

722 4991 774 5044 5.
807 4991 1072 5049 Secundus
1101 4992 1288 5050 Christi
1314 4998 1554 5053 adventus
1591 5003 1840 5058 terribilis.
1870 5037 1938 5045 —
1968 5007 2044 5060 Ad
2081 5009 2216 5064 hanc

1444 329 1502 386 S.
1537 325 1812 387 JOAN-NiS
1843 316 2315 379 CHRYSOSTCII
2360 317 2668 378 ARCHIEP.
2691 321 3218 381 CONSTANTlNOP.

3845 335 3939 384 "ni

2386 435 2622 502 cabitur,
2649 448 2704 494 et
2738 453 2899 509 super
2924 440 3164 497 caelestes
3204 441 3423 497 virtutes
3459 451 3641 498 vectus
3669 442 3934 499 incedant:

2384 527 2594 597 quando
2621 530 2942 601 principatus
2964 541 3020 587 et
3043 540 3328 603 potestates
3352 535 3609 591 venientis
3633 537 3772 592 latus
3797 539 3939 607 stipa-

2383 617 2515 672 buut
2545 635 2559 673 :
2587 619 2798 688 quando
2824 622 2969 692 regni
3003 623 3108 677 mei
3147 623 3425 680 luminaria
3461 625 3715 681 uadum
3742 628 3937 682 univer-

2381 723 2498 763 sum
2543 710 2911 767 illutninabunt
2938 729 2952 766 :
2980 714 3193 784 quando
3231 715 3349 770 libri
3389 715 3695 786 aperientur
3723 732 3936 783 eorum,

2379 815 2498 870 quae
2526 803 2883 874 unusquisque
2913 806 3085 875 gessit
3113 806 3164 860 in
3194 807 3298 860 vita
3327 821 3342 861 :
3369 809 3582 877 quando
3607 809 3740 878 legis
3765 809 3938 863 obser-

2377 891 2521 946 vatio
2559 894 2832 963 exigetur,
2874 879 2928 951 et
2968 896 3265 952 dzemonum
3294 907 3537 952 exactum
3577 899 3901 953 ratiocinium
3921 901 3937 932 ¹

2379 985 2676 1053 proferetur
2705 1004 2721 1045 :
2752 990 2963 1058 quando
2987 1006 3110 1046 reus
3137 993 3353 1047 sistetur
3369 1035 3384 1057 ,
3410 993 3494 1046 cui
3524 994 3636 1048 sola
3663 1009 3823 1064 opera
3849 1009 3938 1066 po-

2378 1082 2550 1128 terunt
2573 1078 2884 1144 patrocinari
2907 1082 3144 1150 :quando
3163 1083 3507 1151 cogitationes
3526 1087 3867 1153 accusabunt,
3891 1096 3939 1141 et

2374 1165 2694 1220 conscientia
2723 1170 2999 1224 convincet
3027 1187 3040 1224 :
3067 1172 3279 1241 quando
3309 1172 3522 1243 maligni
3545 1175 3762 1244 spiritus
3787 1176 3938 1231 verba

2367 1250 2562 1321 judicis
2589 1257 2860 1312 altendcnt
2889 1275 2901 1310 :
2928 1260 3140 1328 quando
3176 1260 3364 1316 fornax
3403 1266 3717 1318 sententiam
3749 1264 3940 1334 judicis

2371 1345 2695 1411 exspectabit
2720 1363 2736 1403 :
2758 1348 2967 1416 quando
2993 1350 3206 1404 verbum
3238 1351 3388 1414 illud.
3413 1353 3682 1418 Miserere,
3703 1355 3816 1424 jam
3840 1372 3936 1410 non

2367 1435 2592 1502 amplius
2633 1437 2880 1492 clamanti
2929 1441 3184 1508 proderit.
3237 1442 3420 1498 Venite
3468 1444 3626 1513 igitur
3660 1455 3936 1516 antequam

2368 1522 2509 1577 fores
2531 1527 2923 1582 miserationum
2947 1544 3178 1585 mearum
3201 1532 3494 1598 occludam,
3512 1544 3795 1604 antequam
3822 1535 3936 1590 vita:

2366 1613 2626 1668 nundinas
2652 1616 2789 1671 liniri
2810 1621 3100 1690 contingat,
3126 1631 3407 1692 antequam
3434 1624 3557 1679 vita:
3580 1626 3934 1695 spectaculum

2365 1704 2676 1770 pra-terierit
2699 1724 2712 1758 :
2737 1711 3083 1776 praestitutum
3108 1712 3246 1766 enim
3272 1722 3483 1783 tempus
3511 1714 3629 1770 linis
3652 1717 3833 1771 surculi
3858 1727 3935 1771 est

2362 1793 2414 1847 in
2454 1794 2648 1864 januis.
2682 1796 2903 1865 Venite,
2944 1802 3248 1873 priusquam
3291 1805 3536 1875 incipiam
3575 1805 3818 1876 judicare
3849 1826 3862 1862 :
3892 1809 3932 1862 si

2359 1884 2500 1937 enim
2545 1885 2653 1956 jam
2696 1889 2888 1944 sedens
2932 1892 3176 1963 incipiam
3216 1894 3472 1964 judicium
3507 1911 3798 1963 exercere,
3829 1915 3931 1955 non

2359 1976 2582 2043 amplius
2635 1978 2964 2035 condonabo.
3019 1983 3302 2053 Pr0pterca
3365 1986 3624 2043 fatuarum
3673 1991 3930 2061 virginum

2357 2068 2653 2134 exemplum
2697 2070 2957 2139 patefeci,
3007 2090 3227 2145 quarum
3278 2079 3397 2133 vita:
3445 2078 3736 2150 lampades,
3792 2084 3927 2152 quod

2356 2155 2530 2209 oleum
2553 2158 2770 2225 justitim
2799 2178 2902 2216 non
2932 2164 3203 2232 haberent,
3233 2170 3504 2225 exstincta:
3538 2180 3697 2239 sunt,
3736 2182 3792 2228 et
3825 2190 3928 2243 quo

2354 2256 2507 2314 pacto
2536 2247 2674 2305 fores
2703 2252 2804 2305 illis
2823 2255 3086 2310 conclavis
3111 2259 3288 2326 sponsi
3318 2261 3544 2316 occlusa:
3571 2263 3678 2318 sint
3714 2264 3924 2336 (Matth.

2351 2335 2440 2391 25.
2485 2339 2533 2392 l.
2573 2341 2707 2411 sqq.)
2729 2383 2744 2408 ,
2774 2359 2880 2413 quo
2910 2357 3063 2414 pacto
3089 2348 3421 2418 pulsantibus
3454 2351 3559 2406 illis
3585 2368 3648 2407 ex
3691 2335 3924 2410 interiori

2350 2427 2541 2482 aedium
2573 2440 2724 2500 parte
2749 2436 3108 2503 responderim
3129 2479 3144 2502 ,
3178 2437 3365 2492 Nescia
3390 2457 3474 2496 vos
3494 2484 3510 2508 ,
3535 2444 3726 2512 quibus
3753 2447 3925 2501 verbis

2345 2518 2538 2587 judicis
2565 2537 2748 2578 vocem
2771 2566 2786 2588 ,
2825 2542 2928 2596 qua
2969 2539 3272 2598 peccatores
3299 2532 3596 2604 alloquetur
3617 2576 3634 2602 ,
3662 2539 3921 2606 expressi.

2348 2612 2402 2667 Si
2432 2629 2558 2685 ergo
2585 2617 2908 2674 Dominicam
2947 2621 3318 2693 benignitatem
3338 2668 3353 2691 ,
3381 2627 3598 2694 fratres,
3627 2644 3694 2684 ex
3740 2630 3922 2686 Salva-

2350 2705 2478 2758 toris
2519 2709 2692 2763 verbis
2733 2708 3045 2779 didicimus,
3086 2730 3153 2769 ne
3186 2716 3420 2784 judicem
3457 2734 3805 2789 spernamus,
3836 2724 3920 2794 qui

2346 2799 2562 2852 mitibus
2586 2801 2760 2855 verbis
2788 2818 2885 2858 nos
2919 2814 3042 2860 ante
3065 2805 3252 2876 judicii
3279 2816 3486 2880 tempus
3509 2812 3795 2882 alloquitur
3813 2854 3827 2877 ,
3856 2830 3923 2869 ne

2346 2892 2668 2960 paenitentia:
2692 2897 3024 2952 occasionem
3046 2901 3386 2956 amittamus:
3416 2901 3568 2958 bonis
3594 2905 3846 2974 cperibus
3871 2918 3922 2962 et

2341 2983 2693 3057 eleemosynis
2719 2987 2922 3043 animas
2963 2999 3172 3045 nostras
3200 2993 3482 3048 vestiamus
3514 3012 3527 3047 :
3561 2998 3921 3067 unusquisque

2343 3085 2579 3130 nostrum
2601 3079 2666 3131 ad
2689 3078 2846 3132 vitam
2868 3089 3119 3137 aeternam
3143 3082 3535 3152 adipiscendam
3559 3094 3917 3144 necessarium

2341 3175 2611 3236 comparet
2651 3177 3001 3224 commeatum
3027 3212 3043 3238 ,
3083 3171 3151 3227 ab
3193 3173 3385 3244 iniquis
3421 3177 3716 3231 actionibus
3751 3179 3917 3234 absti-

2340 3270 2577 3311 neamus.
2604 3256 2658 3314 Si
2683 3259 2823 3312 enim
2847 3258 3005 3316 fidem
3031 3272 3265 3318 nostram
3286 3267 3658 3322 inconcussam
3683 3268 3737 3321 in
3765 3268 3918 3324 bonis

2337 3350 2586 3420 operibus
2604 3366 2999 3419 conservemus,
3017 3363 3273 3411 creaturae
3293 3356 3565 3413 nobiscum
3587 3360 3918 3417 inconcussa:

2337 3443 2742 3513 permanebunt.
2767 3446 2984 3501 Animas
3008 3455 3213 3502 nostras
3231 3450 3473 3506 castitate
3496 3450 3836 3520 decoremus,
3863 3464 3918 3510 et

2336 3549 2482 3602 pura:
2517 3534 2638 3590 fidei
2678 3536 3097 3593 inaestimabilem
3128 3541 3461 3612 margaritam
3492 3551 3608 3598 tuto
3645 3544 3802 3600 nobis
3831 3548 3916 3600 in-

2333 3640 2494 3696 super
2517 3627 2868 3696 acquiramus,
2891 3636 3170 3700 antequam
3196 3630 3317 3685 vita:
3345 3641 3541 3687 nostra:
3571 3642 3785 3704 tempus
3808 3635 3917 3691 ela-

2334 3717 2507 3785 batur,
2529 3727 2811 3790 antequam
2835 3721 2997 3792 figura
3017 3722 3219 3787 mundi,
3237 3732 3292 3778 et
3311 3722 3408 3778 llos
3427 3725 3631 3796 glorias,
3651 3737 3706 3782 et
3725 3743 3920 3787 omnes

2335 3817 2558 3865 terrcnze
2604 3811 2808 3868 deliciae
2851 3813 3102 3868 tollantur
3143 3822 3196 3869 et
3245 3825 3499 3885 pereant,
3544 3819 3915 3889 incorruptum

2324 3899 2558 3970 judicem
2591 3902 2742 3956 nobis
2767 3903 3132 3960 conciliemus.
3163 3903 3281 3974 ipse
3308 3908 3448 3962 enim
3471 3917 3584 3977 est,
3614 3911 3705 3981 qui
3737 3911 3870 3966 dicit
3899 3930 3913 3963 ξ

2345 3991 2462 4046 Vivo
2488 4009 2600 4063 ego,
2623 3994 2742 4047 dicit
2769 3993 3014 4050 Dominus
3038 4014 3058 4051 :
3086 3998 3204 4051 nolo
3224 4009 3432 4053 mortem
3459 4003 3752 4072 peccatoris,
3784 4017 3916 4059 sicut

2327 4086 2545 4139 conuerti
2572 4103 2684 4139 eum
2710 4097 2759 4140 et
2785 4087 2944 4142 uiuere
2971 4089 2990 4156 (
3005 4087 3189 4144 Ezech.
3223 4090 3309 4147 l8.
3337 4091 3463 4163 32).
3495 4092 3550 4148 Si
3594 4095 3786 4163 punire
3818 4112 3916 4151 cu-

2328 4185 2477 4245 peret
2516 4187 2878 4247 pet'catoretn,
2913 4190 3109 4234 taceret
3136 4198 3150 4234 :
3179 4182 3415 4237 misereri
3448 4183 3556 4237 vult
3578 4225 3593 4250 ,
3624 4196 3911 4254 pnopterea

2326 4277 2506 4323 monet
2533 4287 2546 4323 :
2581 4270 2778 4338 parcit,
2815 4270 3013 4327 idcirco
3057 4271 3299 4328 hortatur
3328 4292 3341 4326 :
3371 4273 3712 4342 praedicendo
3741 4288 3913 4331 terret

2325 4367 2406 4421 te,
2438 4374 2505 4414 ne
2533 4360 2705 4429 reipsa
2745 4361 2796 4414 in
2840 4361 3129 4431 periculum
3173 4363 3393 4419 incidas.
3433 4364 3572 4420 Deus
3611 4367 3754 4420 cnim
3782 4383 3908 4421 cum

2323 4451 2583 4512 minatur,
2613 4465 2828 4508 servare
2857 4453 2964 4508 vult
2994 4473 3007 4508 :
3039 4469 3158 4510 cum
3191 4470 3318 4510 vero
3346 4457 3505 4523 silet,
3535 4459 3719 4514 statuit
3743 4463 3907 4515 casti-

2248 4539 2268 4552 ’
2319 4558 2460 4613 gare.
2489 4543 2776 4600 Possumus
2800 4560 2866 4601 ex
2894 4547 3113 4602 aliorum
3143 4550 3519 4619 experimentis
3539 4554 3640 4608 hoc
3665 4552 3902 4609 discere.

2319 4633 2681 4692 Conuninatus
2719 4646 2800 4690 est
2841 4637 3085 4694 Ninivitis
3108 4681 3122 4705 ,
3159 4653 3213 4695 et
3247 4644 3483 4712 pepercit
3513 4662 3528 4699 :
3559 4646 3721 4699 tacuit
3758 4649 3901 4718 apud

2318 4726 2638 4794 Sodomitas,
2670 4740 2722 4786 et
2758 4733 2957 4800 punivit
2990 4751 3002 4785 :
3031 4748 3254 4788 coronas
3287 4738 3618 4805 prmparavit,
3651 4739 3752 4793 nisi
3783 4751 3899 4795 tor-

2318 4831 2491 4876 menta
2520 4822 2673 4876 nobis
2703 4824 2830 4893 ipsis
2868 4823 3173 4880 inferamus.
3203 4825 3359 4895 Cupit
3383 4827 3676 4898 gehennam
3706 4833 3899 4898 otiari,

2315 4915 2459 4982 cupit
2486 4915 2820 4969 tenebrarum
2844 4931 3112 4972 carcerem
3141 4917 3408 4983 claudere,
3440 4920 3583 4988 cupit
3611 4921 3743 4975 iram
3773 4940 3896 4978 um-

2315 5021 2433 5058 nem
2477 5007 2688 5060 diabolo
2734 5022 3038 5074 rcservare,
3067 5010 3212 5080 cupit
3246 5009 3407 5078 judex
3442 5011 3628 5065 sedere
3650 5050 3666 5076 ,
3702 5028 3808 5066 non
3845 5025 3898 5066 ut

645 5080 813 5136 solam
859 5084 1017 5138 vitam
1063 5099 1373 5155 praesentem
1414 5094 1675 5161 pertinet,
1717 5106 1774 5149 ut
1806 5099 2213 5168 longanimitatis

2339 5096 2517 5167 liquos
2545 5098 2750 5167 puniat,
2782 5098 2873 5152 sed
2904 5109 2959 5152 ut
2987 5115 3174 5154 omnes
3199 5110 3434 5156 coronet.
3467 5103 3598 5156 Cum
3627 5103 3785 5173 igitur
3817 5113 3900 5157 ta-

651 5187 783 5226 men:
825 5177 1091 5242 specimen
1135 5178 1286 5233 edam
1318 5199 1330 5234 :
1367 5184 1538 5239 veniet
1567 5193 1804 5255 tempus.
1835 5204 1939 5258 quo
1969 5207 2212 5249 mansue-

2339 5205 2416 5244 cm
2447 5190 2725 5244 Dominum
2756 5192 3042 5247 habeamus
3064 5234 3080 5260 ,
3108 5195 3471 5264 prteripiamns
3501 5194 3782 5265 benignam
3828 5198 3895 5250 il-

647 5264 839 5316 tudims
885 5265 1037 5333 hujus
1077 5283 1206 5322 meae
1250 5281 1394 5338 porta
1434 5275 1704 5329 claudetur
1731 5297 1742 5330 :
1775 5282 1942 5335 veniet
1973 5293 2205 5352 tempus,
2311 5283 2410 5338 lam
2439 5299 2621 5340 vocem
2645 5328 2657 5350 ,
2691 5291 2967 5354 pareamus
2993 5287 3186 5341 dicenti
3218 5305 3231 5342 2
3268 5286 3472 5349 Venite,
3511 5289 3684 5349 discite
3713 5307 3744 5342 a
3771 5308 3888 5351 me,

645 5369 750 5421 quo
778 5355 1021 5427 lacrymzc
1060 5372 1390 5427 peccatorum
1427 5367 1684 5422 stillantes
1714 5370 1840 5423 nihil
1876 5375 2159 5442 proderunt
2190 5395 2206 5432 :

2339 5377 2424 5428 uia
2451 5378 2583 5432 mitis
2612 5395 2742 5440 sum,
2771 5389 2816 5431 et
2845 5378 3050 5433 humilis
3078 5380 3226 5432 corde
3252 5379 3460 5443 (Matth.
3497 5380 3580 5434 Η.
3612 5381 3726 5451 29),
3753 5392 3805 5435 ιιι
3833 5393 3889 5436 et

643 5447 815 5502 veniet
845 5458 1083 5520 tempus,
1115 5469 1219 5524 quo
1257 5458 1484 5526 undique
1515 5461 1818 5532 clangentes
1845 5466 1981 5521 [ub-,9
2015 5484 2205 5523 secum-
2306 5467 2589 5534 optabilem
2633 5468 2773 5520 illam
2814 5483 2876 5522 ac
2913 5466 3117 5522 felicem
3157 5483 3338 5522 vocem
3368 5468 3553 5523 audire
3585 5487 3888 5525 mereamur

639 5535 764 5588 dum
807 5538 1092 5594 adventum
1138 5560 1311 5600 meum
1356 5548 1656 5604 indicabunt
1700 5570 1713 5605 :
1759 5557 1967 5621 quando
2012 5569 2202 5614 terram
2305 5557 2608 5612 dicentem:
2648 5557 2850 5625 Venite,
2880 5559 3123 5612 benedicti
3158 5559 3325 5613 Patris
3352 5561 3479 5625 mei,
3513 5563 3758 5631 possidete
3783 5579 3880 5634 pa-

640 5640 1006 5693 percurrentes
1034 5636 1326 5692 universam
1349 5643 1517 5710 angeli
1546 5646 1704 5698 multa
1733 5648 2010 5705 multorum
2039 5653 2201 5707 millia

638 5715 695 5770 in
718 5718 964 5788 judicium
997 5725 1254 5782 adducent
1290 5749 1301 5782 :
1331 5733 1538 5802 quando
1578 5733 1800 5795 tribunal
1834 5757 2008 5799 meum
2040 5745 2200 5802 colfo-
2369 5757 2384 5787 ι
2421 5763 2560 5817 L‘nus,
2586 5765 2630 5808 ct
2652 5758 2944 5822 agendorum
2966 5766 3191 5809 accurata
3215 5758 3346 5809 ratio.

4106 5107 4113 5383 1
