4206 6302
302 323 412 382 πε

305 455 472 494 rerum
497 437 633 493 vobis
660 454 868 511 regnum
898 437 1111 510 (lam.
1142 437 1234 494 25.
1265 438 1358 505 ω)
1391 455 1404 491 :
1433 452 1538 506 quo
1579 451 1675 492 nos
1703 451 1892 493 omnes

305 531 508 584 utinam
537 531 696 597 potiri
724 531 1020 603 conlingat,
1049 532 1214 602 gratia
1240 539 1295 585 et
1324 530 1646 601 benignitate
1683 529 1891 586 Domini

1455 322 1522 378 IN
1556 322 1653 382 SS.
1696 322 1988 416 PE'l'RUM'
2016 323 2103 380 E‘I
2141 317 2421 380 ﬂELlMI‘.

3487 315 3593 372 πο

2004 437 2170 492 nostri
2201 435 2357 494 ~Jesu-
2389 433 2586 492 Christi
2609 449 2780 522 ,‘cum
2825 447 2930 504 quo
2972 431 3112 488 Patri
3144 430 3313 501 gioria
3339 444 3444 486 una
3461 441 3594 482 cum

2001 528 2202 600 Spiritu
2228 533 2434 595 sancto,
2457 527 2511 582 in
2531 525 2728 582 mula
2754 523 3095 580 saeculorum.
3119 523 3310 576 Amen.

333 795 3577 836 W

1773 990 2148 1051 ΜΟΝἹΤΗΜ.

327 1178 454 1235 qua:
489 1161 725 1217 Petrum
755 1160 1141 1228 interrogabat,
1175 1158 1343 1214 fuisse
1392 1157 1730 1214 meretricem
1770 1173 1784 1210 :
1819 1170 1944 1210 cum
1978 1155 2104 1209 item
2137 1170 2332 1226 magna
2365 1152 2651 1208 concionis
2676 1167 2806 1223 pars
2858 1151 2960 1208 bac
2987 1152 3040 1207 iu
3090 1168 3147 1208 re
3193 1151 3472 1222 probanda
3501 1155 3601 1210 ιη-
3635 1189 3640 1192 -

328 1255 586 1315 sumitur,
617 1250 825 1306 Heliam
862 1251 1108 1305 videlicet
1139 1250 1372 1321 graviter
1397 1263 1671 1318 peccasse,
1704 1263 1851 1314 cum,
1875 1246 2122 1303 Jezabele
2147 1258 2333 1302 necem
2359 1245 2560 1300 inferre
2594 1244 2708 1300 sibi
2730 1254 3028 1314 quarente,
3065 1244 3205 1315 fugit
3233 1245 3320 1298 ille
3337 1247 3581 1316 quadra-

327 1349 478 1422 ginta
515 1349 725 1402 dierum
756 1346 950 1416 spatio.
984 1344 1080 1401 llis
1105 1360 1206 1415 ego
1244 1345 1310 1399 de
1339 1344 1522 1399 causis
1550 1344 1690 1398 hanc
1719 1343 1998 1412 liomiliam
2034 1343 2174 1396 inter
2207 1341 2424 1410 spurias
2453 1340 2708 1410 ablegare
2737 1341 2922 1396 statim
2965 1338 3272 1407 cogitabam
3318 1357 3332 1391 :
3368 1347 3424 1394 at
3459 1355 3584 1395 cum

326 1437 566 1492 Savibus
591 1443 647 1490 ct
695 1433 1077 1490 Tillemontius
1103 1434 1332 1505 γνησίαν
1383 1434 1531 1487 ἰιεειιη
1584 1447 1708 1488 esse
1743 1433 2054 1502 epiuentur,
2092 1432 2216 1486 licet
2249 1431 2338 1486 hic
2393 1443 2703 1501 postremus
2755 1446 2865 1486 non
2905 1431 3026 1486 sine
3063 1429 3299 1502 quodam
3327 1431 3602 1502 scrupulo

324 1542 449 1585 eam
489 1528 761 1599 germanis
791 1537 1128 1593 annumeret,
1172 1527 1304 1582 satis
1339 1526 1501 1589 habui
1532 1541 1652 1581 eam
1678 1527 1818 1582 inter
1849 1537 2135 1596 suspectas
2177 1525 2380 1581 locare.

395 1645 906 1719 interpretationem
938 1643 1186 1699 Latinam
1215 1656 1410 1696 novam
1438 1641 1605 1696 edidi.

396 1756 625 1831 (Totam
661 1759 802 1814 hanc
829 1760 1129 1821 ltumiliam.
1165 1762 1347 1816 multis
1380 1759 1772 1816 omlssionibus
1826 1755 2208 1823 deformatam,
2255 1774 2380 1814 cum
2414 1750 2616 1813 Savilio
2675 1758 3026 1813 contulerunt
3080 1771 3246 1829 atque
3289 1758 3594 1830 integritati

322 1849 681 1905 restituerunt
710 1850 1012 1906 doctissimi
1051 1850 1258 1907 Gaume
1297 1870 1310 1906 :
1349 1867 1582 1922 quorum
1615 1868 1714 1907 nos
1741 1853 2129 1917 correctiones.
2171 1868 2203 1909 ο
2233 1852 2440 1908 Savilio
2470 1859 2768 1918 mutuatas,
2798 1858 2986 1939 nostra
3017 1851 3260 1921 ipsorum
3286 1851 3594 1908 collatione

321 1948 505 2005 deﬂuo
529 1946 807 2016 probatas,
846 1948 1168 2018 recepimus.
1199 1947 1359 2005 Ebt-r.
1394 1946 1591 2019 Paro.)

339 2209 1926 2235 Μ*

1286 2390 1401 2468 IN‘
1475 2393 1889 2472 PETBUM
1971 2391 2507 2472 A'I’OSTDLU
2525 2395 2604 2471 Μ’

1509 2609 1585 2652 ET
1626 2608 1692 2653 IN
1731 2609 1964 2653 HELIAM
2005 2609 2402 2654 PROPHETAM.

379 3067 435 3121 1.
481 3067 641 3123 Pauci
670 3067 831 3124 hodie
860 3069 1014 3126 nouis
1040 3070 1232 3127 adsunt
1264 3088 1281 3128 ε
1311 3073 1436 3144 quid
1481 3074 1532 3128 in
1575 3089 1732 3130 causa
1777 3073 1902 3131 est?

305 3157 598 3230 Martyrum
642 3161 954 3215 memoriam
994 3164 1326 3218 celebramus
1351 3208 1366 3232 ,
1409 3175 1463 3222 et
1506 3183 1664 3223 nemo
1709 3167 1774 3222 ad
1803 3183 1901 3223 nos

307 3252 534 3306 accessit
563 3268 576 3303 ε
605 3251 704 3306 vis:
732 3252 963 3319 spatium
991 3253 1052 3328 in
1073 3256 1349 3324 segnitiem
1375 3272 1469 3311 eos
1493 3258 1766 3326 coniecit?
1794 3259 1900 3312 imo

309 3358 419 3398 non
441 3343 542 3394 via:
565 3343 820 3410 spatium,
851 3343 945 3397 sed
978 3345 1181 3413 ignavia
1201 3346 1580 3415 impedimento
1609 3347 1725 3402 fuit.
1755 3347 1905 3404 Sicut

307 3434 453 3487 enim
492 3434 663 3487 virum
707 3433 1010 3490 studiosum
1035 3446 1090 3491 et
1114 3437 1294 3492 animo
1331 3439 1580 3494 solertem
1611 3439 1738 3495 nihil
1769 3440 1904 3496 deti-

311 3537 444 3576 nere
476 3532 668 3590 potest,
702 3523 770 3576 ita
802 3537 1016 3594 segnem
1047 3541 1110 3580 ac
1138 3528 1418 3582 remissum
1449 3531 1624 3584 omnia
1649 3531 1906 3601 impedire

313 3621 558 3680 possunt.
605 3611 864 3683 Martyres
897 3616 1167 3684 proprium
1199 3619 1510 3688 sanguinem
1544 3636 1638 3690 pro
1684 3625 1908 3678 veritate

306 3701 584 3769 fuderunt,
607 3712 661 3756 et
682 3714 735 3758 tu
759 3720 826 3759 ne
848 3706 1107 3760 tantillum
1131 3707 1339 3776 quidem
1365 3709 1567 3765 itineris
1585 3713 1909 3768 contemnis?

313 3791 403 3847 Illi
432 3807 527 3861 pro
553 3792 764 3847 Christo
791 3804 951 3864 caput
971 3794 1233 3850 dederunt
1255 3840 1271 3861 ,
1295 3807 1348 3852 et
1375 3809 1427 3854 tu
1460 3816 1524 3853 ne
1545 3811 1694 3856 extra
1722 3803 1907 3857 urbem

307 3882 532 3952 quidem
562 3899 656 3952 pro
688 3884 914 3940 DOmino
938 3886 1017 3940 ris
1046 3889 1272 3957 egredi?
1301 3890 1557 3947 Dominus
1579 3909 1676 3963 pro
1697 3904 1747 3949 te
1771 3911 1911 3950 mor-

308 3983 441 4026 tuus
476 3981 559 4028 est
584 4015 600 4040 ,
631 3982 684 4028 ct
722 3983 776 4028 tu
823 3989 1040 4045 segnem
1087 3993 1211 4048 erga
1243 3979 1524 4034 Dominum
1569 3991 1618 4036 te
1656 3982 1910 4038 exhibes?

310 4063 576 4118 memoria
627 4073 919 4135 martyrum
946 4067 1096 4123 adest
1125 4109 1138 4132 ,
1183 4079 1234 4122 tu
1264 4086 1394 4125 vero
1430 4073 1686 4129 remissus
1719 4073 1910 4145 jaccs?

311 4150 479 4205 Adsis
504 4162 733 4220 oportet,
766 4163 823 4207 ut
852 4155 1032 4209 videas
1056 4156 1323 4212 diabolum
1349 4171 1673 4230 superatum,
1708 4175 1910 4237 marty-

309 4257 436 4297 rem
465 4241 718 4297 victorem
746 4284 762 4310 ,
792 4244 957 4300 Deum
987 4246 1161 4315 gloria
1201 4250 1526 4305 celebratum
1548 4293 1564 4317 ,
1612 4252 1909 4309 Ecclesiam

307 4340 645 4387 coronatam.
678 4332 781 4388 Sed
809 4334 1020 4388 illorum
1048 4336 1163 4392 haec
1187 4340 1458 4394 excusatio
1497 4351 1573 4396 est
1601 4383 1615 4407 ,
1658 4343 1913 4398 Peccator

310 4438 458 4487 suto,
490 4431 648 4493 atque
674 4424 792 4479 ideo
834 4427 1090 4482 accedere
1119 4443 1220 4482 non
1253 4445 1488 4499 possum.
1518 4434 1670 4501 Atqui
1700 4450 1758 4488 ea
1797 4435 1908 4502 ipsa

311 4515 388 4569 de
413 4529 570 4569 causa
597 4515 736 4584 quod
765 4528 1011 4586 peccator
1036 4520 1110 4572 sis
1134 4560 1148 4583 ,
1180 4523 1374 4576 accede
1399 4563 1412 4586 ,
1444 4531 1500 4576 ut
1526 4539 1593 4577 ne
1634 4539 1663 4577 a
1701 4525 1902 4593 justitia

312 4605 559 4660 excidas.
588 4608 718 4672 Quis
745 4617 922 4662 autem
947 4608 1240 4676 hominum,
1270 4613 1355 4666 dic
1383 4613 1532 4677 mihi,
1555 4614 1670 4668 sine
1696 4625 1917 4683 peccato

311 4695 442 4752 est?
470 4695 574 4750 Sed
603 4707 881 4766 propterea
910 4699 1222 4754 sacriﬁcium
1254 4711 1308 4756 et
1342 4701 1604 4768 Ecclesia,
1635 4715 1908 4774 promereri

314 4802 507 4858 preces
528 4803 590 4841 ac
610 4787 832 4857 jejunio,
857 4791 1108 4858 quoniam
1131 4793 1293 4844 multa
1312 4801 1435 4846 sunt
1457 4795 1647 4848 anima:
1669 4797 1910 4850 vulnera:

314 4879 444 4934 ideo
474 4877 640 4932 multa
669 4878 1056 4933 medicamenta
1085 4882 1382 4950 excogitata
1408 4892 1530 4936 sunt
1552 4922 1566 4947 ,
1625 4893 1688 4938 et
1706 4885 1770 4940 ad
1801 4887 1911 4958 sin-

311 4971 441 5042 gula
490 4971 709 5024 vulnera
755 4971 961 5040 singula
1007 4972 1104 5042 ipsi
1146 4975 1489 5042 congruentia
1527 4977 1912 5033 medicamenta

311 5073 443 5119 sunt
483 5071 800 5134 prmparata.
846 5063 1020 5118 Habes
1062 5065 1353 5120 Ecclesium
1383 5067 1640 5122 sacriﬁcia
1683 5069 1912 5125 ederen-

312 5165 426 5210 tem
452 5195 467 5218 ,
509 5155 780 5209 orationes
822 5164 1028 5224 patrum
1058 5196 1074 5221 ,
1121 5156 1630 5212 administrationem
1680 5159 1912 5228 Spiritus

312 5247 514 5312 sancti,
542 5256 835 5319 martyrum
867 5253 1149 5301 memorias
1169 5289 1183 5314 ,
1215 5257 1519 5304 sanctorum
1542 5253 1911 5320 congregatio-

314 5352 443 5391 nem
471 5378 484 5402 ,
516 5346 570 5391 et
597 5338 788 5392 similia
820 5339 1006 5404 multa,
1037 5354 1156 5408 qua:
1188 5348 1238 5393 te
1265 5354 1292 5391 a
1320 5347 1536 5407 peccato
1564 5341 1628 5394 ad
1651 5341 1905 5409 justitiam

315 5444 572 5484 revocare
600 5430 805 5500 possint
836 5449 846 5483 :
876 5446 980 5484 non
1007 5429 1275 5485 accessisti
1299 5432 1362 5482 ad
1386 5432 1741 5500 precationem
1763 5448 1908 5486 mar-

387 5559 459 5622 (rt)
493 5559 667 5609 foliata
689 5573 798 5608 cum
813 5561 1062 5609 codicibus
1087 5561 1232 5620 Regio
1255 5559 1394 5618 2013,
1422 5563 1470 5608 et
1493 5562 1779 5612 (‘olbertinis
1796 5563 1903 5621 850,

312 5621 462 5684 305'],
489 5622 1026 5684 etL70$;q1tit;oiiiceS
1062 5630 1190 5671 tanta
1223 5630 1318 5670 tam
1365 5624 1602 5684 incondita
1640 5630 1692 5670 et
1724 5625 1903 5673 insulsa
1935 5650 1939 5654 ~

313 5682 569 5750 proferunt
591 5682 854 5750 lectionum
899 5683 1192 5750 discrimina,
1214 5690 1267 5750 ut
1294 5695 1349 5730 ea
1390 5683 1540 5730 solum
1567 5693 1795 5736 annotare
1823 5700 1904 5750 lar

319 5747 484 5807 fuerit,
509 5757 618 5808 quae
642 5743 842 5807 alicujus
865 5747 1092 5794 momenti
1121 5746 1403 5794 tidebantur
1431 5760 1558 5794 esse.

2011 3089 2236 3154 tyrum;
2279 3103 2502 3160 ecquam
2550 3090 2715 3149 habes
2778 3094 3030 3150 veniam?
3066 3095 3212 3152 Nihil
3257 3111 3508 3167 asperum
3557 3098 3621 3153 ns

2009 3180 2186 3234 medio
2229 3183 2456 3250 positum
2479 3193 2562 3240 est
2588 3226 2603 3250 ,
2652 3196 2703 3241 et
2737 3196 2912 3243 tamen
2941 3204 2970 3242 a
3003 3221 3016 3243 ι
3045 3200 3300 3262 artyrum
3344 3201 3626 3244 conventu

2009 3270 2273 3327 cohibitus
2301 3275 2402 3328 es?
2454 3278 2521 3330 At
2569 3278 2843 3334 emendari:
2892 3290 2942 3335 te
2989 3295 3117 3336 Cura
3164 3282 3434 3338 detinuit?
3479 3283 3622 3340 llino

2010 3363 2183 3431 majus
2204 3364 2430 3421 crimen.
2465 3366 2540 3424 Ne
2580 3370 2795 3425 brevem
2826 3373 3038 3441 quidem
3070 3373 3260 3428 horam
3293 3374 3403 3430 Deo
3443 3373 3614 3431 futue-

2012 3455 2118 3506 rari
2149 3455 2359 3510 voluisti
2388 3499 2401 3522 ,
2428 3467 2488 3513 ut
2529 3460 2795 3530 integrum
2827 3463 2970 3517 diem
3015 3463 3338 3534 acciperes?

2081 3544 2186 3603 Cur
2221 3551 2503 3606 sacerdota
2529 3538 2746 3622 peccatis
2788 3554 3030 3611 obnoxios
3065 3575 3170 3612 esse
3201 3557 3342 3613 Deus
3369 3558 3616 3624 voluerit;

2013 3635 2197 3694 Petrus
2215 3658 2424 3710 peccare
2439 3647 2762 3714 permittitur,
2786 3657 2844 3701 ut
2866 3649 3148 3704 misericors
3168 3668 3293 3722 erga
3319 3652 3447 3706 alios
3462 3662 3619 3708 esset.

2011 3761 2084 3772 -ι
2122 3733 2375 3789 Peccator
2417 3751 2534 3791 sum
2561 3779 2575 3804 ,
2630 3738 3068 3811 inquies,neque
3092 3742 3142 3796 id
3190 3757 3430 3813 possum.
3480 3743 3623 3810 Quia-

2012 3835 2262 3896 peccator
2289 3842 2378 3892 es,
2410 3829 2530 3884 ideo
2555 3830 2836 3900 ingredere
2868 3851 2881 3885 :
2915 3848 2983 3887 an
3015 3833 3230 3904 ignoras
3260 3835 3380 3889 illos
3407 3835 3566 3888 etiam
3594 3877 3622 3902 ν

2013 3920 2102 3989 qui
2151 3921 2302 3974 altari
2349 3921 2560 3978 adstant
2591 3962 2605 3986 ,
2652 3924 2883 3992 peccatis
2927 3939 3046 3978 esse
3087 3925 3392 3981 obnoxios?
3433 3924 3622 3981 Carne

2013 4019 2133 4063 sunt
2167 4008 2356 4075 induti,
2375 4019 2424 4064 et
2442 4026 2506 4064 ex
2532 4013 2788 4081 sanguine
2813 4013 3108 4081 constituti,
3126 4013 3202 4085 (a)
3221 4013 3296 4088 [ct
3313 4031 3374 4071 ex
3397 4015 3612 4071 ossibus

2013 4100 2297 4168 compecti,
2329 4109 2382 4155 et
2415 4116 2512 4156 nos
2554 4102 2653 4170 ipsi
2692 4103 2888 4158 throno
2932 4103 3224 4159 insidentes
3265 4114 3318 4160 et
3347 4105 3624 4162 ducentes-

2016 4192 2247 4259 peccatis
2285 4193 2586 4261 complicati
2626 4209 2831 4250 sumus.
2873 4195 3248 4250 Verumtamen
3276 4213 3381 4251 non
3410 4197 3606 4268 despe-

2015 4300 2193 4339 ramus
2220 4285 2288 4340 de
2316 4286 2675 4342 misericordia
2711 4289 2805 4344 Dei
2832 4332 2846 4355 ,
2899 4306 2996 4345 nec
3028 4291 3126 4361 ipsi
3166 4291 3617 4349 inhumanitatem

2013 4375 2295 4444 attigimus.
2339 4377 2538 4433 Omnes
2565 4380 2706 4434 enim
2749 4381 2992 4436 homines
3035 4397 3220 4436 sumus
3260 4383 3447 4438 iisdem
3495 4385 3607 4438 ele-

2015 4467 2206 4521 mentis
2253 4467 2553 4541 constituti]
2605 4488 2618 4524 :
2671 4487 2847 4541 neque
2898 4481 3074 4526 tamen
3147 4489 3457 4528 recusamus
3511 4475 3608 4530 do-

2014 4559 2238 4613 ctrinam
2266 4559 2559 4630 impertire,
2589 4562 2654 4616 ad
2689 4564 2778 4616 Dei
2806 4564 3145 4633 benignitatis
3174 4566 3391 4635 pelagus
3429 4568 3605 4636 respi-

2013 4654 2235 4706 cientes.
2266 4653 2373 4708 Vos
2399 4654 2611 4724 quidem
2642 4665 2950 4722 peccatores
2984 4656 3028 4710 si
3059 4658 3425 4726 ingrediamini
3447 4699 3461 4720 .
3497 4677 3602 4712 non

2015 4754 2219 4800 mltum
2249 4753 2330 4799 est
2372 4746 2574 4800 crimen
2610 4764 2622 4799 :
2657 4763 2779 4801 nam
2826 4748 2927 4800 sub
2971 4748 3251 4817 disciplina
3297 4751 3458 4808 estis:
3506 4765 3604 4805 nos

2015 4853 2143 4892 vero
2183 4847 2379 4908 quanto
2417 4839 2588 4906 magis
2613 4847 2927 4906 pra-stamus
2946 4838 3235 4912 dignitate,
3267 4849 3413 4894 tanto
3439 4844 3606 4910 magis

2013 4931 2185 4998 enim:
2230 4944 2413 4983 smnus
2440 4929 2654 4983 obnoxii
2688 4929 2875 4983 :aliud
2923 4931 3064 4983 enim
3115 4942 3196 4985 est
3239 4929 3554 5000 discipulum
3587 4972 3602 4995 ,

2013 5022 2155 5078 aliud
2202 5021 2475 5076 doctorem
2523 5035 2789 5091 peccare:
2819 5031 3054 5076 attamen
3101 5039 3209 5076 non
3254 5038 3601 5085 recusamus,

2012 5129 2080 5170 ne
2119 5113 2428 5168 humilitatis
2453 5112 2667 5167 obtentu
2690 5113 2741 5167 in
2768 5116 3044 5182 segnitiem
3067 5115 3339 5169 cadamus.
3374 5115 3440 5169 Et
3480 5116 3606 5170 iliud

2012 5206 2191 5260 divina
2215 5205 2610 5274 dispensatione
2644 5203 2838 5259 factum
2869 5217 2968 5270 est,
3003 5217 3061 5260 ut
3088 5207 3394 5263 sacerdotes
3423 5207 3520 5276 ipsi
3549 5208 3618 5263 iu.

2012 5307 2225 5366 peccata
2270 5297 2531 5350 labantur.
2581 5296 2715 5350 Audi
2758 5297 3027 5365 quomodo
3069 5313 3156 5352 res
3201 5313 3258 5351 se
3301 5297 3514 5351 habeat.
3543 5297 3610 5351 Si-

2011 5388 2254 5442 ductores
2281 5396 2336 5442 et
2365 5386 2670 5442 sacerdotes
2699 5404 2804 5441 non
2829 5398 3105 5456 pecCarent
3126 5429 3142 5454 .
3177 5404 3348 5457 neque
3374 5389 3494 5441 vita:
3522 5390 3601 5441 al-

2012 5479 2232 5535 fectibus
2271 5478 2488 5533 obnoxii
2520 5489 2698 5532 essent
2722 5520 2736 5542 ,
2773 5494 2898 5548 erga
2925 5479 3057 5532 alios
3085 5479 3354 5532 inhumani
3391 5480 3600 5534 veniam

2011 5572 2351 5644 peccantibus
2379 5588 2484 5627 non
2524 5572 2712 5628 darent
2745 5590 2757 5628 :
2793 5573 2911 5627 Ideo
2950 5575 3089 5627 Deus
3117 5575 3259 5642 ipsos
3297 5573 3604 5630 sacerdotes

2071 5688 2142 5748 (a)
2177 5695 2288 5745 Quae
2306 5688 2493 5736 uncinis
2515 5687 2802 5744 clauduntur
2818 5687 2994 5738 desunt
3019 5687 3066 5736 iu
3091 5685 3202 5735 ΕΜ.
3222 5683 3383 5734 Mcrel.
3407 5691 3460 5735 et
3477 5691 3601 5736 Mun-

2012 5753 2126 5812 teb;
2154 5763 2182 5799 ο
2206 5750 2374 5800 Sat'il'to
2399 5749 2621 5813 suppleta
2645 5759 2774 5800 sunt.
