4182 6322
668 292 770 347 737

663 424 823 484 atque
849 413 1117 484 principes
1143 412 1420 469 affectibus
1446 412 1714 484 subjectos
1739 427 1859 470 esse
1883 413 2064 477 voluit,
2093 420 2152 467 ut
2175 427 2243 468 ex

663 504 776 557 suis
805 502 903 571 ipsi
933 502 1137 558 morbis
1169 484 1237 558 ad
1261 503 1467 558 veniam
1491 502 1609 558 aliis
1630 503 2024 560 concedendam
2062 501 2247 558 ﬂeete-

664 607 867 649 ruutur.
896 594 1056 666 Atqui
1084 596 1162 651 sic
1203 610 1416 666 semper
1443 596 1580 652 Deus
1606 611 1720 652 rem
1765 594 2108 665 temperavit,
2139 609 2247 649 non

665 688 822 741 modo
851 701 1010 755 nunc,
1034 688 1128 744 sed
1153 689 1313 744 etiam
1333 689 1462 744 olim
1486 730 1502 756 ,
1527 704 1622 745 eos
1656 690 1845 760 quibus
1869 687 2161 744 Ecclesium
2192 695 2248 742 et

663 777 914 848 populum
960 781 1365 836 conerediturus
1388 789 1541 847 erat,
1573 781 1626 836 in
1655 789 1928 851 peccatum
1973 779 2076 834 labi
2125 793 2250 848 per-

660 871 822 938 n-isit,
848 880 903 926 ut
921 888 986 929 ex
1011 873 1238 944 propriis
1258 873 1492 944 lapsibus
1511 889 1636 946 erga
1653 874 1786 928 alios
1806 872 2024 928 humani
2043 882 2245 928 essent.

661 965 718 1019 Si
749 966 888 1020 enim
920 964 1019 1036 ipsi
1047 982 1153 1022 non
1175 975 1504 1038 peccassent,
1537 966 1878 1038 peccantibus
1903 966 2110 1020 veniam
2139 981 2244 1020 non

655 1055 965 1122 dedissent;
1015 1056 1108 1112 sed
1153 1056 1426 1112 inhumani
1471 1069 1689 1126 prorsus
1730 1069 1920 1112 omnes
1945 1055 2248 1126 exegissent

659 1147 728 1200 ab
757 1147 1014 1202 Ecclesia.
1043 1147 1193 1216 Quod
1237 1157 1414 1204 autem
1443 1147 1516 1204 ita
1536 1162 1624 1204 res
1647 1161 1706 1203 se
1733 1147 1945 1210 haheat,
1977 1162 2152 1218 neque
2178 1161 2242 1200 ex

655 1237 956 1307 conjectura
982 1237 1169 1309 loquar
1186 1281 1200 1305 ,
1228 1253 1326 1311 age
1357 1239 1515 1295 rebus
1544 1239 1671 1310 ipsis
1685 1239 2040 1296 consideratis
2065 1239 2244 1294 dicere

651 1335 954 1400 pergamus.
985 1331 1144 1387 Petro
1167 1331 1563 1388 committenda:
1587 1340 1740 1388 erant
1765 1331 1942 1388 claves
1967 1330 2243 1407 Ecclesia»,

652 1423 762 1477 imo
833 1425 1010 1495 potius
1050 1424 1516 1481 committebantur
1539 1424 1588 1480 ei
1631 1424 1808 1480 claves
1833 1423 2084 1480 omlomm
2110 1464 2126 1489 ,
2159 1423 2241 1477 ei-

652 1515 880 1586 denique
900 1505 1264 1574 concredenda
1285 1527 1400 1573 erat
1419 1517 1702 1573 multitudo
1719 1517 1920 1588 populi.
1938 1514 2076 1584 Quid
2097 1516 2240 1570 enim

653 1608 730 1662 ait
755 1608 829 1662 illi
875 1610 1173 1664 Dominus?
1203 1610 1565 1682 Quodcumque
1591 1610 1825 1682 ligaveris
1853 1625 2003 1680 super
2029 1618 2236 1674 terram,

653 1699 746 1754 erit
778 1699 987 1770 ligatum
1012 1711 1060 1754 et
1095 1701 1148 1762 in
1177 1701 1314 1764 curiis
1339 1715 1361 1766 ;
1398 1711 1446 1756 et
1481 1702 1829 1771 quodcumque
1852 1699 2059 1755 solreris
2087 1715 2240 1770 super

656 1800 861 1856 terram,
883 1792 976 1848 erit
1001 1793 1219 1850 solutum
1239 1803 1285 1847 et
1310 1794 1363 1850 in
1391 1793 1530 1850 talis
1560 1792 1580 1867 (
1603 1792 1789 1847 Matth.
1817 1791 1908 1857 16.
1937 1777 2007 1846 19
2108 1790 2238 1845 Erat

653 1895 782 1934 vero
811 1881 1000 1939 Petrus
1042 1880 1312 1953 aliquanto
1338 1885 1616 1955 asperior':
1647 1883 1788 1954 quod
1815 1883 1860 1938 si
1887 1891 1943 1939 et
1970 1882 2237 1951 impeeca-

649 1972 771 2028 bilis
800 1971 1003 2042 fuisset,
1034 1990 1192 2046 quam
1219 1977 1427 2031 veniam
1458 1976 1690 2033 habituri
1715 1976 1938 2032 fuissent
1965 1975 2022 2041 ii,
2051 1975 2140 2045 qui
2167 1974 2236 2029 ah

647 2062 740 2117 illo
783 2063 1009 2120 docendi
1051 2067 1251 2122 erant?
1291 2068 1580 2138 Propterea
1615 2067 1717 2123 hoc
1762 2065 2025 2138 disposuit
2059 2065 2236 2121 divina

648 2154 839 2224 gratia,
868 2165 925 2212 ut
952 2157 1004 2211 in
1028 2169 1300 2227 peccatum
1331 2158 1595 2229 quoddam
1623 2144 1902 2222 incideret,
1929 2173 2034 2228 quo
2057 2172 2124 2213 ex
2148 2157 2230 2221 iis,

646 2265 767 2318 qua:
791 2250 904 2320 ipse
934 2267 1118 2320 passus
1138 2251 1328 2317 fuerat,
1357 2252 1639 2307 humanior
1659 2252 1712 2306 in
1737 2251 1870 2307 alios
1899 2251 2231 2306 redderetur.

646 2345 726 2398 Ac
753 2343 1029 2402 considera
1075 2359 1234 2414 quem
1265 2345 1315 2398 in
1341 2353 1616 2417 peccatum
1647 2344 1752 2399 labi
1783 2342 2053 2414 permittat
2081 2359 2095 2394 :
2128 2341 2232 2398 Pe-

644 2443 786 2490 trum
818 2435 964 2492 illum
1006 2437 1368 2505 apostolorum
1412 2437 1754 2510 coryphaeum
1780 2478 1796 2502 ,
1833 2435 2231 2492 fundamentum

643 2527 916 2582 immobile
937 2567 953 2591 ,
986 2538 1187 2598 petram
1215 2545 1332 2600 qua:
1357 2527 1524 2600 frangi
1554 2530 1770 2600 nequit,
1800 2527 2054 2586 Ecclesia:
2082 2527 2232 2597 prin:-

642 2619 836 2686 cipem,
869 2630 1077 2689 portum
1104 2620 1584 2692 inexpugnabilem,
1618 2622 1804 2676 turrim
1835 2620 2228 2677 inconcussam.

643 2707 740 2765 llic
764 2709 854 2764 ille
883 2710 1072 2770 Petrus
1093 2722 1196 2781 est,
1221 2712 1312 2782 qui
1336 2710 1547 2772 Christo
1569 2711 1701 2766 dixit
1725 2729 1739 2766 :
1763 2710 1977 2766 Etiamsi
1994 2722 2232 2784 oportue-

644 2801 712 2853 rit
741 2817 818 2855 me
841 2801 970 2861 ωοτὶ
1004 2809 1164 2860 tecum
1188 2841 1205 2868 ,
1237 2819 1338 2859 non
1369 2813 1416 2857 te
1439 2803 1628 2874 negabo
1660 2800 1886 2874 (Matth.
1925 2801 2018 2857 26.
2065 2802 2134 2858 55
2164 2803 2225 2873 );

646 2892 837 2947 Petrus
862 2893 949 2963 qui
981 2909 1045 2948 ex
1088 2893 1265 2948 divina
1293 2895 1615 2950 revelatione
1641 2895 1914 2950 veritatem
1949 2892 2226 2949 confessus

647 2992 726 3036 est
757 2998 771 3034 :
805 2981 881 3036 Tu
925 3000 976 3042 es
1015 2982 1240 3049 Christus
1293 2983 1455 3044 Filius
1492 2983 1589 3038 Dei
1607 2979 2034 3050 riui(.llatth.l6.
2065 2981 2178 3056 16)
2207 3001 2222 3038 :

645 3073 731 3128 hie
757 3083 913 3129 nocte
935 3074 1040 3136 illa,
1063 3091 1164 3145 qua
1189 3075 1408 3131 traditus
1431 3073 1791 3141 estChrislus,
1821 3074 2088 3144 ingressus
2108 3082 2221 3130 est:

642 3174 698 3219 et
721 3181 841 3220 cum
876 3175 1044 3220 staret
1085 3167 1152 3220 ad
1200 3168 1414 3236 ignem,
1465 3176 1521 3222 ut
1547 3165 1860 3222 calefaceret
1898 3180 1956 3221 se
1982 3206 1996 3228 .
2047 3167 2222 3236 puella

647 3259 890 3329 quaedam
935 3259 1196 3314 accedens
1219 3261 1348 3315 dixit
1377 3260 1448 3315 illi
1482 3277 1497 3314 :
1528 3258 1591 3313 Et
1638 3267 1693 3312 tu
1717 3259 1824 3313 heri
1845 3275 1963 3312 cum
1991 3259 2084 3313 hoc
2131 3259 2223 3313 ho-

649 3351 784 3405 mine
823 3351 1188 3414 eras;l’etrus
1228 3361 1445 3416 autern,
1475 3349 1598 3404 Non
1638 3350 1753 3404 novi
1794 3351 2044 3405 hominem
2088 3351 2222 3404 hunc

644 3439 971 3513 (Natth.26.
987 3442 1198 3512 69.70).
1233 3441 1386 3498 ludo
1421 3440 1634 3496 dicebas
1653 3482 1669 3507 ,
1698 3438 1913 3494 Etiamsi
1945 3441 2221 3509 oportuerit

642 3547 722 3586 me
745 3532 871 3585 mori
900 3541 1104 3595 tecum;
1127 3547 1268 3588 nune
1293 3542 1468 3587 autem
1496 3545 1655 3602 negas
1681 3540 1738 3587 et
1761 3530 1927 3597 dicis,
1961 3529 2081 3584 Non
2106 3531 2222 3584 noui

640 3624 890 3679 hantinem
913 3624 1069 3682 hunc.
1100 3624 1144 3680 0
1165 3625 1319 3679 Petre
1345 3626 1360 3680 ι
1387 3623 1607 3680 hoccine
1627 3634 1707 3679 est
1720 3623 1860 3694 quod
1879 3624 2222 3693 promiseras?

641 3718 876 3771 nondum
922 3726 1183 3772 tormenta
1203 3757 1221 3780 ,
1269 3717 1503 3772 nondum
1551 3717 1772 3771 verbera
1818 3725 2070 3786 expertus
2092 3757 2108 3784 ,
2155 3716 2221 3771 ad

642 3807 888 3876 puellulae
916 3822 1100 3862 vocem
1135 3807 1202 3862 ad
1232 3808 1528 3879 negandum
1558 3793 1870 3877 properasti.
1897 3807 2090 3878 Negas,
2117 3808 2222 3864 Pe-

642 3898 770 3953 tre?
797 3899 1031 3954 nondum
1073 3900 1341 3955 cruciatus
1362 3939 1379 3966 ,
1427 3899 1663 3954 nondum
1711 3899 1914 3970 flagella
1943 3943 1958 3967 ,
1986 3900 2222 3954 nondum

642 3988 830 4059 plagzn,
859 4003 965 4044 non
991 3989 1214 4054 furores,
1247 4005 1352 4043 non
1384 3990 1679 4060 principes,
1713 4005 1818 4044 non
1847 3989 2018 4060 gladia
2045 4001 2218 4058 acuta,

643 4095 747 4134 non
768 4079 982 4136 decreta
1006 4080 1219 4144 emissa,
1245 4096 1348 4134 nun
1371 4095 1522 4150 reges
1541 4080 1876 4146 minitantes;
1900 4098 2003 4134 non
2025 4092 2226 4137 mortes

641 4178 1034 4238 exspectantur,
1067 4170 1302 4224 nondum
1331 4169 1607 4236 custodire,
1633 4184 1738 4223 non
1765 4171 2052 4242 praecipitia
2071 4212 2085 4236 ,
2117 4188 2222 4227 non

640 4278 787 4317 mare
809 4303 824 4325 ,
856 4262 1089 4317 nondum
1116 4262 1382 4334 quidpiam
1406 4263 1703 4333 hujusmodi
1725 4304 1740 4327 ,
1767 4272 1821 4318 et
1838 4263 1949 4333 jam
1976 4264 2176 4334 negasti
2208 4282 2223 4319 :

648 4353 771 4408 Non
817 4355 930 4408 noui
978 4354 1246 4410 hominem.
1299 4353 1505 4409 Rursus
1545 4354 1714 4423 puella
1758 4353 1823 4407 ad
1855 4355 2001 4409 illum
2033 4373 2046 4410 :
2076 4355 2144 4409 Et
2171 4365 2226 4409 tu

642 4445 750 4498 heri
772 4461 886 4498 cum
915 4449 1008 4499 hoc
1049 4446 1248 4500 homine
1279 4460 1409 4500 eras.
1440 4444 1539 4500 Hie
1583 4461 1708 4500 vero
1746 4444 1812 4500 ad
1861 4445 2069 4514 ipsam:
2105 4446 2227 4500 Non

641 4539 754 4595 novi
779 4537 1031 4593 hominem
1056 4577 1072 4602 ,
1116 4555 1262 4609 quam
1298 4538 1442 4593 dicis.
1475 4537 1606 4606 Quis
1645 4547 1729 4593 est
1757 4546 1929 4592 tecum
1961 4540 2183 4609 loquens
2206 4581 2223 4609 ,

623 4615 887 4700 quoniam
924 4631 1002 4686 sic
1039 4631 1235 4700 negas?
1259 4628 1426 4685 Nemo
1457 4645 1524 4685 ex
1546 4630 1879 4696 necessariis,
1896 4631 1987 4686 sed
2012 4632 2222 4697 mulier,

646 4735 701 4778 et
724 4723 833 4794 ipsa
860 4721 1097 4784 ostiaria,
1126 4721 1364 4788 objecta,
1396 4722 1600 4790 captiva
1620 4763 1635 4785 ,
1667 4722 1859 4775 nullius
1885 4723 2036 4792 pretii
2069 4739 2083 4774 :
2113 4723 2223 4793 ipsa

637 4814 785 4877 dicit,
816 4822 869 4867 et
898 4828 950 4867 tu
965 4826 1127 4881 negas
1170 4812 1186 4841 ¹
1205 4811 1228 4865 i
1246 4810 1393 4868 Ores
1417 4811 1607 4865 novas!
1631 4811 1802 4880 puella
1824 4810 2036 4866 Petrum
2052 4811 2224 4879 illum,

643 4906 892 4964 meretrix
919 4905 986 4960 ad
1009 4905 1220 4960 Petnmt
1237 4903 1515 4968 accedens,
1542 4903 1702 4958 fidem
1732 4903 1845 4972 ejus
1863 4905 2218 4960 conturbavit.

639 4999 831 5056 Petrus
849 5038 864 5061 ,
897 4997 982 5052 illa
1004 4986 1249 5051 columna
1275 5037 1290 5060 ,
1317 4993 1448 5049 illud
1477 4992 1944 5065 propugnaculum,
1972 5009 2079 5050 non
2107 4997 2228 5053 tulit

645 5091 837 5156 minas,
865 5087 958 5144 sed
978 5086 1150 5144 solum
1182 5087 1396 5156 loquuta
1423 5087 1512 5142 illa
1538 5097 1640 5152 est,
1668 5098 1724 5143 et
1749 5102 2004 5145 concussa
2033 5102 2116 5146 est
2142 5109 2227 5149 co-

642 5181 820 5235 lumna
848 5221 863 5244 ,
910 5186 961 5234 et
993 5179 1162 5248 ipsum
1213 5177 1668 5248 propugnaculum
1711 5176 2015 5237 iluetuabat.
2055 5182 2223 5252 Quem

642 5269 841 5335 vidisti,
871 5268 1046 5334 Petre,
1077 5278 1137 5323 ut
1161 5269 1419 5338 negares?
1446 5268 1602 5324 vilem
1625 5270 1874 5340 puellam,
1904 5281 1956 5326 et
1981 5271 2224 5343 despica-

642 5361 800 5416 bilem
821 5362 1119 5416 ostiariam:
1139 5361 1253 5416 inec
1276 5361 1450 5417 vidisti
1469 5371 1522 5418 et
1538 5362 2019 5435 negastiiliursum
2043 5367 2220 5422 tertio:

645 5451 708 5508 Et
735 5463 787 5506 tu
822 5452 928 5521 heri
951 5469 1066 5506 cum
1093 5451 1187 5506 hoc
1227 5452 1428 5508 homine
1450 5469 1604 5520 eras;
1635 5462 1690 5510 et
1729 5462 1903 5509 tamen
1943 5457 2100 5512 tertio
2124 5472 2220 5513 ne-

706 5610 724 5642 ί
744 5611 845 5678 ,περ
888 5609 1021 5680 heus
1042 5612 1166 5723 muti
1192 5610 1384 5664 ttontef.
1407 5614 1476 5664 sic
1497 5613 1703 5665 habetur

706 5677 713 5708 ν
738 5670 821 5721 ιη(
840 5671 923 5723 συί
947 5672 1034 5723 tibi
1107 5675 1350 5723 .nt..\'ma
1375 5674 1399 5723 2³
1608 5689 1703 5723 rem

643 5677 713 5741 eo
738 5670 822 5741 me
840 5671 923 5732 qui
947 5672 1034 5723 tibi

644 5738 745 5794 ipse
773 5738 904 5790 dicit,
933 5743 1075 5805 Nega.

1152 5615 1476 5683 l_ttontef._sie
1497 5615 1703 5665 habetur
1723 5615 2086 5683 _mi.nus_t_'_ecte:
2113 5618 2224 5683 ouis

1107 5675 1350 5739 .rit,,\'eqa
1375 5674 1399 5726 1’
1608 5674 1811 5742 captito,
1836 5675 2015 5735 rutilius
2037 5674 2178 5744 pretii
2203 5691 2222 5732 .°

1369 293 1427 350 S.
1466 293 1744 352 JOANNIS
1780 293 2258 354 ειιῐιῐδοδτυιιι
2297 295 2614 354 ARCHIEP.
2654 297 3184 358 CONS'I'ANTINOP.

3847 301 3966 359 728-

2357 412 2517 482 gavit.
2565 413 2644 471 Ae
2689 414 2902 471 demum
2929 415 3100 487 ipsum
3151 413 3370 471 intuitus
3393 414 3548 472 Iesus
3576 455 3591 481 ,
3636 431 3758 486 quae
3805 415 3944 474 dicta

2352 500 2563 559 fuerant
2585 503 2639 560 in
2665 506 2975 561 memoriam
3001 507 3307 562 revocavit:
3335 521 3436 578 qna
3465 523 3522 576 re
3545 507 3818 562 intellecta
3839 523 3946 563 cm-

2353 595 2428 666 pit
2454 595 2584 653 flere
2610 612 2672 652 ac
2699 598 3062 669 pmuiaentiam
3085 599 3155 655 de
3186 607 3401 669 peccato
3445 613 3619 670 agere.
3662 598 3942 654 Verumta-

2351 703 2474 742 men
2536 689 2943 760 benignissimus
2999 691 3264 746 cuncessit
3313 691 3388 745 illi
3438 705 3661 761 peccare
3693 708 3707 744 :
3737 691 3940 748 sciebat

2350 780 2494 835 enim
2520 779 2669 834 illum
2711 791 2770 835 ut
2797 779 3067 837 hominem
3109 782 3396 836 humanum
3425 781 3692 852 quidpiam
3725 796 3940 852 passum

2350 885 2469 925 esse
2500 887 2513 923 :
2545 869 2642 925 sed
2684 871 3129 941 quemadmodum
3165 872 3274 942 jam
3301 871 3451 938 dixi,
3481 871 3582 928 hoc
3607 881 3764 941 pacto
3809 870 3941 926 illud

2349 958 2421 1014 ita
2460 960 2754 1016 institutum
2784 977 2849 1017 ae
2877 961 3034 1018 Petro
3061 962 3377 1032 permissum
3403 970 3485 1018 est
3513 976 3735 1032 peccare
3755 1003 3772 1028 ,
3800 977 3937 1031 quo-

2348 1053 2489 1107 niam
2527 1052 2577 1108 ei
2614 1054 3014 1110 conta-edendus
3060 1065 3175 1110 erat
3217 1054 3441 1125 populus
3469 1055 3665 1110 multus
3687 1094 3707 1122 ,
3736 1064 3798 1110 ut
3827 1069 3897 1110 ne
3919 1095 3934 1121 ,

2346 1157 2563 1200 severus
2586 1161 2708 1202 eum
2735 1155 2895 1214 esset,
2929 1148 2975 1202 si
2995 1161 3187 1217 expers
3216 1145 3416 1216 peccati
3444 1145 3653 1212 fuisset,
3679 1161 3711 1201 a
3736 1161 3936 1202 conce-

2345 1235 2520 1292 denda
2561 1239 2811 1294 fratribus
2853 1239 2964 1294 suis
3003 1240 3158 1295 venia
3196 1239 3402 1295 alienus
3430 1239 3589 1296 foret.
3613 1239 3824 1309 Lapsus
3853 1251 3937 1296 est

2346 1326 2399 1381 in
2427 1337 2719 1397 peccatum,
2748 1337 2804 1384 ut
2829 1336 2882 1384 et
2905 1339 3180 1401 peccatum
3208 1330 3335 1385 illud
3363 1339 3418 1386 et
3439 1329 3615 1385 datam
3641 1331 3744 1386 sibi
3770 1346 3800 1384 a
3831 1331 3937 1386 Do-

2345 1417 2491 1473 mino
2538 1419 2748 1475 veniam
2786 1421 3061 1490 cogitans,
3110 1420 3230 1475 aliis
3264 1421 3424 1476 etiam
3463 1421 3671 1476 veniam
3702 1422 3934 1494 benigne

2343 1510 2699 1579 concederet,
2741 1511 3034 1568 secundum
3062 1511 3511 1582 dispensationem
3554 1512 3667 1570 Deo
3695 1530 3931 1588 congru-

2343 1614 2541 1660 emem.
2570 1604 2689 1675 Ipse
2712 1607 2855 1661 enim
2883 1605 2935 1661 iu
2964 1614 3238 1678 peceatum
3265 1605 3370 1662 labi
3391 1607 3682 1678 permissus
3707 1616 3813 1674 est,
3843 1608 3929 1665 cui

2342 1695 2580 1752 Ecclesia
2621 1697 2999 1754 committenda
3041 1706 3193 1765 erat,
3236 1697 3482 1754 columna
3527 1697 3930 1769 Ecelesiarum,

2339 1795 2524 1856 portus
2571 1786 2732 1855 fidei,
2761 1787 2950 1843 Petrus
2973 1787 3160 1844 doctor
3185 1789 3332 1845 orbis
3378 1804 3599 1859 peccare
3637 1791 3929 1860 permissus

2339 1887 2451 1946 est,
2481 1887 2540 1933 ut
2576 1877 2694 1934 haec
2721 1880 3000 1949 permissio
3038 1879 3381 1936 humanitatis
3401 1891 3772 1951 argumentum
3811 1881 3929 1938 aliis

2339 1979 2745 2040 proponeretur.
2781 1969 2906 2027 Haec
2943 1981 3121 2028 autem
3148 1987 3244 2027 cur
3267 1986 3299 2027 a
3318 1986 3405 2028 me
3438 1971 3577 2028 dicta
3603 1972 3766 2028 sunt?
3793 1971 3928 2041 Quia

2338 2077 2436 2118 nos
2465 2062 2770 2119 sacerdotes
2811 2063 2863 2117 in
2890 2061 3084 2118 throno
3125 2063 3376 2120 sedentes
3413 2079 3476 2118 ac
3503 2062 3759 2120 docentes
3798 2079 3927 2135 pec-

2336 2155 2469 2212 catis
2495 2156 2726 2227 colligati
2751 2171 2956 2212 sumus.
3001 2156 3203 2212 Idcirco
3243 2157 3386 2213 enim
3418 2170 3592 2227 neque
3617 2157 3807 2228 angelo
3831 2170 3928 2212 ne-

2335 2266 2440 2320 que
2467 2251 2789 2322 archangelo
2815 2250 3178 2306 concreditum
3198 2258 3282 2306 est
3307 2249 3661 2306 sacerdotium
3691 2250 3927 2321 (impec-

2334 2342 2535 2398 cabiies
2558 2343 2754 2414 quippe
2777 2341 2941 2411 sunt)
2964 2384 2980 2409 ,
3013 2359 3080 2398 ne
3110 2358 3221 2413 pra:
3250 2342 3534 2398 severitate
3560 2351 3840 2412 peccantes
3868 2341 3924 2397 in

2335 2435 2530 2505 populo
2575 2435 2854 2491 confestim
2899 2435 3118 2491 fulmine
3168 2435 3551 2491 ferirent:sed
3599 2435 3804 2490 homini
3854 2449 3922 2492 ex

2335 2527 2554 2588 homine
2595 2537 2723 2587 nato.
2745 2528 3064 2583 commissus
3093 2526 3178 2582 hic
3206 2526 3429 2582 thronus
3453 2535 3567 2595 est,
3607 2527 3696 2599 qui
3725 2537 3782 2583 et
3810 2527 3925 2598 ipsa

2331 2615 2551 2674 libidine
2572 2617 2914 2690 pcecatisqus
2934 2618 3209 2689 colligatus
3231 2634 3335 2684 est,
3363 2628 3421 2675 ut
3446 2619 3491 2674 si
3516 2635 3673 2690 quem
3698 2635 3924 2688 peccan-

2332 2721 2436 2763 tem
2458 2709 2741 2777 invenerit,
2765 2725 2829 2765 ex
2856 2711 3083 2782 propriis
3104 2715 3331 2780 peccatis
3354 2710 3630 2781 benignior
3651 2711 3725 2765 illi
3754 2719 3920 2766 esset.

2325 2798 2459 2854 Nam
2492 2801 2537 2854 si
2571 2801 2791 2869 angelus
2827 2810 2968 2856 esset
3003 2800 3287 2867 sacerdos,
3319 2811 3375 2856 et
3400 2801 3703 2872 quempiam
3747 2799 3921 2855 fornio

2327 2899 2507 2945 catum
2537 2890 2994 2962 deprehenderet,
3022 2907 3141 2946 cum
3171 2891 3283 2962 ipse
3310 2891 3430 2947 huic
3457 2893 3642 2946 morbo
3677 2891 3922 2946 addictus

2328 2997 2432 3038 non
2472 2992 2646 3049 esset,
2697 2983 2876 3043 statim
2907 2983 3054 3038 illum
3091 2981 3431 3048 interficeret.
3472 2983 3830 3060 Quamobrem
3873 2984 3922 3039 si

2326 3074 2545 3145 angelus
2573 3083 2888 3146 potestatem
2911 3074 3298 3131 sacerdotalem
3327 3075 3653 3149 accepisset,
3681 3090 3789 3135 non
3817 3076 3918 3128 do-

2325 3167 2529 3223 cuisset
2552 3208 2567 3230 ,
2595 3167 2688 3223 sed
2713 3167 2999 3223 occidisset
3018 3210 3034 3234 ,
3061 3168 3137 3222 ira
3157 3176 3484 3234 commotus,
3520 3167 3641 3236 quia
3668 3167 3782 3236 ipse
3809 3181 3920 3237 non

2325 3258 2629 3329 hujusmodi
2673 3268 2836 3314 esset.
2871 3259 3158 3329 Propterea
3203 3258 3254 3313 id
3295 3257 3496 3312 homini
3540 3257 3912 3321 concreditum

2323 3359 2428 3418 est,
2455 3350 2546 3421 qui
2575 3361 2911 3421 peccatorum
2939 3351 3039 3405 sibi
3068 3350 3331 3415 conscius,
3361 3358 3416 3405 et
3444 3349 3496 3404 in
3525 3349 3607 3404 his
3633 3359 3916 3423 expertis,

2322 3440 2626 3511 ignosceret
2652 3441 3010 3511 peccantibus,
3040 3455 3139 3496 nec
3163 3449 3466 3505 moreretur
3493 3440 3594 3506 ira,
3619 3454 3688 3501 ne
3715 3453 3914 3512 per-sy-

2323 3547 2580 3604 nagogam
2607 3531 2844 3587 Ecclesia
2867 3531 3135 3592 vacaret‘.

2395 3622 2452 3676 2.
2493 3622 2699 3677 Heliam
2743 3622 2797 3676 in
2835 3630 3092 3694 peccatum
3133 3621 3354 3682 incidere
3397 3621 3623 3691 permisit
3666 3621 3827 3688 Deus,
3856 3631 3917 3689 Α

2325 3716 2635 3785 mansuetior
2660 3732 2780 3788 erga
2807 3715 2935 3770 alios
2962 3724 3108 3769 esset.
3128 3744 3201 3755 —
3219 3713 3324 3770 Sed
3351 3729 3449 3776 cur
3475 3715 3527 3768 in
3549 3715 3708 3772 Petro
3729 3730 3913 3772 moror

2326 3808 2429 3862 hoc
2459 3817 2691 3863 tractans
2713 3816 3103 3876 argumentum,
3130 3822 3227 3861 nec
3247 3807 3314 3860 ad
3343 3807 3504 3862 aliam
3530 3807 3763 3862 ascendo
3790 3823 3912 3878 per-

2326 3898 2554 3954 sonam?
2599 3900 2712 3968 Age
2739 3899 2902 3952 alium
2946 3897 3278 3968 proferamus
3319 3897 3371 3951 in
3419 3897 3670 3958 medium,
3706 3898 3911 3954 Ileliam

2327 4005 2520 4060 nempe
2564 3989 2898 4060 prophetam,
2928 3999 3200 4048 terrenum
3231 3988 3378 4043 illum
3419 3989 3688 4059 angelum,
3730 3991 3909 4046 homi-

2331 4096 2559 4150 nemque
2587 4080 2887 4136 czelestem:
2911 4081 3058 4134 humi
3078 4079 3436 4142 ambulantem
3462 4090 3518 4137 et
3535 4081 3767 4136 cmlestia
3795 4098 3912 4138 mm

2330 4171 2628 4238 derantem,
2661 4170 3016 4226 tricuhitalem
3043 4171 3312 4231 hominem
3337 4171 3638 4228 sublimiter
3660 4173 3909 4242 gradien~
3951 4214 3962 4232 μ

2329 4271 2456 4330 tem,
2483 4261 2548 4316 ad
2575 4263 2718 4333 ipsos
2744 4260 2865 4318 ωειί
2895 4259 3124 4317 fornices
3149 4262 3364 4326 elatum.
3383 4277 3637 4332 aquarum
3663 4279 3910 4333 promum

2329 4353 2581 4420 condunt,
2623 4354 2778 4422 cujus
2820 4353 2997 4424 lingua
3041 4353 3322 4408 thesaurus
3371 4369 3627 4423 aquarum
3674 4364 3811 4420 erat,
3855 4367 3907 4412 et

2328 4444 2493 4500 clavis
2520 4444 2773 4499 caalorum
2803 4460 2818 4498 :
2848 4443 2959 4512 ipse
2997 4458 3198 4513 pauper
3225 4452 3279 4499 et
3301 4443 3470 4510 dives,
3513 4443 3673 4501 idiota
3701 4455 3755 4501 et
3783 4446 3903 4516 phi~

2331 4534 2630 4605 lusaphus:
2673 4548 2878 4604 pauper
2925 4533 3169 4604 quidem,
3213 4534 3364 4604 qui:
3385 4533 3518 4589 nihil
3564 4535 3906 4605 possidebat;

2329 4633 2478 4692 dives
2502 4641 2701 4698 autem,
2728 4628 2851 4701 quia
2878 4629 3046 4684 nubes
3083 4629 3330 4684 imbrium
3359 4628 3409 4683 in
3458 4629 3634 4700 lingua
3661 4631 3909 4687 contineo

2330 4726 2438 4782 bat.
2483 4726 2599 4798 Ipse
2633 4739 2846 4795 quoque
2883 4725 2961 4778 sic
2998 4738 3156 4793 asper
3193 4739 3314 4794 erga
3341 4732 3650 4794 peccatores
3687 4733 3822 4788 erat,
3853 4734 3911 4780 ut

2330 4817 2614 4887 aliquando
2636 4825 2944 4886 precaretur
2973 4830 3042 4870 ne
3073 4814 3246 4884 pluvia
3275 4813 3510 4870 caderet.
3635 4816 3760 4886 quid
3797 4816 3911 4868 ait?

2341 4907 2470 4964 Viuit
2497 4907 2762 4970 Dominus,
2782 4907 2826 4960 si
2853 4906 2946 4959 erit
2975 4906 3161 4975 pluvia,
3186 4906 3284 4959 nisi
3311 4922 3470 4975 peros
3491 4922 3654 4961 meum
3679 4907 3757 4976 (ὅ.
3779 4906 3908 4978 Reg.

2333 4999 2422 5054 I7.
2449 5000 2524 5070 i).
2562 4996 2700 5066 Quid
2732 4995 2886 5062 facis,
2933 4994 3126 5050 Helia?
3153 4994 3278 5064 quid
3325 4996 3672 5064 pronuntias?
3719 4999 3911 5051 saltem

2333 5089 2613 5148 Dominum
2641 5101 2882 5159 precare,
2906 5094 2960 5140 et
2982 5086 3059 5140 sic
3089 5085 3252 5155 imple
3274 5100 3575 5140 sermonem
3601 5103 3616 5140 :
3653 5084 3784 5138 Viuit
3811 5085 3912 5140 Do-

2333 5169 2517 5245 minus,
2547 5180 2591 5235 si
2613 5181 2709 5236 erit
2751 5178 2941 5248 pluuia,
2969 5177 3066 5233 nisi
3091 5193 3180 5248 per
3207 5194 3264 5233 os
3289 5193 3468 5231 meum.
3512 5175 3740 5232 Ubinam
3788 5188 3914 5237 sunt

2332 5275 2584 5339 hmretici,
2635 5272 2726 5343 qui
2773 5271 2978 5337 dicunt,
3029 5269 3220 5326 Filium
3284 5269 3376 5326 Dei
3429 5271 3672 5342 precari?
3722 5269 3908 5330 Infelix

2331 5367 2512 5433 homo,
2541 5366 2704 5421 miser
2727 5373 2782 5421 et
2809 5363 3120 5434 impudens:
3169 5363 3346 5419 Helias
3372 5363 3695 5434 pronuntiat,
3727 5373 3783 5417 et
3819 5363 3908 5417 Fi-

2331 5459 2434 5515 lius
2481 5456 2765 5529 precaturi
2802 5471 2992 5514 servus
3038 5456 3210 5528 jubet,
3239 5465 3294 5513 et
3321 5456 3575 5512 Dominus
3602 5455 3795 5526 rogat?
3843 5470 3910 5510 ne

2329 5565 2513 5623 parem
2541 5549 2756 5621 quidem
2784 5549 2859 5606 illi
2883 5558 3043 5620 atque
3070 5547 3234 5604 Helia:
3264 5547 3521 5602 honorem
3561 5545 3788 5602 tribuis?
3814 5563 3910 5604 an-

2393 5685 2412 5713 ι
2446 5683 2497 5730 ιιι
2518 5678 2677 5743 sum,
2701 5691 2747 5730 et
2764 5693 2858 5732 non
2880 5686 3142 5734 moreretur
3178 5679 3272 5743 ira,
3295 5687 3343 5732 et
3365 5692 3453 5730 non
3469 5677 3798 5740 exitialium!
3823 5690 3910 5741 per

2330 5741 2456 5797 iram
2474 5741 2701 5794 Ecclesia.
