4206 6302
621 334 715 390 731

679 448 733 501 3.
773 444 878 501 Cur
901 446 1124 500 homines
1148 443 1430 499 [nonnullius
1449 445 1728 515 praefuerit
1758 441 1897 497 Deus
1915 483 1931 500 .
1959 459 2059 496 non
2081 441 2189 494 An-

609 539 768 609 gelos.
795 566 866 578 —-
885 535 1054 592 llodie
1080 537 1164 590 bis
1185 536 1252 591 de
1279 536 1437 591 rebus
1460 552 1760 592 sermonem
1777 552 1930 591 orsus
1955 551 2071 590 sum
2090 577 2105 600 ,
2137 544 2196 590 ut

609 627 970 693 estet-dorem.
1000 628 1121 682 ideo
1146 628 1476 683 sacerdotem
1507 644 1612 682 non
1647 643 1767 683 esse
1803 627 2072 696 angelum,
2099 624 2192 679 sed

611 717 881 775 hominem
910 736 976 774 ex
1005 721 1218 775 homine
1247 710 1448 785 natﬂm,
1481 732 1541 775 ut
1569 737 1634 776 ne
1663 737 1692 775 a
1723 731 2058 790 peccatorum
2102 733 2196 774 ex-

611 821 761 879 perte
786 821 1068 879 peccantes
1099 812 1504 866 interliciantur.
1535 811 1664 866 Nam
1690 811 1734 864 si
1765 807 2016 864 sacerdos
2051 817 2196 864 esset

609 900 833 970 angelus
860 902 1061 972 peccati
1088 916 1283 970 expers
1305 942 1322 966 ,
1353 910 1660 970 peccatores
1689 901 1873 955 statim
1903 903 2156 968 plecteret
2179 915 2194 964 ;

611 994 708 1048 sed
739 1005 1022 1064 propterea
1051 994 1210 1048 homo
1231 1005 1333 1060 est,
1359 1003 1418 1049 ut
1453 1009 1669 1048 suorum
1703 993 1952 1048 conscius
1986 992 2201 1046 morbo-

611 1099 774 1150 rum,
828 1101 940 1142 sua:
989 1097 1194 1154 natura:
1232 1085 1572 1142 consortibus
1614 1087 1872 1154 ignoscat.
1928 1083 2199 1139 Declaravi

614 1186 819 1243 postea,
874 1176 1037 1230 Demn
1075 1191 1294 1248 magnos
1323 1177 1482 1230 etiam
1523 1176 1687 1240 viros,
1711 1175 1904 1245 quibus
1949 1175 2199 1244 pepulum

615 1266 839 1319 tnultmn
887 1267 1294 1322 concrediturus
1321 1275 1458 1332 erat,
1490 1267 1796 1336 permisisse
1837 1269 1888 1320 in
1927 1275 2201 1335 peccatum

617 1356 746 1421 labi,
779 1356 1015 1427 ipsisque
1042 1358 1251 1413 veniam
1279 1359 1522 1433 largitum
1551 1373 1670 1426 esse
1695 1401 1710 1424 ,
1734 1368 1791 1413 ut
1817 1368 1999 1428 postea
2019 1368 2074 1413 et
2102 1356 2201 1427 ipsi

615 1464 681 1504 ex
717 1447 802 1505 bis
839 1451 1072 1518 eruditi,
1105 1451 1446 1508 humaniores
1485 1452 1750 1507 evadant:
1785 1451 2104 1518 Petrumque
2149 1449 2203 1503 in

616 1540 849 1595 medium
878 1541 1112 1606 adduxi,
1145 1543 1302 1597 talem
1343 1541 1664 1611 apostolum,
1692 1542 1782 1612 qni
1827 1541 1878 1594 in
1929 1549 2204 1610 peceatum

619 1627 722 1683 labi
755 1631 1048 1699 permissus
1074 1639 1194 1695 est;
1223 1630 1316 1687 sed
1344 1631 1438 1687 Dei
1460 1632 1783 1702 benignitate
1809 1641 2082 1702 peccatum
2110 1645 2206 1700 per

619 1721 983 1789 penitentiam
1033 1723 1251 1780 delevit.
1283 1726 1417 1794 Age,
1451 1725 1518 1780 ad
1562 1725 1766 1780 lleliam
1809 1725 2125 1789 redeamus,,
2151 1733 2208 1780 et

621 1822 768 1869 recte
817 1812 1075 1868 factorum
1117 1815 1502 1886 cjttspelagus
1550 1815 2205 1884 ostcndarnuszqnoniam

618 1901 835 1958 volebat
855 1903 1068 1973 quidem
1096 1894 1235 1960 Deus
1251 1905 1575 1974 benignitate
1597 1907 1692 1971 uti,
1714 1907 1807 1960 sed
1837 1906 1928 1960 ille
1954 1905 2165 1960 nolebat
2191 1923 2204 1959 :

619 1991 838 2046 volebat
879 1993 1018 2048 Deus
1059 1995 1288 2063 pluviam
1313 1995 1460 2060 dare,
1484 1996 1577 2050 sed
1609 1997 1748 2050 servi
1798 2011 1983 2066 preces
2031 1998 2210 2067 requi-

621 2084 794 2138 rebat.
823 2084 960 2152 Quid
983 2086 1139 2156 igitur
1161 2086 1185 2139 ?
1205 2085 1308 2142 lter
1336 2073 1557 2157 perfecit
1583 2096 1751 2142 totum
1781 2089 1987 2155 llelias,
2027 2099 2084 2144 et
2115 2105 2209 2144 ve-

623 2174 703 2228 nit
727 2174 779 2230 in
804 2174 1100 2245 Sarcplnba
1133 2177 1398 2244 Sidoniae,
1430 2177 1665 2248 viditque
1692 2179 1902 2233 viduam
1934 2180 2209 2235 mulierem

625 2262 766 2334 ligna
809 2265 1167 2336 colligentem.
1195 2266 1290 2322 llic
1332 2267 1462 2322 mibi
1511 2268 1675 2323 Helize
1729 2269 2116 2339 philosophiam
2157 2279 2215 2326 et

627 2352 788 2408 Iidem
817 2355 1201 2412 animadverte.
1249 2357 1453 2412 Rursus
1483 2373 1606 2414 eum
1640 2359 1782 2414 aliud
1811 2360 2022 2415 virtutis
2065 2362 2211 2430 pela-

625 2459 729 2514 gus
755 2449 1032 2517 excepit‘.
1057 2448 1172 2501 Non
1199 2447 1332 2502 dixit
1363 2449 1473 2504 Deo
1499 2467 1512 2504 :
1542 2450 1622 2504 Ad
1667 2466 1826 2520 quam
1873 2467 1958 2505 me
2007 2453 2214 2507 mittis?

631 2545 776 2590 tanta
806 2553 890 2592 tne
933 2537 1116 2592 subire
1156 2540 1302 2609 cogis
1353 2540 1625 2608 pericula,
1662 2552 1716 2596 et
1754 2543 1821 2596 ad
1873 2543 2082 2598 viduam
2128 2559 2216 2599 me

625 2627 818 2691 mittis,
869 2625 1064 2682 famem
1113 2627 1178 2708 ad
1219 2631 1560 2685 extremam?
1596 2647 1772 2686 annon
1821 2643 1946 2689 sunt
1984 2636 2082 2690 viri
2125 2635 2214 2691 alii

628 2716 994 2785 epulcutiorcs
1013 2759 1026 2782 ,
1061 2721 1150 2788 qui
1182 2731 1402 2789 possunt
1431 2721 1622 2778 famem
1652 2723 1832 2780 levare
1860 2728 2078 2781 meam?
2121 2729 2216 2784 sed

629 2817 776 2863 tanta
803 2819 1063 2865 terrarum
1096 2812 1263 2880 spatia
1289 2827 1531 2883 peragro,
1560 2823 1618 2869 ut
1660 2816 1726 2871 ad
1773 2817 1981 2872 viduam
2028 2833 2219 2888 perve-

635 2901 778 2978 niam
800 2942 817 2967 ,
845 2903 910 2957 ad
957 2902 1125 2974 ipsam
1157 2904 1418 2960 malorum
1446 2907 1801 2963 calamitatem
1829 2925 1842 2972 ;
1867 2924 1966 2965 nec
2014 2921 2218 2967 tantum

635 2993 868 3060 viduam,
898 2994 992 3050 sed
1022 2995 1181 3050 etiam
1214 2999 1592 3068 pauperculam
1613 3000 1638 3052 ?
1660 3001 2037 3058 Animadverte
2074 3003 2220 3073 quod

635 3087 768 3141 nihil
819 3087 1005 3141 horum
1051 3089 1195 3144 dicat
1237 3090 1501 3158 famulus;
1531 3086 1727 3147 ﬁdebat
1762 3094 1904 3148 enim
1961 3094 2218 3161 Domino,

633 3177 726 3245 qui
756 3191 840 3242 ea,
869 3193 985 3249 qua
1013 3179 1124 3235 lieri
1156 3196 1260 3235 non
1311 3195 1467 3251 posse
1509 3181 1778 3251 videntur,
1803 3182 1980 3239 facilia
2024 3184 2217 3240 reddit.

645 3264 815 3333 Vade;
835 3267 1040 3338 inquit,
1069 3271 1122 3323 in
1150 3269 1440 3340 Sareplttlta
1462 3271 1670 3327 Sidonis
1692 3311 1708 3336 ,
1738 3283 1785 3326 et
1807 3289 1920 3326 ecce
1941 3274 2090 3326 vidua
2120 3290 2224 3328 una

637 3356 780 3428 signa
803 3358 1064 3430 colligens.
1091 3361 1228 3428 Quid
1269 3361 1490 3429 incedis,
1521 3362 1668 3417 Helia
1688 3364 1713 3416 ?
1736 3363 1861 3435 quid
1902 3363 1972 3419 ad
2008 3365 2224 3421 viduam

637 3447 922 3504 accurris?
951 3450 1128 3504 vidisti
1156 3452 1483 3521 paupertatis
1503 3453 1790 3520 vestibula,
1824 3469 1891 3508 ne
1929 3455 2223 3526 interroges

648 3533 846 3611 quanta
871 3543 941 3598 sit
986 3545 1216 3598 tenuitas
1250 3562 1263 3598 :
1297 3545 1472 3599 vidisti
1520 3547 1846 3616 paupertatis
1898 3547 2221 3616 ingressum,

643 3648 714 3688 ne
749 3647 961 3703 quaeras
984 3633 1109 3705 quid
1136 3633 1204 3688 sit
1242 3635 1400 3689 intus.
1423 3636 1540 3703 Quo
1569 3636 1886 3707 ingrederis,
1918 3638 2108 3693 llelia?
2145 3641 2224 3694 vi-

641 3725 767 3780 disti
799 3726 936 3796 ligna
966 3727 1337 3796 colligentem.
1369 3737 1424 3781 et
1474 3729 1541 3782 ab
1561 3727 1650 3782 illa
1696 3729 1887 3783 nutriri
1935 3730 2214 3798 postulas?

643 3817 890 3870 Attamen
911 3831 1032 3870 cum
1061 3817 1268 3871 Domini
1300 3817 1458 3871 verba
1495 3817 1546 3871 in
1593 3818 1782 3887 pignps
1817 3818 2069 3886 haberet,
2096 3821 2228 3875 abiit

643 3909 1012 3980 alloquuturus
1044 3910 1275 3965 viduam.
1301 3911 1363 3964 Et
1391 3910 1516 3980 quid
1545 3911 1660 3964 ait?
1691 3909 1770 3963 Da
1795 3912 1920 3972 mihi
1962 3902 2227 3981 paululum

645 4013 825 4068 aqua,
878 4008 934 4051 at
978 3999 1143 4052 bibam
1169 3999 1508 4070 (5.Rrg.t7.
1540 3999 1650 4068 10).
1707 3999 1865 4054 Vides
1907 4002 2223 4070 sapientiam

647 4087 857 4143 Heliae?
883 4087 1150 4158 quomodo
1190 4102 1295 4142 non
1329 4089 1508 4142 statim
1558 4089 1625 4143 ad
1671 4089 1834 4155 illud,
1864 4091 2008 4162 quod
2057 4093 2230 4163 majus

648 4188 789 4246 erat,
820 4179 1126 4250 petendum,
1155 4179 1248 4233 sed
1271 4179 1335 4233 ad
1365 4179 1436 4241 id,
1465 4179 1607 4249 quod
1639 4180 1795 4236 vilius
1819 4190 1954 4242 erat,
1988 4184 2232 4238 venerit?

649 4269 766 4324 Non
793 4269 944 4335 dixit,
992 4270 1063 4323 Da
1121 4269 1248 4323 mihi
1297 4284 1522 4340 panem,
1562 4269 1692 4335 sed,
1726 4271 1797 4325 Da
1841 4271 1975 4326 mihi
2012 4288 2230 4343 aquam.

653 4359 836 4414 Primo
875 4375 1066 4429 aquam
1119 4362 1283 4430 petit,
1312 4361 1620 4431 conjectans
1663 4361 1708 4416 si
1755 4376 1946 4430 aquam
1999 4361 2230 4431 habeat,

650 4463 843 4520 panem
901 4449 1096 4504 habere
1156 4465 1330 4518 posse.
1383 4450 1464 4505 Da
1513 4451 1672 4517 mihi,
1710 4451 1915 4522 inquit,
1967 4438 2234 4524 paululum

652 4556 817 4606 aqua.
868 4542 1010 4595 Abiit
1057 4542 1247 4608 vidua,
1290 4558 1480 4612 aquam
1537 4544 1676 4608 tttlil,
1706 4551 1762 4599 et
1805 4544 1894 4600 ille
1943 4546 2111 4610 bibit;
2163 4546 2234 4600 ita

643 4648 777 4699 sum.
796 4639 845 4684 ta
877 4630 1253 4695 tiducia,Snme
1273 4633 1414 4692 mihi.
1441 4633 1639 4701 inquit,
1673 4644 1719 4685 ct
1745 4635 2017 4688 buccellam
2044 4635 2190 4704 panis
2217 4677 2230 4700 ,

647 4731 704 4775 ιι
727 4722 983 4773 comedam
1004 4721 1168 4793 (Ibid.
1194 4736 1242 4775 υ.
1269 4723 1376 4789 Η).
1401 4721 1704 4791 Respondet
1732 4724 1819 4778 illa
1854 4742 1866 4778 :
1905 4723 2034 4777 Vicit
2063 4724 2236 4779 Domi-

661 4828 750 4866 nus
775 4853 788 4876 ,
825 4814 870 4864 si
900 4821 973 4865 est
1005 4813 1126 4864 mihi
1169 4813 1314 4880 panis
1354 4815 1702 4867 subcineritius
1725 4813 1884 4885 (Ibid.
1911 4832 1956 4870 υ.
1987 4817 2072 4886 t2)
2093 4860 2106 4881 ,
2141 4820 2238 4872 nisi

660 4903 882 4972 pugillns
903 4904 924 4934 ³
947 4903 1127 4970 farina:
1151 4903 1201 4954 in
1229 4903 1431 4972 hydria,
1458 4913 1504 4957 et
1534 4905 1794 4973 paululum
1821 4906 1918 4960 olei
1936 4912 1989 4960 lu
2019 4906 2237 4977 lccytho,

659 5009 771 5057 qua:
800 4994 1041 5063 faciemus
1065 5004 1110 5046 et
1139 4995 1455 5048 comedcmus
1481 5011 1571 5064 ego
1597 5006 1644 5048 es
1693 4996 1788 5064 ﬁlii
1823 4996 1919 5050 mei
1937 5039 1954 5063 ,
1984 5007 2031 5050 el
2057 4999 2239 5051 morie-

658 5102 790 5137 mur.
836 5086 971 5150 Quid
1017 5085 1177 5156 igitur
1225 5085 1437 5142 Helias?
1477 5087 1649 5154 Vade,
1703 5090 1889 5159 inquit,
1915 5101 1961 5144 et
1999 5095 2083 5159 [ac
2119 5091 2244 5144 milii

659 5175 1034 5255 sublineritiunt
1081 5193 1335 5242 seorsum,
1365 5186 1410 5232 et
1459 5180 1756 5243 comedam;
1784 5189 1832 5234 et
1875 5191 2047 5249 postea
2090 5182 2245 5250 facies

661 5269 782 5335 ﬁliis
811 5269 928 5333 tuis,
958 5279 1003 5322 et
1028 5271 1305 5324 comedent.
1329 5271 1464 5336 Quid
1490 5270 1638 5335 facis,
1670 5271 1815 5326 llelia
1839 5272 1861 5324 ?
1889 5281 2025 5338 esto,
2051 5287 2244 5340 panem

663 5368 834 5426 guttas,
862 5374 959 5413 cur
988 5362 1210 5414 seorsim
1241 5368 1295 5414 et
1321 5363 1491 5430 primo
1518 5361 1609 5416 tibi
1635 5362 1747 5416 dari
1773 5363 2039 5428 postulas?
2066 5378 2246 5418 annon

661 5453 859 5521 gratias
887 5468 1045 5521 agere
1073 5453 1320 5520 deberes,
1350 5455 1393 5508 si
1439 5470 1540 5510 una
1583 5471 1704 5509 cum
1750 5453 1868 5510 filiis
1906 5457 2022 5526 ejus
2068 5471 2250 5511 eome-

705 5564 757 5632 ,ιγ
784 5570 848 5632 tta
872 5563 1007 5632 savii.
1028 5578 1044 5624 ;
1069 5565 1116 5632 in
1143 5564 1304 5614 Morel.
1329 5572 1493 5632 autem
1529 5575 1582 5618 et
1601 5571 1653 5618 in
1683 5566 1897 5628 uomet,
1921 5581 2089 5620 rursus
2111 5568 2249 5621 aliud

668 5625 854 5696 σπρεαδ
875 5625 980 5696 cite
1004 5625 1202 5696 Nam
1225 5627 1528 5696 ’τρία-πάρει

733 5687 752 5716 ³
774 5695 834 5754 ,Ιιι
861 5687 1019 5758 savii,
1045 5687 1180 5758 siet
1203 5690 1321 5741 milii
1343 5687 1453 5742 nisi"
1480 5688 1709 5756 megillus,
1738 5695 1856 5754 etc,
1895 5695 2068 5745 omissa
2109 5707 2247 5756 voce,

664 5749 804 5818 panis
829 5749 1178 5801 subcutcrilt'us.

635 5972 642 5976 α
663 5950 718 5968 ον’

1399 331 1451 386 s.
1486 329 1765 386 tomus
1804 328 2277 385 Clllti’SOSTtiill
2318 329 2634 387 AttClllEP.
2677 315 3209 388 CONSTANTINOP.

3793 327 3895 383 73!

2300 440 2501 497 dcres?
2530 452 2582 497 tu
2615 444 2695 499 vis
2720 444 3005 499 comedere
3026 445 3195 508 solus,
3223 452 3281 500 et
3305 443 3424 514 ejus
3454 443 3594 500 illius
3624 446 3771 501 fame
3801 460 3892 499 ne-

2299 547 2423 588 care
2456 536 2494 586 ‘.
2516 532 2738 607 [Necare
2761 551 2864 590 non
2887 536 3035 600 volo,
3065 535 3158 590 sed
3187 535 3426 608 beneﬁce
3453 535 3651 592 habere
3677 535 3804 590 voto
3825 532 3894 608 ¹.]

2299 624 2431 680 Novi
2458 627 2831 684 liberalitatem
2877 639 2932 684 et
2974 630 3182 698 capiant
3225 628 3434 684 Domini
3476 628 3603 684 mei.
3635 629 3893 684 Attamen

2299 717 2592 774 viduanon
2647 719 2852 774 turbata
2905 731 2987 776 est
3013 719 3058 788 ³,
3090 735 3189 775 nec
3231 721 3358 792 quid
3415 720 3707 776 absurdum
3751 724 3894 789 cogi-

2304 811 2452 876 tavit,
2485 825 2657 880 neque
2685 811 2822 864 dixit
2853 828 2866 864 :
2898 810 2978 866 ‘l'u
3009 827 3067 866 es
3096 812 3187 882 qui
3216 812 3409 866 famem
3450 811 3589 867 banc
3624 811 3892 878 intulisti;

2302 907 2358 952 et
2389 900 2438 952 iu
2457 894 2873 970 reliquiishujus
2905 900 3060 957 famis
3087 917 3117 956 a
3150 916 3236 956 me
3265 900 3458 959 nutriri
3489 901 3733 970 postulas
3752 900 3778 952 Υ
3809 916 3898 954 ne-

2303 1006 2408 1062 que
2431 992 2564 1045 dixit
2596 1009 2611 1047 :
2642 993 2840 1048 Orbem
2869 1003 3129 1049 terrarum
3159 995 3246 1065 qui
3277 1001 3456 1047 tantus
3482 1003 3564 1048 est
3589 991 3878 1063 neglexisti

2306 1091 2363 1136 ut
2383 1081 2448 1136 ad
2481 1098 2567 1137 me
2589 1084 2820 1150 venires,
2865 1084 3106 1154 ﬁliosque
3137 1099 3284 1139 meos
3317 1082 3456 1138 fame
3496 1097 3756 1147 necares,
3783 1083 3902 1152 ipse

2307 1171 2466 1228 famis
2512 1174 2733 1228 auctor?
2759 1174 2854 1229 sed
2887 1174 3236 1229 Abrabamica
3280 1175 3366 1228 illa
3415 1174 3609 1228 mulier
3653 1173 3899 1244 ingressa

2308 1263 2431 1317 fecit
2481 1263 2532 1316 id
2581 1264 2722 1333 quod
2755 1265 3012 1334 propheta
3043 1265 3256 1319 dixerat
3286 1279 3302 1330 ;
3331 1265 3619 1332 Videreque
3659 1274 3778 1318 erat
3826 1265 3903 1316 vi-

2305 1355 2465 1409 duam
2509 1357 2625 1426 ipso
2654 1355 2961 1411 Abrahamo
3001 1355 3424 1426 hospitaliurem.
3461 1355 3554 1410 Ille
3584 1357 3732 1410 enim
3765 1372 3902 1424 opu-

2309 1445 2486 1501 lentus
2529 1462 2651 1502 cum
2705 1457 2882 1513 esset,
2928 1448 3149 1516 angelos
3198 1446 3433 1517 hospitio
3475 1446 3730 1518 excepit;
3786 1446 3906 1500 hac

2308 1551 2437 1591 vero
2461 1553 2526 1592 ex
2560 1537 2699 1593 fame
2726 1538 2998 1592 interitum
3042 1548 3396 1608 exspectans.
3426 1538 3640 1607 excepit
3664 1536 3904 1606 prophe-

2310 1635 2441 1681 tam.
2464 1627 2761 1698 Videreque
2782 1638 2898 1684 erat
2919 1639 3164 1685 naturam
3180 1639 3564 1699 contemptam,
3590 1639 3645 1684 et
3661 1629 3907 1698 hospita-

2311 1722 2510 1777 litatem
2559 1722 2875 1778 honoratam
2905 1742 2921 1779 :
2951 1723 3132 1780 videre
3159 1734 3278 1779 erat
3303 1723 3508 1779 viscera
3538 1722 3781 1793 projecta
3801 1765 3816 1787 ,
3848 1731 3906 1780 et

2311 1804 2624 1882 prophetam
2670 1823 3019 1884 susceptum;
3053 1823 3218 1870 totam
3270 1813 3501 1870 filiorum
3563 1813 3776 1869 turbam
3821 1827 3914 1868 so-

2310 1903 2552 1970 pulerum
2582 1903 2760 1958 effecit
2788 1915 3081 1974 :quantum
3108 1905 3252 1961 enim
3285 1905 3384 1960 fuit
3409 1906 3581 1960 vidua:
3613 1906 3667 1960 in
3698 1919 3905 1975 propo-

2311 1993 2439 2056 sito,
2466 1993 2542 2048 illi
2570 1995 2767 2049 mortui
2799 2004 2956 2062 sunt,
2985 1995 3079 2050 sed
3109 1995 3202 2051 Dei
3233 1996 3562 2066 benignitate
3591 1993 3798 2066 factum
3826 2001 3909 2050 est

2313 2096 2372 2140 ut
2401 2086 2644 2142 viverent
2670 2096 2724 2142 et
2763 2086 3057 2142 incolumes
3084 2098 3285 2143 essent.
3309 2087 3499 2142 Nescio
3527 2087 3724 2157 quibus
3766 2101 3910 2156 pra:—

2314 2179 2484 2232 coniis
2515 2178 2724 2234 viduam
2755 2179 3077 2235 celebrabo:
3105 2179 3376 2250 quomodo
3399 2179 3536 2234 filios
3559 2179 3910 2250 contempsit,

2315 2283 2367 2326 et
2396 2271 2812 2342 hospitalitatem
2835 2273 3082 2343 amplexa
3111 2281 3198 2328 est
3229 2289 3242 2326 :
3272 2273 3544 2343 quomodo
3571 2283 3766 2326 natura
3796 2272 3911 2341 ejus

2317 2380 2423 2418 non
2463 2364 2762 2430 contabuit,
2785 2365 2868 2420 vel
2898 2366 3092 2420 matrix
3121 2379 3227 2420 not:
3254 2374 3456 2420 mutata
3490 2362 3610 2428 fuit,
3635 2362 3913 2432 quomodo

2317 2458 2523 2514 viscera
2549 2458 2666 2530 ejus
2707 2474 2811 2512 non
2835 2458 3092 2513 dissoluta
3121 2466 3264 2522 sunt,
3293 2473 3414 2511 cum
3457 2456 3663 2510 videret
3701 2454 3915 2509 turba

2319 2551 2577 2620 integram
2649 2551 2878 2604 ﬁliorum
2939 2565 3062 2605 mox
3118 2549 3255 2602 fame
3309 2547 3764 2610 consumendum;
3815 2544 3914 2600 sed

2319 2638 2566 2696 omnibus
2595 2643 2870 2710 superior,
2901 2641 3216 2710 prophetam
3250 2639 3484 2709 hospitio
3523 2638 3745 2707 recepit.
3774 2637 3914 2691 Cum

2319 2733 2614 2801 accepisset
2653 2741 2829 2787 autem
2873 2731 3130 2800 propheta
3183 2739 3237 2785 et
3284 2729 3641 2795 comedisset,
3693 2729 3919 2784 demum

2320 2822 2623 2876 mercedem
2653 2821 2898 2876 retribuit
2923 2839 2936 2874 :
2969 2820 3384 2890 hospitalitatem
3422 2819 3575 2874 vidua
3603 2819 3919 2886 seminavit,

2321 2915 2610 2983 statimque
2658 2913 3038 2982 hospitalitatis
3087 2914 3290 2983 spicam
3333 2922 3635 2968 comantem
3672 2912 3917 2981 collegit.

2322 3005 2460 3074 Quid
2487 3007 2630 3062 enim
2659 3005 2725 3059 ad
2753 3020 2870 3060 eam
2896 3004 3114 3060 llelias?
3149 3002 3280 3058 Viuit
3309 3002 3556 3058 Dominus
3575 3043 3591 3068 ,
3617 3002 3807 3074 hydria
3837 3004 3922 3074 fa-

2322 3099 2450 3153 rinae
2477 3114 2579 3151 non
2608 3097 2824 3165 deﬁciet.
2851 3107 2899 3151 et
2925 3099 3154 3166 lecytliss
3179 3096 3280 3150 olei
3308 3113 3409 3150 non
3441 3095 3809 3166 ὺιιιιιὶιιιωιιιν(
3829 3093 3918 3149 ιι.

2327 3204 2377 3242 υ.
2410 3185 2520 3257 ts).
2550 3188 2712 3243 Facta
2740 3197 2824 3242 est
2847 3187 3021 3242 viduae
3041 3188 3259 3241 dextera
3291 3185 3526 3241 torcular
3546 3226 3563 3248 ,
3597 3196 3655 3241 et
3696 3186 3923 3242 sinistra

2324 3296 2449 3337 area
2469 3292 2525 3336 et
2553 3280 2806 3349 manipuli
2833 3281 2885 3334 in
2909 3280 3231 3336 necessitate
3273 3280 3504 3335 fructum
3528 3278 3841 3345 reddi-utea,
3864 3287 3924 3334 et

2326 3387 2423 3442 per
2469 3371 2742 3442 propheta:
2780 3372 2942 3426 verba
2968 3371 3181 3426 viduam
3214 3372 3531 3426 nutrientes.
3557 3368 3824 3426 Torcular
3864 3381 3924 3427 et

2324 3477 2450 3518 area
2493 3463 2632 3518 facta
2654 3472 2737 3518 est
2765 3461 2956 3517 domus
2983 3461 3192 3528 vidua;
3221 3477 3325 3516 non
3359 3462 3549 3526 imber,
3575 3475 3687 3516 non
3716 3462 3921 3532 pluvia,

2327 3570 2433 3609 non
2469 3548 2586 3620 ver,
2619 3569 2724 3608 non
2753 3563 3058 3617 autumnus,
3085 3567 3190 3607 non
3234 3562 3415 3618 aestas,
3440 3567 3546 3606 non
3572 3563 3738 3606 astus
3761 3593 3777 3614 .
3812 3569 3923 3606 non

2327 3655 2607 3700 ventorum
2665 3646 2784 3713 vis,
2839 3660 2944 3698 non
3012 3653 3313 3714 temporum
3369 3646 3690 3698 mutationes
3720 3641 3784 3706 ⁸;
3825 3643 3925 3701 sed

2329 3738 2551 3792 verbum
2575 3751 2735 3792 unum
2758 3752 2822 3792 ex
2850 3734 3126 3806 propheta:
3154 3737 3422 3791 sententia
3458 3736 3722 3804 prolatum
3747 3734 3927 3790 vidua

2331 3841 2512 3882 rerum
2540 3827 2751 3896 copiam
2798 3827 3241 3884 subministravit.
3283 3827 3409 3880 Inde
3446 3841 3576 3879 vero
3625 3838 3842 3894 μιειαι.
3867 3835 3930 3880 ut

2331 3920 2516 3990 paucis
2542 3904 2838 3983 absolvam,
2865 3919 2994 3972 abiit
3020 3917 3087 3972 ad
3126 3933 3305 3987 regem
3334 3916 3538 3973 Achab.
3562 3917 3740 3971 Dicam
3780 3933 3928 3971 nutu:

2332 4010 2450 4079 ejus
2481 4009 2737 4078 praeclara
2764 4023 2948 4077 opera,
2982 4017 3040 4061 ut
3065 4022 3187 4062 cum
3211 4023 3334 4060 eum
3366 4017 3675 4075 peccantem
3698 4008 3925 4072 videris.

2333 4100 2511 4154 discas
2557 4099 2651 4154 Dei
2697 4100 2920 4169 gratiam
2965 4113 3089 4167 erga
3140 4097 3388 4153 homines
3432 4098 3737 4167 benignam.
3784 4099 3928 4164 Quid

2335 4199 2514 4244 autem
2557 4187 2625 4243 ad
2669 4188 2814 4242 illutn
2845 4187 3068 4242 Achab?
3093 4188 3170 4241 Tu
3199 4202 3251 4241 es
3296 4187 3384 4253 qui
3425 4187 3664 4256 pervertis
3707 4184 3878 4240 Israel
3902 4187 3931 4241 .’
4009 4219 4016 4226 -

2338 4281 2629 4352 Respondit
2656 4280 2777 4341 ille.
2812 4279 2962 4342 Non,
2982 4281 3070 4334 sed
3098 4289 3182 4346 lu,
3226 4288 3273 4333 et
3317 4278 3498 4334 domus
3554 4279 3713 4347 patris
3739 4280 3816 4331 ιιιὶ
3841 4279 3920 4352 (5.

2340 4374 2468 4444 Reg.
2498 4374 2584 4428 18.
2614 4373 2698 4427 ΓΙ.
2727 4371 2839 4442 l8).
2867 4370 3110 4426 Vidistin‘
3146 4371 3422 4439 prophetae
3467 4369 3716 4440 loquendi
3766 4371 3931 4426 liber-

2342 4463 2799 4535 tatcm,quomodo
2819 4478 2999 4534 regem
3030 4461 3336 4532 redarguit?
3360 4461 3546 4516 Postea
3567 4477 3688 4541 cum
3715 4463 3934 4518 sedc-ret

2341 4557 2394 4610 in
2437 4566 2636 4622 monte,
2660 4555 2895 4614 accessit
2936 4555 3005 4611 ad
3048 4569 3171 4608 cum
3218 4553 3462 4608 centurio
3505 4552 3728 4616 dicens,
3766 4551 3935 4609 Homo

2341 4647 2438 4702 Dei
2464 4688 2478 4710 ,
2532 4647 2810 4712 descende,
2837 4663 2939 4700 rea:
2976 4655 3024 4699 te
3069 4654 3209 4699 vocat
3234 4645 3310 4716 (ι.
3345 4643 3472 4714 Reg.
3506 4645 3557 4699 t.
3586 4644 3621 4699 9
3677 4644 3784 4712 l0).
3838 4643 3937 4700 ide

2342 4755 2471 4796 vero
2501 4757 2515 4794 ε
2546 4740 2604 4795 Si
2630 4741 2781 4792 homo
2806 4738 2899 4792 Dei
2920 4755 3032 4792 sunt
3052 4779 3068 4803 ,
3109 4737 3377 4791 descendat
3417 4737 3550 4805 ignis
3590 4735 3654 4790 de
3689 4737 3815 4790 celo
3839 4776 3856 4800 ,
3888 4748 3938 4789 es

2345 4833 2542 4886 devoret
2567 4843 2636 4897 te,
2661 4839 2710 4885 ct
2728 4832 3096 4900 quinquaginta
3123 4837 3256 4881 tuos.
3290 4825 3493 4882 Deinde
3530 4827 3772 4880 secundo
3798 4828 3939 4882 alius

2344 4922 2828 4995 quinquagenarius
2875 4919 3004 4974 dicit
3035 4935 3050 4972 :
3080 4916 3246 4972 Homo
3288 4917 3381 4972 Dei
3403 4958 3418 4982 ,
3449 4917 3728 4979 descende.
3756 4934 3848 4972 re:
3893 4929 3942 4971 ts

2347 5033 2476 5086 opus
2498 5015 2643 5069 habet
2670 5010 2831 5087 (Ibid.
2861 5028 2912 5064 υ.
2938 4999 3151 5082 Η).Ἐι
3175 5009 3300 5077 quid
3327 5007 3395 5060 ad
3437 5007 3580 5060 illum
3627 5006 3847 5061 ltelias?
3879 5008 3938 5061 Si

2351 5109 2500 5162 homo
2536 5105 2633 5161 Dei
2658 5121 2770 5160 sum
2807 5119 2920 5174 ego,
2951 5102 3218 5155 descendat
3246 5100 3379 5171 ignis
3401 5100 3465 5152 de
3495 5099 3641 5168 calo,
3671 5107 3717 5152 et
3740 5100 3944 5152 deuoret

2352 5209 2398 5252 te
2421 5209 2467 5252 et
2490 5196 2858 5268 quinquaginta
2885 5205 2997 5247 tuos
3024 5190 3184 5262 (Ibid.
3211 5207 3258 5246 ν.
3286 5191 3399 5258 12).
3425 5188 3551 5243 lude
3579 5203 3791 5240 rursum
3817 5202 3941 5242 cum

2353 5290 2497 5344 venit
2515 5330 2531 5356 ,
2558 5288 2625 5344 ad
2653 5285 2911 5342 orationis
2932 5283 3241 5339 condictum
3269 5280 3586 5351 provocavit
3628 5277 3946 5334 sacerdotes

2417 5449 2435 5478 ι
2473 5452 2520 5492 ιιι
2536 5442 2700 5502 savil.,
2715 5448 2762 5506 el
3015 5437 3370 5506 multitudinea!
3392 5449 3584 5506 necare.

2419 5508 2439 5538 ³
2470 5516 2583 5563 Quae
2617 5495 2806 5554 uncinis
2824 5503 3112 5552 clauduntur
3133 5502 3316 5550 desunt
3347 5500 3474 5562 apud
3500 5495 3692 5548 Montef.
3717 5503 3751 5545 Ε
3772 5495 3944 5545 Saulis

2355 5577 2520 5618 autem
2545 5565 2737 5617 inducta
2755 5571 2890 5616 sunt.

2421 5631 2441 5662 ³
2474 5629 2546 5678 sic
2565 5635 2670 5678 llas.
2696 5635 2858 5676 meret.
2885 5638 3026 5686 vero.
3046 5637 3141 5674 non
3163 5629 3352 5673 mortua
3367 5628 3452 5671 est.
3892 5677 3918 5686 ν,

2419 5691 2441 5802 ἶ
2475 5687 2774 5802 Λιιιιόβιιιιθὶι.
2800 5687 3003 5753 legitur,
3027 5699 3119 5738 non
3141 5691 3306 5744 a'ssus,
3330 5698 3427 5735 non-
3445 5691 3714 5748 tcmportun
3752 5685 3941 5744 priest»

2430 5765 2568 5802 ormn
2591 5763 2657 5802 vis

2358 5761 2568 5806 tutorum
2591 5763 2657 5802 t'ts
