4206 6302
241 392 354 448 755

242 506 368 560 illos
393 501 620 560 infames
652 500 830 557 Baulis
852 541 868 567 ,
894 497 1080 555 dicens
1105 538 1118 561 ,
1151 497 1438 551 Precemur
1463 512 1475 549 :
1505 493 1838 564 addiditque,

244 595 430 651 Facite
469 596 608 651 vobis
650 594 814 646 altare
863 605 1111 654 seorsum,
1168 598 1214 643 et
1261 587 1428 657 eligite
1475 587 1611 657 duos.
1659 584 1840 650 bores,

240 698 296 745 et
323 688 567 760 imponite
594 686 732 756 ligna
757 683 825 737 ad
846 698 1001 737 unum
1027 682 1218 745 bouem,
1263 689 1310 733 et
1335 679 1503 751 ignem
1535 693 1635 732 non
1673 679 1844 747 impo-

243 780 395 845 nite;
422 787 473 835 et
496 792 587 849 ego
633 777 860 846 idipsum
906 776 1094 847 faciant
1122 789 1141 826 :
1188 780 1236 826 et
1279 772 1506 824 invocata
1545 770 1600 823 in
1644 768 1848 822 nomine

239 872 460 926 deorum
485 879 783 932 uestrorum,
801 877 846 921 et
867 876 960 937 ego
983 866 1036 918 in
1058 863 1261 918 nomine
1278 861 1374 916 Dei
1399 861 1516 915 mei.
1531 858 1601 913 Et
1625 859 1738 925 erit,
1758 859 1846 929 qui

241 960 387 1017 Deus
399 960 677 1016 exaudiet-it
691 959 744 1013 in
758 960 890 1030 igne,
907 957 989 1010 Itic
1007 955 1142 1010 Deus
1153 970 1295 1009 verus
1312 955 1389 1022 (3.
1406 949 1842 1023 Iieg.18.25.24).

237 1053 381 1109 Tum
414 1051 655 1108 fecerunt
683 1047 991 1105 sacerdotes
1024 1046 1247 1101 infames
1269 1046 1459 1109 altare,
1484 1053 1538 1098 et
1562 1049 1846 1112 coeperunt

238 1143 498 1199 invocare
525 1142 650 1197 ωλι
675 1141 933 1204 dicentes,
960 1137 1164 1194 Exaudi
1201 1153 1313 1203 nos,
1341 1136 1493 1199 Baai,
1519 1134 1702 1189 exaudi
1751 1150 1844 1187 nos

240 1233 412 1305 (Ibid.
440 1251 490 1289 ν.
516 1231 631 1303 26).
659 1230 793 1288 Cum
835 1239 1015 1285 autem
1068 1236 1189 1300 post
1236 1228 1431 1282 multas
1475 1239 1662 1296 preces
1682 1240 1843 1279 nemo

240 1336 390 1383 esset
432 1327 520 1396 qui
559 1324 839 1382 exaudiret
865 1323 1015 1394 (Non
1043 1321 1185 1378 enim
1211 1331 1317 1376 erat
1356 1336 1473 1386 vox,
1502 1334 1663 1392 neque
1691 1319 1842 1372 audi-

241 1419 366 1491 tio),
399 1417 749 1488 exspectabat
776 1416 956 1471 Helias
994 1429 1115 1470 cum
1168 1414 1420 1484 patientia
1466 1413 1572 1466 illis
1611 1426 1842 1482 precan-

241 1513 388 1568 tibus
417 1527 430 1567 :
460 1527 581 1567 cum
609 1519 789 1567 autem
831 1508 1035 1564 videret
1061 1508 1283 1561 multum
1314 1521 1435 1562 esse
1464 1506 1672 1560 illorum
1728 1513 1842 1557 stu-

238 1601 416 1670 dium,
447 1602 540 1656 sed
593 1601 862 1655 neminem
905 1600 996 1669 qui
1039 1597 1354 1660 exaudiret,
1385 1596 1570 1650 irridet
1597 1596 1716 1650 illos
1757 1595 1841 1650 his

236 1693 422 1748 verbis
454 1710 468 1747 :
497 1690 725 1754 Claritate
757 1689 1007 1755 multum,
1040 1705 1102 1741 ne
1127 1691 1256 1758 forte
1281 1687 1498 1740 dormiat
1534 1685 1658 1740 deus
1683 1697 1843 1740 vester

239 1782 406 1855 (Ibid.
430 1784 621 1854 v.27).
655 1782 845 1836 Postea
883 1797 1003 1835 cum
1046 1778 1294 1834 meridies
1325 1787 1501 1841 esset,
1538 1786 1592 1832 et
1631 1786 1842 1846 tempus

236 1879 592 1949 procederet,
620 1876 754 1931 dixit
802 1876 907 1931 illis
936 1914 953 1941 ,
986 1872 1239 1927 Discedite
1284 1888 1417 1925 nunc
1441 1913 1454 1936 ,
1485 1880 1539 1924 ut
1565 1870 1752 1940 faciam
1794 1881 1841 1923 et

235 1986 333 2040 ego
374 1970 723 2022 holocaustum
769 1965 938 2021 meum
963 1964 1124 2035 (Ibid.
1157 1981 1204 2018 υ.
1233 1964 1324 2034 30)
1358 1981 1370 2016 :
1401 1971 1455 2017 et
1496 1961 1622 2019 fecit
1650 1962 1837 2028 altare,

235 2070 295 2116 el
323 2061 576 2130 imposuit
609 2060 771 2126 ligna,
803 2066 858 2112 et
892 2057 1023 2111 dixit
1056 2075 1070 2110 :
1110 2054 1261 2110 Ferte
1297 2071 1482 2123 aquam
1524 2056 1579 2108 in
1625 2054 1841 2107 circuitu

235 2152 421 2205 altaris
440 2193 456 2215 ,
485 2161 528 2205 et
564 2152 786 2204 tulerunt
815 2166 833 2204 .'
865 2149 1155 2214 Duplicate,
1180 2158 1226 2201 et
1274 2148 1660 2217 duplicanerunt
1683 2162 1702 2209 ;
1728 2144 1843 2197 Tri-

237 2245 445 2312 pticate,
473 2254 518 2295 et
546 2242 924 2313 triplicaverunt
951 2238 1112 2310 (Ibid.
1142 2255 1188 2291 υ.
1213 2236 1304 2308 54)
1328 2236 1426 2308 (a).
1455 2236 1838 2291 Animadverte

233 2350 406 2409 quare
435 2335 486 2389 id
518 2334 677 2388 faciat
709 2333 906 2387 Helias.
935 2331 1199 2398 Quoniam
1231 2330 1431 2384 erroris
1459 2342 1576 2381 mos
1602 2337 1682 2381 est
1700 2327 1840 2380 veri-

238 2427 334 2479 tati
366 2425 577 2494 propria
606 2424 918 2494 adjungere,
950 2422 1092 2492 quod
1142 2420 1346 2475 faciunt
1382 2429 1438 2473 et
1488 2419 1833 2482 meretrices,

234 2533 357 2588 quae
390 2526 849 2586 prinoccupantes,
882 2515 1077 2569 liberas
1116 2513 1368 2567 mulieres
1395 2510 1707 2565 meretrices
1744 2527 1840 2566 vo-

233 2620 384 2676 cant,
417 2619 473 2665 ut
498 2623 600 2664 non
630 2609 861 2664 habeant
889 2608 992 2661 illze
1013 2607 1138 2676 quid
1169 2605 1393 2661 convicii
1420 2603 1702 2673 objiciunt.

308 2705 362 2758 4.
411 2701 577 2755 Fraus
601 2699 817 2771 insignis
851 2700 1170 2751 sacerdotum
1198 2697 1567 2768 gentilium.—
1587 2696 1836 2749 Attamen

234 2794 422 2850 Helias
461 2793 546 2847 hic
574 2790 835 2862 sapientia
869 2790 1036 2843 utitur
1066 2788 1305 2859 :quare?
1341 2789 1394 2841 id
1424 2787 1565 2857 quod
1597 2787 1839 2842 dicturus

233 2901 356 2941 sum
377 2885 512 2940 meis
538 2885 651 2954 ipse
677 2882 848 2938 oculis
881 2881 1155 2952 conspexi.
1189 2880 1243 2934 In
1277 2880 1539 2934 idolorum
1579 2879 1838 2934 altaribus

216 2978 497 3032 ‘furamina
537 2975 781 3046 quadam
821 2981 942 3029 sunt
985 2974 1040 3027 in
1082 2971 1337 3028 inferiore
1366 2972 1548 3026 altaris
1578 2977 1838 3039 parte,et

232 3069 374 3125 infra
399 3069 571 3142 posita
589 3077 672 3124 est
687 3064 931 3137 quredam
959 3062 1112 3120 fovea
1138 3063 1343 3119 occulta
1367 3061 1838 3132 :descenduntque

228 3164 434 3219 erroris
480 3161 716 3216 artifices
763 3160 818 3214 in
875 3158 1114 3223 foveam,
1154 3166 1209 3212 et
1247 3156 1325 3211 sic
1367 3171 1431 3211 ex
1486 3155 1837 3210 foraminibus

231 3253 492 3308 deorsum
525 3253 700 3323 ignem
725 3249 1012 3307 exsurdant
1039 3262 1252 3303 sursum
1271 3246 1338 3302 ad
1356 3245 1677 3302 sacriﬁcium
1702 3260 1835 3300 cou-

234 3348 548 3413 ficiendum,
577 3348 648 3400 ita
671 3353 730 3398 ut
746 3344 897 3398 multi
918 3343 1252 3412 decipiantur
1271 3349 1326 3396 et
1350 3349 1536 3410 putent
1564 3339 1833 3394 caelestem

227 3454 357 3495 esse
388 3439 582 3508 ignem.
615 3435 693 3493 Ne
719 3435 880 3506 igitur
915 3433 1090 3489 Helias
1119 3433 1174 3488 in
1197 3432 1556 3503 suspicionem
1595 3429 1828 3495 veniret,

228 3532 378 3603 quod
400 3545 454 3588 et
476 3533 588 3601 ipse
618 3529 793 3585 simile
809 3528 1077 3599 quidpiam
1098 3525 1433 3582 machinatus
1449 3532 1612 3591 esset,
1640 3539 1831 3594 aquam

224 3623 441 3691 effudit,
472 3632 529 3676 ut
559 3622 763 3676 foveam
796 3636 901 3675 non
941 3633 1062 3676 esse
1089 3633 1226 3689 aqua
1246 3618 1675 3673 demonstraret:
1710 3631 1832 3669 nam

223 3716 322 3771 ubi
345 3731 479 3785 aqua
509 3714 714 3769 foveam
742 3713 966 3783 reperit,
985 3725 1094 3768 non
1115 3709 1380 3775 consiStit,
1411 3708 1503 3764 sed
1525 3708 1829 3764 descendit.

227 3809 482 3880 implevit
535 3809 696 3880 igitur
745 3808 950 3872 altare,
995 3812 1051 3860 et
1081 3812 1327 3874 precatus
1363 3811 1445 3858 est
1478 3803 1561 3857 bis
1606 3804 1783 3858 verbis
1814 3820 1827 3856 :

223 3902 441 3958 Exaudi
479 3918 590 3967 me,
628 3899 881 3966 Domine,
923 3901 976 3952 in
1023 3899 1138 3969 igne
1177 3898 1634 3952 laodie:ea:audisti
1673 3913 1752 3950 me
1778 3900 1830 3950 in

219 4010 383 4064 aqua,
412 3993 597 4047 exaudi
629 4009 708 4046 me
746 4001 794 4045 et
830 3991 884 4043 in
920 3990 1036 4061 igne
1067 3990 1143 4059 (3.
1181 3987 1308 4058 Reg.
1334 3988 1421 4042 l8.
1447 3988 1562 4057 57).
1597 3987 1664 4041 Et
1705 4003 1831 4042 ecce

221 4087 349 4154 ipso
383 4085 666 4139 invocante
705 4081 988 4137 confestim
1021 4081 1158 4151 ignis
1184 4079 1457 4140 descendit
1486 4081 1554 4134 de
1584 4079 1746 4144 czclo,
1778 4089 1831 4134 et

219 4177 565 4245 Consumpsit
580 4175 897 4230 sacrificium
918 4182 971 4227 ct
993 4173 1038 4228 la
1049 4173 1484 4243 pides,etaquam
1506 4173 1828 4244 liuxitignis.

221 4269 368 4337 Quid
405 4279 584 4323 autem
620 4269 694 4321 ait
723 4267 962 4336 μορυιοῖ
990 4264 1409 4336 Comprehendite
1437 4265 1717 4319 sacerdotes
1747 4264 1830 4317 in-

222 4366 411 4432 fames,
442 4372 607 4413 nemo
624 4368 866 4414 servetur
887 4372 951 4412 ex
981 4358 1082 4411 illis
1109 4375 1120 4410 :
1153 4366 1202 4411 cl
1234 4355 1757 4425 comprehenderunt
1779 4367 1830 4410 et

220 4454 545 4510 occiderunt
572 4469 686 4518 eos,
719 4453 1136 4524 quadringentos
1167 4461 1219 4506 et
1249 4451 1623 4522 quinquaginta
1652 4466 1831 4505 sacer-

220 4547 385 4602 dotes
412 4546 570 4609 Baal,
606 4557 654 4599 et
690 4545 1106 4615 quadringentos
1133 4544 1444 4598 sacerdotes
1471 4545 1826 4598 excelsorum.

221 4639 444 4694 Audivit
473 4637 691 4694 Iezabel
737 4652 870 4692 uxor
911 4637 1091 4692 Achab
1112 4652 1173 4690 ea
1196 4653 1315 4706 qua:
1345 4637 1478 4690 facta
1508 4637 1750 4698 fuerant,
1777 4644 1832 4691 et

221 4730 376 4784 misit
401 4730 468 4783 ad
499 4729 703 4783 Heliam
735 4729 918 4784 dicens
951 4745 963 4781 :
998 4727 1124 4782 Haec
1153 4730 1344 4799 faciant
1371 4729 1494 4781 mihi
1521 4729 1616 4794 dii,
1647 4738 1692 4781 et
1723 4728 1830 4781 Ita’c

219 4827 460 4888 addant,
498 4822 596 4876 nisi
626 4838 738 4875 cras
779 4837 963 4890 ponam
991 4822 1226 4884 animum
1261 4830 1396 4873 tuam
1438 4822 1565 4873 sicut
1605 4821 1830 4873 animam

219 4916 382 4970 unius
407 4933 578 4970 eorum
600 4916 677 4986 (ὅ.
703 4913 829 4987 Reg.
858 4916 939 4972 l9.
962 4914 1049 4985 2.)
1076 4931 1087 4967 :
1115 4915 1199 4968 his
1229 4913 1443 4975 auditis,
1475 4913 1653 4968 Helias
1674 4912 1826 4982 fugit.

223 5007 457 5065 Ubinam
496 5017 579 5062 est
619 5006 799 5061 Helias
842 5007 930 5061 ille
975 5006 1093 5060 talis
1130 5004 1449 5074 tantusque?
1479 5004 1529 5057 in
1552 5005 1830 5074 proposito

221 5100 375 5156 enim
403 5098 533 5154 mihi
556 5108 640 5154 est
664 5098 969 5161 ostendere,
997 5096 1144 5150 illum
1165 5097 1215 5150 in
1241 5104 1516 5166 peccatum
1539 5095 1792 5149 incidisse
1813 5113 1824 5147 :

223 5204 512 5264 peccatum
540 5190 680 5256 dico,
711 5206 826 5245 non
851 5203 1110 5244 accusans
1133 5190 1358 5257 justum,
1388 5187 1483 5242 sed
1511 5187 1693 5241 salutis
1715 5202 1822 5240 ma-

222 5283 418 5338 teriam
448 5296 777 5350 procurans,
806 5289 865 5334 ut
892 5295 1012 5336 cum
1043 5288 1256 5334 sanctos
1287 5279 1406 5333 illos
1436 5286 1719 5347 peccantes
1748 5278 1829 5331 vi-

223 5373 412 5440 deris,
445 5381 498 5426 et
534 5372 604 5427 de
634 5385 729 5427 sua
763 5371 935 5426 salute
966 5386 1070 5424 non
1097 5369 1478 5440 desperantes,
1507 5367 1600 5424 sed
1637 5368 1832 5424 divina:

223 5463 570 5534 benignitatis
600 5473 876 5533 compotes
921 5461 1090 5517 factos
1114 5502 1131 5530 ,
1164 5472 1218 5516 tu
1247 5462 1455 5517 etiamsi
1486 5476 1710 5531 pecces,
1747 5477 1834 5516 sa-

226 5556 394 5610 lutem
436 5553 720 5609 admodum
766 5569 974 5623 speres.
1004 5552 1136 5607 Cum
1166 5552 1390 5608 dixisset
1416 5552 1632 5608 Iezabel
1656 5594 1671 5617 ,
1701 5551 1830 5606 Herc

224 5647 424 5719 faciant
465 5646 590 5702 mihi
615 5648 718 5713 dii,
754 5656 801 5702 et
829 5647 934 5700 hazc
960 5646 1184 5712 addant,
1229 5645 1328 5699 nisi
1358 5661 1472 5699 cras
1499 5660 1689 5714 ponam
1718 5645 1832 5698 ani-

216 5782 727 5898 mumgquedam
747 5783 956 5834 deerant
978 5785 1024 5833 in
1051 5783 1235 5845 nerei,
1260 5795 1371 5847 quae
1397 5796 1462 5834 ex
1476 5789 1583 5834 Mss.
1613 5791 1665 5835 et
1684 5782 1824 5836 Sevi].

311 5864 326 5898 ι
504 5878 520 5895 ο

311 5864 520 5898 ιυωιωτ.

1421 382 1486 440 IN
1526 381 1624 440 SS.
1667 377 1953 438 PETRUII
1993 379 2084 439 ΕΤ
2124 383 2410 442 HELIAM.

3450 396 3558 455 πθ

1956 513 2093 551 mam
2119 504 2283 566 tuam,
2313 509 2369 553 ut
2389 499 2615 554 animam
2640 501 2792 556 unius
2816 517 2881 558 ea:
2906 502 3031 574 ipsis
3057 505 3136 576 (ὅ.
3159 504 3293 578 Iicg.
3324 507 3410 565 i9.
3439 509 3476 566 ﬁ
3500 520 3554 579 ),

1952 591 2153 646 audivit
2185 591 2395 660 Helias,
2428 602 2482 650 et
2509 595 2641 665 fugit
2665 595 2856 653 itinere
2879 589 3088 654 dierum
3115 589 3486 672 quadraginta.
3515 606 3559 659 0

1945 681 2162 755 timoris
2208 686 2519 740 excessum!
2564 685 2806 742 mulieris
2846 703 3033 744 vocem
3070 689 3300 757 audivit,
3329 701 3392 748 et
3425 709 3558 765 qua-

1950 772 2193 845 draginta
2214 776 2424 830 dierum
2452 778 2626 847 spatio
2653 777 2786 851 fugit
2819 798 2833 835 :
2865 795 2971 836 non
3003 797 3110 838 uno
3135 783 3224 839 die
3242 825 3257 852 ,
3282 800 3390 840 nun
3412 786 3557 842 duo-

1950 867 2080 934 bus,
2133 884 2239 924 non
2287 869 2489 937 tribus;
2518 871 2626 926 sed
2664 887 2784 927 cum
2829 875 3061 944 primum
3096 876 3339 933 mulieris
3375 894 3557 936 sermo

1950 961 2098 1016 venit
2123 962 2188 1016 ad
2219 963 2558 1032 prophetam,
2583 981 2693 1033 prae
2731 977 2874 1022 metu
2903 969 3150 1025 nesciens
3176 971 3302 1041 quid
3330 983 3551 1043 ageret,

1950 1060 2150 1106 tantam
2177 1052 2353 1124 fugam
2383 1055 2527 1110 fecit.
2557 1057 2694 1124 Quid
2719 1060 2820 1114 hoc
2849 1069 2952 1127 est,
2983 1061 3174 1118 Helia?
3207 1076 3334 1120 tune
3358 1066 3446 1122 ille
3467 1082 3553 1134 es,

1949 1144 2257 1214 quietelum
2288 1147 2525 1202 clausisti
2549 1190 2561 1213 ,
2590 1149 2816 1218 pluviam
2847 1152 3085 1218 frenasti,
3113 1156 3224 1210 aeri
3253 1156 3552 1228 imperasti,

1949 1237 2124 1306 ignem
2166 1254 2232 1294 ex
2271 1240 2379 1294 alto
2399 1243 2672 1310 evocasti,
2705 1245 3016 1302 sacerdotes
3042 1248 3378 1314 interfecisti,
3437 1254 3552 1322 regi

1948 1328 2137 1384 Achab
2170 1330 2388 1395 dixisti,
2419 1331 2497 1386 Tu
2523 1350 2576 1388 es
2599 1337 2686 1404 qui
2715 1339 2963 1407 subsertis
2989 1337 3234 1395 Israelem
3253 1382 3270 1407 ,
3299 1351 3345 1396 et
3370 1343 3553 1398 domus

1949 1421 2108 1488 patris
2140 1421 2213 1474 tui
2240 1422 2315 1493 (ὅ.
2340 1422 2470 1494 Reg.
2497 1424 2584 1479 18.
2612 1427 2698 1480 l7.
2752 1437 2808 1484 et
2847 1429 2953 1502 i8)
2983 1446 2999 1494 ;
3069 1431 3158 1501 qui
3179 1431 3384 1496 dixisti,
3418 1428 3554 1488 Vivit

1949 1510 2221 1579 Dominus,
2263 1514 2308 1568 si
2355 1516 2448 1569 erit
2489 1516 2693 1587 pluvia,
2747 1520 2847 1575 nisi
2895 1537 2986 1590 per
3040 1538 3097 1577 os
3152 1540 3374 1592 meum;
3457 1528 3552 1597 qui

1950 1604 2127 1660 vidua:
2170 1607 2386 1662 domum
2418 1625 2597 1669 aream
2638 1623 2694 1667 et
2732 1614 3125 1684 manipulorum
3169 1619 3378 1688 copiam
3416 1621 3553 1675 etle-

1947 1696 2066 1751 cisti
2090 1699 2230 1773 ,[qui
2270 1700 2552 1756 elementis
2597 1701 2948 1773 imperavisti,
2979 1722 3286 1764 sermonem
3309 1713 3553 1767 meretri-

1948 1786 2027 1841 cis
2055 1789 2308 1844 audivisti
2339 1802 2391 1845 et
2420 1789 2618 1862 fugisti,
2650 1804 2702 1848 et
2725 1811 2828 1849 una
2863 1797 3055 1852 mulier
3087 1808 3138 1855 te
3158 1801 3426 1869 captivum
3442 1803 3549 1856 rab-

1948 1878 2097 1932 ducit
2117 1880 2149 1932 ?'
2171 1881 2313 1936 Duas
2340 1897 2492 1938 arces
2524 1885 2800 1954 (Ecclesia:
2825 1887 2842 1957 )
2872 1903 2974 1941 una
3008 1888 3166 1959 fregit
3191 1892 3502 1948 muliercula
3534 1910 3549 1946 :

1946 1969 2140 2028 Petrus
2169 1974 2399 2043 puellam
2429 1978 2629 2030 veritus
2656 1987 2758 2044 cst,
2788 1990 2841 2034 et
2862 1981 2947 2034 ille
2969 1981 3212 2047 Jezabel;
3262 1983 3314 2037 in
3359 1984 3550 2039 eadem

1947 2077 2164 2136 peccata
2209 2069 2444 2148 prolapsi
2492 2080 2636 2124 sunt.
2687 2071 2755 2126 Et
2793 2071 2923 2141 fugit
2948 2074 3127 2128 Helias
3152 2076 3290 2130 viam
3314 2076 3548 2145 quadra-

1947 2160 2090 2230 ginta
2120 2159 2348 2215 dierum.
2381 2160 2482 2218 Ubi
2512 2171 2595 2218 est
2619 2164 2763 2218 zelus
2792 2173 2931 2228 tuus,
2965 2166 3135 2232 Helia,
3163 2168 3378 2237 quando
3401 2169 3554 2224 dice-

1945 2252 2043 2308 bas
2062 2295 2077 2318 ,
2128 2253 2259 2307 Vivit
2291 2253 2561 2321 Dominus,
2595 2258 2639 2310 si
2664 2258 2756 2310 erit
2794 2257 2985 2327 pluvia,
3017 2259 3115 2312 nisi
3141 2275 3232 2330 per
3256 2276 3312 2314 os
3337 2277 3502 2314 meum
3525 2261 3551 2315 .’

1946 2345 2159 2414 quando
2185 2345 2373 2401 Achab
2398 2363 2575 2417 regem
2606 2349 2946 2419 vituperabas
2965 2339 3225 2419 ,Iquando
3243 2351 3418 2420 ignem
3448 2367 3544 2406 vo-

1929 2435 2078 2492 casti
2109 2437 2230 2508 (a)?
2297 2437 2464 2493 Tanta
2507 2453 2792 2508 operatus,
2826 2452 2878 2494 et
2901 2442 3146 2495 mulieris
3175 2443 3332 2498 unius
3364 2458 3550 2498 vocem

1945 2547 2051 2585 non
2084 2531 2286 2587 tulisti?
2322 2531 2424 2587 Ubi
2445 2540 2527 2586 est
2550 2533 2636 2587 illa
2665 2543 2754 2588 tua
2774 2536 3094 2599 constantia,
3118 2551 3240 2589 cum
3266 2536 3549 2592 Dominum

1946 2640 2140 2695 rogare
2181 2626 2396 2680 noluisti
2426 2667 2441 2691 ,
2469 2635 2527 2679 ut
2559 2626 2790 2695 pluviam
2822 2627 2976 2681 daret
3007 2627 3210 2682 teme?
3235 2628 3379 2683 clare
3405 2629 3549 2684 enim

1945 2717 2316 2772 subindicabat
2335 2717 2451 2782 tibi,
2475 2732 2538 2772 ac
2567 2719 2611 2772 si
2638 2717 2842 2773 diceret
2866 2737 2877 2772 :
2905 2718 3051 2789 Roga
3084 2735 3180 2790 pro
3204 2719 3401 2789 pluvia,
3427 2721 3552 2777 licet

1943 2823 2043 2878 ego
2070 2809 2184 2863 sine
2211 2818 2263 2865 te
2287 2808 2416 2863 dare
2443 2811 2662 2878 possim,
2694 2809 2790 2864 sed
2815 2810 2980 2876 noltti,
3014 2820 3067 2865 ut
3094 2811 3546 2882 quemadmodum

1943 2900 2208 2954 malorum
2254 2900 2573 2954 conciliator
2611 2900 2797 2964 fuisti,
2846 2902 2920 2955 ita
2959 2911 3013 2956 et
3062 2902 3326 2957 bonorum
3358 2902 3464 2957 dux
3494 2914 3551 2958 et

1942 3000 2128 3046 auctor
2170 2992 2265 3045 sis.
2310 2991 2506 3046 Fecisti
2547 2992 2729 3058 enim,
2775 2992 2959 3058 Helia,
3005 3008 3118 3048 rem
3161 2993 3550 3050 inhumanitate

1943 3082 2192 3152 plenam;
2226 3080 2368 3136 Deus
2395 3096 2523 3136 vero
2552 3097 2616 3137 ex
2649 3083 2956 3137 calamitate
2981 3084 3349 3140 misericordia
3372 3095 3551 3140 motus

1943 3188 2080 3244 erat,
2103 3181 2225 3250 quia
2249 3179 2488 3234 omnium
2513 3179 2625 3249 ipse
2646 3188 2859 3236 creator
2882 3188 2938 3234 et
2962 3179 3139 3250 opifex
3163 3188 3276 3247 est;
3308 3181 3551 3237 omnium

1943 3271 2142 3342 pariter
2177 3280 2394 3326 curator
2434 3279 2552 3337 est,
2598 3270 2869 3340 voluitque
2911 3270 3355 3326 inhumanitatem
3403 3279 3548 3328 tuam

1941 3363 2224 3424 emollire,
2279 3371 2334 3416 et
2376 3371 2432 3416 tu
2481 3360 2663 3416 in-illa
2711 3362 3117 3430 perseverabas.
3153 3362 3376 3418 Dicebat
3404 3363 3546 3431 tibi,

1940 3457 2072 3512 Novi
2103 3456 2462 3510 calamitatem
2492 3469 2611 3523 quae
2635 3453 2868 3519 accidit,
2919 3455 3041 3508 novi
3090 3464 3320 3509 matrum
3366 3453 3545 3521 ﬂetus,

1943 3549 2066 3604 novi
2113 3561 2403 3618 puerorum
2450 3545 2684 3599 ululatus
2716 3561 2728 3598 :
2763 3544 2917 3599 video
2947 3553 3145 3598 terram
3171 3585 3185 3608 ,
3214 3560 3373 3615 quam
3404 3544 3504 3600 feci
3530 3585 3546 3611 ,

1939 3640 2170 3695 deletam
2196 3679 2212 3705 ,
2261 3645 2320 3691 et
2362 3637 2486 3691 volo
2523 3637 2752 3706 benigne
2780 3650 2903 3690 cum
2934 3634 3020 3689 illa
3047 3649 3246 3706 agere;
3280 3634 3374 3690 sed
3419 3637 3550 3692 nolo

1939 3741 2118 3786 tamen
2151 3714 2212 3784 tee
2229 3728 2430 3798 probro
2471 3726 2689 3782 afficere
2713 3769 2728 3792 ,
2781 3742 2955 3796 neque
2985 3729 3101 3781 sine
3132 3735 3223 3780 tuo
3249 3735 3382 3781 nutu
3428 3728 3548 3796 plu-

1941 3825 2079 3879 viatn
2127 3823 2346 3877 mittere
2368 3861 2383 3887 ,
2419 3836 2486 3875 ne
2511 3819 2777 3874 malorum
2822 3828 2877 3874 tu
2914 3833 3076 3874 causa
3126 3819 3203 3873 sis
3227 3859 3241 3884 ,
3279 3819 3546 3877 bonorum

1942 3932 2073 3972 vero
2118 3931 2223 3970 non
2266 3915 2433 3980 item;
2485 3913 2580 3968 sed
2621 3923 2672 3968 te
2699 3913 2751 3967 in
2780 3911 2986 3966 honore
3029 3911 3224 3966 habeo.
3253 3912 3298 3967 0
3330 3912 3544 3968 Domini

1940 4011 2323 4065 humanitatem
2393 4006 2767 4064 benevolentia
2838 4019 2964 4075 erga
3027 4019 3248 4059 servum
3316 4020 3544 4075 supera—

1938 4113 2044 4157 tam
2076 4101 2187 4173 (b)!
2220 4100 2401 4156 Helias
2433 4109 2611 4154 tamen
2657 4098 2838 4152 multae
2864 4105 2983 4152 erat
3008 4096 3326 4165 arrogantitc
3347 4137 3362 4162 ,
3393 4097 3544 4166 quasi

1937 4194 2302 4266 impeccabilis
2336 4211 2349 4248 :
2380 4207 2524 4247 nunc
2552 4201 2729 4246 autem
2761 4192 2812 4245 in
2843 4199 3122 4260 peceatum
3156 4190 3337 4258 lapsus
3362 4202 3547 4244 oaten—

1937 4304 2028 4344 sus
2062 4297 2176 4353 est,
2215 4287 2332 4342 Deo
2374 4284 2717 4355 permittente
2744 4298 2805 4336 ac
2834 4281 3153 4352 providente
3176 4323 3189 4345 ,
3227 4291 3284 4335 ut
3312 4281 3544 4336 humane

1938 4383 2149 4438 habitus
2176 4422 2189 4445 ,
2223 4395 2346 4449 erga
2391 4379 2524 4432 alios
2552 4386 2608 4431 et
2637 4378 2753 4448 ipse
2779 4392 2887 4429 non
2919 4374 3244 4430 inhumanus
3268 4384 3439 4452 esset.
3474 4372 3546 4427 Et

1936 4476 2086 4548 fugit,
2120 4473 2313 4544 inquit,
2347 4470 2525 4525 Helius
2549 4471 2682 4523 viam
2705 4471 2903 4522 dierum
2935 4468 3277 4539 quadraginta
3305 4470 3380 4539 (5.
3409 4467 3538 4540 Reg.

1937 4565 2130 4637 l9.8).
2162 4566 2388 4622 Ubinam
2420 4571 2539 4618 sunt
2570 4562 2658 4616 illa
2682 4561 2866 4625 verba,
2891 4575 3008 4630 quae
3037 4575 3157 4613 cum
3188 4559 3255 4613 ad
3279 4560 3546 4629 quinqua-

1935 4665 2181 4734 genarios
2207 4660 2450 4725 dixisset,
2483 4655 2761 4712 descendit
2792 4655 2950 4724 ignis,
2975 4661 3029 4708 et
3058 4652 3178 4709 illos
3209 4653 3540 4708 combussit?

1934 4761 2065 4813 Cum
2095 4757 2255 4827 igitur
2283 4753 2561 4812 declarare
2606 4749 2772 4803 vellet
2818 4749 2956 4802 Dens
2981 4788 2994 4812 ,
3042 4744 3256 4817 quando
3284 4745 3540 4802 miracula

1938 4853 2048 4922 ipsa
2099 4852 2290 4906 tierent
2315 4892 2329 4915 ,
2380 4864 2484 4903 non
2536 4845 2743 4901 Heliam
2770 4885 2784 4906 ,
2817 4843 2916 4898 sed
2948 4842 3039 4896 Dei
3070 4844 3318 4896 virtutem
3348 4839 3434 4893 illa
3464 4838 3542 4893 fe-

1936 4946 2103 5008 cisse,
2150 4944 2272 4998 vide
2307 4941 2440 5012 .quid
2483 4937 2810 5006 faciat..Quo
2844 4945 3086 5004 tempore
3114 4934 3253 4988 Deus
3284 4933 3543 5001 operaba-

1939 5047 2022 5092 tur
2045 5079 2059 5098 .
2103 5051 2258 5106 reges
2279 5076 2295 5099 ,
2328 5033 2597 5104 principes
2626 5040 2681 5086 et
2711 5029 2889 5098 pepuli
2919 5026 3182 5082 cadebant
3207 5043 3220 5091 ;
3254 5041 3374 5080 cum
3405 5041 3538 5080 vero

1939 5133 2077 5187 Deus
2105 5129 2384 5191 abscessit,
2417 5127 2496 5181 vel
2526 5125 2715 5179 mulier
2745 5121 2998 5176 terribilis
3023 5120 3137 5175 visa
3165 5128 3249 5174 est
3283 5137 3295 5173 :
3327 5118 3544 5173 absces-

1936 5225 2004 5280 sit
2038 5225 2215 5287 Deus,
2257 5230 2311 5275 et
2351 5220 2579 5272 humana
2625 5224 2813 5269 natura
2863 5218 3109 5281 superata
3151 5219 3253 5264 est.
3291 5210 3540 5263 Attamen

1939 5333 2058 5373 cum
2089 5315 2309 5386 fugisset
2335 5313 2516 5371 Helias
2543 5309 2733 5364 diebus
2761 5303 3133 5378 quadraginta,
3164 5303 3305 5355 venit
3336 5301 3543 5355 dormi-

1937 5414 2118 5484 vitque
2143 5408 2372 5482 quodam
2405 5407 2457 5460 in
2490 5404 2646 5469 loco,
2679 5402 2929 5470 venitque
2957 5398 3023 5452 ad
3055 5398 3200 5450 illum
3234 5395 3403 5457 Deus,
3441 5392 3545 5447 Do-

1999 5658 2074 5719 (a)
2106 5648 2745 5719 Quteuncinisclauduntur
2777 5659 2808 5697 a
2845 5639 3038 5694 Mentel.
3063 5637 3246 5690 omissa
3287 5640 3419 5692 sunt,
3463 5631 3551 5681 hic

1939 5715 2113 5770 vei-tie.
2139 5717 2312 5766 savilio
2333 5715 2580 5764 restituta.
3212 5763 3221 5770 _

2003 5762 2076 5844 (b)
2091 5762 2194 5829 ‘ttic
2209 5762 2449 5827 tamen.
2474 5773 2717 5844 quaedam.
2738 5770 3184 5844 deerantinecnon
3210 5763 3258 5811 in
3282 5762 3541 5820 sequenti.

1940 5832 2186 5906 bus,'qua:
2208 5853 2274 5891 ex
2297 5847 2402 5888 Mss.
2431 5832 2572 5888 et'ex
2597 5832 2738 5885 sati].
2768 5835 3014 5884 sarsimus.
