4182 6322
681 392 784 447 T55

685 508 861 560 minus
885 501 950 556 ad
978 512 1228 564 serrula;
1273 496 1361 551 ille
1385 535 1398 558 ,
1442 494 1652 562 inquam
1678 528 1693 554 ,
1737 494 1951 541 curator
1987 493 2039 538 et
2074 494 2262 537 amans

1511 375 1569 435 ε.
1601 372 1876 432 JOANNIS
1899 363 2366 426 CliliYSOSTOJiI
2393 363 2709 420 ARCllIEP.
2750 357 3279 418 CONSTANTINOP.
3849 357 3945 412 736

2365 479 2712 543 transmittit;
2765 477 2844 534 sic
2880 474 3101 530 verbum
3149 471 3388 528 mulieris
3417 469 3470 525 in
3507 468 3828 542 propbe'am
3865 472 3945 523 in-

687 597 957 650 hnminum
991 610 1005 645 :
1033 599 1088 646 et
1115 561 1241 660 quid
1268 586 1385 641 ait?
1409 561 1603 656 gnarus
1627 578 1840 649 quidem
1869 591 1970 647 qua
2001 573 2068 628 de
2102 585 2259 626 causa
2363 583 2643 660 gressum,
2694 567 2841 621 illum
2886 579 3007 619 cum
3053 564 3254 632 impetu
3293 562 3344 615 in
3379 561 3650 617 desertum
3693 562 3943 628 coniecit.

685 689 818 742 istuc
841 685 1092 748 venisset,
1111 689 1342 735 attamen
1364 677 1695 731 sciscitatur:
1721 671 1857 738 Quid
1879 679 1930 722 tu
1949 668 2048 731 hic,
2075 663 2265 719 Helia?

683 776 807 846 quid
828 776 908 830 hic
929 776 1038 845 agis
1061 774 1079 845 (
1122 775 1207 830 Ib.
1231 775 1284 831 9.
1321 788 1428 841 sqq.
1460 774 1480 842 )
1521 763 1905 820 ?subindicans
1925 757 2039 827 eius
2067 754 2260 846 fugam,

691 845 753 922 .étc
783 869 827 922 si
851 867 1054 920 diceret
1085 882 1098 916 ε
1133 859 1329 931 Fugisti
1358 875 1372 913 ε
1404 858 1492 911 ubi
1521 865 1604 910 est
1633 854 1719 909 illa
1751 848 1977 906 fiducia?
2001 846 2068 902 Ut
2091 845 2266 900 discas

689 958 894 1011 viribus
922 957 1026 1009 tuis
1048 970 1152 1008 non
1179 950 1470 1006 confidere.
1515 945 1650 1014 Quid
1681 955 1734 997 tu
1768 944 1849 996 hic
1871 983 1887 1006 ,
1934 938 2119 993 Helia?
2142 935 2266 1006 quid

687 1049 771 1101 hic
806 1047 917 1117 agis
939 1046 964 1098 .9
991 1040 1285 1112 Respondit
1306 1051 1480 1094 tamen
1510 1037 1686 1091 Ilelias
1709 1076 1723 1100 ,
1752 1034 1853 1088 alia
1884 1031 1935 1085 in
1966 1036 2145 1084 mente
2173 1025 2268 1082 ha—

688 1138 819 1192 bens
841 1116 858 1201 ,
883 1145 938 1190 et
959 1135 1066 1187 alia
1097 1133 1300 1186 dicens.
1326 1128 1462 1196 Quid
1501 1126 1659 1197 igitur
1685 1123 1751 1178 ad
1779 1123 1894 1176 haec
1925 1119 2134 1175 llelias?
2156 1116 2265 1170 Do-

690 1228 845 1292 mine,
874 1227 1143 1297 proyiltetas
1172 1233 1282 1275 tuos
1307 1218 1594 1274 occiderunt
1616 1257 1628 1278 ,
1657 1223 1703 1269 et
1729 1214 1912 1266 altaria
1937 1222 2022 1264 tua
2047 1206 2268 1275 suﬂ'ode-

687 1328 802 1372 runt
829 1333 848 1370 :
878 1326 921 1369 et
961 1331 1052 1385 ego
1101 1313 1308 1366 relictus
1354 1325 1466 1362 sum
1507 1307 1644 1359 solus
1664 1347 1676 1368 ,
1703 1314 1749 1357 et
1777 1311 2008 1372 quterunt
2047 1300 2267 1351 animant

690 1424 850 1461 meam
879 1448 893 1469 ,
924 1417 978 1459 ut
1009 1406 1245 1474 auferant
1287 1417 1418 1454 eam.
1461 1395 1595 1463 Quid
1627 1395 1783 1464 igitur
1811 1392 1875 1446 ad
1905 1392 2052 1445 illum
2085 1386 2266 1442 Deus?

690 1498 869 1553 statim
906 1497 1052 1550 illum
1084 1493 1368 1562 redarguit.
1406 1487 1520 1544 Non
1551 1485 1671 1540 ideo
1701 1484 1904 1553 fugisti,
1930 1481 2132 1550 inquit,
2165 1479 2268 1534 lle-

689 1590 796 1650 lia;
843 1602 945 1641 non
989 1585 1128 1639 enim
1170 1592 1223 1636 tu
1267 1581 1409 1635 solus
1435 1595 1528 1642 es,
1559 1577 1647 1647 qui
1685 1591 1790 1629 non
1836 1572 2069 1627 adorasti
2100 1569 2264 1624 Baal:

693 1678 818 1731 hinc
844 1677 990 1729 illum
1020 1674 1341 1742 redargueus
1371 1669 1644 1738 subiungit
1668 1684 1680 1719 :
1709 1665 1908 1734 Reliqui
1936 1663 2057 1716 mihi
2084 1671 2268 1731 septem

694 1772 856 1825 millia
883 1769 1123 1829 virorum,
1152 1767 1236 1833 qui
1259 1781 1360 1818 non
1375 1769 1698 1817 curvaverant
1717 1775 1845 1829 genu
1865 1767 1982 1810 ante
1998 1755 2129 1809 Baal
2161 1752 2265 1821 (Ib.

690 1878 739 1916 ν.
775 1858 888 1931 l8.)
921 1859 1208 1927 Redarguit
1229 1856 1384 1925 igitur
1406 1854 1574 1915 illum,
1606 1850 1747 1922 quod
1773 1864 1876 1904 non
1905 1862 2021 1902 eam
2050 1845 2120 1900 ob
2144 1860 2270 1899 caua

694 1967 809 2006 sam
837 1949 1078 2020 fugisset,
1107 1947 1200 2009 sed
1231 1945 1468 2000 mulieris
1492 1950 1634 1996 metu
1664 1948 1940 2008 correptus
1966 1937 2004 1989 ³.
2036 1935 2123 1990 Sic
2151 1949 2268 1987 mu-

693 2045 795 2099 lier
821 2058 922 2097 uua
954 2042 1110 2095 talem
1140 2048 1448 2105 tantumque
1469 2035 1640 2088 virum
1669 2030 1942 2101 fugitivum
1971 2024 2146 2081 effecit
2166 2064 2181 2088 ,
2215 2031 2271 2078 ut

693 2134 890 2197 discas,
923 2131 1094 2194 Helia,
1123 2143 1243 2185 cum
1272 2124 1473 2196 aliquid
1503 2121 1813 2177 admirabile
1835 2117 2024 2173 feceris
2043 2156 2058 2181 ,
2087 2114 2139 2169 id
2164 2127 2268 2167 non

691 2223 782 2276 tibi
805 2218 1210 2274 adscribcndum
1237 2230 1354 2269 esse
1377 2216 1422 2279 ',
1445 2211 1539 2267 sed
1568 2210 1657 2264 Dci
1691 2199 1894 2276 virtuti.
1922 2205 2106 2258 Vidisti
2131 2217 2266 2271 quo.

694 2311 855 2364 modo
882 2308 1188 2364 discedente
1223 2304 1389 2376 gratia
1415 2343 1430 2366 ,
1469 2308 1716 2370 superata
1751 2298 1821 2352 sit
1862 2293 2089 2350 natura?
2114 2291 2270 2363 Fugit

699 2401 876 2456 Helias
900 2401 1074 2454 itinere
1092 2399 1284 2451 dierum
1305 2395 1661 2468 quadraginta.
1683 2390 1728 2445 Ο
1749 2391 1990 2444 timorem
2014 2387 2229 2440 nimium
2251 2384 2265 2438 l

695 2509 731 2547 o
759 2491 1057 2547 formidinis
1085 2485 1504 2544 vehementiam!
1536 2499 1639 2538 non
1666 2495 1775 2537 uno
1794 2521 1810 2545 ,
1840 2489 1930 2534 aut
1956 2478 2123 2532 altero
2144 2517 2160 2543 ,
2181 2483 2272 2530 aut

695 2583 852 2639 tertio
876 2624 892 2650 ,
938 2581 1029 2636 sed
1078 2578 1423 2650 quadraginta
1464 2575 1652 2629 diebus
1689 2571 1853 2642 fugit,
1883 2578 1938 2626 et
1963 2568 2028 2623 ad
2055 2567 2271 2622 omnino

696 2677 959 2730 desertam
1000 2672 1273 2742 regionem
1314 2685 1375 2725 se
1403 2667 1654 2734 contulit,
1695 2678 1802 2719 non
1841 2662 1992 2727 cibo,
2037 2675 2143 2715 non
2168 2657 2268 2712 ali-

698 2775 879 2821 mento
917 2764 1162 2835 quopiam
1191 2761 1481 2816 instructus
1509 2776 1522 2813 :
1547 2766 1691 2811 metu
1721 2756 1914 2825 quippe
1949 2752 2127 2807 ebrius
2157 2750 2270 2803 haec

696 2872 800 2910 non
823 2855 1043 2910 curabat
1066 2895 1080 2916 ,
1109 2852 1202 2907 sed
1228 2853 1438 2906 deserta
1479 2850 1595 2903 loca
1623 2846 1943 2903 sectabatur.
1971 2844 2267 2914 ingressum

701 2955 784 3002 est
812 2946 1047 3001 mulieris
1075 2945 1293 3000 verbum
1325 2943 1376 2996 in
1406 2942 1737 3011 prophetam,
1766 2945 1820 2993 et
1840 2937 1988 3007 quasi
2009 2934 2270 3005 zephyrus

694 3039 1036 3096 vehementer
1072 3038 1124 3092 in
1158 3037 1336 3091 velum
1373 3032 1591 3089 sufﬂans
1627 3032 1891 3100 navigium
1924 3043 2045 3083 cum
2072 3027 2268 3096 impetu

761 3216 863 3284 ‘..‘n
879 3209 1041 3284 ,δίκην
1067 3208 1181 3273 qui“
1203 3220 1421 3284 πρηθείη
1441 3207 1500 3257 οδ
1538 3217 1735 3256 mm
1754 3202 1939 3268 fugisti.
1962 3201 2048 3253 sed
2072 3204 2270 3264 propter

697 3273 1668 3392 mil'uxeiieéindorfm‘diqu
1684 3326 1738 3378 tu
1760 3339 1853 3378 non
1874 3321 2213 3376 unum».

2370 659 2622 722 Ubinam,
2651 657 2800 713 Helia
2821 698 2838 724 ,
2861 656 2949 710 illa
2973 664 3058 708 tua
3082 654 3334 723 loquendi
3358 652 3614 708 libertas?
3645 651 3862 705 ubinam
3888 664 3946 702 os

2368 751 2496 806 illud
2525 748 2790 804 terribile?
2817 747 2903 802 ubi
2931 746 3108 816 lingua
3135 744 3223 799 illa
3245 744 3492 798 imbrium
3513 740 3946 810 suopeditatrix?

2369 843 2457 898 ubi
2480 841 2587 907 ille,
2610 840 2701 908 qui
2731 839 2967 908 utrisque
2995 835 3274 892 elementis
3299 833 3643 905 pmipiehat
3660 874 3676 897 ,
3707 842 3760 887 et
3791 833 3949 886 modo

2367 936 2556 990 ctelum
2594 931 2914 997 claudebat,
2943 929 3104 985 modo
3155 929 3331 998 ignem
3377 925 3629 980 evocabat
3655 925 3721 979 ad
3742 924 3948 979 sacriﬁ-

2368 1027 2551 1084 cium?
2573 1028 2820 1080 Attamen
2839 1065 2855 1089 ,
2905 1033 2961 1077 ut
2982 1021 3127 1085 dixi,
3158 1019 3272 1075 haec
3296 1016 3520 1073 faciebat
3547 1024 3808 1086 operante
3831 1029 3948 1084 gra-

2368 1119 2438 1173 tia
2461 1115 2840 1187 ;quamobrem
2863 1129 2892 1168 a
2917 1115 3024 1167 Deo
3049 1111 3404 1181 rcdarguitur.
3427 1105 3586 1162 Vides
3605 1105 3879 1176 quomodo
3899 1104 3950 1157 in

2369 1218 2642 1281 peccatum
2671 1207 2796 1262 illud
2826 1206 3073 1277 exiguum
3103 1203 3297 1259 cadere
3320 1187 3618 1272 permissus
3644 1198 3753 1261 sit,
3782 1205 3842 1250 ut
3869 1197 3949 1250 in-

2371 1311 2520 1373 tegro
2545 1299 2886 1370 benignitatis
2921 1297 3116 1351 amictu
3142 1309 3200 1350 se
3219 1293 3502 1349 indueret?
3540 1291 3763 1345 Demum
3789 1328 3806 1354 ,
3848 1286 3951 1342 lle-

2371 1393 2462 1457 lia,
2495 1390 2737 1447 eruditus
2767 1405 2859 1454 es;
2889 1397 3005 1443 esto
3040 1387 3296 1455 benignus
3329 1384 3467 1438 sicut
3505 1381 3762 1436 Dominus
3789 1389 3949 1446 tuus,

2372 1493 2431 1538 ut
2455 1483 2694 1538 eruditus
2717 1496 2795 1543 es,
2831 1490 2888 1534 ut
2911 1477 3139 1532 didicisti
3160 1491 3189 1529 a
3214 1473 3440 1530 Domino
3469 1480 3579 1527 tuo.
3606 1470 3794 1526 Vidisti
3821 1483 3952 1539 quo-

2370 1573 2530 1629 modo
2569 1569 2869 1642 permiserit
2910 1569 3048 1623 Deus
3089 1566 3143 1620 in
3177 1565 3422 1634 exiguum
3458 1568 3732 1633 peccatum
3762 1558 3954 1614 cadere

2371 1667 2651 1722 columnas
2676 1664 2813 1726 illas,
2844 1657 3258 1731 propugnacula,
3280 1654 3493 1710 turres?
3513 1667 3582 1708 ne
3604 1653 3648 1706 si
3679 1651 3901 1707 omnino
3923 1665 3954 1706 ι

2373 1758 2606 1829 peccatis
2635 1765 2887 1824 expertes
2914 1759 3096 1806 essent
3116 1791 3132 1815 ,
3166 1762 3356 1803 omnes
3379 1747 3447 1800 ab
3473 1746 3709 1801 Ecclesia
3739 1742 3954 1799 exscin-

2370 1849 2593 1912 derent;
2627 1854 2684 1900 ut
2702 1860 2824 1900 cum
2867 1843 3099 1911 aliquem
3143 1849 3449 1910 peccantem
3487 1835 3760 1901 viderint,
3796 1843 3956 1902 supra

2371 1938 2439 1993 ad
2489 1937 2640 1992 illum
2681 1938 2797 1992 sine
2840 1931 3205 1989 misericordia
3249 1927 3618 1997 excipiendum
3649 1924 3809 1995 proni
3844 1923 3956 1978 fue-

2372 2031 2497 2095 rint,
2527 2026 2877 2083 recordentur
2902 2025 3105 2096 peccati
3121 2024 3223 2084 sui,
3248 2030 3300 2076 et
3327 2018 3569 2074 eamdem
3593 2018 3642 2072 ei
3667 2024 3955 2071 exerceant

2373 2119 2775 2190 benignitatem,
2799 2131 2954 2186 quam
2976 2123 3029 2169 et
3051 2114 3148 2183 ipsi
3170 2109 3484 2181 consequuti
3506 2117 3627 2162 sunt
3649 2123 3680 2162 a
3704 2108 3951 2162 Domino.

2373 2211 2498 2266 Haec
2517 2209 2767 2269 diximus,
2798 2221 2906 2260 non
2933 2204 3178 2274 utjustos
3202 2202 3320 2256 illos
3346 2212 3737 2262 accusaremus,
3771 2198 3867 2252 sed
3896 2205 3951 2252 ut

2374 2301 2524 2354 vobis
2550 2301 2688 2353 viam
2727 2297 2914 2352 salutis
2953 2305 3410 2365 prtepararemus;
3457 2299 3514 2344 ut
3546 2305 3668 2345 cum
3696 2303 3955 2358 peccave-

2372 2391 2512 2457 ritis,
2542 2405 2611 2445 ne
2636 2387 2927 2458 deSperetis
2952 2385 3018 2440 de
3046 2385 3216 2439 salute
3244 2392 3455 2446 vestra,
3494 2395 3762 2436 memores
3782 2380 3956 2448 justo—

2373 2499 2492 2539 rum
2541 2483 2751 2538 illorum
2779 2521 2796 2543 ,
2840 2478 2930 2550 qui
2959 2478 3091 2548 lapsi
3129 2485 3286 2542 sunt,
3315 2483 3371 2528 et
3394 2490 3487 2543 per
3507 2472 3874 2542 ptenitentiam
3901 2469 3952 2526 in

2374 2576 2562 2631 eodem
2592 2588 2694 2629 nec
2715 2573 2992 2626 imminuto
3018 2568 3236 2623 honoris
3256 2565 3422 2636 gradu
3449 2570 3781 2619 manserunt.
3810 2560 3955 2616 Dixi-

2374 2682 2495 2722 mus
2545 2666 2716 2735 primo
2755 2664 2964 2718 illorum
3006 2661 3257 2722 virtutes;
3299 2664 3356 2711 et
3394 2655 3586 2711 deinde
3619 2661 3838 2724 peccata
3878 2652 3956 2706 in-

2373 2761 2636 2816 duximus.
2663 2759 2728 2812 Et
2757 2764 2810 2811 tu
2841 2756 3000 2824 igitur
3028 2753 3071 2808 si
3115 2759 3363 2823 peccator
3387 2764 3468 2813 es,
3497 2763 3564 2802 ne
3589 2748 3734 2801 absis
3762 2745 3832 2799 ab
3859 2744 3957 2800 Eo-

2373 2853 2532 2908 clesia
2561 2867 2576 2919 ;
2609 2851 2653 2906 si
2681 2849 2875 2920 justus,
2907 2861 2976 2901 ne
3000 2844 3144 2899 absis
3169 2845 3325 2909 item,
3356 2851 3416 2896 ut
3442 2841 3836 2909 Scripturarum
3857 2853 3954 2892 no-

2374 2946 2544 3001 titiam
2588 2953 2904 3014 praasentem
2937 2939 3137 2994 habens
3160 2937 3333 3007 justus
3370 2946 3718 3005 permaneas,
3750 2944 3958 2986 memor

2374 3035 2522 3106 regni
2544 3034 2797 3090 caelorum
2822 3072 2836 3095 ,
2869 3040 2924 3086 et
2960 3029 3221 3084 bonorum
3247 3068 3262 3094 ,
3306 3041 3424 3096 quae
3470 3023 3792 3094 prmparavit
3817 3021 3958 3076 Deus

2373 3125 2713 3196 diligentibus
2737 3139 2795 3178 se
2826 3139 2840 3175 :
2868 3121 2988 3193 quia
3017 3120 3190 3190 ipsum
3215 3117 3370 3173 decet
3393 3115 3563 3187 gloria
3584 3128 3707 3168 cum
3736 3111 3874 3167 Filio
3902 3119 3956 3166 et

2375 3226 2560 3272 sancto
2584 3215 2781 3284 Spiritu
2802 3255 2818 3283 ,
2851 3227 2992 3268 nunc
3018 3221 3073 3268 et
3102 3223 3316 3281 semper
3337 3250 3353 3274 ,
3395 3217 3448 3264 et
3478 3208 3531 3263 in
3560 3207 3756 3262 saecula
3785 3219 3954 3260 saecu-

2375 3309 2567 3365 lorum.
2598 3310 2788 3362 Amen.
2860 3372 2864 3374 ,

1661 4204 1758 4265 DE
1808 4205 2124 4266 HOMILIA
2165 4205 2245 4266 IN
2282 4205 2590 4268 BEATUM
2633 4202 3005 4266 ABRAHAM

785 4477 932 4537 Hanc
971 4480 1247 4536 homiliam
1287 4495 1394 4536 non
1420 4481 1578 4551 pauci
1618 4479 1762 4535 docti
1797 4479 1898 4534 viri
1927 4480 2083 4550 quasi
2115 4479 2380 4550 principio
2411 4487 2466 4534 et
2505 4478 2610 4534 fine
2630 4479 2875 4534 mutilam
2905 4478 3142 4533 habuere
3177 4493 3191 4531 :
3218 4474 3520 4546 etquidem
3545 4469 3691 4542 quod
3727 4468 3955 4524 antehac

714 4596 767 4650 in
795 4595 900 4648 line
929 4611 1034 4652 non
1064 4598 1252 4651 mutila
1270 4599 1451 4662 modo,
1487 4597 1580 4652 sed
1606 4597 1780 4651 media
1807 4597 1892 4650 sui
1920 4600 2069 4662 parte
2099 4599 2346 4646 truncata
2383 4587 2565 4649 fuerit.
2591 4587 2703 4658 jam
2735 4586 3094 4656 conspicuum
3125 4593 3229 4649 est,
3262 4583 3483 4655 quando
3505 4597 3625 4638 eam
3660 4596 3728 4636 ex
3765 4579 3953 4633 Manu-

713 4707 926 4776 scriptis
960 4707 1342 4775 Ottoboniano,
1377 4707 1713 4764 Coisliniano
1746 4717 1800 4762 et
1825 4699 2137 4761 Colbertino
2188 4718 2299 4757 uno
2331 4703 2594 4773 integram
2630 4701 2844 4757 damus.
2901 4697 3056 4765 Quod
3114 4707 3294 4754 autem
3331 4697 3486 4752 initio
3535 4695 3669 4750 nihil
3708 4707 3953 4765 unquam

714 4823 942 4879 defuerit
979 4841 1101 4880 cum
1137 4827 1210 4880 illi
1253 4825 1604 4895 Manuscripti
1643 4833 1695 4879 et
1734 4832 1844 4878 tres
1874 4821 1964 4876 alii
2004 4822 2254 4884 suadent,
2306 4819 2402 4890 qui
2433 4819 2575 4873 idem
2624 4818 2803 4888 ipsum
2834 4815 3160 4886 principium
3185 4814 3424 4870 efferunt
3451 4813 3569 4869 sine
3601 4811 3955 4875 discrimine;

714 4955 825 4998 tum
868 4945 1031 4998 etiam
1095 4945 1338 5000 ordiendi
1398 4943 1594 4999 modus
1643 4943 2033 5014 Chrysostomo
2087 4955 2267 5010 perqu:

2398 4936 2684 4991 familiaris
2725 4957 2737 4991 :
2797 4935 2984 4989 Εἴδετε
3038 4933 3229 4987 πολιὰν
3277 4931 3598 5003 σφριγῶσαν
3639 4929 3734 4982 καὶ
3783 4929 3961 4997 γῆρας

714 5063 990 5133 ἀκμάζονς
1032 5063 1246 5117 Vidistis
1271 5063 1515 5116 canitiem
1547 5072 1798 5132 vegetam,
1833 5069 1881 5113 et
1912 5057 2161 5127 ﬂoridam
2192 5064 2506 5110 senectutem
2539 5056 2650 5110 2At
2690 5055 2792 5108 hoc
2839 5051 3191 5123 principium,
3223 5049 3497 5120 inquiunt,
3531 5049 3634 5103 alia
3659 5057 3785 5102 ante
3815 5047 3956 5101 dicta

714 5181 985 5247 supponit.
1045 5182 1121 5233 lta
1180 5195 1308 5234 sane
1339 5188 1466 5243 est;
1528 5179 1622 5233 sed
1655 5178 1735 5231 vel
1792 5185 1916 5230 ante
1954 5177 2095 5230 dicta
2137 5175 2190 5230 in
2239 5173 2473 5228 lectione
2525 5171 2759 5243 quadam
2815 5169 3107 5239 Scriptura:
3170 5181 3362 5231 sacrae,
3421 5180 3542 5234 quas
3594 5161 3959 5220 concionibus

715 5291 962 5360 praemitti
1031 5291 1258 5352 solebat,
1319 5291 1398 5344 vel
1462 5292 1514 5344 in
1565 5290 1788 5345 homilia
1837 5289 2070 5358 quadam
2125 5287 2448 5358 praecedenti
2513 5291 2941 5341 commemorata
2999 5291 3054 5338 et
3102 5290 3375 5338 enarrata.
3434 5278 3594 5333 Certe
3639 5277 3939 5332 conciones

718 5409 972 5462 tredecim
1032 5407 1171 5474 apud
1235 5404 1684 5476 Chrysostomum
1754 5411 2051 5458 occurrunt
2115 5402 2219 5456 hoc

2417 5399 2580 5454 simili
2637 5397 2940 5468 principio,
2994 5394 3213 5460 Εἴδετε,
3269 5392 3577 5464 ἀγαπητοὶ,
3628 5391 3747 5454 πῶς
3801 5389 3954 5442 οὐδὲν

714 5523 898 5593 ἀργόν,
930 5521 1126 5576 ilomil.
1169 5521 1237 5574 59
1272 5520 1323 5573 in
1357 5518 1551 5574 Cenes.
1579 5517 1711 5571 Illud
1738 5533 1867 5571 vero
1891 5517 1954 5570 ad
1985 5518 2260 5587 praemissa

2371 5515 2628 5570 actionem
2660 5513 2912 5569 refertur.
2940 5513 3098 5576 Item,
3128 5510 3310 5564 Εἵδετε
3333 5511 3394 5563 ὲν
3419 5510 3531 5570 τοῖς
3554 5507 3656 5578 ἤδη
3687 5505 3952 5578 ῥηθεῖσιν,

714 5641 834 5692 ὅσον
857 5638 951 5709 τῆς
988 5637 1413 5707 φιλανθρωπίας,
1448 5634 1604 5689 llom.
1638 5635 1690 5688 in
1731 5633 1931 5689 Genes.
1967 5634 2054 5687 25.
2087 5633 2219 5687 Illud
2247 5652 2267 5684 ς

2371 5660 2373 5676 ν
2430 5641 2638 5702 spectat
2671 5631 2736 5686 ad
2759 5645 2842 5697 ea,
2883 5644 3006 5701 qua?
3036 5630 3090 5684 in
3133 5627 3396 5683 concione
3447 5623 3780 5694 praecedenti
3815 5622 3956 5676 dicta

720 5749 885 5805 fuere.
919 5750 1007 5804 Sic
1047 5760 1096 5804 et
1130 5753 1231 5804 hoc
1271 5750 1388 5803 loco
1435 5747 1761 5818 principium
1815 5747 1967 5814 illul,
2000 5745 2162 5797 εἴδετε
2200 5745 2386 5797 mitius
2445 5741 2782 5813 σφριγῶσιν,
2815 5742 3008 5799 referri
3063 5740 3336 5797 credimus
3367 5737 3433 5794 ad
3491 5730 3785 5798 lectionem
3831 5744 3959 5792 ante
