4206 6302
287 361 391 418 ππ

1637 361 1725 418 DE
1765 362 1891 420 ΒΕΑ
1901 362 1992 422 T0
2021 363 2376 424 AllllAHAM.

1314 578 1470 662 DE
1523 577 1900 686 ΒΕΑΤο
1960 586 2525 676 ABRAHAM

1797 756 2052 802 ORATIO.

1678 907 2167 937 Μ

356 1005 411 1064 Ι.
453 1003 518 1064 In
543 1011 887 1069 ecclesiasticis
911 1016 1190 1072 actionibus
1220 1030 1450 1075 senectus
1483 1037 1584 1076 non
1615 1022 1770 1077 obest.
1803 1053 1874 1064 —

282 1090 505 1156 Vidistis
521 1102 597 1174 (a)
615 1104 865 1160 canitiem
881 1115 1145 1179 vegetam,
1165 1124 1230 1165 ac
1249 1109 1494 1166 ﬂoridam
1511 1113 1876 1168 senectutem?

279 1191 492 1248 vidistis
521 1194 778 1252 athletam
809 1214 1126 1269 generosum
1144 1242 1162 1270 ,
1193 1211 1248 1258 et
1276 1212 1622 1260 cum-natura
1650 1205 1873 1260 visceri-

281 1279 492 1356 busque
537 1289 895 1357 pugnantem?
920 1290 1128 1348 vidistis
1155 1292 1331 1354 virum
1371 1294 1425 1350 in
1456 1306 1697 1353 extremo
1723 1298 1874 1353 senio

279 1379 565 1434 adamante
612 1378 935 1438 ﬁrmiorem?
981 1384 1136 1442 Vires
1189 1387 1408 1457 quidem
1456 1390 1702 1460 corporis
1757 1390 1874 1462 ejus

278 1468 664 1541 elanguerant,
696 1473 794 1529 sed
821 1475 938 1546 ejus
983 1475 1107 1533 ﬁdei
1147 1480 1296 1551 vigor
1331 1483 1707 1538 corroboratus
1731 1493 1870 1540 erat.

276 1554 432 1616 'l‘alia
452 1570 578 1616 sunt
603 1564 746 1619 enim
766 1565 1024 1623 Ecclesiae
1055 1570 1311 1638 praeclara
1338 1570 1599 1641 facinora,
1632 1582 1688 1630 ut
1714 1575 1875 1632 imhe-
1899 1600 1901 1602 ·

276 1647 471 1708 cillitas
495 1655 741 1724 corporis
779 1655 902 1712 ﬁdei
930 1657 1286 1717 alacritatem
1331 1678 1440 1719 non
1489 1663 1651 1721 lzedat
1674 1683 1688 1721 :
1715 1679 1876 1723 orna-

274 1752 518 1800 mentum
544 1745 742 1816 quippe
756 1756 840 1802 est
854 1748 1111 1807 Ecclesia:
1135 1753 1358 1810 canities
1381 1753 1635 1823 demissa,
1656 1768 1710 1814 et
1739 1759 1874 1815 ﬁdes

275 1832 379 1888 alis
408 1833 691 1904 instructa,
719 1844 774 1892 et
799 1836 900 1894 hac
930 1854 990 1897 re
1014 1842 1354 1912 potissimum
1375 1846 1617 1904 Ecclesia
1638 1849 1869 1906 laetatur.

273 1919 410 1980 Nam
450 1925 505 1982 in
550 1926 791 1998 profanis
818 1932 1038 2002 quidem
1067 1936 1298 2012 negotiis
1326 1937 1530 1994 inutilis
1555 1949 1640 1996 est
1666 1956 1832 1998 senex
1852 1983 1870 2011 ,

273 2032 379 2074 nec
404 2019 566 2075 ullam
597 2020 668 2076 ad
688 2038 806 2078 rem
835 2024 1102 2093 idoneus;
1129 2027 1224 2083 sed
1250 2029 1448 2100 ubique
1473 2030 1664 2103 dignus
1691 2033 1869 2089 indul-

272 2111 455 2180 gentia
482 2121 752 2180 censetur,
777 2115 919 2186 quod
947 2125 1169 2188 propter
1199 2118 1620 2179 imbecillitatem
1650 2124 1718 2180 ad
1745 2133 1887 2182 usus

273 2202 402 2257 vitm
429 2206 772 2262 necessarios
791 2207 1013 2265 minime
1040 2210 1217 2267 valeat
1233 2214 1596 2272 commodare.
1626 2215 1873 2288 Exempli

273 2308 461 2361 causa,
484 2312 591 2350 non
619 2306 798 2367 potest
815 2313 984 2356 senex
1014 2301 1072 2356 in
1099 2302 1241 2359 bello
1265 2312 1413 2360 stare
1438 2305 1493 2360 in
1521 2307 1658 2374 acie,
1683 2323 1790 2363 non
1819 2309 1872 2365 in

272 2398 473 2455 equum
499 2389 815 2459 ascendere,
855 2408 966 2449 non
989 2393 1198 2451 hastam
1225 2397 1459 2466 vibrare,
1489 2414 1599 2455 non
1621 2400 1869 2473 clypeum

272 2491 516 2547 movere,
547 2497 654 2538 non
682 2484 810 2541 solis
835 2485 1085 2544 ardorem
1112 2489 1279 2559 ferre,
1310 2506 1420 2547 non
1450 2492 1659 2549 itineris
1698 2494 1871 2565 longi-

270 2570 513 2628 tudinem
555 2576 842 2646 sustinere,
873 2594 982 2636 non
1022 2581 1176 2639 lamis
1206 2585 1581 2654 asperitatem,
1615 2602 1722 2642 non
1754 2602 1870 2642 mo-

270 2661 378 2717 lem
409 2667 731 2723 tumultuum
760 2669 1025 2738 tolerare;
1064 2672 1166 2728 sed
1197 2676 1481 2745 tranquillo
1509 2677 1567 2732 in
1591 2677 1711 2734 loco
1734 2681 1871 2734 cani-

265 2753 366 2808 tiei
390 2757 690 2824 patrocinio
717 2759 888 2816 fretus
915 2754 1089 2818 sedet.
1115 2763 1231 2820 Hoc
1247 2781 1376 2822 vero
1404 2766 1461 2822 in
1483 2768 1706 2840 navigiis
1731 2785 1869 2841 quo-

198 2902 210 2914 _
269 2855 377 2913 que
397 2847 547 2902 cerni
567 2856 773 2917 potest:
788 2851 854 2906 ad
875 2852 1235 2923 gubernacula
1256 2858 1444 2928 nequit
1463 2873 1633 2915 senex
1656 2853 1865 2931 Sedere,

271 2950 381 2990 non
407 2938 576 2993 maria
601 2937 832 3008 sulcare,
855 2958 963 2999 non
985 2959 1193 3000 remum
1220 2947 1440 3017 ducere,
1469 2965 1576 3004 non
1605 2950 1722 3007 vela
1754 2961 1872 3007 ten-

271 3026 424 3097 dere,
449 3045 556 3086 non
577 3035 864 3089 contrariis
883 3037 1058 3092 ventis
1078 3037 1369 3109 obsistere,
1395 3057 1507 3097 non
1525 3045 1868 3113 asperitatem

270 3116 484 3192 frigoris
503 3125 633 3193 pati,
655 3139 762 3180 non
782 3125 927 3205 aliud
951 3129 1226 3199 quidpiam
1251 3131 1511 3200 ejusmodi
1542 3145 1719 3204 potest
1743 3152 1858 3206 per-

269 3206 453 3279 licere,
479 3211 573 3268 sed
615 3213 669 3267 in
709 3216 832 3270 navi
875 3217 1049 3284 sedet,
1079 3228 1240 3290 atque
1269 3223 1442 3279 :etatis
1469 3239 1630 3281 causa
1656 3227 1865 3282 veniam

270 3301 545 3370 impetrat.
562 3301 686 3358 lloe
730 3305 903 3375 ipsum
935 3315 992 3363 et
1031 3309 1086 3364 in
1127 3312 1380 3381 agricolis
1422 3326 1668 3385 spectare
1697 3317 1863 3372 licet:

269 3404 393 3445 nam
423 3407 600 3464 neque
622 3390 838 3452 trahere
864 3407 1100 3475 aratrum
1127 3412 1324 3471 potest,
1357 3419 1533 3475 neque
1561 3407 1740 3464 sulcos
1767 3409 1867 3464 im-

269 3483 522 3552 primere,
553 3499 661 3540 non
687 3501 948 3558 equorum
976 3490 1215 3548 domitor
1243 3493 1379 3562 ﬁeri,
1412 3512 1589 3567 neque
1614 3499 1863 3555 robusto-

268 3589 388 3628 rum
431 3576 592 3631 boum
640 3579 746 3633 vim
775 3583 1056 3650 sustinere,
1101 3601 1201 3642 nec
1249 3597 1412 3644 atstus
1454 3590 1736 3660 impetum,
1765 3611 1864 3650 nec

265 3663 581 3732 gravitatem
628 3668 846 3736 caloris,
893 3687 996 3728 nec
1043 3673 1240 3744 ligonis
1288 3678 1539 3746 pondus,
1572 3697 1672 3738 nec
1717 3683 1862 3740 aliud

267 3754 481 3823 quidvis
508 3772 728 3826 eorum,
761 3775 881 3829 qua:
904 3762 978 3816 ad
1010 3771 1206 3820 terram
1235 3768 1515 3824 colendam
1543 3782 1668 3827 sunt
1697 3776 1812 3830 usui
1846 3793 1858 3829 :

267 3843 366 3899 sed
392 3845 538 3900 domi
564 3847 832 3918 considet,
860 3861 915 3906 et
952 3856 1166 3910 canitiei
1205 3861 1551 3916 excusatione
1578 3878 1638 3922 se
1663 3872 1857 3921 tuetur.

268 3935 339 3988 At
368 3951 474 3989 non
505 3937 574 3990 ita
601 3953 660 3993 se
689 3939 888 3996 habent
913 3958 999 3998 res
1020 3939 1301 4011 Ecclesitn;
1325 3950 1419 4004 sed
1447 3951 1534 4006 ubi
1559 3967 1854 4011 consenue-

266 4026 378 4080 rint
401 4029 489 4096 qui
522 4043 643 4083 cnm
677 4031 870 4086 virtute
893 4035 1058 4089 vitam
1100 4037 1425 4109 traducunt,
1463 4051 1588 4099 tunc
1619 4048 1860 4104 utiliores

266 4119 608 4176 redduntur:
642 4139 749 4178 non
776 4127 918 4181 enim
951 4133 1198 4199 corporis
1223 4133 1406 4202 robur,
1439 4138 1534 4191 sed
1567 4138 1686 4195 ﬁdei
1718 4157 1858 4210 prae-

266 4212 464 4266 stantia
491 4216 773 4283 quaeritur.
805 4215 952 4273 Talis
981 4230 1098 4275 erat
1133 4223 1432 4292 Abraham,
1461 4229 1547 4283 cui
1574 4231 1713 4286 vires
1740 4247 1859 4287 cor-

267 4300 412 4366 poris
455 4302 834 4374 clanguerant,
873 4307 968 4364 sed
1000 4310 1116 4380 ipse
1143 4312 1265 4368 ﬁdei
1294 4316 1488 4372 robore
1504 4321 1858 4378 conﬁrmatus

266 4399 383 4444 erat
407 4408 420 4443 :
450 4405 614 4448 senex
641 4404 779 4463 erat,
809 4397 904 4452 sed
945 4399 997 4453 in
1038 4409 1284 4458 extrema
1313 4417 1590 4464 senectute
1615 4426 1735 4466 cum
1763 4427 1856 4468 na-

267 4489 383 4535 tura
411 4481 698 4553 pugnabat,
725 4497 779 4542 et
811 4491 1125 4557 praeclarum
1164 4495 1233 4549 de
1270 4511 1331 4551 ea
1362 4500 1688 4570 triumphum
1728 4519 1854 4574 age-

267 4569 360 4624 bat
383 4589 395 4624 :
419 4586 586 4626 senex
611 4585 750 4640 erat,
775 4576 869 4632 sed
895 4580 1164 4637 robustior
1188 4584 1333 4640 ferro
1381 4569 1544 4660 atque
1572 4569 1856 4649 adamante

267 4661 493 4714 ﬁrmior.
537 4663 614 4716 Ac
659 4663 870 4732 juvenis
917 4668 1130 4738 quidem
1175 4688 1297 4729 cum
1349 4688 1520 4743 esset,
1565 4681 1698 4734 nihil
1748 4685 1854 4739 tale

263 4752 538 4819 praestitit;
569 4767 692 4810 cum
714 4771 844 4812 vero
871 4771 1038 4829 prope
1067 4773 1253 4818 exacta
1276 4765 1389 4834 jam
1427 4777 1558 4824 aetas
1601 4781 1746 4827 esset
1787 4790 1851 4830 ac

261 4840 513 4908 decursa,
539 4851 651 4896 tum
679 4846 1006 4914 triumphum
1035 4854 1364 4921 reportavit;
1392 4856 1444 4910 in
1473 4868 1709 4915 extrema
1735 4873 1854 4918 erat

261 4930 488 4994 canitie,
517 4932 610 4987 sed
648 4935 874 4991 canities
917 4936 1299 5007 impedimento
1325 4961 1432 5001 non
1479 4962 1634 5006 erat:
1665 4968 1850 5022 quam-

261 5018 448 5072 obrem
491 5035 613 5075 cum
660 5023 777 5094 ejus
804 5025 1114 5084 ﬁrmitatem
1145 5034 1384 5090 novisset
1412 5038 1572 5107 Deus,
1605 5018 1851 5113 apparuit

262 5107 363 5173 i'lli,
388 5117 443 5162 et
470 5110 546 5164 ait
572 5129 585 5164 :
616 5111 864 5183 Egredere
888 5117 952 5170 de
975 5129 1108 5172 terra
1131 5131 1236 5189 tua,
1261 5135 1308 5176 et
1334 5127 1398 5178 dc
1418 5132 1714 5198 cognatione
1732 5144 1844 5203 tua,

260 5210 308 5251 et
329 5202 392 5255 de
415 5201 564 5257 domo
584 5198 744 5273 patris
767 5207 862 5271 tui,
889 5218 936 5260 et
964 5211 1076 5263 veni
1103 5213 1156 5265 in
1181 5224 1364 5268 terram
1384 5234 1534 5286 quam
1560 5229 1847 5281 monstrabo

259 5290 350 5342 tibi
379 5287 722 5363 (GenJﬂJ).
753 5294 938 5351 Paruit
966 5299 1236 5356 Abraham
1279 5303 1440 5372 dicto,
1487 5315 1698 5367 tametsi
1732 5316 1844 5385 jam

256 5392 422 5432 senex
451 5380 727 5453 deinceps,
756 5395 811 5441 et
835 5402 1062 5458 corpore
1091 5393 1367 5451 imbecillis
1389 5410 1548 5467 esset,
1575 5419 1674 5460 nec
1703 5380 1843 5478 apud

256 5483 317 5523 se
358 5469 527 5524 dixit:
556 5474 674 5542 Quo
717 5479 931 5534 tandem
982 5483 1034 5538 in
1077 5496 1316 5543 extrema
1359 5505 1634 5553 senectute
1671 5500 1846 5559 disce-

255 5561 416 5615 dam?
436 5563 724 5622 domumne
751 5573 920 5640 patris
947 5577 1048 5637 mei
1072 5618 1088 5643 ,
1117 5589 1437 5652 terramque.
1471 5587 1523 5640 in
1553 5604 1656 5658 qua
1687 5604 1843 5652 natus

251 5665 398 5716 sum,
422 5650 829 5727 derelinquam?
850 5662 935 5717 ubi
968 5669 1311 5734 pecuniarum
1333 5650 1505 5745 copia,
1531 5650 1840 5747 parentum;

318 5760 391 5826 (ι)
431 5768 480 5812 ιιι
505 5763 718 5818 mlhert.
742 5771 913 5823 Codice
935 5779 1094 5827 omnia
1117 5792 1202 5831 sus
1230 5782 1395 5847 deque
1421 5800 1559 5840 versa
1582 5801 1714 5846 sunt.

1979 1401 2034 1449 et
2057 1394 2197 1467 pius,
2228 1401 2449 1470 parebat
2481 1413 2535 1460 et
2562 1423 2771 1466 morem
2799 1417 3019 1483 gerebat
3044 1435 3058 1473 ε
3088 1421 3338 1494 quodque
3372 1428 3577 1496 perini-

1977 1500 2096 1544 rum
2125 1501 2261 1560 erat,
2291 1511 2361 1550 ne
2390 1496 2523 1553 dixit
2561 1503 2776 1570 quidem
2806 1505 2886 1561 illi
2907 1507 3073 1578 Deus,
3105 1512 3158 1568 in
3197 1528 3356 1586 quem
3395 1519 3574 1575 locum

1976 1579 2212 1636 eundum
2241 1595 2420 1654 esset;
2448 1598 2503 1644 at
2523 1593 2670 1648 nullo
2700 1611 2820 1652 eum
2849 1601 3068 1657 nomine
3093 1604 3380 1677 designans
3405 1610 3574 1680 ipsius

1976 1670 2215 1727 animum
2241 1679 2483 1733 exercuit
2507 1696 2572 1737 ac
2597 1688 2844 1741 tentavit.
2874 1687 2930 1745 Si
2962 1693 3108 1748 enim
3135 1696 3212 1751 illi
3239 1701 3483 1767 dixisset,
3513 1701 3576 1759 lu

1978 1767 2176 1820 terram
2204 1773 2255 1823 te
2283 1782 2402 1825 sum
2427 1771 2564 1829 lacte
2592 1791 2654 1831 ac
2681 1781 2840 1836 melle
2866 1797 3175 1844 manantem
3220 1790 3568 1860 abducturus,

1976 1859 2088 1908 tum
2113 1871 2226 1912 non
2253 1861 2371 1915 voci
2409 1863 2604 1922 divintn
2642 1868 2912 1926 Abraham
2945 1869 3206 1947 paruisse,
3239 1881 3335 1937 sed
3371 1893 3573 1943 terram

1979 1953 2135 2001 terra!
2188 1952 2486 2018 praetulisse
2556 1963 2903 2028 reperiretur.
2960 1967 3222 2038 Egressus
3275 1985 3360 2030 est
3412 1977 3577 2048 igitur

1977 2036 2267 2107 Abraham,
2309 2045 2558 2101 nesciens
2587 2065 2694 2119 quo
2727 2053 2921 2110 abiret.
2946 2036 3112 2115 Vides
3138 2065 3391 2121 canitiem
3431 2036 3577 2139 pra:-

1975 2126 2137 2184 claris
2179 2132 2504 2194 facinoribus
2539 2140 2870 2214 gloriosam?
2896 2147 3040 2205 'l‘alis
3066 2153 3211 2210 enim
3232 2166 3335 2225 est,
3366 2168 3424 2213 ut
3448 2170 3577 2219 ante

1975 2219 2107 2288 dixi,
2138 2239 2319 2281 rerum
2344 2237 2516 2286 status
2544 2244 2882 2306 nostrarum;
2909 2257 3018 2298 non
3039 2260 3131 2300 eas
3156 2253 3452 2307 senectutis
3473 2255 3574 2309 ini-

1975 2311 2236 2370 becillitas
2260 2316 2534 2392 deprimit,
2557 2339 2663 2381 non
2694 2343 2788 2384 eas
2814 2338 3025 2403 tempus
3047 2335 3330 2396 labefactat
3355 2359 3373 2397 :
3400 2360 3576 2414 neque

1971 2405 2118 2460 enim
2145 2409 2372 2468 canities
2399 2424 2482 2470 est
2525 2417 2579 2472 in
2618 2423 2954 2492 corporibus,
2987 2429 3081 2484 sed
3111 2431 3163 2486 in
3193 2435 3404 2503 anima;
3439 2454 3575 2511 qua-

1971 2505 2197 2565 propter
2217 2517 2389 2572 neque
2413 2508 2653 2564 sentiunt
2679 2524 3036 2575 senectutem.
3224 2510 3229 2515 ”

2045 2589 2358 2651 Obedientite
2419 2616 2606 2658 merces
2654 2610 2848 2676 [ructus
2901 2615 3125 2682 ventris;
3176 2635 3272 2678 cur,
3308 2619 3569 2679 Abraham

1971 2682 2242 2738 comitium
2288 2704 2437 2743 suum
2481 2697 2547 2747 de
2576 2696 2888 2756 immoiando
2915 2693 3066 2759 Isaac
3106 2712 3256 2765 uxori
3304 2730 3406 2768 non
3447 2733 3574 2787 ape—

1974 2773 2152 2828 ruerit.
2179 2803 2254 2817 ·-
2275 2777 2536 2849 Egressus
2559 2795 2642 2841 est
2673 2788 2840 2859 igitur
2885 2794 3155 2854 Abraham
3205 2802 3340 2859 nihil
3383 2773 3566 2863 secum

1973 2863 2262 2935 accipiens,
2291 2870 2386 2925 sed
2437 2877 2489 2928 in
2536 2880 2780 2934 tentoriis
2810 2883 2985 2940 adhuc
3015 2888 3294 2970 habitans,
3314 2907 3366 2950 et
3396 2897 3572 2954 incre-
3663 2885 3666 2890 ’

1972 2950 2132 3009 dulus
2151 2972 2257 3013 non
2286 2959 2420 3028 fuit,
2468 2981 2642 3037 neque
2668 2969 2966 3032 dubitavit:
2997 2983 3195 3054 etenim
3243 2950 3575 3045 habuit

1972 3057 2134 3100 neum
2178 3049 2370 3119 pignus
2419 3054 2537 3123 ejus
2567 3073 2774 3128 vocem,
2829 3080 2860 3118 a
2913 3081 3019 3136 quo
3072 3069 3246 3129 fuerat
3293 3063 3568 3138 evocatus.

1973 3132 2143 3192 Porro
2173 3140 2374 3196 sterilis
2403 3155 2520 3199 erat
2551 3146 2692 3218 ipse,
2735 3168 2907 3223 neque
2930 3132 3139 3217 liberos
3165 3132 3571 3228 habebat

1971 3239 2144 3296 neque
2167 3228 2299 3286 Sara
2346 3249 2480 3290 uxor
2506 3238 2662 3309 ejus:
2693 3229 2897 3314 accepit
2935 3260 3116 3308 autem
3164 3271 3229 3310 ex
3273 3263 3571 3330 repromis-

1969 3317 2124 3374 sione
2148 3319 2316 3378 ﬁlium
2345 3325 2495 3384 lsaac
2523 3347 2536 3384 :
2568 3347 2690 3388 cum
2713 3346 2901 3393 natura
2925 3341 3229 3416 defecisset,
3255 3317 3372 3407 tum
3399 3358 3570 3425 gratia

1970 3409 2157 3478 largita
2178 3423 2261 3470 est
2277 3432 2292 3480 ;
2315 3418 2667 3480 sufﬁcientem
2684 3431 2892 3499 accepit
2907 3409 3226 3494 obedientize
3241 3409 3568 3516 mercedem,

1973 3513 2346 3563 verumtamen
2375 3503 2499 3567 eum
2526 3513 2630 3571 hoc
2678 3522 2914 3579 nesciret
2947 3541 2961 3580 :
2992 3528 3037 3581 si
3083 3532 3226 3587 enim
3271 3533 3518 3596 scivisset
3551 3586 3568 3606 ,

1970 3593 2102 3649 nihil
2149 3599 2404 3658 eximium
2443 3610 2805 3676 prmstitisset.
2839 3618 3015 3688 Atque
3059 3632 3117 3677 ut
3159 3624 3422 3700 intelligas
3462 3649 3572 3689 non

1969 3683 2169 3742 idcirco
2197 3705 2320 3745 eum
2350 3709 2558 3753 morem
2603 3704 2864 3772 gessisse,
2906 3709 3026 3766 vide
3068 3729 3177 3783 quo
3200 3729 3364 3787 pacto
3394 3722 3570 3793 ipsum

1969 3781 2131 3836 etiam
2159 3789 2617 3860 mactarejnssus,
2650 3810 2840 3864 parere
2885 3818 2990 3858 non
3024 3820 3258 3879 recuset,
3288 3812 3382 3870 sed
3411 3827 3570 3873 natu-

1967 3888 2080 3928 ram
2111 3891 2448 3950 aspernetur,
2475 3896 2528 3941 et
2550 3904 2795 3947 amorem
2826 3897 2917 3951 Dei
2951 3901 3371 3975 complectatur;
3428 3928 3566 3969 cono

1968 3967 2159 4022 temnit
2189 3986 2286 4025 sua
2320 3975 2550 4044 viscera,
2579 3995 2678 4037 nec
2701 3984 2768 4039 ab
2791 4001 2856 4041 eo
2875 4029 2890 4053 ,
2918 3991 3008 4059 qui
3040 4008 3100 4048 se
3123 4010 3357 4065 vocarat,
3404 4019 3567 4059 aver-

1967 4054 2116 4110 titur.
2149 4059 2286 4125 Quid
2311 4063 2470 4136 igitur
2494 4067 2561 4122 ad
2592 4085 2716 4126 eum
2746 4075 2885 4130 Deus
2903 4054 3230 4153 tdbraham,
3265 4054 3565 4150 Abi-alicui:

1962 4155 2075 4202 tum
2120 4151 2231 4220 ille,
2279 4153 2415 4211 Ecce
2447 4176 2576 4231 ego;
2624 4174 2733 4220 tum
2782 4169 2921 4226 Deus
2946 4189 2960 4225 :
2988 4174 3176 4245 Accipe
3216 4151 3386 4248 i/ilium
3424 4195 3566 4240 tuum

1964 4239 2226 4310 dilectum,
2266 4263 2414 4317 quem
2454 4252 2698 4324 dilexisti,
2731 4258 2904 4329 Isaac,
2958 4275 3006 4318 et
3048 4239 3177 4335 afer
3202 4239 3316 4326 eum
3343 4276 3396 4330 in
3417 4239 3563 4333 bolo;

1963 4340 2194 4388 cautium
2236 4353 2391 4406 super
2419 4359 2574 4397 unum
2615 4352 2881 4418 montium,
2913 4373 3040 4425 quos
3062 4357 3149 4414 tibi
3190 4361 3410 4440 ἄξαι-ο(
3430 4371 3561 4427 Gen.

1963 4421 2031 4440 ω,
2085 4421 2139 4440 ω
2213 4426 2255 4440 ι.

1960 4421 2052 4474 22.
2085 4421 2164 4494 2).
2211 4426 2394 4499 Neque
2433 4445 2670 4490 montem
2702 4440 2777 4494 illi
2821 4421 3094 4516 indicavit,
3124 4452 3220 4507 sed
3256 4472 3321 4510 ex
3358 4421 3560 4517 montis

1961 4603 2154 4662 horum
2178 4619 2356 4668 tamen
2389 4615 2661 4675 Abraham
2702 4628 3070 4697 perturbavit;
3124 4603 3234 4691 imo
3279 4655 3410 4696 vero
3440 4660 3560 4714 per-

1960 4697 2235 4754 turbavit:
2265 4719 2388 4759 nam
2429 4722 2549 4775 quae
2594 4710 2829 4771 hominis
2872 4729 3017 4787 sunt,
3069 4738 3258 4792 passus
3299 4697 3557 4798 est;tsed

1957 4801 2077 4855 qua:
2107 4794 2310 4858 peccati
2340 4807 2485 4862 sunt,
2521 4816 2626 4856 non
2657 4814 2741 4858 εει
2765 4821 2990 4876 passus:
3019 4812 3310 4876 ﬁuctuabat
3334 4794 3551 4894 quidem

1958 4889 2016 4932 ut
2045 4893 2216 4951 pater,
2247 4887 2341 4942 sed
2360 4897 2417 4944 ut
2441 4888 2534 4948 Dei
2563 4911 2752 4953 amans
2776 4916 2883 4957 non
2910 4909 3289 4980 mergebatur;
3324 4887 3556 4974 ureban-

1956 4978 2042 5026 tur
2066 4975 2296 5045 viscera,
2335 4981 2431 5037 sed
2480 4984 2614 5040 ﬁdes
2658 4989 2922 5048 vincebat.
2968 4975 3111 5055 Calve
3165 5005 3306 5060 enim
3351 5008 3556 5066 dixeris

1955 5061 2084 5118 nihil
2111 5065 2381 5125 Abraham
2401 5088 2614 5141 passum
2643 5094 2762 5136 esse
2782 5100 2796 5136 :
2813 5088 2984 5156 cogita
2998 5106 3103 5159 quo
3115 5105 3272 5163 pacto
3295 5061 3550 5159 incende

1954 5161 2102 5208 retur
2126 5171 2156 5210 a
2188 5158 2482 5218 visceribus
2505 5181 2805 5228 commotus
2831 5217 2845 5240 ,
2877 5158 3132 5249 ejusqne—
3153 5185 3547 5260 philosophiam

1953 5253 2157 5310 specta.
2202 5245 2282 5303 Ne
2333 5248 2482 5308 Sara:
2525 5258 2743 5326 quidem
2786 5258 2840 5317 id
2883 5245 3196 5337 signiﬁcat:
3227 5245 3548 5352 quippe

1954 5334 2185 5404 timeret,
2218 5354 2308 5406 ne,
2351 5358 2459 5413 quo
2502 5349 2678 5405 minus
2702 5334 3016 5424 mysterium
3043 5334 3408 5438 perﬁcei'ethi',
3442 5334 3544 5430 ob-

1952 5435 2139 5483 staret.
2196 5429 2253 5486 Si
2305 5435 2448 5490 enim
2501 5439 2892 5514 signiﬁcasset,
2927 5454 3218 5514 verisimile
3261 5473 3377 5518 erat
3422 5481 3542 5523 eam

1951 5535 2256 5579 sermonem
2285 5527 2402 5595 ejus
2427 5545 2792 5601 repressumm
2820 5538 2986 5599 fuisse
3015 5561 3080 5601 ac
3106 5547 3391 5620 dicturam,
3427 5557 3547 5626 Quo

1950 5611 2114 5667 ﬁlium
2141 5622 2289 5671 tuum
2318 5619 2558 5690 abducis,
2587 5641 2746 5695 quem
2781 5643 2976 5699 pmter
3002 5652 3154 5706 spem
3199 5657 3411 5700 omnem
3436 5611 3547 5704 ’ἔδει

1947 5705 2061 5773 cepi
2080 5705 2103 5759 ἲ
2121 5722 2280 5778 quem
2302 5713 2599 5772 secundum
2626 5705 3098 5790 repromissionem
3118 5738 3363 5807 suscepi?
3381 5756 3542 5811 quem

1947 5807 2168 5871 propter
2222 5803 2638 5876 hospitalitatem
2681 5814 2928 5875 obtinui?
2975 5837 3135 5892 quem
3188 5827 3243 5885 in
3277 5803 3536 5893 extrema
