4206 6302
662 360 760 415 739

666 475 794 530 mihi
817 482 1088 531 senectute
1119 474 1257 529 Deus
1281 472 1498 542 largitus
1544 470 1666 528 est?
1687 484 1793 540 quo
1819 482 1939 523 eum
1962 464 2179 520 abducis
2205 463 2229 516 ?

665 581 770 634 quo
794 582 915 621 eum
943 566 1178 634 abripis?
1205 579 1362 620 nemo
1396 564 1489 618 tibi
1519 563 1764 634 apparuit
1789 579 1802 615 :
1829 559 1918 631 qui
1948 559 2090 614 enim
2121 556 2238 610 ﬁeri

668 664 862 724 potest,
893 664 947 709 ut
990 653 1083 708 tibi
1129 655 1266 710 Deus
1312 653 1634 723 apparuerit,
1675 661 1728 707 et
1774 651 1940 704 ﬁlium
1982 647 2236 717 requirat,

668 759 822 814 quem
850 743 976 797 mihi
1007 753 1198 813 praeter
1221 758 1371 812 spem
1401 741 1587 798 dedit?
1630 742 1741 809 ipse
1780 739 2001 808 largitus
2038 745 2146 800 est,
2185 744 2239 791 et

669 835 782 902 ipse
809 831 1018 888 aufert?
1045 835 1088 888 si
1117 843 1172 889 ut
1200 833 1475 898 auferret,
1507 833 1666 899 dedit,
1706 833 1873 888 satius
1892 829 2103 896 ,fuissct
2131 843 2237 883 non

668 923 876 978 dedisse
909 941 921 976 :
955 936 1058 978 non
1086 927 1226 979 enim
1257 934 1363 978 tam
1412 925 1691 977 molestum
1738 931 1819 976 est
1857 935 1962 975 non
2005 919 2233 984 habere,

662 1027 822 1078 quam
876 1027 995 1069 cum
1048 1014 1339 1084 acceperis,
1375 1013 1684 1082 perdidisse.
1717 1011 2007 1067 Considera
2049 1009 2235 1067 Sat-am

666 1104 958 1168 incensam,
975 1101 1370 1166 inﬂammatam,
1395 1117 1423 1156 a
1453 1111 1638 1155 natura
1663 1102 1999 1171 exagitatam,
2019 1100 2238 1170 ejusque

667 1205 876 1246 uterum
917 1192 1195 1247 distortum
1226 1203 1280 1247 et
1325 1193 1527 1246 viscera
1559 1193 1723 1261 ipsius
1752 1202 2018 1246 commota
2049 1190 2240 1246 :lacile

667 1284 862 1352 quippe
917 1283 968 1336 in
1038 1282 1296 1351 ejusmodi
1351 1282 1507 1338 rebus
1554 1282 1742 1337 affectu
1796 1282 2048 1338 mulieres
2089 1297 2239 1336 com-

667 1384 948 1427 moventur
975 1389 988 1426 :
1014 1384 1213 1443 quanto
1242 1374 1381 1427 enim
1425 1373 1640 1426 mollior
1665 1384 1717 1426 et
1747 1373 1812 1427 ad
1851 1373 2094 1427 aﬁ‘ectutn
2125 1383 2240 1428 erat

667 1463 905 1529 pronior,
931 1471 1078 1516 tanto
1100 1462 1265 1523 magis
1290 1477 1408 1516 cum
1442 1461 1744 1516 Abrnliamo
1771 1462 2150 1528 contendisset,
2187 1471 2240 1517 et

661 1550 977 1605 sacriﬁcium
1009 1550 1314 1620 impeditum
1335 1549 1535 1614 fuisset,
1568 1565 1629 1604 ac
1653 1552 1962 1620 mysterium
1988 1550 2237 1604 infectum

666 1643 968 1696 mansisset.
996 1640 1130 1708 Quid
1155 1643 1297 1696 enim
1327 1657 1439 1695 non
1459 1643 1791 1710 praestitisset
1815 1642 1966 1709 Sara,
1995 1651 2052 1697 ut
2072 1642 2235 1696 ﬁlium

667 1748 818 1788 suum
850 1733 1140 1788 avelleret?
1167 1748 1270 1788 non
1299 1734 1439 1789 enim
1472 1749 1582 1787 rem
1613 1733 1755 1788 illam
1789 1734 1926 1789 ferre
1955 1735 2236 1804 potuisset,

667 1832 724 1876 nt
753 1822 891 1879 ﬁlius
917 1831 1113 1892 praiter
1150 1837 1297 1891 spem
1342 1833 1498 1878 natus
1541 1823 1854 1879 mactandus
1881 1833 2044 1890 esset,
2073 1833 2128 1880 et
2149 1825 2239 1893 qui

663 1915 718 1968 in
768 1914 880 1984 ipsa
925 1924 1198 1970 senectute
1226 1915 1453 1970 donatus
1498 1916 1598 1985 ipsi
1646 1916 1838 1982 fuerat,
1881 1918 2238 1972 immolandos

663 2016 838 2070 esset;
871 2017 928 2061 tit
956 2007 1120 2077 patris
1149 2023 1333 2062 manus
1359 2018 1538 2062 essent
1567 2007 1660 2063 ﬁlii
1688 2008 1888 2064 caedem
1917 2018 2199 2079 patratum
2225 2025 2238 2062 :

668 2111 772 2150 non
797 2097 1002 2151 tulisset
1023 2097 1145 2152 talia
1170 2097 1320 2162 Sara,
1347 2098 1441 2153 sed
1469 2100 1734 2169 ingentem
1765 2099 1991 2155 Abrahae
2013 2115 2238 2170 pugnam

666 2186 985 2253 excitasset;
1025 2187 1251 2241 excitata
1280 2203 1407 2243 vero
1429 2203 1622 2258 pugna,
1667 2204 1888 2245 necesse
1939 2189 2154 2255 fuisset,
2183 2197 2241 2244 ut

667 2275 873 2330 insidiati
919 2285 1297 2346 sequerentur;
1334 2278 1630 2348 insequutis
1657 2287 1837 2334 autem
1878 2278 2106 2345 insidiis,
2138 2279 2239 2332 im-

666 2367 902 2439 peditum
950 2370 1261 2439 mysterium
1306 2368 1511 2424 fuisset.
1544 2369 1658 2424 Non
1686 2370 1821 2425 dixit
1847 2370 2010 2440 igitur
2031 2369 2240 2425 mulieri

672 2459 961 2526 Abraham,
998 2473 1064 2513 ne
1107 2475 1208 2530 qua
1252 2461 1522 2516 contentio
1568 2461 1887 2529 exoriretur,
1943 2477 2010 2518 ne
2058 2471 2241 2516 exorta

672 2551 1010 2606 contentione
1038 2551 1088 2605 in
1126 2567 1351 2621 pugnam
1380 2567 1468 2607 res
1510 2553 1860 2622 procederet,
1893 2569 1960 2608 ne
1987 2567 2046 2608 re
2072 2554 2125 2607 in
2146 2569 2242 2622 pu-

669 2656 826 2710 gnam
853 2641 1173 2711 procedente
1200 2641 1266 2695 ad
1295 2641 1573 2696 dissidium
1605 2652 1820 2712 propter
1849 2643 2013 2697 ﬁlium
2051 2658 2243 2713 prove-

669 2729 910 2795 lteretur,
931 2745 998 2785 ne
1018 2730 1238 2785 dissidio
1271 2731 1348 2786 sic
1371 2730 1441 2785 ob
1467 2730 1632 2786 tllium
1664 2741 1974 2802 erumpente
2020 2733 2246 2802 promis-

668 2822 750 2876 sio
771 2821 1149 2888 retardaretur,
1176 2837 1240 2877 ne
1262 2823 1523 2877 retardata
1552 2823 1903 2891 promissione
1923 2823 2048 2879 dolo
2067 2826 2244 2893 aliquo

671 2913 939 2982 negotium
971 2911 1332 2982 impediretur,
1358 2929 1427 2968 ne
1453 2911 1707 2982 impedito
1733 2912 1855 2967 dolo
1878 2914 2125 2982 quopiam
2150 2928 2249 2967 nec

669 3005 815 3074 gotio
837 3005 1144 3074 mysterium
1167 3003 1418 3059 infectum
1438 3012 1695 3059 maneret.

737 3094 793 3148 2.
835 3095 903 3148 At
949 3093 1292 3164 philosophus
1322 3094 1414 3149 ille
1457 3093 1747 3159 Abraham,
1779 3093 1978 3149 athleta
2008 3095 2117 3161 ille,
2157 3097 2247 3166 qui

670 3199 794 3240 cum
821 3193 1006 3239 natura
1028 3183 1356 3251 decertabat,
1389 3193 1442 3239 et
1471 3198 1592 3238 cum
1619 3184 1911 3244 visceribus
1927 3185 2245 3253 luctabatur,

672 3275 928 3334 adversus
952 3283 1192 3330 naturam
1217 3283 1472 3342 armatus,
1505 3289 1691 3345 parere
1713 3276 1930 3331 minime
1959 3278 2246 3343 recusavit;

673 3365 767 3421 sed
809 3365 1060 3420 mandato
1088 3364 1184 3420 Dei
1209 3365 1428 3432 cedens,
1459 3364 1599 3435 quod
1641 3365 1983 3422 nuntiabatur
2024 3368 2246 3436 audivit,

675 3453 906 3510 etﬁlium
927 3455 1206 3509 confestim
1232 3456 1452 3524 accepit.
1477 3453 1727 3510 Libenter
1744 3455 1827 3511 his
1854 3457 2034 3518 verbis
2061 3457 2253 3513 immo-

672 3559 784 3612 ror,
813 3545 994 3616 Accipe
1019 3545 1181 3613 ﬁlium
1205 3553 1345 3598 tuum
1365 3545 1621 3614 dilectum,
1642 3562 1788 3616 quem
1814 3546 2051 3612 dilexisti,
2076 3545 2250 3617 Isaac,

675 3645 725 3690 et
753 3634 879 3703 oﬂ'er
915 3637 1060 3690 illum
1101 3636 1227 3689 mihi
1259 3636 1313 3689 in
1356 3637 1701 3692 holocaustum
1735 3653 1888 3707 super
1912 3654 2068 3692 unum
2105 3655 2251 3693 mon-

676 3726 818 3790 tium,
851 3741 971 3794 quos
991 3725 1164 3779 dixero
1190 3725 1278 3778 tibi
1302 3724 1452 3797 (Gen.
1479 3724 1570 3779 22.
1598 3724 1654 3796 2)
1681 3734 1768 3780 :et
1794 3727 2061 3797 accipiens
2083 3727 2255 3782 Abra-

677 3812 801 3868 ham
847 3812 1012 3879 lsaac,
1066 3825 1120 3869 et
1170 3816 1396 3884 asinam,
1446 3823 1500 3870 et
1550 3814 1685 3871 duos
1740 3831 1974 3885 pueros,
2035 3817 2250 3872 abibat:

677 3907 869 3963 deinde
894 3922 1015 3964 cum
1037 3906 1103 3962 ad
1129 3906 1304 3962 locum
1325 3907 1610 3978 quemdam
1641 3910 2027 3977 pervenissent,
2071 3911 2252 3980 pueris

677 4002 773 4066 ait,
805 3999 1006 4065 Sedete,
1030 4000 1219 4069 inquit,
1247 4016 1330 4053 vos
1357 4001 1436 4053 hic
1463 4017 1477 4052 :
1509 4015 1600 4070 ego
1629 4017 1742 4054 vero
1780 4010 1826 4054 et
1862 4002 2100 4070 parvulus
2139 4019 2255 4070 pcr-

677 4090 1000 4145 transibt'mus
1021 4105 1174 4158 usque
1190 4088 1334 4154 illuc,
1366 4097 1413 4142 et
1440 4076 1551 4141 cum
1589 4089 1964 4144 adoraverimus
1985 4132 2000 4156 ,
2039 4103 2256 4146 reverte-

681 4194 798 4232 mur
826 4177 894 4231 ad
919 4177 1179 4249 oos(lbid.
1199 4195 1246 4231 ν.
1270 4175 1347 4250 5).
1367 4177 1599 4234 Insciens
1617 4178 2256 4249 prophetaritAbrabam,

680 4268 859 4323 divina
887 4267 964 4322 illi
982 4268 1150 4338 gratia
1176 4277 1514 4336 coeperante.
1541 4267 1736 4323 Filium
1764 4277 1908 4333 tuum
1935 4279 2261 4330 mactaturus

680 4359 874 4427 pergis,
898 4366 953 4414 et
973 4358 1071 4422 ais,
1103 4357 1460 4413 Reuertemur?
1486 4357 1620 4412 Dum
1646 4373 1839 4428 pueros
1858 4359 2042 4415 studet
2056 4354 2256 4427 celare,

681 4447 937 4514 propheta
964 4445 1212 4501 eflicitur.
1242 4446 1308 4499 Et
1344 4445 1597 4516 imposuit
1622 4444 1760 4514 ligna
1797 4443 2033 4497 humeris
2073 4444 2257 4518 lsaae,

687 4541 744 4588 et
762 4537 977 4600 sumpto
1015 4529 1136 4599 igne
1164 4528 1462 4600 gladioque,
1511 4531 1565 4584 in
1599 4539 1834 4586 montem
1884 4532 2142 4590 ascendit.
2195 4535 2262 4592 Et

686 4621 808 4694 quid
835 4621 965 4676 dixit
992 4619 1056 4674 ad
1086 4627 1287 4690 patrem
1311 4619 1493 4675 Isaae?
1518 4619 1691 4675 Pater.
1723 4620 1825 4677 Ille
1843 4639 1976 4688 vero,
2004 4624 2142 4691 Quid
2165 4635 2259 4693 est,

687 4709 801 4777 ﬁli?
838 4707 907 4763 Et
947 4709 1051 4776 ait,
1084 4708 1216 4763 Ecce
1242 4710 1372 4780 ignis
1400 4719 1446 4764 et
1473 4710 1612 4780 tigna
1641 4725 1659 4763 :
1689 4711 1771 4763 ubi
1797 4720 1870 4765 est
1898 4713 2004 4767 ovis
2040 4714 2092 4766 in
2119 4715 2263 4768 lioto-

686 4809 913 4854 caustum
929 4800 956 4853 ?
985 4798 1112 4853 Tum
1140 4799 1250 4867 ille,
1286 4800 1423 4856 Deus
1447 4801 1628 4855 videbit
1651 4800 1747 4856 sibi
1772 4818 1911 4856 ovem
1934 4805 2004 4858 ad
2023 4807 2262 4865 holocau-

689 4901 840 4956 stum,
864 4889 940 4958 ﬁti
966 4887 1128 4960 (Ibid.
1159 4905 1208 4943 tt.
1239 4890 1400 4962 5.8).
1424 4891 1562 4946 Ecce
1578 4899 1632 4947 et
1649 4891 1866 4947 alteram
1889 4895 2220 4964 prephetiam
2245 4912 2258 4948 :

689 4995 864 5049 neque
892 4981 1054 5034 verba
1083 4981 1374 5048 praeterire,
1405 4996 1579 5050 neque
1604 4980 1742 5036 facta
1778 4995 1993 5051 possum
2041 4993 2261 5054 praeter-

689 5087 923 5126 currere.
949 5070 1237 5127 Considera
1263 5074 1476 5128 nomina
1502 5089 1626 5129 mox
1662 5073 1824 5130 rebus
1848 5077 1976 5146 ipsis
2001 5077 2259 5133 orbanda.

690 5162 766 5215 lta
795 5162 882 5218 ille
908 5167 1112 5234 patrem
1141 5163 1390 5233 appellat,
1416 5173 1471 5218 et
1486 5165 1573 5219 hic
1597 5179 1783 5221 rursus
1807 5165 1995 5234 ﬁlium,
2018 5177 2175 5237 atque
2195 5170 2262 5223 ad

694 5254 881 5307 horam
907 5253 1119 5323 quidem
1146 5253 1394 5309 velabant
1441 5255 1656 5311 nomina
1677 5298 1693 5324 ,
1724 5271 1849 5311 mox
1898 5267 2074 5314 autem
2112 5269 2266 5314 erant

688 5344 1030 5400 denudanda.
1060 5344 1350 5401 Considera
1374 5347 1522 5402 enim
1545 5347 1820 5417 quomodo
1847 5347 2066 5409 aﬂectus
2109 5351 2265 5406 fuerit

694 5434 983 5501 Abraham,
1014 5436 1362 5506 compellatus
1409 5437 1477 5492 ab
1524 5436 1690 5505 Isaac,
1722 5453 1878 5508 quem
1917 5450 2030 5495 erat
2053 5441 2263 5512 jugula-

696 5540 864 5592 turus,
890 5538 1056 5595 pater.
1080 5525 1178 5593 Qui
1211 5526 1325 5581 ﬁeri
1355 5529 1561 5596 potuit,
1593 5537 1650 5583 ut
1675 5543 1782 5582 non
1808 5528 1924 5598 ejus
1956 5545 2123 5600 genua
2152 5531 2235 5585 dis

692 5616 1066 5674 solverentur?
1116 5617 1384 5690 quomodo
1430 5635 1536 5674 non
1599 5619 1838 5675 membra
1884 5621 2066 5675 collisa
2112 5623 2266 5677 sunt?

697 5708 964 5778 quomodo
998 5723 1099 5764 non
1130 5719 1307 5766 mente
1332 5710 1571 5766 turbatus
1596 5719 1714 5780 est,
1743 5726 1865 5768 cum
1893 5711 1975 5768 his
2002 5728 2120 5769 eum
2142 5727 2261 5768 ver-

1381 357 1438 415 S.
1479 353 1753 414 JO.\NNIS
1789 348 2258 410 CHRYSOSTOMI
2298 347 2614 408 ARCHIEP.
2653 347 3192 409 CONSTANTINOP.

3821 354 3932 409 ’140

2346 464 2427 519 bis
2456 464 2601 523 Isaac
2631 467 2770 522 ﬁlius
2793 468 3045 522 affarctur
3063 468 3088 520 ?
3111 467 3316 523 Obtulit
3343 475 3541 533 tamen,
3575 478 3630 523 et
3656 469 3927 539 colligavit

2347 557 2515 625 Isaac,
2535 574 2802 630 manuque
2837 560 3060 615 dextera
3103 561 3336 630 gladium
3384 563 3644 632 arripuit,
3674 573 3732 617 ut
3760 561 3926 617 ﬁlium

2346 664 2500 704 suum
2526 657 2806 705 mactarct.

2414 739 2695 815 Paretttum
2724 737 2958 806 a/I'ectum
2985 741 3275 794 auditorum
3302 741 3714 796 obtestatur.—0
3742 742 3930 798 dexte-

2344 845 2457 886 ram
2488 831 2627 886 illam
2649 831 2903 888 adversus
2925 831 3088 888 ﬁlium
3114 843 3370 888 armatam
3387 835 3400 887 l
3419 835 3611 906 quibus
3630 837 3926 906 exprimam

2345 923 2519 977 verbis
2548 938 2661 977 rem
2706 933 2909 992 gestam
2953 925 3155 980 nescio.
3201 924 3480 993 Quomodo
3508 941 3613 980 non
3656 927 3928 1002 obtorpuit

2345 1013 2570 1082 manus]
2598 1014 2869 1083 quomodo
2891 1015 3097 1086 gladius
3119 1015 3186 1070 de
3210 1031 3371 1071 manu
3401 1032 3506 1071 non
3532 1018 3769 1072 excidit?
3797 1033 3928 1088 quo-

2345 1103 2504 1158 modo
2529 1118 2634 1158 non
2682 1113 2824 1161 totus
2851 1107 3113 1162 resolutus
3138 1117 3222 1163 est
3246 1115 3299 1163 et
3326 1109 3592 1164 extabuit?
3637 1109 3728 1179 qui
3758 1109 3929 1178 potuit

2331 1204 2520 1249 autem
2542 1195 2850 1261 subsistere,
2874 1206 2928 1250 et
2950 1197 3095 1252 lsaac
3120 1197 3351 1253 vinctum
3377 1205 3637 1255 cernere?
3660 1199 3928 1270 quomodo

2346 1284 2522 1340 subito
2547 1295 2786 1341 mortuus
2813 1303 2919 1341 non
2945 1289 3239 1342 remansit?
3263 1289 3535 1358 quomodo
3558 1290 3633 1344 illi
3665 1291 3928 1345 inservie-

2346 1384 2471 1430 runt
2499 1376 2680 1430 nervi?
2705 1379 2971 1447 quomodo
2993 1380 3200 1434 animus
3230 1379 3375 1436 illum
3413 1396 3519 1436 non
3548 1381 3785 1437 defecit?
3813 1382 3929 1437 Non

2347 1467 2521 1531 video,
2564 1483 2666 1538 qua
2706 1470 2903 1538 possim
2945 1474 3188 1526 oratione
3222 1487 3334 1528 rem
3359 1481 3562 1541 gestam
3604 1475 3930 1543 exprimere.

2347 1559 2616 1629 Quotquot
2657 1560 2742 1615 hic
2790 1572 2988 1630 patres,
3037 1572 3131 1618 aut
3167 1573 3364 1618 matres
3413 1565 3571 1629 estis,
3618 1568 3930 1631 convenite,

2349 1665 2560 1703 manum
2608 1652 2878 1720 porrigite,
2927 1653 3224 1706 orationem
3270 1655 3559 1723 adiuvate:
3604 1657 3746 1709 vires
3786 1654 3931 1710 enim

2347 1754 2494 1794 meas
2540 1755 2626 1794 res
2672 1742 2954 1806 excedunt,
3005 1744 3294 1813 ignoscite;
3338 1745 3464 1814 quin
3507 1761 3602 1800 vos
3634 1748 3798 1800 etiam
3831 1748 3931 1816 ipsi

2348 1831 2657 1886 succurrite.
2693 1832 3070 1900 Smpenumero
3094 1835 3330 1905 quinque
3355 1838 3439 1890 vel
3479 1853 3571 1891 sex
3602 1837 3740 1892 ﬁlios
3775 1840 3936 1893 habet

2347 1922 2629 1990 quispiam,
2666 1936 2720 1977 et
2759 1923 2933 1978 ﬁlias:
2961 1926 3006 1978 si
3051 1925 3263 1996 quando
3292 1942 3426 1982 unus
3451 1943 3514 1982 ex
3542 1929 3647 1982 illis
3687 1940 3932 2000 a-grotet,

2348 2022 2516 2068 totum
2543 2014 2717 2069 cubile
2745 2025 2895 2085 pater
2916 2018 3319 2087 circumcursat,
3347 2022 3533 2076 oculos
3576 2022 3670 2077 ﬁlii
3701 2023 3935 2078 deoscu-

2349 2102 2507 2168 latur,
2557 2108 3140 2177 manusiamplectitur,
3173 2109 3314 2165 diem
3360 2121 3568 2180 reputat
3608 2124 3844 2182 noctem,
3882 2125 3935 2170 et

2348 2193 2527 2249 lumen
2560 2195 2820 2261 tenebras,
2863 2213 2968 2251 non
3011 2199 3154 2269 quod
3201 2199 3462 2256 elementa
3492 2206 3804 2271 commutet,
3839 2207 3935 2260 sed

2339 2285 2492 2354 quod
2530 2300 2639 2354 prae
2679 2286 2880 2343 doloris
2901 2289 3189 2346 acerbitate
3216 2292 3322 2348 illis
3348 2294 3565 2350 minime
3601 2296 3934 2361 delectetur;

2351 2381 2529 2434 mollia
2567 2381 2767 2436 cubilia
2789 2391 3117 2452 sternuntur,
3148 2387 3338 2442 medici
3365 2389 3623 2456 assident,
3664 2391 3817 2444 multi
3849 2406 3936 2444 sa-

2346 2472 2545 2527 tellites
2579 2488 2777 2543 aegrum
2805 2477 3168 2544 circumstant,
3199 2489 3339 2535 tatus
3365 2483 3584 2536 omnino
3608 2485 3939 2538 contabescit

2351 2571 2537 2633 pater:
2588 2564 2711 2620 licet
2750 2568 2991 2634 pecunia:
3033 2570 3185 2638 copia
3221 2581 3489 2642 suppetat,
3515 2575 3829 2630 detestanda
3859 2587 3940 2629 est

2351 2653 2463 2719 illi;
2515 2653 2638 2708 licet
2683 2654 2977 2712 innumeris
3015 2659 3157 2713 curis
3201 2669 3491 2728 prematur,
3539 2677 3728 2718 omnes
3753 2664 3940 2734 abigit,

2352 2758 2530 2814 neque
2553 2753 2727 2812 potest
2747 2746 2812 2800 ad
2836 2747 3175 2803 sobrietatem
3197 2749 3374 2805 redire
3404 2766 3513 2821 pra:
3533 2753 3695 2806 nimia
3725 2755 3940 2809 tristitia

2355 2834 2677 2890 temulentus
2704 2854 2718 2890 :
2747 2844 2887 2892 totus
2910 2837 3068 2893 etiam
3114 2839 3343 2896 mundus
3385 2842 3457 2895 illi
3487 2842 3770 2898 insanabili
3801 2845 3940 2898 male

2353 2925 2577 2981 laborat.
2602 2928 2721 2983 Pari
2743 2930 2952 2986 ratione
2981 2939 3152 2986 mater
3171 2947 3382 3002 quoque
3401 2935 3644 2990 circumit
3663 2936 3939 3002 distracta,

2351 3016 2680 3085 perturbata,
2708 3027 2763 3073 et
2785 3019 2984 3074 ardens
3013 3028 3141 3087 tota,
3173 3032 3226 3076 et
3254 3021 3554 3077 facultatem
3577 3041 3826 3095 quaerens
3850 3027 3942 3081 do-

2357 3106 2526 3161 lorem
2554 3123 2675 3161 cum
2720 3124 2863 3179 aegro
2887 3109 3175 3177 dividendi,
3210 3113 3293 3167 vel
3327 3115 3503 3183 potius
3535 3116 3802 3186 integrum
3847 3118 3942 3172 ad-

2356 3197 2624 3266 mittendi,
2668 3208 2726 3251 ut
2768 3197 2993 3255 amictus
3040 3201 3178 3257 ﬁlius
3225 3204 3413 3260 morbo
3448 3205 3759 3261 relevetur:
3793 3198 3946 3264 nihili

2357 3285 2485 3342 facit
2514 3289 2674 3343 vitam
2704 3299 3045 3360 praesentem,
3077 3291 3226 3348 nihili
3272 3293 3539 3363 futuram;
3567 3296 3661 3351 sed
3693 3299 3944 3354 omnibus

2356 3379 2475 3434 istis
2502 3382 2785 3450 optabilius
2805 3391 2888 3436 est
2908 3383 3005 3452 illi,
3033 3393 3090 3438 ut
3111 3392 3278 3439 totum
3302 3386 3392 3440 ﬁlii
3425 3387 3666 3442 morbum
3687 3390 3943 3461 excipiat.

2357 3469 2475 3524 Non
2504 3480 2795 3541 suppetunt
2822 3472 2952 3528 mihi
2982 3472 3166 3541 verba,
3193 3475 3386 3545 quibus
3415 3476 3754 3535 affectionem
3787 3483 3944 3536 istam

2358 3573 2758 3632 repraesentem.
2803 3563 2950 3620 Pone
2997 3567 3091 3623 tibi
3145 3576 3269 3622 ante
3319 3569 3505 3624 oculos
3553 3571 3830 3628 Abraham
3871 3577 3946 3632 sic

2359 3651 2606 3707 aﬁ‘ectum
2637 3654 2784 3708 illum
2814 3654 3029 3725 quidem
3067 3655 3270 3722 dolore,
3314 3660 3413 3714 sed
3455 3661 3945 3734 philosOphantem,

2358 3752 2414 3798 et
2452 3744 2703 3801 mandato
2744 3747 3199 3817 obtemperantem
3225 3767 3238 3803 :
3266 3752 3542 3823 subigebat
3585 3764 3856 3824 natumut,
3893 3771 3950 3815 et

2361 3838 2666 3892 mandatum
2693 3839 2896 3895 viscera
2929 3841 3039 3909 ipsa
3069 3843 3373 3911 superabat.
3401 3844 3688 3902 Enimvero
3711 3849 3848 3914 haec,
3892 3863 3949 3908 ut

2363 3937 2488 3981 ante
2514 3928 2641 3994 dixi,
2676 3931 2974 3998 patiebatur
3006 3940 3062 3987 ut
3084 3931 3267 4001 homo,
3291 3934 3389 3990 sed
3414 3944 3470 3990 ut
3492 3936 3583 3992 Dei
3611 3953 3802 3995 amans
3829 3944 3949 4012 piti-

2365 4015 2761 4085 losophabatur.
2789 4019 2866 4073 Ac
2906 4020 3088 4075 videre
3114 4031 3228 4077 erat
3265 4023 3412 4081 Isaac
3442 4037 3730 4100 martyrem
3769 4034 3950 4088 vivum

2364 4116 2420 4162 et
2448 4121 2553 4162 non
2579 4109 2779 4177 vivum,
2810 4121 3078 4167 mortuum
3105 4124 3159 4169 et
3197 4130 3304 4171 non
3331 4128 3621 4173 mortuum.
3643 4120 3776 4177 Nam
3806 4127 3949 4195 quod

2365 4199 2432 4253 ad
2469 4202 2701 4269 parentis
2743 4203 3069 4272 propositum
3110 4205 3318 4273 attinet,
3367 4219 3608 4266 mortuus
3647 4223 3775 4268 est:
3807 4217 3950 4286 quod

2366 4298 2543 4344 autem
2589 4289 2654 4344 ad
2695 4290 2790 4345 Dei
2817 4291 3219 4363 benignitatem,
3249 4311 3354 4351 non
3376 4305 3459 4352 est
3488 4310 3751 4369 mortuus,
3778 4305 3950 4374 siqui-

2365 4377 2489 4434 dem
2527 4379 2739 4436 Domini
2766 4381 2932 4452 ﬁgura
2957 4392 3012 4439 et
3035 4384 3209 4454 imago
3235 4385 3369 4441 fuit:
3397 4390 3575 4444 evenit
3599 4405 3729 4462 ergo
3759 4393 3950 4463 ﬁgura,

2364 4475 2421 4523 et
2441 4483 2560 4525 eam
2579 4471 2774 4538 veritas
2795 4473 3118 4545 subsequuta
3139 4483 3241 4532 est.
3269 4475 3459 4534 Postea
3478 4479 3760 4552 colligatur
3779 4483 3951 4554 Isaae,

2367 4556 2465 4613 sed
2484 4573 2590 4614 non
2613 4559 2922 4629 iugulatur;
2947 4578 3049 4617 vox
3071 4564 3214 4619 enim
3241 4579 3473 4636 superne
3505 4568 3583 4641 (α)
3611 4573 3761 4629 venit
3787 4580 3954 4632 mise-

2368 4646 2599 4703 rieordia
2625 4658 2681 4704 et
2699 4649 3023 4719 benignitate
3047 4653 3200 4722 plena
3219 4668 3342 4726 qua
3363 4658 3719 4726 patriarchant
3739 4664 3954 4722 cohibet

2368 4739 2475 4808 iam
2522 4748 2688 4795 totum
2732 4741 2994 4797 intentum
3037 4752 3094 4797 et
3120 4756 3365 4814 paratum
3393 4748 3686 4806 adea-dem
3730 4768 3954 4825 patran-

2369 4827 2514 4895 dant,
2545 4845 2663 4900 quae
2685 4832 2760 4885 ait
2788 4849 2801 4885 :
2831 4832 3108 4897 Abraham,
3139 4835 3415 4904 Abraham,
3439 4856 3501 4894 ne
3527 4842 3728 4910 injicias
3747 4861 3956 4900 manant

2369 4925 2506 4973 tuam
2531 4922 2600 4975 ad
2625 4923 2891 4992 puerulum
2911 4922 3061 4994 (Gen.
3091 4923 3181 4981 22.
3211 4927 3298 4983 Η.
3326 4928 3434 5001 12).
3464 4930 3570 4986 Cur
3595 4948 3703 4989 non
3732 4936 3798 4990 ad
3827 4953 3950 5005 pue-

2368 5023 2510 5077 rum,
2531 5012 2626 5067 sed
2652 5013 2734 5066 Ad
2758 5017 3062 5084 puerulum!
3086 5032 3183 5072 cur
3205 5019 3296 5074 vili
3318 5019 3478 5077 modo
3502 5022 3760 5094 loquitur?
3780 5027 3956 5086 Homo

2370 5106 2564 5174 quippe
2614 5113 2732 5160 erat
2763 5123 2776 5161 :
2806 5105 2941 5165 Filio
2995 5124 3129 5178 opus
3174 5121 3318 5178 erat,
3370 5127 3476 5167 non
3531 5117 3792 5184 puerulo;
3847 5135 3955 5176 non

2371 5207 2547 5261 servo,
2573 5197 2668 5252 sed
2692 5197 2829 5253 Filio
2854 5213 2980 5254 vero
3005 5201 3294 5270 unigenito,
3317 5217 3345 5256 τι
3370 5203 3526 5259 Patre
3549 5205 3615 5260 ad
3639 5221 3738 5261 nos
3765 5210 3954 5265 misso.

2375 5285 2458 5341 Ne
2474 5288 2674 5358 injicias
2700 5306 2906 5343 manum
2933 5299 3069 5344 tuam
3093 5292 3160 5344 ad
3186 5293 3473 5363 puerulum.
3510 5294 3700 5364 Figura
3731 5310 3950 5354 conten-

2375 5385 2460 5434 tus
2492 5377 2656 5446 fuisti,
2713 5381 2897 5451 accipe
2946 5381 3243 5437 veritatem.
3295 5384 3360 5440 Et
3414 5384 3684 5441 Abraham
3735 5389 3954 5457 quidem

2442 5540 2514 5607 (tt)
2531 5541 2632 5607 ilic
2653 5543 2790 5607 locus
2809 5541 2895 5607 qu_i
2917 5540 3122 5607 inprius
3141 5541 3299 5593 Editis
3321 5554 3480 5607 usque
3502 5543 3564 5591 ad
3586 5543 3733 5607 ﬁnem
3755 5542 3954 5605 deerat,

2376 5601 2460 5665 ρι’
2481 5601 2641 5665 tribus
2681 5601 3213 5665 Mss.,'0ttoboniano,
3251 5601 3556 5665 Lolbe'rtino,
3580 5605 3668 5665 qui
3702 5618 3836 5656 nunc
3872 5601 3953 5657 est

2375 5663 2564 5725 Regius
2577 5663 2719 5731 779_et
2737 5663 2930 5713 mendis
2959 5672 3134 5728 scatet,
3161 5675 3213 5716 et
3241 5664 3548 5715 Corsliniano
3576 5663 3681 5728 117,
3703 5669 3789 5729 qui
3817 5666 3953 5731 opti-

2377 5739 2490 5775 mus
2511 5730 2610 5787 est,
2632 5726 2922 5787 desumptus
2945 5733 3038 5775 est.
