4206 6302
343 389 453 442 739

341 496 543 569 ὤφθης
574 494 688 559 πῶς
718 494 827 565 γάρ
865 492 996 556 Θεός
1039 508 1120 543 σοι
1170 485 1314 561 εἶχεν
1344 489 1595 560 ὀφθῆναι,
1626 489 1720 542 καὶ
1749 488 1930 559 ζητεῖν

341 591 441 643 τὸν
464 586 602 649 υίδν,
620 586 679 639 δν
706 602 783 638 πα
792 587 838 656 ρ’
855 582 1048 637 ἐλπίδα
1067 581 1217 655 [Ἱιὸ]
1238 599 1327 656 μρι
1358 581 1558 634 ἔδωκεν
1577 596 1592 646 ;
1621 580 1783 642 αὐτὸς
1805 583 1933 651 ἐχα-

343 679 558 750 ρίσατο,
590 648 684 729 καὶ
722 648 886 745 αύτὺς
915 648 1217 745 λαμϐάνεις
1239 648 1307 726 ’έί
1338 672 1428 726 διὰ
1462 672 1524 725 τὸ
1548 669 1735 726 λαϐεῖν
1772 648 1934 725 αύτδν

343 769 543 831 ἔδωκε,
578 758 809 839 βέλτιον,
845 768 894 821 εί
931 766 1008 838 μὴ
1032 765 1270 819 ἔδωκεν·
1300 765 1364 819 66
1393 763 1505 834 γάρ
1566 763 1683 817 ἐστι
1744 762 1936 817 τοσοῦ-

341 876 438 923 τος
466 859 624 922 πόνος
656 858 718 911 τὺ
752 858 826 929 μὴ
855 856 1021 927 ἔχειν,
1055 858 1181 911 ὅσον
1211 856 1272 910 τὸ
1314 855 1500 909 λαϐεῖν
1533 854 1627 909 καὶ⁸
1647 854 1929 909 ἀπολέσαι.

355 950 642 1022 Ἐννόησον
672 949 773 1022 τὴν
805 949 1025 1022 Σάρραν
1070 948 1457 1020 ἀναπτομένην
1486 947 1581 1001 καὶ
1622 944 1932 1018 πυρπολου-

342 1039 538 1112 μένην,
572 1040 668 1094 καὶ
722 1039 831 1093 ὑπὸ
858 1038 962 1109 τῆς
1004 1038 1221 1109 φύσεως
1260 1037 1650 1108 ἐλαυνομένην,
1685 1036 1782 1091 καὶ
1830 1036 1931 1107 τὴν

344 1135 569 1206 μήτραν
600 1134 773 1205 αὐτῆς
790 1131 1283 1205 διαστρεφομένην,
1311 1132 1405 1186 καὶ
1428 1130 1500 1185 τὰ
1529 1130 1813 1202 σπλάγχνα
1842 1129 1934 1185 a6-

339 1228 447 1297 τῆς
474 1228 835 1299 ἀλλοιούμενα
857 1242 870 1255 ο
899 1224 1209 1298 συμπαθεῖς
1244 1225 1355 1297 γὰρ
1388 1225 1447 1278 αί
1493 1225 1754 1293 γυναῖκες
1802 1220 1931 1292 περὶ

337 1317 413 1371 τὰ
427 1319 669 1373 τοιαῦτα·
693 1319 820 1371 ὅσον
845 1317 956 1388 γὰρ
976 1310 1345 1388 μαλακωτέρα
1358 1315 1459 1370 καὶ
1479 1312 1928 1386 συμπαθεστέρα,

336 1412 599 1466 τοσοῦτον
636 1410 828 1481 ἔμελλε
858 1407 1292 1481 διισχυρίζεσθαι
1344 1408 1483 1480 πρδς
1512 1410 1602 1461 τὸν
1656 1404 1926 1479 Ἀϐραάμ,

338 1505 439 1558 καὶ
472 1502 812 1567 ἐνεποδίζετο
850 1503 883 1572 ή
942 1499 1126 1567 θυσία,
1157 1500 1252 1553 καὶ
1281 1500 1343 1553 τὸ
1380 1500 1678 1571 μυστήριον
1721 1513 1931 1569 κατηρ-

336 1598 513 1662 γεῖτο.
536 1594 601 1647 Τί
627 1593 736 1664 γὰρ
761 1592 827 1647 ἂν
858 1592 959 1646 οὐκ
988 1591 1299 1663 ἐποίησενῆ
1328 1593 1515 1664 Σάρρα
1535 1591 1672 1661 πρὸς
1700 1590 1761 1644 τὺ
1792 1592 1929 1644 ἀπο-

336 1688 550 1739 σπάσαι
578 1685 669 1739 τὺν
708 1684 821 1738 υἱὸν
852 1684 1058 1754 αὐτῆςς
1091 1684 1152 1736 66
1180 1684 1288 1754 γάρ
1317 1683 1549 1754 ἠδύνατο
1576 1682 1843 1754 βαστάσαι
1868 1683 1929 1736 τὸ

335 1778 645 1848 γινόμενον,
680 1776 769 1830 τὸν
814 1775 945 1847 παρ’
979 1775 1201 1839 ἐλπίδας
1230 1776 1346 1829 υίδν
1391 1774 1657 1846 μέλλοντα
1689 1775 1931 1847 ἀναιρεῖι

338 1867 491 1935 σθαι,
534 1869 630 1922 καὶ
660 1869 720 1922 ὲν
773 1866 923 1938 αὐτῷ
944 1865 1023 1937 τῷ
1046 1866 1196 1938 γήρᾳ
1228 1865 1602 1937 δεδωρημένον
1634 1868 1770 1938 αὐτῇ
1806 1867 1930 1938 μέλ-

334 1961 499 2013 λοντα
548 1959 873 2028 σφάζεσθαι,
916 1958 1126 2027 πατρὸς
1178 1961 1370 2029 χεῖρας
1413 1959 1763 2028 τεκνοφονίαν
1804 1960 1930 2031 μελ-

335 2051 548 2114 λούσας
566 2050 917 2122 ἐργάζεσθαιο
935 2050 1037 2104 οὐκ
1056 2049 1121 2105 ἂν
1133 2050 1403 2115 ἐϐάσταζε
1422 2050 1694 2121 τοιαῦταή
1717 2051 1924 2124 Σάρρα,

332 2143 477 2197 ἀλλά
506 2143 708 2213 πολλὴν
734 2143 800 2196 ἂν
827 2143 1125 2212 εἰργάσατο
1144 2141 1326 2211 μάχην
1352 2140 1491 2210 μετά
1512 2139 1608 2194 τοῦ
1652 2142 1926 2214 Ἀϐραάμ,

333 2234 441 2304 τῆς
472 2234 525 2287 δὲ
558 2234 739 2305 μάχης
763 2233 1059 2303 γινομένης
1087 2232 1302 2303 ἀνάγκη
1348 2232 1571 2303 ἐνέδραν
1601 2233 1722 2286 τινὰ
1749 2251 1927 2305 παρα-

333 2326 690 2395 κολουθῆσαι,
712 2326 935 2396 ἐνέδρας
965 2325 1021 2376 δὲ
1041 2323 1560 2395 παρακολουθούσης
1590 2324 1927 2389 ἐνεποδίζετο

330 2419 397 2471 τὸ
445 2419 764 2489 μυστήριον.
800 2418 915 2471 Οὐκ
948 2413 1102 2469 εἶπεν
1136 2412 1229 2469 οὖν
1272 2416 1523 2487 Ἀϐραὰμ
1563 2419 1630 2487 τῇ
1684 2420 1922 2486 γυναικὶ,

336 2509 425 2563 (va
474 2509 548 2580 μὴ
585 2508 888 2578 φιλονεικία
932 2508 1179 2579 γένηται,
1230 2510 1316 2562 ἵνα
1354 2509 1450 2580 μὴ,
1492 2511 1791 2582 γενομένης
1825 2510 1924 2581 τῆς

336 2599 695 2669 φιλονεικίας,
726 2602 807 2663 είς
845 2599 1027 2670 μάχην
1061 2598 1303 2672 προέλθῃ
1334 2598 1395 2651 τὸ
1426 2602 1678 2672 πρᾶγμα,
1711 2602 1797 2654 ἵνα
1817 2601 1921 2672 μὴ,

330 2694 416 2757 εἰς
446 2694 628 2764 μάχην
653 2692 1007 2764 προελθόντος
1030 2690 1126 2743 τοῦ
1165 2692 1511 2762 πράγματος,
1541 2695 1622 2757 είς
1655 2694 1923 2764 μερισμὸν

330 2787 463 2857 περὶ
488 2786 583 2839 τοῦ
612 2782 732 2838 υἱοῦ
761 2785 1120 2855 προχωρήσῃ,
1155 2784 1243 2837 ἵνα
1272 2782 1368 2855 μὴ,
1392 2785 1474 2847 είς
1502 2784 1771 2855 μερισμὸν
1797 2801 1924 2856 προ-

329 2877 638 2949 χωροῦντος
675 2877 770 2930 τοῦ
807 2875 946 2940 υίοῦ,
977 2874 1203 2947 χρονίσῃ
1234 2878 1267 2947 ή
1316 2876 1644 2945 ἐπαγγελία,
1678 2876 1766 2930 ἵνα
1822 2877 1919 2947 μὴ,

328 2969 664 3041 χρονισάσης
707 2970 808 3040 τῆς
841 2967 1197 3036 ἐπαγγελίας,
1228 2968 1292 3021 τὸ
1322 2970 1558 3039 πρᾶγμα
1605 2967 1920 3039 ἐνεδρευθῇ,

330 3062 419 3115 ἵνα
479 3060 577 3131 μὴ.
624 3058 719 3113 τοῦ
775 3059 1103 3128 πράγματος
1155 3058 1584 3131 ὲνεδρευθέντος,
1632 3057 1921 3113 ἀτέλεστον

328 3153 469 3223 μένῃ
497 3152 559 3205 τὸ
600 3170 672 3223 μυ
682 3155 925 3225 στήριον.
1167 3163 1178 3173 ’

408 3241 477 3311 β’.
509 3242 648 3295 Ἀλλ’
670 3243 700 3295 6
721 3242 1012 3313 φιλόσοφος
1027 3241 1301 3314 Ἀϐραάμ,
1327 3243 1356 3294 6
1381 3245 1641 3316 ἀθλητὴς,
1665 3245 1760 3299 και
1780 3242 1918 3312 πρὸς

324 3331 491 3401 φύσιν
516 3332 945 3404 ἀγωνιζόμενος,
965 3335 1058 3387 καὶ
1088 3333 1228 3403 πρὸς
1281 3331 1569 3400 σπλάγχνα
1605 3330 1917 3396 πυκτεύων,

322 3425 424 3478 καὶ
468 3425 609 3478 κατά
639 3428 739 3496 τῆς
771 3426 987 3495 φύσεως
1023 3425 1401 3495 ὅπλιζόμενος,
1432 3423 1492 3476 66
1540 3424 1913 3494 παρήκουσεν,

320 3514 442 3568 ἀλλ’
479 3515 818 3585 ἐπιτάγματι
863 3515 958 3568 τοῦ
993 3514 1129 3567 Θεοῦ
1161 3515 1348 3578 εἴκων,
1381 3514 1583 3584 ήκουσε
1616 3514 1717 3583 τῆς
1754 3514 1920 3581 ἀγγε-

319 3605 467 3669 λίας,
512 3608 606 3661 καὶ
652 3608 813 3670 εὐθὺς
854 3607 1125 3678 λαμϐάνει
1170 3607 1262 3660 τὸν
1310 3606 1445 3658 υἱόν.
1504 3604 1707 3667 Ἡδέως
1742 3604 1918 3658 ἐνδια-

320 3698 498 3769 τρίϐω
528 3701 642 3763 τοῖς
678 3701 892 3772 ῥήμασι
916 3699 1155 3764 τούτοις
1199 3697 1355 3753 Λάϐε
1380 3698 1487 3751 τὸν
1515 3700 1651 3752 υἱόν
1673 3713 1789 3751 σου
1811 3698 1918 3752 τόν

320 3790 656 3859 ἀγαπητὸν,
709 3791 783 3845 ὃν
832 3791 1177 3861 ἠγάπησας,
1228 3791 1337 3844 τὸν
1382 3789 1610 3854 Ἰσαὰκ,
1663 3790 1761 3843 καὶ
1806 3791 1914 3844 ἀν-

319 3880 533 3950 ένεγκέ
560 3899 665 3948 μοι
695 3882 885 3936 αὑτὸν
925 3886 1013 3949 είς
1060 3881 1485 3950 ὀλοκάρπωσιν
1537 3882 1631 3950 ἐφ’
1677 3880 1747 3933 ἓν
1799 3879 1917 3934 τῶν

320 3973 527 4041 ὀρέων,
558 3968 644 4029 ὧν
672 3975 751 4029 ἄν
789 3989 891 4030 σοι
921 3976 1100 4029 εῐπω’
1131 3978 1225 4030 καὶ
1256 3975 1436 4029 λαϐὼν
1481 3979 1509 4029 6
1545 3974 1797 4047 Ἀϐραάμ
1822 3975 1915 4028 τὸν

333 4066 542 4131 Ἰσαάκ,
574 4067 670 4120 καὶ
712 4067 808 4138 τὴν
855 4068 997 4132 6v6v,
1032 4068 1128 4120 καὶ
1156 4069 1284 4130 τοὺς
1322 4068 1415 4122 δύο
1452 4068 1672 4131 παῖδας,
1706 4068 1873 4140 ἀπῄει
1894 4079 1910 4096 ’

318 4153 440 4212 εἶτα
468 4157 789 4227 φθασάντων
812 4159 992 4212 αὐτῶν
1013 4158 1069 4212 ἕν
1086 4178 1192 4213 τινι
1214 4160 1386 4230 τόπῳ,
1415 4159 1564 4228 λέγει
1592 4161 1707 4221 τοῖς
1720 4158 1874 4212 παισί
1895 4176 1908 4188 ·

321 4250 641 4314 Καθίσατε,
683 4251 869 4321 φησὶν,
912 4252 1081 4320 ὑμεῖς
1107 4249 1223 4306 ὧδε
1244 4268 1256 4281 ⁸
1290 4252 1407 4321 ἐγὼ
1438 4251 1507 4304 δὲ
1528 4252 1627 4305 καὶ
1673 4251 1740 4304 τὸ
1773 4266 1910 4303 παι-

316 4341 528 4409 δάριον
557 4341 990 4412 διελευσόμεθα
1009 4344 1120 4409 ἕως
1145 4338 1283 4407 ὦδε,
1317 4350 1413 4396 καὶ
1435 4341 1909 4412 προσκυνήσανκ-

315 4450 419 4499 τες
445 4431 632 4488 πάλιν
648 4435 1126 4505 ’ἀναστρέψωμεν
1146 4436 1300 4503 πρὸς
1336 4434 1514 4504 ὑμᾶς.
1557 4435 1741 4487 Ἀκων
1775 4452 1915 4515 προ-γ

315 4526 621 4595 εφήτευσεν
652 4527 680 4577 6
716 4525 991 4596 Ἀϐραὰμ,
1033 4528 1132 4598 τῆς
1161 4527 1313 4589 θείας
1347 4526 1569 4597 χάριτος
1598 4525 1749 4595 αὐτῷ
1781 4544 1909 4580 συν-

315 4615 606 4689 εργούσης.
647 4617 860 4686 Σφάξαι
887 4618 1092 4691 ἀνέρχῃ
1138 4618 1230 4679 τὸν
1272 4617 1385 4671 υἱόν
1421 4634 1536 4681 σου,
1575 4618 1670 4670 καὶ
1700 4617 1904 4685 λέγεις,

328 4707 855 4777 Ἀναστρένψιομειη
899 4708 988 4772 Ὠς
1039 4708 1192 4778 ζητεῖ
1247 4708 1455 4780 κρύψαι
1507 4710 1635 4772 τοὺς
1687 4710 1904 4772 παῖδας,

315 4799 605 4868 προφήτης
637 4799 985 4853 καθίσταται.
1025 4800 1136 4853 Καὶ
1164 4800 1328 4871 ἔθηκε
1378 4801 1447 4853 τὰ
1475 4800 1606 4864 ξύλα
1646 4802 1736 4854 ἐπὶ
1780 4804 1906 4865 τοὺς

312 4886 501 4957 ὤμους
548 4888 643 4941 τοῦ
689 4889 899 4953 Ἰσαάκ,
953 4891 1051 4942 καὶ
1081 4889 1262 4944 λαϐὼν
1316 4890 1427 4961 πῦρ
1478 4892 1571 4943 καὶ
1630 4891 1905 4963 μάχαιραν

313 4977 486 5050 ἀνέϐη
518 4979 612 5031 ἐπὶ
649 4979 712 5032 τὸ
739 4980 883 5051 ὅρος.
922 4982 1032 5033 Καὶ
1064 4981 1119 5033 τί
1164 4998 1328 5051 φησιν
1351 4983 1379 5034 6
1417 4982 1603 5035 Ἱσαάκ
1638 4982 1774 5054 πρὸς
1815 4984 1905 5037 τὸν

317 5068 532 5140 πατέρα
550 5086 565 5135 ;
583 5069 795 5138 Πάτερ.
822 5070 883 5123 '0
909 5071 997 5134 δὲ,
1022 5073 1080 5124 τί
1099 5072 1249 5136 ἐστι,
1277 5072 1493 5125 τέκνον
1509 5088 1528 5136 ;
1549 5074 1660 5127 Καί
1676 5088 1869 5143 φησιν
1889 5090 1903 5104 ·

314 5160 448 5214 ιὸοὑ
479 5161 547 5214 τὸ
568 5162 689 5230 πῦρ
710 5162 810 5215 καὶ
834 5162 907 5216 τὰ
925 5163 1103 5228 ξύλαε
1130 5164 1249 5217 ποῦ
1278 5164 1409 5220 ἐστι
1431 5164 1497 5217 τὸ
1514 5166 1816 5234 πρόϐατον
1835 5168 1904 5221 τὸ

310 5250 402 5313 είς
430 5247 889 5315 ό.ίοκὰρπωσιν;
928 5251 985 5303 ’0
1014 5251 1071 5304 δὲ
1104 5252 1240 5323 πρὸς
1270 5253 1463 5305 αὐτόν’
1506 5255 1533 5306 ὁ
1556 5254 1688 5318 Θεὸς
1713 5255 1903 5325 ὄψεται

310 5338 493 5411 ἑαυτῷ
519 5340 791 5412 πρόϐατον
822 5345 903 5406 εἰς
948 5344 1348 5415 ὀλοκάρπωσιν,
1382 5344 1593 5399 τέκνον.
1644 5346 1775 5400 Ἰδοὺ
1808 5348 1903 5400 καὶ

310 5430 544 5502 δευτέρα
572 5432 885 5504 προφητεία
906 5451 918 5461 ·
956 5436 1016 5487 o6
1051 5435 1227 5505 στέγω
1260 5434 1382 5488 οὔτε
1416 5436 1485 5489 τά
1517 5438 1740 5507 ῥήματα
1766 5455 1904 5509 παρ-

307 5524 516 5590 ελθεῖν,
547 5525 674 5579 οὔτε
710 5528 1094 5601 παραδραμεῖν
1127 5530 1196 5583 τά
1221 5532 1585 5602 γεγενημένα.
1618 5532 1901 5603 Ἐννόησον

305 5615 554 5687 ὀνόματα
598 5618 863 5689 μέλλοντα
898 5622 1240 5692 πραγμάτων
1294 5623 1656 5694 ἐρημοῦσθαι.
1711 5625 1901 5692 υῦτως

306 5708 516 5771 ἐκεῖνος
554 5709 649 5763 τὸν
677 5712 889 5783 πατέρα
923 5713 1095 5779 καλεῖ,
1133 5716 1385 5777 κάκεῖνος
1422 5716 1588 5770 πάλιν
1629 5717 1725 5770 τὸν
1758 5719 1895 5785 υίὸν,

307 5798 405 5851 καὶ
438 5798 574 5870 πρὸς
618 5799 765 5871 ὤραν
812 5804 910 5873 μὲν
939 5799 1006 5874 ἦν
1041 5806 1105 5858 τὶ
1149 5806 1406 5877 ὀνόματα,
1436 5807 1666 5877 ἤμελλον
1707 5806 1762 5861 δὲ
1794 5826 1892 5878 γυ-

1623 373 1715 429 DE
1753 373 1982 430 ΒΕΑΊΟ
2018 372 2377 429 ABRAHAM.

3522 371 3628 429 7-ιο

2053 486 2333 558 μνοῦσθαι.
2400 482 2679 555 Ἐννόησον
2734 482 2862 553 γὰρ,
2911 482 2963 537 τί
3005 482 3241 553 ἔπασχεν
3288 486 3316 537 6
3377 483 3630 555 Ἀϐραὰμ

2044 575 2377 649 καλούμενος
2434 575 2541 629 ὑπὸ
2582 573 2675 629 τοῦ
2729 574 2937 640 Ἰσαὰκ,
2992 573 3061 630 ὃν⁴
3094 573 3295 645 ήμελλε
3344 574 3626 642 σφάττειν,

2040 668 2239 739 πάτερ.
2281 666 2407 732 Πῶς
2446 666 2507 720 66
2539 664 2799 737 διεθρύϐη
2833 665 2904 720 τά
2952 665 3191 734 γόνατα;
3221 663 3337 728 πῶς
3364 664 3426 718 66
3470 663 3626 737 [7M]

2042 757 2383 828 συνεκλάσθη
2413 755 2486 811 τά
2520 757 2694 828 μέλη;
2733 758 2851 821 πῶς
2879 756 2976 828 τὴν
3022 757 3263 811 διάνοιαν
3305 758 3407 811 οὐκ
3457 757 3629 811 ἐπαθι

2039 851 2211 906 ταῦτα
2234 850 2477 913 ἀκούσας
2516 852 2671 923 παρά
2712 850 2808 904 τοῦ
2852 850 2972 904 υίοῦ
3012 850 3228 917 Ἰσαάκ,
3281 850 3475 921 Ὅμως
3524 851 3620 904 ἀν-

2040 946 2262 1016 ήνεγκε,
2295 944 2391 998 καὶ
2435 942 2750 997 συνεπόδισε
2792 942 2885 998 τὸν
2938 943 3147 1007 Ἰσαὰκ,
3170 944 3266 997 καὶ
3314 942 3475 997 ἔλαϐε
3525 945 3629 1017 τὴν

2041 1036 2320 1108 μάχαιραν
2357 1037 2423 1107 τῇ
2453 1034 2603 1107 δεξιᾷ
2632 1034 2797 1106 χειρὶ,
2831 1034 2919 1088 ἵνα
2958 1033 3135 1107 σφάξῃ
3167 1035 3259 1088 τὸν
3291 1035 3407 1089 υἱὸν
3435 1035 3623 1091 αὐτοῦ.

2064 1137 2076 1146 ’
2111 1130 2175 1184 Ὢ
2205 1129 2305 1202 τῆς
2335 1127 2517 1193 δεξιᾶς
2552 1129 2771 1201 ἐκείνης
2809 1129 2909 1200 τῆς
2957 1128 3099 1183 κατά
3131 1126 3228 1182 τοῦ
3256 1127 3375 1182 υίοῦ
3413 1127 3629 1193 ὁπλιζο-

2040 1221 2231 1292 μένης·
2262 1221 2362 1274 οὐκ
2387 1220 2496 1293 ἔχω
2518 1220 2636 1284 πῶς
2658 1222 2997 1295 παραστήσω
3027 1221 3107 1292 τῷ
3130 1221 3276 1293 λόγῳ
3303 1221 3373 1277 τά
3401 1213 3629 1293 γεγενη-

2040 1311 2200 1381 μένα.
2226 1311 2355 1374 Πῶς
2388 1311 2489 1364 οὐκ
2528 1310 2831 1383 ἐνάρκησεν
2855 1313 2887 1383 ή
2922 1310 3043 1383 χείρ
3069 1327 3083 1377 ;
3110 1310 3229 1374 πῶς
3252 1311 3353 1365 οὐκ
3379 1309 3542 1364 ἔπεσε
3570 1312 3629 1365 τὸ

2039 1402 2187 1471 ξίφος
2208 1402 2316 1456 ἀπὸ
2334 1403 2433 1474 τῆς
2454 1403 2635 1475 χειρός
2651 1420 2666 1469 ;
2692 1405 2810 1468 πῶς
2826 1405 2888 1458 o6
2905 1404 3125 1475 διελύθη
3142 1404 3281 1469 ὅλος,
3305 1405 3400 1459 καὶ
3414 1404 3629 1478 διεθρύ-

2037 1494 2139 1565 ϐη;
2171 1493 2291 1557 πῶς
2316 1495 2374 1549 δὲ
2408 1496 2611 1569 ἢρκεσε
2644 1498 2836 1569 στῆναι
2865 1498 2959 1551 καὶ
2987 1498 3115 1553 ἰδεῖν
3138 1499 3232 1553 τὸν
3273 1498 3461 1552 Ἰσαὰκ
3480 1498 3629 1551 δεδε-

2040 1586 2229 1656 μένον;
2264 1585 2381 1649 πῶς
2409 1587 2467 1640 δὲ
2504 1588 2605 1642 οὐκ
2630 1586 2815 1659 ἔμεινε
2854 1588 3051 1660 νεκρός
3084 1590 3272 1658 ἄφνως
3316 1588 3435 1652 πῶς
3472 1590 3529 1642 δὲ
3564 1588 3630 1639 τά

2037 1676 2203 1747 νεῦρα
2238 1678 2386 1749 αὐτῷ
2422 1679 2809 1752 ύπηρέτησαν;
2845 1680 2965 1744 πῶς
2989 1680 3046 1734 δὲ
3074 1682 3108 1752 ή
3137 1680 3331 1752 γνώμη
3364 1681 3629 1752 ἤρκεσεν,

2036 1769 2151 1822 Οὐκ
2182 1767 2311 1839 ἔχω,
2348 1769 2466 1833 πῶς
2496 1772 2836 1843 παραστήσω
2868 1771 2945 1843 τῷ
2977 1770 3119 1844 λόγῳ
3151 1772 3214 1826 τὸ
3239 1772 3626 1844 γεγενημένον.

2037 1860 2193 1914 Ὅσοι
2227 1860 2519 1933 πατέρεςῆ
2556 1863 2812 1935 μητέρες,
2844 1862 3148 1929 συνέλθετε,
3189 1866 3349 1934 χεῖρα
3372 1862 3627 1934 ὀρέξει-ιε.

2036 1950 2339 2024 βοηθήσατε
2366 1953 2445 2025 τῷ
2484 1954 2648 2027 λόγῳο
2682 1957 2858 2011 ἀτονῶ
2880 1957 2987 2031 γάρ
3021 1958 3160 2027 πρὸς
3191 1962 3264 2011 τὰ
3291 1958 3593 2029 πράγματα
3619 1975 3628 1989 ’

2036 2043 2335 2112 σύγγνωτε.
2367 2045 2481 2098 ἀλλ’
2515 2046 2675 2117 ὑμεῖς
2710 2050 3133 2120 συμμαχήσατε.
3166 2049 3435 2114 Πολλάκις
3466 2052 3625 2104 πέντε

2033 2135 2065 2205 ἣ
2094 2136 2187 2190 καὶ
2210 2136 2268 2205 ἓξ
2294 2140 2445 2204 υίοὺς
2485 2140 2598 2211 ἕχει
2638 2160 2721 2206 τις
2755 2143 2849 2197 καὶ
2887 2142 3225 2217 θυγατέρας’
3254 2144 3352 2198 καὶ
3370 2144 3520 2203 κέπάν
3549 2139 3629 2208 εἷς

2033 2225 2294 2291 ἐξαύτῶν
2326 2231 2680 2305 ἀρρωστήσῃ,
2719 2234 3069 2306 περιέρχεται
3100 2236 3229 2307 ὅλην
3256 2236 3357 2308 τὴν
3380 2236 3569 2302 κλίνην
3601 2239 3630 2292 6

2033 2319 2234 2391 πατὴρ,
2268 2320 2437 2391 φιλῶν
2457 2324 2551 2377 τοῦ
2576 2325 2767 2390 παιδὸς
2797 2328 2925 2387 τοὺς
2958 2327 3294 2399 ὀφθαλμοὺς,
3317 2330 3416 2393 τὰς
3441 2332 3631 2400 χεῖρας

2032 2414 2563 2484 περιπτυσσόμενος,
2600 2416 2701 2487 τὴν
2750 2417 2969 2488 ἡμέραν
3025 2418 3197 2474 νύκτα
3240 2420 3623 2498 λργιζόμενος,

2030 2500 2125 2552 καὶ
2174 2500 2234 2555 τὸ
2287 2502 2405 2573 φῶς
2455 2506 2677 2572 σκότος,
2726 2507 2787 2560 66
2826 2508 2895 2562 τά
2940 2513 3180 2580 στοιχεῖα
3234 2513 3626 2583 μεταϐάλλων,

2029 2590 2166 2645 ἀλλά
2191 2596 2256 2664 τῇ
2297 2595 2462 2667 ἀηδίᾳ
2488 2598 2589 2668 τῆς
2621 2596 2803 2671 λύπης
2842 2601 2942 2654 οὐκ
2966 2603 3397 2674 εὐφραινόμενος
3413 2607 3500 2659 ἐπ’
3526 2608 3627 2660 αύ-

2029 2686 2159 2749 τοῖς·
2191 2686 2370 2741 κλῖναι
2404 2689 2747 2760 ἐστρωμέναι
2774 2693 3005 2758 ἁπαλαί,
3042 2696 3220 2765 ἰατροὶ
3241 2697 3629 2768 παρακαθεζό-

2032 2793 2207 2844 μενοι,
2230 2778 2399 2851 πολλή
2428 2782 2461 2852 ή
2500 2780 2798 2855 δορυφορία
2815 2784 2909 2837 τοῦ
2940 2786 3380 2857 ἀνωμαλοῦντος,
3400 2793 3627 2863 τήκεται

2027 2866 2147 2930 ὅλος
2161 2868 2229 2922 δι’
2258 2870 2381 2923 ὅλου
2407 2872 2435 2924 6
2465 2874 2673 2946 πατήρ·
2703 2875 2805 2929 κᾶν
2828 2879 3153 2947 περιουσίαν
3177 2878 3275 2951 ἔχῃ
3300 2883 3625 2954 χρημάτων,

2026 2961 2305 3015 ἀπευκτέα
2359 2964 2509 3035 αὐτῷ
2540 2966 2687 3030 ἐστι,
2747 2967 2853 3021 κᾶν
2897 2971 3098 3043 μυρίας
3157 2971 3257 3044 ἔχῃ
3300 2975 3626 3045 φροντίδας,

2025 3050 2204 3116 πάσας
2235 3052 2441 3121 διώκει,
2470 3056 2530 3109 66
2558 3056 2857 3129 δυνάμενος
2879 3062 3179 3133 ἀνανῆψαι,
3214 3067 3279 3119 ὲκ
3314 3067 3415 3138 τῆς
3448 3068 3628 3141 λύπης

1949 3216 1953 3221 ρ
2028 3142 2263 3212 μεθύων·
2306 3147 2401 3199 καὶ
2439 3148 2467 3200 ό
2497 3149 2606 3211 πᾶς
2641 3149 2791 3221 αύτῷ
2817 3150 3023 3223 κόσμος
3049 3153 3270 3220 ἀνίατος
3296 3157 3390 3211 τοῦ
3431 3159 3624 3216 κακοῦ.

2036 3235 2267 3305 Ὁμοίως
2299 3238 2395 3290 καὶ
2424 3239 2455 3308 ἡ
2483 3239 2667 3312 μήτηρ
2690 3243 3044 3314 περιέρχεται
3067 3245 3491 3323 διακοπτομένη,
3523 3255 3626 3323 ἐμ-

2025 3326 2386 3399 πυριζομένη,
2424 3330 2518 3383 καὶ
2551 3332 2905 3405 ἀναπτομένη
2929 3335 3025 3406 ὅλη
3047 3375 3060 3398 ,
3104 3338 3345 3409 ζητοῦσα
3371 3342 3624 3416 δύναμιν,

2023 3418 2110 3470 ἵνα
2141 3420 2551 3491 συμμερίσηται
2579 3424 2671 3478 τὸν
2712 3424 2893 3478 πόνον·
2935 3429 3138 3498 μᾶλλον
3168 3432 3226 3485 δὲ
3268 3433 3355 3487 ῖνα
3385 3437 3479 3489 καὶ
3506 3438 3625 3491 ὅλον

2022 3509 2371 3581 ἀναδέξηται,
2405 3512 2491 3566 ἵνα
2519 3514 2581 3567 τὸ
2614 3517 2955 3588 κακούμενον
2980 3521 3171 3575 τέκνον
3204 3525 3493 3601 ἀπαλλαγῇ
3525 3531 3625 3603 τῆς

2022 3600 2199 3656 νόσου.
2242 3602 2410 3657 Οὐδὲν
2440 3604 2581 3677 αύτῇ
2614 3606 2644 3659 6
2672 3607 2862 3678 παρὼν
2902 3608 3046 3680 βίος,
3079 3614 3232 3669 οὐδὲν
3267 3617 3405 3689 αὐτῇ
3438 3620 3467 3671 ό
3498 3600 3625 3686 μέλ-

2022 3692 2168 3758 λων,
2222 3694 2360 3748 ἀλλά
2411 3696 2633 3751 πάντων
2676 3700 2883 3754 τούτων
2932 3704 3261 3778 τιμιώτερον
3309 3712 3523 3780 ἡγεῖται
3565 3716 3623 3768 τὸ

2023 3787 2204 3839 πᾶσαν
2253 3787 2611 3854 ἀναδέξασθαι
2646 3791 2745 3862 τὴν
2774 3793 2929 3847 νόσον
2958 3796 3052 3850 τοῦ
3099 3800 3317 3856 τέκνου.
3361 3805 3475 3858 Ούκ
3515 3806 3621 3877 ἔχω

2021 3879 2139 3943 πῶς
2170 3882 2509 3952 παραστήσω
2534 3884 2599 3935 τὸ
2625 3883 2795 3949 πάθος
2825 3887 3003 3942 τοῦτο.
3062 3890 3348 3964 Ἐννόησον
3385 3900 3478 3951 καὶ
3533 3901 3622 3953 τὸν

2033 3971 2287 4043 Ἀϐραάμ
2319 3973 2388 4026 τά
2420 3974 2563 4028 αύτά
2593 3976 2874 4047 πάσχοντα
2918 3982 3049 4050 μὲν,
3096 3984 3493 4056 φιλοσοφοῦντα
3522 3994 3579 4045 δὲ
3606 4038 3619 4053 .

2019 4061 2215 4132 καὶτῷ
2256 4066 2643 4137 προστάγματι
2684 4070 3029 4141 πειθόμενον·
3059 4078 3359 4132 κατεπάτει
3387 4081 3484 4153 τὴν
3524 4086 3620 4153 φύ-

2020 4170 2123 4221 σιν,
2150 4157 2248 4209 καὶ
2278 4158 2313 4227 ή
2337 4157 2526 4230 ἐντολὴ
2549 4158 2660 4214 τῶν
2694 4160 3021 4234 σπλάγχνων
3054 4167 3265 4237 ἐγίνετο
3302 4173 3507 4241 μᾶλλον
3529 4176 3620 4229 δυ-

2017 4246 2317 4317 νατωτέρα.
2353 4249 2601 4321 Ἔπασχε
2628 4250 2727 4321 μὲν
2764 4253 2875 4325 γάρ
2906 4256 3103 4321 ταῦτα,
3134 4260 3210 4324 ὠς
3236 4268 3522 4334 προεῖπον,
3545 4268 3619 4332 ὡς

2016 4337 2325 4410 ἄνθρωπος,
2362 4343 2671 4414 ἐφιλοσόφει
2696 4346 2753 4399 δὲ
2787 4348 2863 4411 ὡς
2905 4350 3174 4418 φιλόθεος.
3226 4356 3339 4409 Καὶ
3384 4352 3452 4429 ἦν
3491 4360 3620 4414 ἰδεῖν

2016 4429 2107 4483 τὸν
2147 4430 2333 4484 Ἰσαὰκ
2360 4432 2616 4505 μάρτυρα
2641 4434 2819 4500 ζῶντα
2845 4439 2939 4491 καὶ
2961 4440 3022 4491 66
3050 4440 3252 4510 ζῶντα,
3277 4444 3620 4503 ἀποθανόντα

2017 4522 2113 4574 καί
2142 4523 2243 4575 οὐκ
2270 4523 2631 4579 ἀποθανόντα.
2670 4529 2831 4582 Ὅσον
2867 4531 2966 4600 μὲν
2996 4533 3105 4602 γὰρ
3135 4536 3201 4606 τῇ
3237 4537 3498 4606 προθέσει
3523 4541 3619 4594 τοῦ

2018 4610 2247 4681 πατρὸς,
2277 4612 2567 4669 ἀπέθανεν·
2592 4617 2717 4672 ὅσον
2745 4617 2802 4671 δὲ
2826 4623 2891 4690 τῇ
2918 4621 3013 4675 τοῦ
3043 4622 3181 4676 Θεοῦ
3208 4626 3616 4703 φιλανθρωπίᾳ,

2015 4704 2115 4755 οὐκ
2143 4704 2409 4758 ἀπέθανε·
2437 4706 2608 4772 τύπος
2634 4708 2745 4781 γάρ
2773 4706 2841 4782 ἦν
2869 4714 2965 4766 τοῦ
3002 4716 3277 4770 Δεσπότου
3308 4722 3401 4773 καὶ
3425 4722 3612 4777 είκών·

2014 4795 2385 4885 ἐχρησίμευσε
2415 4798 2472 4852 δὲ
2497 4801 2525 4852 6
2548 4799 2738 4867 τύπος,
2769 4806 2863 4857 καὶ
2892 4806 3176 4878 ἐκδέχεται
3208 4812 3308 4883 τὴν
3332 4814 3613 4885 ἀλήθειαν.

2016 4883 2150 4942 Εἶτα
2183 4890 2575 4960 συμποδίζεται
2618 4896 2647 4947 6
2685 4896 2902 4963 Ἰσαάκ,
2938 4899 3032 4952 καὶ
3082 4901 3143 4954 66
3200 4883 3610 4972 σφαγιάζεται·

2011 4972 2143 5048 ἦλθε
2183 4980 2291 5052 γάρ
2318 4980 2526 5035 ἄνωθεν
2554 4985 2708 5056 φωνὴ
2736 4985 2890 5039 ἐλέου
2933 4989 3026 5041 καὶ
3069 4990 3485 5062 φιλανθρωπίας
3520 4999 3615 5065 γέ-

2018 5088 2215 5141 μουσα,
2244 5074 2340 5126 καὶ
2371 5074 2558 5146 ἐπέχει
2611 5077 2705 5130 τὸν
2754 5082 3102 5153 πατριάρχην
3141 5083 3263 5138 ὅλον
3290 5088 3613 5159 ἐγκείμενον

2013 5159 2142 5214 ὄντα
2185 5162 2277 5215 καὶ
2334 5163 2551 5235 ἕτοιμον
2609 5167 2746 5238 πρὸς
2801 5170 2904 5240 τὴν
2958 5173 3216 5245 σφαγὴν,
3279 5176 3374 5229 καί
3422 5196 3608 5250 φησιν’

2028 5250 2292 5321 Ἀϐραὰμ,
2322 5254 2586 5323 Ἀϐραὰμ,
2605 5256 2692 5328 μὴ
2715 5258 3013 5330 ἑπιϐιὶλῃς
3036 5263 3152 5332 τὴν
3173 5266 3343 5336 χεζοά
3359 5287 3477 5324 σου
3507 5272 3609 5326 ἐπὶ

2012 5344 2080 5397 τὸ
2114 5344 2453 5413 παιδάριον.
2481 5348 2582 5402 Διά
2610 5351 2663 5402 τί
2691 5353 2815 5423 οὐχ).
2853 5354 2947 5407 ἐπὶ
2983 5357 3074 5409 τὸν
3103 5360 3295 5425 παῖδα,
3323 5363 3441 5415 ἀλλ’
3475 5364 3607 5419 Ἐπὶ
3648 5354 3655 5355 ί

2012 5436 2080 5489 τὸ
2108 5436 2424 5506 παιδάριον
2438 5455 2459 5506 ;
2489 5442 2580 5497 διὰ
2601 5444 2653 5497 τί
2680 5445 2982 5515 εὐτελίζει;
3023 5450 3349 5523 Ἀνθρωπος
3379 5456 3488 5528 γάρ
3514 5452 3604 5528 ἦν’

2013 5529 2145 5583 Υίοῦ
2168 5532 2223 5585 δὲ
2254 5528 2322 5603 ἦν
2347 5535 2526 5604 χρεία,
2546 5537 2605 5588 66
2641 5538 2954 5611 παιδαρίου’
2981 5544 3043 5597 66
3074 5544 3286 5612 δούλου,
3321 5548 3438 5601 ἀλλ’
3473 5549 3603 5603 Υἰοῦ

2011 5622 2263 5691 ἀληθινοῦ
2284 5622 2436 5694 [745]
2464 5626 2812 5696 μονογενοῦς,
2840 5632 2991 5702 παρὰ
3016 5633 3228 5706 Πατρὸς
3247 5637 3604 5707 ἀπεσταλμέ-

2006 5732 2103 5768 νου
2133 5716 2271 5788 πρὸς
2304 5719 2473 5789 ἡμᾶς.
2503 5720 2602 5788 Μὴ
2619 5721 2910 5795 ἐπιϐάτης
2946 5728 3064 5796 τὴν
3081 5726 3251 5799 χεῖρά
3275 5744 3390 5783 σου
3416 5730 3514 5783 ἐπὶ
3534 5732 3602 5783 τὸ

2017 5806 2353 5877 παιδάριον.
2397 5810 2706 5885 Ἦρκέσβης
2745 5816 2822 5888 τῷ
2853 5818 3027 5891 τύπῳ,
3083 5820 3301 5893 ἐκδέχου
3341 5823 3441 5893 τὴν
3469 5821 3602 5893 ἁλή‹
