4182 6322
675 335 776 392 τις

671 452 843 506 θειαν.
871 452 983 504 Και
1004 451 1338 524 προφητεύει
1357 452 1456 524 μὲν
1480 453 1733 525 ’Δϐραάμ
1749 451 2252 525 παραλογιζόμενος

668 540 800 602 τοὺς
827 537 1041 602 παῖδαςο
1071 540 1175 611 δρᾷ
1199 536 1256 593 δὲ
1279 539 1682 594 ἀποϐαίνουσαν
1702 542 1760 595 ἐν
1791 543 1904 606 τοῖς
1928 541 2252 614 ρηθείσιτην

668 619 948 696 ἀλήθειανο
975 626 1029 679 τί
1056 627 1165 701 γάρ
1191 636 1359 699 φησις
1404 628 1702 682 Καθίσατε
1733 628 1920 683 αὐτοῦ
1945 629 2098 698 μετὰ
2141 629 2252 698 τῆς

667 713 836 769 ὅνουο
870 713 986 785 ἐγὼ
1011 714 1081 769 δὲ
1109 715 1209 770 καί
1235 715 1303 769 τὸ
1326 715 1644 785 παιδάριον
1678 716 2114 786 διελευσόμεθα
2138 716 2251 783 ἕως

664 795 783 856 ὧδε
801 844 816 868 ,
867 803 967 857 καί
1009 801 1557 872 προσκυνήσαντες
1604 803 2064 874 ἀναστρέφομεν
2100 804 2250 873 πρὸς

660 887 840 958 ὑμᾶς.
861 886 1030 944 Εἶπεν
1060 890 1158 961 οὐχ
1179 889 1355 954 οὕτως
1387 890 1548 962 ἔχων·
1575 891 1841 945 ἀπέϐαινε
1865 893 1922 947 δὲ
1949 891 2152 963 μᾶλλον
2174 893 2250 956 ὡς

661 979 873 1047 ἔλεγεν,
905 977 938 1048 ἢ
974 977 1166 1049 ῶσπερ
1196 979 1438 1051 ἐφρόνει.
1469 979 1614 1053 Τοὺς
1645 979 1844 1045 παῖδας
1882 981 1942 1035 δὲ
1979 980 2249 1053 καταλιμ-

661 1066 844 1128 πάνει,
879 1066 970 1119 ἴνα
1000 1066 1075 1137 μὴ
1105 1064 1302 1138 βιασθῇ
1333 1066 1601 1139 θεομάχον
1633 1065 1784 1138 βίανο
1821 1067 1895 1140 μὴ
1927 1069 2247 1140 νομίσαντες

657 1155 1026 1227 πρεσϐυτικόν
1057 1172 1111 1209 τι
1148 1156 1323 1221 πάθος
1357 1158 1845 1230 ὑπομεμενηκέναι
1870 1158 1962 1212 τὸν
1992 1158 2243 1227 γέροντα,

657 1242 963 1314 ἐπισχῶσιν
989 1242 1158 1297 αὐτοῦ
1181 1245 1281 1316 τὴν
1303 1244 1441 1317 πρὸς
1467 1244 1529 1299 τὸ
1552 1244 1714 1299 θῦσαι
1741 1244 1940 1318 όρμὴν,
1975 1246 2244 1313 εἰπόντες,

654 1329 709 1383 τί
743 1334 940 1398 ποιεῖς,
977 1324 1024 1386 ὦ
1062 1332 1332 1400 δέσποτα;
1363 1335 1454 1388 τὸν
1496 1331 1558 1397 ἐξ
1586 1328 1920 1404 ἐπαγγελίας
1951 1332 2120 1398 θύεις,
2153 1333 2245 1388 τὸν

656 1419 971 1492 ἀγαπητὸν,
1001 1420 1094 1490 τὸν
1115 1419 1472 1492 θεοδώρητον,
1498 1421 1592 1476 τὸν
1617 1422 1969 1495 γηρώκομον,
1992 1422 2083 1477 τὸν
2111 1423 2245 1497 κλη-

660 1507 914 1578 ρονόμον,
954 1509 1047 1563 τὸν
1106 1509 1197 1564 σὸν
1237 1509 1481 1582 διάδοχον
1516 1521 1565 1578 ι,
1589 1511 1681 1566 τὸν
1731 1511 1948 1583 Σάρρας
2003 1510 2150 1577 υίόν;
2190 1511 2244 1564 τί

657 1599 835 1660 ποιεῖς
855 1596 1153 1669 σκόπησον,
1169 1598 1534 1654 ἀνακοίνωσαι
1553 1601 1619 1670 τῇ
1645 1598 1883 1671 συμϐίιμ,
1909 1600 1979 1669 τῇ
2001 1597 2245 1669 κοινωνῷ

653 1686 757 1758 τῆς
784 1687 970 1758 γονῆς,
1000 1688 1075 1759 τῇ
1092 1687 1179 1740 ἐπ’
1201 1685 1349 1758 αὐτῷ
1375 1686 1474 1751 τὰς
1494 1686 1690 1750 ὠδῖνας
1709 1685 2071 1759 ὑπομεινάσῃ·
2095 1686 2246 1757 ἡμᾶς

657 1762 967 1848 σφαγίασον
993 1774 1232 1848 πρῶτον,
1254 1775 1351 1830 καὶ
1368 1773 1542 1839 οὕτως
1565 1774 1658 1828 τὸν
1685 1775 1818 1829 υίόν.
1868 1773 2012 1834 ’Δλλῗ
2034 1777 2064 1827 6
2085 1772 2246 1843 σοφὸς

655 1865 973 1937 πρεσϐύτης
1001 1865 1063 1920 οὒ
1099 1864 1523 1938 παραλαμϐάνει
1549 1865 1677 1928 τοὺς
1717 1863 2030 1936 ὀφείλοντας
2075 1865 2246 1934 ἐμπο-

654 1952 824 2019 δίζειν
846 1953 1032 2021 αὑτὸν,
1058 1952 1198 2008 ἀλλά
1231 1955 1378 2007 ποιεῖ
1405 1949 1698 2024 βαστάζειν
1727 1951 1789 2005 τὸ
1813 1951 1963 2022 θῦμα
1985 1952 2053 2005 τά
2084 1949 2241 2016 ξύλα,

654 2045 746 2102 ἶνα
773 2042 867 2097 τὸν
899 2043 1070 2098 τύπον
1101 2042 1203 2118 ἔχῃ
1225 2039 1321 2096 τοῦ
1349 2041 1443 2096 τὸν
1474 2041 1707 2114 σταυρὸν
1737 2038 2101 2110 βαστάζοντος
2133 2039 2245 2092 Σω-

652 2130 842 2202 τῆρος.
873 2130 1172 2196 Βαστάζων
1214 2129 1273 2184 δὲ
1322 2131 1352 2182 6
1395 2131 1525 2193 παῖς
1561 2130 1660 2183 καὶ
1685 2127 2076 2199 φθεγγόμενος,
2108 2129 2247 2182 κινεῖ

653 2217 724 2272 τά
753 2219 985 2291 πατρῷα
1015 2217 1301 2290 σπλάγχνα
1322 2257 1336 2283 ,
1385 2216 1500 2271 ἀλλ’
1536 2217 1637 2271 ούκ
1681 2215 1927 2288 ἐξίστησι
1964 2215 2059 2269 τοῦ
2104 2214 2244 2285 πρὸς

653 2308 791 2362 Θεὸν
814 2307 1006 2363 πόθου.
1039 2309 1107 2362 Τί
1131 2308 1241 2379 γάρ
1272 2325 1443 2379 metu;
1475 2305 1689 2376 Πάτερ.
1734 2307 1937 2361 Ἐννόει
1975 2306 2035 2359 δὲ
2059 2307 2148 2359 οἵα
2173 2301 2244 2377 ἦν

652 2398 686 2467 ή
717 2396 892 2469 φωνὴ,
923 2395 1136 2465 Πάτερ.
1169 2395 1281 2450 Καὶ
1311 2395 1421 2467 γὰρ
1457 2394 1555 2450 καὶ
1586 2396 1750 2466 ἡμεῖς
1791 2394 1882 2448 ὅτε
1928 2394 2078 2447 θύειν
2112 2393 2243 2465 μέλ-

653 2485 820 2555 λομεν
847 2483 881 2556 ἣ
915 2483 1100 2556 ἀρνίον
1123 2483 1158 2555 ἦ
1181 2481 1310 2538 ἀλλο
1329 2499 1384 2535 τι
1407 2481 1518 2536 τῶν
1550 2481 1727 2547 ζώων,
1757 2483 1852 2536 καὶ
1883 2480 2098 2553 εἴδομεν
2124 2480 2245 2552 βλη-

652 2571 920 2645 χιῦμενον,
953 2573 1051 2628 καὶ
1075 2571 1318 2644 ἠρεμαίᾳ
1343 2573 1494 2643 φωνῇ
1521 2569 1656 2642 πρὸς
1681 2572 1831 2642 ἡμᾶς
1849 2570 2239 2643 φθεγγόμενον,

652 2659 940 2733 ἐλεοῦμεν,
977 2657 1323 2732 οίκτείρομεν
1376 2651 1648 2731 ἀνάρθρον
1699 2659 1978 2731 προφέρον
2009 2659 2108 2730 τήν
2138 2676 2244 2728 φω-

652 2751 770 2824 νήν.
814 2749 1099 2821 Ἐννόησον
1141 2743 1237 2802 οὖν
1277 2748 1438 2801 τοῦτο
1480 2747 1542 2800 τὸ
1583 2746 1860 2818 πρόϐατον
1896 2747 1952 2799 τί
1985 2747 2241 2818 εποίησεν

651 2839 741 2904 ἀν,
776 2839 828 2894 εί
852 2837 990 2910 πρὸς
1025 2833 1227 2905 ἀσθενῆ
1267 2834 1556 2904 διελέγετο·
1593 2832 1820 2902 Πάτερ,
1865 2832 1996 2888 ἰδοὺ
2027 2834 2094 2888 τὸ
2121 2834 2242 2904 πῦρ

650 2927 752 2982 καί
782 2926 856 2981 τὰ
879 2925 916 2991 ξ
923 2926 1057 2990 61a,
1087 2923 1204 2978 ποῦ
1224 2923 1356 2977 ἐστι
1384 2921 1450 2975 τὸ
1481 2922 1782 2990 πρόϐατον
1802 2921 1868 2974 τὸ
1884 2923 1972 2988 εἰς
1987 2921 2242 2990 όλοκάρ-

652 3029 890 3077 πωσιν;
918 3013 1084 3076 αὐτὸς
1107 3011 1165 3066 δὲ
1187 3007 1256 3082 ἦν
1286 3009 1430 3064 κατά
1446 3009 1546 3082 τὴν
1570 3007 1667 3062 τοῦ
1698 3009 1906 3082 πατρὸς
1956 3009 2185 3081 γνώμην
2213 3013 2241 3065 ό

652 3101 832 3158 λαλῶν
859 3101 919 3156 τὸ
946 3099 1222 3172 πρόϐατον
1239 3097 1483 3171 ὲρεθίζον
1516 3097 1607 3151 τὸν
1647 3096 1798 3169 ἱερέα
1819 3099 1901 3161 είς
1928 3097 2242 3170 εύσπλαγχυ

650 3191 793 3247 νίαν.
832 3191 950 3245 Οὐκ
998 3188 1344 3261 έμαθήτευσε
1377 3185 1487 3258 γάρ
1518 3184 1741 3257 Χριστῷ
1771 3184 1852 3257 τῷ
1877 3185 2125 3255 λέγοντι·
2177 3187 2240 3240 '0

649 3278 846 3350 φιλῶν
873 3276 1099 3347 πατέρα
1115 3277 1155 3346 ἢ
1176 3273 1427 3346 μητέρα,
1449 3272 1486 3341 ἣ
1518 3273 1655 3328 υἱὸν
1683 3273 1722 3343 ἦ
1749 3273 2063 3344 θυγατέρα,
2092 3274 2239 3344 ὑπὲρ

649 3365 775 3437 ἐμὲ,
801 3367 913 3420 οὐκ
936 3363 1069 3419 ἐστι
1098 3380 1214 3434 μου
1242 3361 1434 3428 ἄξιος.
1473 3362 1759 3433 Ἐμιμείτο
1780 3361 1838 3414 δὲ
1868 3362 2089 3434 Πατέρα
2110 3363 2240 3434 περὶ

651 3446 716 3508 οὗ
750 3455 981 3525 εἴρηται·
1019 3452 1129 3518 ὀς
1160 3467 1226 3522 τε
1253 3450 1361 3505 ταῦ
1407 3448 1562 3503 ἰδίου
1617 3448 1761 3503 Υίοῦ
1783 3451 1895 3504 οὐκ
1917 3450 2200 3520 ἐφείσατο
2221 3492 2236 3516 ,

654 3543 794 3597 ἀλλ’
814 3539 977 3619 ,ὑπὲρ
1007 3537 1192 3608 ἡμῶν
1208 3536 1451 3592 πάντων
1484 3535 1830 3605 παρέδωκεν
1867 3539 2075 3594 αὐτόν.
2126 3541 2237 3595 Ποῦ

656 3633 776 3688 ἐστι
832 3627 894 3681 τὸ
941 3625 1243 3698 πρόϐατον;
1292 3623 1560 3695 νουνεχῶς
1595 3627 1624 3678 ό
1662 3627 1812 3689 παῖς.
1848 3625 1912 3678 Τί
1957 3621 2049 3680 οὖν
2082 3630 2111 3681 ὁ
2142 3645 2240 3682 πα-

655 3719 753 3788 τὴρ
776 3731 960 3788 φησιν;
989 3715 1051 3769 '0
1074 3712 1218 3780 Θεὸς
1243 3713 1451 3781 ὄψεται
1470 3711 1660 3777 ἐαυτῷ
1674 3714 1974 3782 πρόϐατον
1987 3719 2074 3782 εἱς
2098 3719 2237 3772 6.16-

657 3802 995 3873 κάρπωσιν,
1040 3801 1273 3855 τέκνον·
1310 3800 1414 3854 οὐκ
1436 3799 1675 3869 οἰκέτην,
1700 3799 1816 3868 ἀλλ’
1834 3801 1982 3856 Υἱόν.
2003 3801 2238 3868 Ἐκεῖνος

659 3889 974 3964 μονογενής,
1009 3888 1105 3941 καὶ
1144 3889 1173 3942 6
1202 3887 1334 3952 Θεὸς
1372 3888 1668 3959 μονογενής
1693 3904 1706 3918 ·
1751 3889 1956 3953 ἐκεῖνος
2001 3891 2096 3943 επὶ
2129 3890 2238 3945 τῶν

654 3977 822 4050 ῶμων
855 3978 925 4031 τὰ
955 3975 1108 4042 ξύλα,
1153 3977 1247 4032 καὶ
1297 3977 1328 4030 6
1375 3975 1613 4048 Χριστὸς
1660 3976 1753 4029 ἐπὶ
1799 3976 1908 4030 τῶν
1953 3975 2116 4050 ὤμων
2146 3980 2236 4036 τὸν

641 4066 910 4139 σταυρόν·
941 4065 1148 4129 έκεῖνος
1166 4063 1332 4134 μηδὲν
1346 4065 1672 4135 ἁμαρτήσας
1688 4063 1892 4136 ήμελλε
1914 4066 2237 4135 σφάζεσθαι,

656 4156 752 4215 καὶ
785 4155 815 4208 6
845 4155 973 4219 Υἱὸς
1013 4152 1108 4207 τοῦ
1138 4152 1274 4208 Θεοῦ
1311 4153 1478 4224 μηδὲν
1513 4153 1839 4226 ἁμαρτήσας
1881 4154 2234 4230 ἐσταυρώθηο

661 4239 863 4305 ἐκεῖνος
894 4241 987 4295 καὶ
1027 4239 1244 4311 ἐσφάγη
1273 4241 1368 4294 καὶ
1404 4240 1505 4294 οὐκ
1536 4241 1774 4313 ἐσφάγη,
1810 4241 1903 4296 καὶ
1939 4245 1967 4296 6
1992 4243 2121 4308 Υίὸς
2144 4244 2237 4298 τοῦ

656 4331 790 4384 Θεοῦ
811 4333 840 4384 ό
871 4329 1166 4402 μονογενὴς
1208 4330 1303 4384 καὶ
1344 4329 1561 4401 ἐσφάγη
1603 4331 1698 4384 καὶ
1728 4331 1829 4384 οὐκ
1858 4331 2073 4401 ἑσφάγη
2098 4371 2113 4397 ,
2145 4333 2240 4386 καὶ

657 4422 896 4478 ἀπέθανε
928 4424 1023 4478 καὶ
1053 4424 1154 4478 οὐκ
1182 4422 1472 4480 ἀπέθανενο
1502 4423 1626 4476 ὅσον
1660 4421 1760 4493 μὲν
1796 4423 1905 4494 γάρ
1936 4423 2017 4487 εἰς
2043 4424 2239 4494 προαί-

660 4528 832 4584 ρεσιν,
859 4509 1152 4576 ἀπέθανεν,
1173 4512 1298 4567 ὅσον
1319 4511 1377 4569 δὲ
1403 4513 1482 4575 εἰς
1511 4509 1734 4565 ἑκϐασιν
1751 4512 2113 4584 πραγμάτων,
2135 4514 2237 4567 οὐκ

655 4596 926 4651 ἀπέθανεν
957 4596 1211 4672 [ἐκεῖνος]
1235 4615 1248 4628 ·
1282 4600 1311 4650 6
1357 4597 1415 4651 δὲ
1461 4598 1588 4663 Υἱὸς
1647 4599 1742 4653 τοῦ
1800 4600 1937 4654 Θεοῦ
1970 4604 2035 4673 τῇ
2071 4605 2237 4673 σαρκὶ

653 4685 948 4749 ἀπέθανεν,
984 4685 1100 4739 ἀλλ’
1129 4687 1162 4757 ή
1194 4684 1387 4757 θεότης
1413 4685 1630 4760 ἀπαθὴς
1664 4687 1898 4758 ἔμεινεν.

727 4774 799 4841 γ’.
844 4773 954 4826 ’Δεὶ
981 4773 1134 4844 γάρό
1154 4772 1306 4842 Θεὸς,
1329 4775 1457 4828 ὅταν
1485 4774 1655 4848 μέλλῃ
1681 4778 1912 4851 πρᾶγμα
1938 4778 2082 4848 μέγα
2107 4779 2238 4832 διοιο

656 4865 777 4919 κεῖν
794 4865 946 4935 παρὰ
958 4866 1068 4927 τοῖς
1084 4863 1414 4937 ἀνθρώποις,
1435 4865 1830 4937 προλαμϐάνει,
1849 4868 1943 4921 καὶ
1959 4869 2056 4940 τὴν
2077 4869 2236 4923 σκιὰν

658 4951 827 5013 αὑτοῦ
862 4952 1270 5024 προζωγραφεῖ,
1307 4953 1393 5007 ἵνα
1427 4954 1558 5007 ὅταν
1595 4953 1724 5025 ἔλθῃ
1777 4957 1810 5025 ἡ
1855 4955 2105 5028 ἀλήθεια,
2159 4957 2234 5030 μὴ

659 5043 861 5113 ἀπιστή
869 5057 999 5095 σωσι
1014 5057 1080 5094 πε
1089 5042 1142 5113 ρὶ
1156 5041 1346 5113 αὐτῆς,
1364 5042 1472 5108 ἵνα,
1495 5042 1592 5111 τῆς
1609 5042 1815 5106 εἰκόνος
1832 5044 2231 5118 προλαϐούσης,

661 5131 739 5205 μὴ
758 5130 1101 5200 ἀπιστήσωσι
1122 5132 1189 5201 τῇ
1216 5129 1464 5202 ἀληθείᾳ.
1505 5123 1633 5186 Οἷόν
1666 5149 1719 5184 τι
1745 5129 1908 5200 λέγω·
1940 5132 2165 5203 ἔμελλεν
2199 5137 2233 5206 ἡ

660 5218 904 5286 παναγία
946 5216 1210 5290 παρθένος
1231 5220 1446 5290 γεννᾷν,
1493 5220 1588 5272 καὶ
1626 5220 1856 5274 ἄπιστον
1885 5216 1954 5292 ἦν
1989 5222 2050 5275 τὸ
2077 5222 2231 5296 [746]

658 5306 912 5377 πρᾶγμα·
946 5305 1063 5368 πῶς
1097 5306 1360 5377 παρθένος
1381 5309 1630 5380 γεννήσει
1654 5307 1806 5379 παρά
1832 5309 1922 5362 τὸν
1954 5310 2119 5381 νόμον
2134 5311 2234 5382 τῆς

658 5393 906 5463 φύσεωςς
935 5393 997 5446 τὸ
1024 5393 1134 5466 γάρ
1175 5395 1570 5466 γεγεννημένον
1614 5395 1746 5466 παρ’
1783 5397 2100 5454 ἀκολουθίαν
2133 5399 2233 5469 φύ-

658 5497 818 5545 σεως.
848 5480 944 5546 Τίς
977 5482 1038 5546 ἐξ
1067 5481 1395 5546 αἰῶνος-είδε
1422 5483 1688 5555 παρθένον
1714 5487 2084 5557 γεννήσασαν;
2113 5490 2232 5544 ’Ίνα

653 5564 754 5627 οὖν
783 5569 859 5642 μὴ
884 5573 964 5634 είς
990 5571 1248 5625 ἀπιστίαν
1269 5571 1469 5643 πολλὴν
1509 5574 1836 5645 χωρήσωσιν
1868 5577 1918 5627 οί
1967 5575 2227 5642 Ἰουδαῖοι,

725 5737 753 5774 ⁸
775 5736 922 5809 (Ζοὶδί.
945 5737 1026 5789 τὸν
1046 5740 1306 5804 ἀγαπητὸν,
1337 5759 1379 5790 τ.
1407 5743 1485 5793 κλ.
1511 5743 1590 5792 τὸν
1615 5744 1724 5807 ἐμὸν
1748 5745 2000 5806 δεσπότην.

1377 337 1434 393 s.
1474 335 1754 393 JOANNIS
1790 307 2288 393 cunvSosrom
2327 332 2646 392 ARCHIEP.
2686 337 3236 396 corasnmmop.

3846 341 3948 400 76!

2361 452 2738 524 προλαμϐάνει
2785 457 2880 512 καὶ
2923 459 3260 528 σκιαγραφεῖ
3284 457 3343 510 ἐν
3372 459 3440 529 τῇ
3467 456 3655 530 Σάρρᾳ
3685 455 3790 529 τὴν
3817 455 3946 529 ἀλή-

2361 544 2530 610 θειαν,
2563 547 2650 600 ῖνα
2676 548 2806 600 ὅταν
2843 541 3229 619 ἀπορήσωσιν,
3261 546 3378 611 πῶς
3415 549 3451 619 ἡ
3496 547 3766 618 παρθένος
3790 547 3943 616 ἐγέν-

2360 652 2514 708 νησε,
2557 636 2757 707 μᾶλλον
2785 629 3225 708 ἀναμνησθέντες
3265 638 3485 700 είπωσι,
3524 635 3645 700 πῶς
3675 637 3710 708 ή
3755 635 3943 708 Σάρρα

2358 724 2647 795 ὲγέννησες
2668 726 2870 796 μᾶλλον
2895 725 2953 779 δὲ
2980 725 3177 798 ἐκείνῳ
3199 726 3277 798 τῷ
3305 726 3470 796 λόγῳ,
3502 724 3619 790 πῶς
3643 728 3679 797 ή
3697 726 3776 797 γῆ
3810 741 3944 795 παρ-

2357 812 2510 877 θένος
2540 809 2675 868 οὖσα
2709 814 3002 886 ἑγέννησες
3045 813 3309 885 Σκαπάνη
3351 815 3453 868 οὐκ
3496 809 3588 884 ἦν,
3620 815 3651 867 ό
3679 811 3944 885 γεωργῶν

2355 899 2526 972 αὐτὴν
2558 900 2658 972 οὐχ
2699 901 2968 974 ὑπῆρχεν,
3030 901 3187 966 ὑετὸς
3222 902 3285 956 ού
3338 900 3596 972 κατῆλθε,
3631 900 3834 972 βοτάνη
3864 901 3944 965 εξς

2353 991 2524 1064 αὐτὴν
2569 993 2670 1046 οὐκ
2712 992 2979 1064 ἀνῆλθεν,
3040 988 3213 1057 αὗλαξ
3247 993 3420 1064 αὐτῆς
3468 993 3566 1046 οὐκ
3610 989 3899 1063 ἀνετμήθη
3925 1031 3941 1056 ,

2353 1080 2547 1154 χέρσος
2573 1077 2663 1153 ἦν,
2698 1084 3032 1155 σπερμάτων
3053 1079 3359 1152 καταϐολὴν
3384 1081 3486 1136 οὑκ
3508 1079 3749 1146 ἐδέξατο,
3769 1078 3947 1150 ψεκάς

2351 1169 2454 1224 οὐκ
2489 1170 2769 1243 ηὕφρανεν
2803 1173 2995 1246 αὑτήν.
3036 1171 3175 1227 Εἰπέ
3210 1188 3302 1243 μοι
3347 1164 3462 1233 οὖν,
3488 1170 3625 1233 -πῶς
3667 1166 3944 1241 παρθένος

2351 1253 2486 1313 οὖσα
2516 1258 2588 1314 τά
2615 1259 2786 1332 μυρία
2813 1260 2945 1333 γένη
2973 1260 3085 1315 τῶν
3113 1258 3357 1332 βοτανῶν
3387 1256 3758 1328 ὲϐλάστησενς
3802 1257 3944 1310 ’Δλλ’

2350 1347 2452 1401 οὐκ
2487 1347 2635 1419 ἔχεις
2663 1349 2999 1420 ἑρμηνεῦσαι
3026 1349 3092 1404 τὸ
3119 1347 3511 1420 γεγενημένον,
3545 1345 3685 1400 ἀλλά
3729 1345 3942 1415 λέγεις.

2351 1435 2428 1501 ὡς
2466 1437 2731 1508 ἠθέλησεν
2753 1441 2781 1492 6
2811 1439 2964 1504 Θεός.
2996 1439 3102 1493 Τὸν
3127 1439 3290 1494 αὐτὸν
3315 1434 3411 1491 οὗν
3444 1437 3647 1508 τρόπον
3699 1435 3802 1490 καὶ
3849 1433 3944 1486 ἐπὶ

2350 1523 2452 1595 τῆς
2483 1522 2791 1596 παρθένου,
2831 1525 3020 1596 ἐπειδὴ
3063 1525 3332 1595 ἀπορεῖς,
3378 1522 3530 1595 ομάθε
3588 1521 3664 1592 μὴ
3708 1534 3940 1592 αιιιεριερ⁴

2351 1610 2613 1680 γάζεσθαι
2660 1613 2791 1667 όταν
2830 1611 2965 1677 Θεὸς
3014 1610 3339 1684 ὲργάζηταιο
3374 1610 3448 1683 μὴ
3479 1607 3658 1681 έρώτα
3697 1607 3768 1662 τά
3798 1606 3941 1662 κατά

2351 1699 2535 1769 φύσιν,
2573 1702 2704 1756 όταν
2742 1703 2772 1756 6
2804 1703 2906 1774 τῆς
2951 1700 3168 1770 φύσεως
3201 1688 3456 1770 τεχνίτης
3489 1695 3819 1768 ἐργάζηται·
3863 1698 3938 1768 μὴ

2351 1789 2816 1863 πολυπραγμόνει.
2865 1786 3027 1855 Εῐπε,
3067 1788 3482 1857 Βλαστησάτω
3509 1788 3549 1855 ἡ
3581 1785 3682 1856 τιῆ,
3715 1785 3815 1840 καὶ
3849 1785 3944 1838 εύ-

2351 1877 2489 1942 θέως
2519 1877 2770 1949 εἰσῆλθεν
2791 1881 2821 1942 ό
2847 1877 3009 1946 λόγος
3033 1877 3112 1942 εἰς
3151 1877 3252 1939 τάς
3289 1873 3524 1955 λαγόνας
3546 1872 3650 1942 τῆς
3675 1872 3780 1942 γῆς
3799 1912 3815 1937 ,
3843 1870 3939 1924 καὶ

2349 1964 2622 2037 διήγειρεν
2649 1965 2820 2037 αὐτῆς
2841 1964 2944 2029 τάς
2972 1963 3188 2028 ὠδῖνας,
3218 1963 3314 2017 καὶ
3338 1962 3373 2032 ἡ
3405 1959 3677 2031 παρθένος
3717 1957 3934 2027 ἐγέννα.

2350 2053 2526 2122 Λόγος
2553 2049 2634 2117 εἷς
2672 2047 2743 2124 ἦν
2782 2055 2811 2107 ό
2858 2051 3162 2124 προελθὼν,
3197 2051 3293 2106 καὶ
3320 2049 3490 2123 μυρία
3518 2048 3654 2118 γένη
3696 2046 3810 2102 τῶν
3843 2045 3936 2116 βου

2349 2139 2527 2194 τανῶν
2560 2140 2882 2212 ἐϐλάστησε,
2934 2140 3029 2194 καὶ
3067 2141 3102 2211 ἡ
3154 2141 3225 2209 γῆ
3265 2138 3357 2192 τὸν
3411 2137 3544 2190 ίδιον
3587 2132 3936 2205 ἀνελάμϐανε

2350 2227 2555 2299 κόσμον
2569 2227 2658 2282 διὰ
2685 2226 2781 2282 τοῦ
2802 2227 2960 2297 λόγου
2981 2246 2995 2258 -
3014 2225 3128 2282 Καὶ
3154 2221 3224 2298 ἦν
3256 2225 3384 2280 ἰδεῖν
3404 2225 3506 2296 τὴν
3532 2226 3638 2294 γῆν
3667 2238 3936 2294 κυμαινο-

2353 2310 2540 2381 μένην,
2575 2312 2644 2365 τά
2668 2310 2872 2382 πτηνὰ,
2907 2309 2980 2364 τά
3015 2308 3233 2382 ἔνυδρα,
3267 2309 3337 2363 τὰ
3370 2309 3620 2380 χερσαῖα,
3661 2307 3793 2370 τοὺς
3824 2305 3937 2358 λεια

2352 2400 2555 2472 μῶνας,
2582 2399 2650 2453 τά
2675 2399 2836 2472 ἄνθη,
2859 2399 2928 2455 τά
2954 2397 3170 2470 δένδρα,
3187 2397 3286 2470 τήν
3305 2395 3576 2467 ἀμπελον,
3599 2396 3699 2467 τὴν
3720 2393 3931 2456 ἐλαίαν,

2348 2489 2416 2541 τὰ
2444 2487 2612 2559 μυρία
2655 2488 2790 2558 γένη
2818 2487 2927 2540 τῶν
2955 2485 3212 2558 δένδρων,
3249 2484 3320 2539 τά
3363 2485 3554 2562 ἄωρα,
3596 2483 3668 2538 τὰ
3721 2482 3932 2553 ῶριμα,

2347 2576 2417 2630 τά
2441 2580 2500 2631 ὲν
2531 2576 2755 2642 πεδίοις,
2791 2575 2861 2630 τὰ
2887 2576 3037 2647 παρά
3059 2575 3359 2638 θάλασσαν,
3393 2561 3477 2627 τάί
3509 2561 3665 2644 παρά
3707 2570 3930 2642 λίμνας,

2347 2663 2416 2717 τά
2461 2663 2612 2736 παρά
2662 2664 2977 2735 ποταμοὺς,
3024 2661 3095 2717 τὰ
3155 2661 3309 2734 παρά
3349 2661 3568 2732 πηγὰς,
3604 2659 3677 2713 τὰ
3716 2659 3778 2711 ἓν
3821 2660 3936 2737 τοῖς

2346 2752 2517 2819 ϐρεσι.
2551 2753 2722 2820 Λόγος
2761 2746 2842 2816 εἷς
2887 2748 2956 2824 ἦν
3006 2754 3035 2806 ό
3087 2749 3476 2821 ἐργαζόμενος,
3526 2749 3622 2800 καὶ
3667 2747 3803 2818 ήγῆ
3834 2744 3936 2815 τὴν

2347 2841 2551 2895 οἰκείαν
2583 2839 2921 2912 εὐπρέπειαν
2958 2837 3367 2908 ἀπελάμϐανεν.
3405 2834 3782 2907 Ἐρμήνευσόν
3817 2850 3930 2905 μοι,

2347 2925 2392 2985 ὦ
2429 2931 2673 2995 Ἰουδαῖε,
2709 2929 2826 2993 πῶς
2847 2929 3022 2984 τοῦτο·
3053 2927 3170 2982 ἀλλ’
3199 2927 3302 2982 οὐκ
3344 2925 3510 2998 ἔχεις.
3552 2924 3721 2995 Ὁρᾷς
3748 2921 3869 2986 πῶς
3895 2923 3931 2994 ἡ

2348 3019 2523 3090 πλάνη
2555 3018 2686 3090 παρ’
2708 3018 2909 3088 ἑαυτῆς
2930 3015 3376 3080 ὐποσκελίζεταις
3395 3011 3640 3085 Πρόσεχε
3660 3010 3932 3082 ἀκριϐῶς.

2358 3109 2448 3172 Ὠς
2476 3106 2586 3178 γὰρ
2611 3105 2816 3174 ἔλεγον,
2832 3106 2961 3158 ὅταν
2984 3102 3154 3175 μέλλῃ
3176 3104 3206 3155 6
3220 3102 3354 3166 Θεὸς
3373 3100 3593 3154 διοικεῖν
3619 3116 3673 3152 τι
3696 3101 3934 3169 πρᾶγμα

2346 3197 2574 3250 ἄπιστον
2618 3193 2810 3247 δοκοῦν
2851 3187 2991 3246 εῖναι
3032 3186 3146 3255 τοῖς
3176 3189 3507 3260 ἀνθρώποις,
3549 3187 3934 3259 προλαμϐάνει

2346 3284 2437 3338 τὸν
2463 3285 2632 3337 τύπον
2674 3281 2768 3335 καὶ
2797 3279 2897 3352 τὴν
2932 3266 3120 3345 σκιὰν,
3151 3279 3239 3333 ῖνα
3270 3278 3347 3350 μὴ
3398 3275 3662 3347 αἰφνίδιον
3701 3273 3934 3328 ἐλθοῦσα

2345 3375 2380 3444 ἡ
2425 3373 2651 3445 ἀλήθεια
2699 3371 2778 3432 εἰς
2805 3368 3062 3424 ἀπιστίαν
3099 3367 3299 3431 αὐτοὺς
3337 3364 3570 3437 ἐμϐάλῃ.
3603 3363 3751 3417 Ἔδει
3799 3380 3935 3416 κατ-

2345 3463 2519 3516 ελθεῖν
2571 3461 2663 3514 τὸν
2714 3461 2843 3514 Υἱὸν
2893 3457 2992 3513 τοῦ
3040 3457 3214 3521 Θεοῦ,
3261 3457 3356 3510 καὶ
3406 3453 3668 3526 βαπτίσαι
3721 3454 3785 3507 τὸ
3821 3453 3932 3507 τῶν

2343 3550 2649 3622 ἀνθρώπων
2679 3547 2856 3618 γένος,
2892 3547 2988 3601 καὶ
3018 3546 3110 3601 τὸν
3130 3544 3362 3600 παλαιὸν
3381 3543 3667 3615 ἄνθρωπον
3697 3542 3933 3597 ἀποπνῖο

2345 3639 2452 3706 ξαι,
2500 3638 2595 3692 καὶ
2640 3637 2731 3691 τὸν
2776 3635 3082 3690 ἀνανεῶσαι
3123 3633 3346 3687 θέλοντα
3381 3630 3482 3702 τὴν
3517 3631 3795 3704 ἁμαρτίαν
3828 3649 3931 3686 κα-

2343 3726 2688 3787 ταποντίσαι,
2718 3723 2811 3778 καὶ
2843 3724 2943 3795 τήν
2965 3717 3224 3791 ἐὐλογίαν
3259 3721 3634 3788 ἐπαναγαγεῖν
3654 3759 3674 3786 ,
3706 3719 3804 3773 καὶ
3828 3719 3933 3792 τὴν

2343 3815 2590 3887 κατάραν
2613 3813 2895 3885 ἀφανίσαι,
2917 3813 3013 3868 καὶ
3047 3811 3146 3883 τὴν
3177 3807 3538 3881 δικαιοσύνην,
3550 3808 3887 3882 χαρίσασθαι
3911 3850 3929 3876 ,

2343 3903 2438 3956 καὶ
2470 3903 2597 3966 τοὺς
2629 3901 2950 3973 ἀνθρώπους
2977 3899 3243 3970 ἀγγέλους
3264 3897 3510 3969 ποιῆσαι·
3531 3896 3722 3969 μοιχὸν

2343 3991 2663 4064 λαμϐάνειν,
2694 3993 2791 4046 καὶ
2837 3989 2955 4044 υἰὸν
3003 3991 3200 4044 ποιεῖν·
3233 3989 3372 4060 ὅπερ
3399 3985 3495 4042 οὖν
3529 3987 3624 4041 καὶ
3668 3987 3928 4058 ἐποίησε·

2346 4078 2421 4152 μὴ
2453 4080 2583 4134 ὄντα
2607 4079 2758 4146 ἀξιον
2782 4077 2889 4148 γῆς
2921 4076 3125 4150 ήμελλε
3151 4074 3477 4148 λαμϐάνειν,
3518 4075 3614 4129 καὶ
3646 4072 3796 4141 ἀξιον
3835 4075 3928 4130 ού-

2346 4165 2508 4236 ρανοῦ
2543 4168 2736 4221 ποιεῖν.
2799 4165 2954 4218 Ἐπεί
2989 4159 3082 4219 οὖν
3114 4163 3273 4218 τοῦτο
3323 4164 3465 4236 μέγα
3505 4158 3576 4236 ἦν
3627 4163 3711 4239 τὸ.
3741 4162 3930 4235 θαῦμα

2345 4253 2441 4307 καὶ
2462 4253 2690 4309 ἄπιστον
2721 4255 2834 4318 τοῖς
2864 4250 3101 4317 πολλοῖς,
3140 4250 3259 4316 πῶς
3291 4253 3325 4323 ή
3357 4252 3496 4323 αὐτή
3519 4251 3681 4323 φύσις
3708 4250 3803 4306 τὸν
3832 4251 3930 4307 ἕνα

2345 4339 2628 4412 ἄνθρωπον
2655 4340 2839 4410 πνίγει
2886 4340 2982 4393 καὶ
3015 4339 3251 4404 δικαιοῖ,
3278 4339 3379 4410 τὴν
3425 4340 3702 4411 ἁμαρτίαν
3731 4343 3929 4411 ἀφανί-

2346 4426 2451 4493 ζει,
2503 4428 2598 4481 καὶ
2644 4427 2743 4494 τὴν
2773 4427 3032 4499 ἀλήθειαν
3081 4425 3382 4496 ἐπανάγει·
3431 4427 3520 4480 ῖνα
3565 4423 3662 4482 οὖν
3714 4428 3790 4501 μὴ
3839 4431 3929 4485 λέ-

2345 4531 2513 4584 γωσιν
2553 4515 2812 4580 Ἰουδαῖοι,
2849 4513 3015 4587 μῦθος
3041 4513 3115 4568 τὰ
3135 4515 3244 4569 τῶν
3276 4515 3642 4588 Χριστιανῶν,
3669 4517 3791 4581 πῶς
3815 4513 3929 4573 οἶόν

2341 4623 2403 4659 τε
2433 4605 2496 4659 τὸ
2517 4604 2648 4659 αὐτὸ
2680 4597 2823 4677 ὕδωρ
2863 4605 2954 4660 τὸν
2989 4595 3089 4676 μὲν
3122 4604 3356 4674 πνίγειν,
3391 4604 3484 4660 τὸν
3519 4603 3576 4660 δὲ
3602 4606 3925 4675 ζωοποιεῖν;

2341 4693 2401 4748 ἓν
2421 4695 2536 4747 ἐστι
2563 4693 2624 4746 τὸ
2644 4691 2812 4765 ὓδωρ,
2830 4693 2924 4748 καὶ
2951 4693 3067 4756 πῶς
3082 4692 3304 4747 δύναται
3322 4691 3419 4746 δύο
3438 4693 3721 4764 ἐνεργείας
3748 4694 3924 4766 έχειν;

2342 4781 2408 4836 Τί
2435 4777 2528 4836 οὖν
2559 4781 2902 4853 πρώιοικείό
2921 4780 3075 4845 Θεὸς,
3092 4781 3180 4835 ῖνα
3209 4781 3242 4852 ή
3280 4780 3633 4852 ἀναισχυντία
3652 4781 3762 4839 τῶν
3791 4783 3922 4837 ’1ου-

2341 4871 2503 4925 δαίων
2525 4870 2846 4942 έλέγχηταις
2866 4871 2932 4924 Oi
2958 4871 3068 4924 υίοὶ⁹
3093 4869 3312 4943 Ἰσραὴλ
3336 4870 3736 4935 κατεπονοῦντο
3754 4875 3814 4928 έν
3830 4876 3924 4928 Δί-

2342 4958 2553 5030 γύπτῳ,
2579 4959 2640 5012 έν
2658 4960 2770 5022 τοῖς
2800 4957 3004 5030 ἔργοις,
3041 4957 3137 5012 καὶ
3164 4960 3231 5029 τῇ
3267 4957 3472 5029 πλίνθῳ
3504 4959 3922 5032 προσηλωμένοι

2342 5047 2567 5111 καὶτοῖς
2609 5045 2790 5109 ἀλλοις
2827 5047 3100 5118 πονήμασι
3122 5062 3136 5076 ·
3179 5048 3273 5102 καὶ
3313 5047 3484 5102 ἐϐόων
3517 5048 3795 5114 κλαίοντες
3828 5052 3924 5105 καὶ

2344 5132 2494 5208 [747]
2528 5133 2811 5204 λέγοντες,
2857 5133 2941 5198 τίς
2976 5135 3127 5205 ἡμᾶς
3160 5133 3382 5206 ῥύσεται
3423 5135 3491 5189 ὲκ
3529 5135 3631 5204 τῆς
3674 5135 3923 5201 δουλείας

2339 5222 2448 5276 τῶν
2499 5221 2846 5292 Δίγυπτίων;
2887 5219 3246 5293 ἀπολώλαμεν
3267 5265 3283 5291 ,
3331 5221 3675 5294 ἐξολώλαμεν
3715 5225 3774 5278 έν
3809 5229 3922 5292 τοῖς

2341 5309 2522 5382 ἔργοις
2558 5313 2673 5375 τοῖς
2711 5312 2989 5384 πονηροῖς.
3025 5310 3092 5365 Τί
3139 5306 3267 5379 οὗν;
3320 5312 3638 5384 εἰσήκουσεν
3677 5313 3860 5367 αὐτῶν
3891 5315 3920 5367 ό

2339 5386 2492 5463 Θεός,
2520 5397 2616 5452 καὶ
2643 5399 2848 5470 πέμπει
2883 5399 2976 5452 τὸν
3007 5399 3267 5465 Μωῦσέα,
3298 5399 3544 5470 σημείοις
3573 5400 3668 5453 καὶ
3695 5399 3915 5473 τέρασιν

2339 5485 2500 5539 αὑτὸν
2527 5485 2774 5549 ὁπλίσας.
2803 5481 3007 5540 ’Ἦλθεν
3049 5488 3080 5540 ό
3106 5487 3347 5557 Μωῦσῆς
3396 5487 3580 5557 φέρων
3624 5487 3725 5550 τὰς
3775 5490 3912 5544 κατά

2336 5573 2433 5626 τοῦ
2461 5572 2660 5643 Φαραὼ
2682 5574 2953 5647 τιμωρίας
2975 5592 2988 5606 ·
3018 5575 3378 5646 στρατόπεδον
3399 5575 3652 5647 πονηρῶν
3677 5575 3911 5646 ἀκρίδων

2335 5661 2607 5732 ἐπήγαγε,
2626 5659 2853 5732 βροῦχον
2877 5661 3151 5727 ἐκέλευσε,
3175 5664 3270 5716 καὶ
3292 5663 3623 5733 παρεγένετο
3640 5678 3654 5692 ⁸
3683 5663 3745 5715 τὸ
3769 5661 3908 5734 ὕδωρ

2337 5749 2414 5813 εἰς
2462 5741 2599 5820 αἷμα
2631 5748 2914 5822 μετέϐαλε,
2947 5748 3238 5820 φλυκτίδας
3279 5750 3534 5822 ἐποίησεν
3563 5750 3823 5818 ἀναζέσαι
3851 5751 3908 5803 ἑν
