4206 6302
325 366 427 421 ἨΙ

332 477 619 545 prophetat
655 485 837 532 serves
867 485 993 529 suos
1017 470 1291 541 decipiens
1315 486 1329 524 :
1356 467 1498 522 \‘idet
1521 477 1698 521 autem
1723 465 1923 520 verita-

328 577 438 619 tem
489 565 777 620 secundum
820 563 960 618 dicta
1015 575 1109 617 sua
1160 557 1409 628 impleri:
1440 556 1563 627 quid
1613 554 1753 609 enim
1803 554 1922 608 ait?

329 654 517 709 Sedete
543 656 626 709 hic
652 671 768 707 cum
796 654 976 716 asina;
1003 668 1094 722 ego
1122 658 1290 704 autem
1318 657 1365 702 et
1395 646 1634 717 puerulus
1664 653 1922 715 pertrans-

326 744 514 797 ibimus
557 759 712 812 usque
739 742 880 805 illuc,
910 748 958 796 et
987 748 1252 807 postquam
1275 735 1651 791 adoraucrimus
1669 776 1684 800 ,
1707 743 1921 788 reverte-

325 849 444 886 mur
460 835 528 887 ad
547 849 651 889 ros.
675 833 812 887 Dixit
834 847 938 886 non
960 831 1028 886 ita
1044 829 1305 894 sentiens,
1329 843 1510 883 verum
1531 826 1724 881 accidit
1750 826 1926 895 potius

327 933 392 977 ut
419 924 651 993 dicebat,
701 940 871 996 quam.
907 931 964 976 ut
1000 920 1286 976 sentiebat.
1315 919 1519 975 Pueros
1544 926 1722 974 autem
1753 917 1922 972 relin-

325 1017 466 1083 quit,
521 1031 588 1070 ne
633 1016 713 1070 vis
765 1015 836 1070 illi
893 1013 1180 1075 inferatur,
1225 1020 1409 1066 contra
1461 1008 1553 1063 Dei
1605 1007 1923 1062 sententiam

327 1119 604 1174 pugnans,
649 1120 718 1158 ne
761 1109 1007 1173 putantes
1053 1101 1217 1166 servi,
1261 1098 1414 1153 senili
1445 1097 1694 1168 quapiam
1737 1096 1926 1151 morbo

326 1196 577 1252 allectum
615 1210 822 1260 semen,
869 1194 985 1264 ejus
1032 1193 1101 1249 ad
1139 1191 1340 1247 eaedem
1385 1192 1636 1262 impetum
1673 1190 1926 1260 prohibe-

328 1295 475 1352 rent,
507 1286 871 1354 dicerentque,
894 1283 1030 1351 Quid
1057 1283 1193 1353 agis,
1223 1281 1478 1337 domine?
1505 1281 1670 1336 ﬁlium
1701 1295 1766 1336 ex
1795 1295 1925 1350 pro-

327 1376 585 1431 missione
623 1383 903 1444 acceptum
954 1373 1236 1428 immolas?
1259 1373 1512 1429 dilectum
1556 1373 1725 1438 illum,
1755 1387 1786 1425 a
1809 1371 1924 1426 Deo

325 1467 536 1530 datum,
567 1466 858 1521 senectutis
885 1473 987 1520 tuze
1018 1465 1317 1532 nutritium,
1347 1463 1622 1528 heredem,
1647 1477 1926 1518 successo-

323 1572 443 1614 rem
487 1566 668 1622 tuum,
695 1557 844 1612 Sara:
884 1555 1085 1610 ﬁlium?
1141 1555 1266 1626 quid
1311 1554 1474 1609 facias
1516 1553 1920 1609 animadverte:

324 1663 442 1705 rem
471 1649 804 1704 communica
832 1663 954 1704 cum
981 1649 1208 1719 conjuge
1240 1659 1349 1716 tua,
1377 1647 1648 1704 communi
1678 1655 1923 1719 parente,

327 1754 453 1810 qua:
481 1748 562 1795 tot
583 1740 734 1794 illum
762 1737 1041 1794 doloribus
1069 1740 1227 1794 enixa
1253 1747 1372 1794 est:
1405 1753 1505 1794 nos
1535 1738 1680 1809 prius
1716 1737 1922 1809 jugula,

323 1839 384 1887 et
411 1839 593 1901 postea
625 1831 815 1887 ﬁlium.
848 1830 1045 1886 Verum
1088 1830 1429 1902 sapiens‘llle
1456 1845 1621 1886 senex
1647 1829 1791 1900 ipsos
1819 1844 1924 1884 non

322 1937 510 1978 secum
556 1922 801 1988 assumit,
847 1923 936 1993 qui
981 1939 1040 1978 se
1082 1921 1368 1978 cohibituri
1410 1931 1599 1988 erant;
1642 1921 1735 1978 sed
1775 1920 1926 1991 jubet

327 2014 601 2068 victimam
629 2014 799 2084 ipsam
824 2022 1044 2085 portare
1073 2015 1210 2084 ligna
1231 2054 1248 2081 ,
1277 2024 1335 2069 ut
1365 2013 1529 2085 ﬁgura
1555 2022 1700 2070 esset
1728 2013 1924 2070 Serva-

323 2107 460 2161 toris
501 2120 713 2162 crucem
755 2108 1038 2177 gestantis.
1082 2106 1250 2177 Ligna
1295 2117 1474 2161 autem
1525 2115 1742 2178 gestans
1787 2105 1926 2162 ﬁlius

325 2196 702 2268 loquutusque,
735 2207 952 2268 paterna
978 2198 1182 2254 viscera
1211 2197 1521 2262 commovit,
1549 2197 1644 2253 sed
1684 2213 1713 2252 a
1743 2197 1926 2253 divino

322 2299 514 2342 amore
557 2296 763 2356 patrem
806 2301 912 2342 non
957 2287 1176 2343 amovit.
1224 2286 1361 2354 Quid
1409 2287 1552 2343 enim
1599 2289 1705 2342 ait?
1746 2286 1924 2342 Pater.

324 2375 542 2447 Cogites
567 2377 748 2446 velim,
778 2392 1024 2448 quamam
1067 2387 1213 2432 esset
1238 2392 1338 2432 vox
1368 2377 1477 2444 illa,
1510 2376 1684 2433 Pater.
1712 2378 1925 2434 Etenim

321 2477 384 2524 et
411 2483 510 2523 nos
538 2468 752 2540 quando
774 2478 1006 2524 mactare
1027 2470 1273 2526 volumus
1311 2479 1403 2524 aut
1431 2483 1646 2540 agnum,
1669 2479 1760 2525 aut
1785 2469 1926 2525 aliud

321 2558 613 2630 quodpiam
665 2575 727 2614 ex
777 2559 1130 2625 animalibus,
1182 2560 1461 2629 ipsumque
1504 2560 1726 2627 balare,
1775 2567 1923 2614 tran-

323 2647 656 2720 quillamque
702 2665 888 2705 vocem
946 2652 1191 2705 emittere
1239 2650 1513 2717 videmus,
1561 2649 1926 2705 misericordia

326 2753 630 2806 movemur,
662 2740 788 2795 licet
813 2756 919 2795 non
945 2740 1280 2794 articulatam
1312 2755 1498 2795 vocem
1528 2738 1784 2810 proferat.
1816 2738 1924 2794 Co-

320 2831 464 2899 gites
489 2831 665 2902 itaque
695 2831 876 2897 velim,
901 2831 1027 2901 quid
1057 2831 1172 2886 haec
1197 2831 1314 2886 ovis
1336 2831 1566 2897 iecisset,
1590 2829 1632 2884 si
1657 2830 1925 2886 inﬁrmum

323 2924 632 2993 quempiam
681 2923 954 2979 hominem
1001 2925 1271 2994 alloquuta
1322 2933 1469 2977 esset
1511 2940 1525 2976 :
1584 2921 1759 2987 Pater,
1817 2939 1929 2977 ecce

324 3013 495 3082 ignem
537 3022 582 3068 et
626 3013 786 3086 ligna,
817 3015 902 3068 ubi
928 3023 1002 3070 est
1025 3015 1130 3068 ovis
1171 3014 1239 3066 ad
1274 3013 1625 3067 holocaustum
1656 3012 1805 3083 (Gen.
1829 3011 1922 3066 2’2.

326 3105 362 3160 7
392 3106 448 3177 )2
474 3106 591 3178 ipse
633 3121 763 3162 vero
803 3106 1024 3176 loquens
1072 3113 1189 3164 erat
1229 3121 1294 3160 ex
1325 3105 1490 3175 patris
1533 3103 1794 3159 sententia
1839 3103 1926 3158 illa

323 3198 464 3263 ovis,
495 3214 612 3268 qua:
641 3185 976 3254 sacerdotem
1002 3197 1067 3252 ad
1111 3197 1632 3276 commiserationem
1657 3197 1923 3251 movebat.

324 3287 446 3344 Non
472 3291 614 3346 enim
636 3289 736 3344 sub
757 3289 1036 3357 disciplina
1065 3288 1261 3342 Christi
1291 3287 1484 3353 fuerat,
1533 3287 1623 3357 qui
1666 3286 1881 3340 dicebat
1908 3302 1924 3339 :

329 3383 433 3448 Qui
462 3391 597 3435 amat
642 3391 835 3452 patrem
875 3391 964 3434 aut
993 3391 1226 3446 matrem,
1275 3389 1363 3432 aut
1402 3380 1566 3448 [ilium
1601 3390 1689 3432 aut
1740 3379 1923 3446 ﬁliam,

327 3479 446 3548 plus
471 3493 623 3550 quam
649 3492 746 3540 me,
776 3492 878 3530 non
905 3483 974 3529 est
1003 3491 1081 3529 me
1109 3475 1293 3545 dignus
1328 3471 1537 3545 (Matth.
1573 3471 1659 3526 10.
1689 3472 1800 3542 37).
1837 3472 1928 3526 Ille

327 3585 460 3624 vero
499 3568 804 3624 imitabatur
843 3568 1077 3632 Patrem,
1137 3566 1206 3622 de
1248 3581 1356 3636 quo
1401 3564 1599 3619 dictum
1651 3573 1732 3618 est
1775 3581 1788 3617 :
1827 3564 1927 3631 Qui

329 3663 538 3732 proprio
561 3659 699 3715 Filio
723 3677 815 3715 suo
847 3676 947 3714 non
972 3659 1217 3730 pepercit,
1266 3659 1359 3718 sed
1404 3675 1495 3723 pro
1531 3656 1673 3710 nobis
1696 3657 1927 3710 omnibus

327 3751 538 3806 tradidit
568 3751 714 3804 illum
735 3749 911 3820 (Rom.
939 3749 993 3804 8.
1024 3749 1136 3818 52).
1161 3748 1263 3804 Ubi
1286 3757 1370 3803 est
1396 3748 1551 3802 ovis?
1583 3748 1658 3801 ait
1691 3747 1924 3816 pruden-

334 3849 416 3897 ων
446 3841 602 3896 ﬁlius.
634 3839 771 3908 Quid
815 3849 993 3895 autem
1032 3839 1164 3894 dicit
1201 3837 1391 3909 pater?
1422 3836 1562 3892 Deus
1608 3837 1792 3892 ridebit
1832 3837 1930 3892 sibi

333 3934 586 3987 uictimam
626 3933 679 3986 in
723 3932 1093 3998 holocaustum,
1125 3931 1241 4000 ﬁli:
1271 3944 1376 3984 non
1405 3930 1780 3997 domesticum,
1831 3929 1928 3984 sed

331 4023 550 4080 Filium.
597 4023 687 4080 Ille
731 4022 1051 4094 unigenitus,
1098 4030 1152 4076 et
1190 4022 1332 4076 Deus
1370 4021 1533 4076 etiam
1573 4020 1818 4090 (Filius)
1849 4029 1930 4074 est

333 4116 640 4187 unigenitus
668 4133 682 4170 :
710 4114 800 4170 ille
839 4113 1077 4169 humeris
1125 4113 1288 4184 ligna,
1321 4119 1376 4167 et
1421 4111 1665 4166 Christus
1693 4111 1928 4167 humeris

330 4220 550 4262 crucem
577 4224 598 4260 :v
622 4205 711 4260 ille
746 4218 870 4260 cum
902 4203 1033 4257 nihil
1081 4198 1375 4273 peccasset,
1405 4199 1762 4256 immolandus
1790 4208 1927 4267 erat,

329 4308 392 4354 et
413 4297 580 4354 Filius
609 4296 704 4353 Dei
731 4311 853 4352 cum
879 4295 1011 4351 nihil
1037 4302 1335 4365 peccasset,
1365 4293 1649 4348 cruciﬁxus
1680 4302 1762 4349 est
1795 4311 1808 4347 :
1842 4294 1930 4349 ille

331 4399 393 4446 et
437 4386 707 4457 jugulatus
751 4395 807 4443 et
851 4401 958 4441 non
987 4384 1274 4456 jugulatus
1314 4393 1418 4448 est,
1455 4383 1623 4439 Filius
1667 4383 1797 4439 item
1835 4384 1929 4439 Dei

332 4477 642 4549 unigenitus
669 4486 723 4532 et
757 4491 863 4530 non
883 4476 1154 4546 jugulatus
1179 4483 1262 4531 est
1289 4485 1342 4530 et
1367 4474 1658 4545 jugulatus,
1704 4483 1758 4529 et
1783 4489 1929 4528 mor-

335 4583 461 4625 tuus
502 4577 588 4624 est
634 4576 690 4624 et
717 4583 822 4622 non
851 4576 1094 4622 mortuus
1123 4575 1204 4621 est
1239 4584 1252 4621 :
1285 4581 1406 4620 nam
1429 4575 1688 4636 quantum
1709 4566 1773 4619 ad
1810 4580 1933 4634 pro-

319 4660 592 4733 positum,
637 4668 882 4714 mortuus
923 4666 1007 4712 est
1046 4657 1166 4723 ille;
1198 4665 1452 4726 quantum
1497 4670 1627 4710 vero
1664 4655 1730 4710 ad
1755 4669 1930 4709 rerum

332 4752 563 4817 exitum,
605 4766 709 4806 non
758 4759 843 4806 est
889 4759 1170 4804 mortuus:
1223 4740 1396 4803 Filius.
1444 4763 1575 4803 vero
1630 4748 1722 4802 Dei
1772 4762 1934 4803 carne

338 4863 372 4898 ιι
395 4852 585 4900 ortuus
608 4849 711 4909 est,
742 4841 837 4896 sed
859 4841 1111 4896 divinitas
1140 4839 1481 4908 impassibilis
1508 4840 1723 4894 mansit.

410 4934 465 4991 ‘5.
484 4933 622 4988 Deus
639 4949 847 5004 magnas
864 4949 942 4986 res
965 4948 1051 5001 per
1067 4934 1270 4984 umbras
1291 4929 1833 5000 prterignauit.—-Sem
1841 4947 1936 5001 per

338 5029 485 5083 enim
516 5026 657 5080 Deus
679 5065 696 5090 ,
727 5040 847 5078 cum
879 5039 1124 5094 magnam
1155 5021 1458 5094 quampiam
1501 5037 1612 5078 rem
1654 5022 1934 5091 dispensa-

337 5127 492 5174 turus
511 5125 596 5173 est
622 5115 761 5186 apud
791 5116 1034 5169 homines
1057 5156 1072 5180 ,
1114 5129 1232 5169 eam
1275 5114 1530 5182 prccvenit
1553 5155 1568 5181 ,
1602 5124 1656 5169 et
1691 5115 1933 5171 umbram

341 5211 462 5280 ejus
489 5209 635 5280 prius
671 5206 948 5277 depingit,
993 5215 1050 5260 ut
1081 5220 1200 5260 cum
1242 5205 1438 5259 veritas
1475 5204 1750 5260 adveniret
1773 5206 1934 5275 .-ipsi

341 5302 502 5358 ﬁdem
532 5315 638 5354 non
670 5308 962 5368 negarent;
1010 5307 1067 5352 ut
1104 5312 1225 5352 cum
1265 5297 1439 5368 imago
1474 5300 1836 5368 prdicessisset
1860 5341 1873 5366 ,
1904 5315 1935 5355 a

338 5389 613 5449 credendo
650 5390 862 5444 veritati
901 5403 1007 5444 non
1067 5386 1394 5443 recederent.
1443 5388 1684 5457 Exempli
1733 5403 1932 5457 causa,

337 5482 678 5540 sanctissima
705 5481 867 5552 Virgo
897 5479 1129 5551 paritura
1155 5488 1266 5535 erat
1292 5520 1308 5546 ,
1340 5493 1532 5550 resque
1572 5479 1660 5535 illa
1702 5481 1936 5536 incredi-

341 5574 464 5629 bilis
503 5570 822 5629 videbatur:
870 5585 993 5625 nam
1038 5570 1306 5641 quomodo
1348 5571 1498 5642 virgo
1542 5587 1730 5642 parere
1771 5575 1940 5642 possit

342 5672 539 5732 prteter
565 5671 767 5717 naturte
786 5662 956 5732 legem
977 5661 1002 5714 ?
1026 5661 1104 5717 sic
1138 5661 1280 5718 enim
1313 5662 1524 5731 genitus
1555 5671 1752 5732 praeter
1787 5663 1938 5720 ordi-

344 5769 466 5812 nem
494 5763 698 5811 natum
734 5753 988 5826 prodiret.
1025 5754 1154 5822 Quis
1199 5769 1226 5808 a
1272 5754 1468 5809 srecnlo
1506 5753 1637 5811 vidit
1681 5755 1936 5827 virginem

1516 350 1604 406 DE
1645 346 1871 405 ΒΕΑΤο
1909 345 2266 403 ABRAHAM.

3525 347 3631 405 7i2

2033 465 2326 533 parientem
2350 463 2373 516 ?
2397 463 2474 518 Ne
2502 462 2678 533 itaque
2703 463 2872 518 Jud:ei
2904 462 2954 516 in
2993 478 3238 532 magnam
3283 463 3632 518 incredulita.

2034 564 2140 610 tem
2172 555 2418 621 abirent,
2452 553 2707 625 praevenit
2738 553 2876 608 Deus
2902 562 2956 609 et
2980 553 3262 608 adumbrat
3290 555 3341 607 in
3363 554 3500 609 Sara
3529 571 3626 609 ve-

2032 645 2243 700 ritatem
2267 687 2282 711 ,
2306 655 2365 700 ut
2386 661 2506 700 cum
2526 645 2874 715 quastionem
2897 651 3172 699 moverent
3191 644 3460 713 quomodo
3483 645 3632 714 virgo

2031 737 2314 806 genuerit,
2349 737 2607 792 memoria
2632 744 2936 806 repetentes
2967 736 3141 806 potius
3165 735 3406 792 dicerent
3427 777 3443 803 ,
3480 737 3630 804 Quo-

2032 828 2193 884 modo
2217 828 2348 885 Sara
2377 829 2601 900 genuit?
2629 829 2736 884 imo
2761 829 2919 884 etiam
2959 829 3130 898 magis
3169 830 3272 884 hoc
3309 827 3588 898 ratiocinio
3609 869 3623 894 ,

2032 918 2312 985 Quomodo
2345 930 2483 974 terra
2509 960 2526 986 ,
2558 919 2706 989 virgo
2734 934 2854 973 eum
2883 926 3065 985 esset,
3095 918 3321 989 genuit?
3351 919 3481 990 Ligo
3523 931 3630 974 non

2031 1019 2147 1066 erat
2169 1053 2185 1079 ,
2211 1012 2443 1082 agricola
2472 1054 2486 1079 ,
2511 1013 2600 1083 qui
2626 1011 2828 1067 coleret
2855 1026 2974 1066 eam
3001 1053 3016 1078 ,
3049 1027 3156 1066 non
3195 1012 3382 1068 aderat
3403 1053 3419 1078 ,
3453 1011 3630 1080 pluma

2033 1115 2138 1154 non
2164 1100 2474 1166 deciderat,
2510 1101 2675 1156 herba
2704 1102 2755 1156 in
2785 1101 2871 1156 illa
2902 1117 3008 1156 non
3036 1102 3384 1171 pullulaverat
3408 1144 3424 1169 ,
3451 1102 3632 1157 sulcus

2032 1191 2084 1245 in
2108 1207 2174 1247 ea
2203 1192 2381 1247 nullus
2400 1234 2416 1258 ,
2448 1192 2592 1248 arida
2619 1203 2735 1248 erat
2758 1234 2773 1258 ,
2805 1208 2991 1248 semen
3020 1209 3124 1247 non
3155 1202 3496 1263 susceperat,
3539 1207 3632 1248 ros

2031 1295 2148 1334 eam
2180 1282 2356 1337 lanam
2386 1297 2491 1336 non
2522 1281 2740 1337 fecerat.
2787 1282 2878 1337 Die
2919 1282 3078 1352 igitur
3121 1282 3250 1336 mihi
3273 1322 3288 1347 ,
3321 1283 3591 1352 quomodo
3613 1325 3628 1347 ,

2031 1370 2181 1440 virgo
2199 1386 2320 1426 cum
2343 1380 2522 1438 esset,
2548 1371 2825 1426 innumera
2865 1372 3150 1426 herbarum
3177 1387 3376 1442 genera
3414 1374 3632 1428 emisit?

2032 1464 2102 1518 At
2143 1479 2248 1519 non
2295 1473 2446 1534 poles
2491 1481 2605 1520 rem
2646 1466 2955 1535 explicare,
2992 1466 3087 1521 sed
3130 1466 3307 1530 dicis.
3354 1466 3424 1523 Ut
3466 1467 3635 1522 voluit

2037 1557 2196 1611 Deus.
2225 1557 2426 1613 Eodem
2457 1559 2614 1628 igitur
2642 1559 2799 1613 modo
2823 1568 2876 1614 et
2901 1559 2967 1615 de
2992 1559 3210 1630 Virgine
3233 1601 3248 1627 ,
3274 1573 3397 1615 cum
3424 1560 3634 1615 dubita-

2033 1647 2107 1702 tio
2135 1647 2276 1703 subit
2301 1690 2313 1711 ,
2355 1649 2504 1704 disce
2530 1664 2634 1704 non
2661 1651 2871 1705 curiose
2903 1651 3276 1721 inquirendum
3303 1667 3425 1708 esse
3452 1696 3467 1720 ,
3508 1669 3631 1710 cum

2033 1736 2175 1792 Deus
2215 1745 2512 1806 Operatur:
2559 1753 2627 1794 ne
2664 1753 2873 1807 quaeras
2907 1755 2974 1792 an
3014 1739 3306 1794 secundum
3347 1752 3624 1809 naturam,

2032 1825 2243 1896 quando
2274 1836 2476 1882 natura}
2501 1828 2666 1897 ipsius
2692 1827 2881 1883 artifex
2902 1837 3190 1897 operatur;
3217 1845 3283 1885 ne
3306 1831 3629 1901 quaestiones

2035 1916 2231 1972 multas
2256 1933 2496 1973 moveas.
2532 1918 2705 1987 Dixit,
2737 1918 2989 1973 Germinet
3016 1917 3149 1974 lerra
3190 1921 3209 1991 (
3235 1919 3365 1975 Gen.
3409 1923 3460 1976 1.
3496 1923 3556 1976 Η
3590 1925 3632 1993 ).

2032 2015 2087 2062 et
2113 2006 2292 2061 statim
2322 2007 2374 2062 in
2408 2016 2564 2062 terra:
2590 2009 2793 2063 viscera
2823 2023 3003 2064 sermo
3033 2009 3303 2079 ingressus
3333 2019 3417 2065 est
3440 2053 3456 2076 ,
3488 2020 3542 2065 et
3567 2012 3635 2066 ad

2034 2105 2240 2166 partum
2289 2097 2455 2168 ipsam
2502 2099 2752 2154 excitavit
2792 2118 2805 2154 :
2850 2100 3107 2171 virgoque
3148 2103 3352 2172 genuit.
3399 2103 3635 2158 Verbum

2032 2195 2148 2243 erat
2172 2204 2336 2243 unum
2361 2231 2376 2255 ,
2404 2190 2544 2260 quod
2571 2190 2890 2260 procedebat
2914 2233 2928 2258 ,
2958 2204 3012 2248 et
3037 2193 3318 2248 innmnera
3345 2193 3635 2249 herbarum

2031 2294 2230 2350 genera
2260 2280 2521 2351 pullulare
2549 2283 2672 2339 fecit
2694 2326 2708 2349 ,
2741 2293 2792 2340 et
2823 2300 2918 2355 per
2941 2285 3160 2340 verbum
3189 2295 3328 2342 terra
3361 2287 3634 2357 proprium

2033 2373 2323 2443 assumpsit
2346 2385 2616 2430 ornatum.
2641 2373 2944 2447 Videreque
2964 2387 3079 2432 erat
3111 2387 3306 2433 terram
3339 2388 3485 2434 motu
3516 2380 3636 2449 agi-

2036 2472 2194 2520 tatam
2221 2507 2236 2534 ,
2267 2467 2511 2522 volucres
2538 2483 2729 2538 nempe
2753 2510 2770 2537 ,
2797 2471 3046 2539 aquatilia
3073 2512 3088 2539 ,
3120 2471 3394 2525 terrestria
3423 2472 3635 2525 anima-

2034 2555 2102 2610 lia
2127 2597 2141 2621 ,
2173 2567 2321 2625 prata
2345 2598 2358 2621 ,
2383 2556 2542 2614 tiores
2563 2600 2578 2622 ,
2604 2557 2826 2613 arbores
2848 2600 2863 2626 ,
2892 2560 3054 2614 vitem
3074 2601 3088 2624 ,
3115 2560 3309 2615 olivam
3339 2601 3356 2627 ,
3387 2556 3634 2616 sexcenta

2033 2647 2283 2703 arborum
2329 2664 2526 2719 genera
2553 2692 2568 2716 ,
2611 2665 2924 2744 prmcoces,
2975 2665 3180 2722 suoque
3225 2661 3469 2722 tempore
3514 2668 3640 2724 pro-

2033 2737 2260 2796 deuntes
2285 2739 2486 2797 fruetus
2515 2759 2528 2795 :
2562 2737 2681 2812 quae
2713 2743 2766 2797 in
2800 2744 3017 2812 planitie
3041 2785 3056 2808 ,
3088 2759 3208 2814 qua:
3247 2744 3314 2799 ad
3351 2760 3497 2800 mare
3524 2788 3536 2809 .
3571 2748 3636 2799 ad

2034 2829 2222 2898 lacus,
2273 2831 2341 2885 ad
2385 2831 2640 2899 ﬁumina,
2692 2833 2758 2888 ad
2804 2833 3015 2901 fontes,
3067 2849 3186 2904 qua:
3237 2835 3292 2888 in
3337 2835 3634 2892 montibus.

2037 2918 2185 2975 Unus
2213 2931 2331 2976 erat
2355 2938 2534 2978 sermo
2563 2937 2792 2994 Opemns
2821 2966 2836 2985 .
2879 2934 2934 2980 et
2959 2935 3099 2981 terra
3128 2942 3282 2980 suum
3310 2929 3636 2998 assequeba-

2036 3021 2123 3066 tur
2150 3012 2422 3069 decorem.
2455 3013 2810 3084 lnterpretare
2832 3017 2958 3069 mihi
2981 3056 2997 3080 ,
3031 3016 3246 3083 Judzee,
3280 3017 3331 3072 id
3364 3020 3634 3088 quomodo

2036 3102 2228 3158 factum
2256 3104 2326 3158 sit
2356 3121 2370 3159 :
2399 3111 2452 3158 at
2479 3120 2584 3159 non
2612 3115 2782 3175 potes.
2817 3107 3000 3162 Viden’
3023 3109 3293 3178 quomodo
3312 3125 3466 3166 error
3494 3127 3522 3165 a
3550 3128 3636 3168 se-

2036 3194 2264 3262 metipso
2299 3196 2711 3264 supplantetur?
2756 3198 2985 3252 Attende
3022 3199 3324 3270 diligenter.
3365 3202 3636 3269 Quemad-

2034 3286 2250 3340 modum
2272 3288 2412 3342 cnini
2441 3288 2554 3342 dixi
2578 3330 2595 3355 ,
2620 3289 2832 3360 quando
2853 3291 2964 3345 vult
2987 3291 3126 3346 Deus
3149 3307 3262 3348 rem
3285 3293 3597 3363 dispensare
3619 3339 3636 3364 ,

2036 3393 2152 3448 quae
2183 3379 2508 3434 incredibilis
2537 3382 2842 3437 hominibus
2874 3383 3114 3438 videatur
3138 3426 3153 3452 ,
3185 3387 3458 3454 prtemittit
3491 3387 3626 3459 ﬁgu.

2035 3485 2148 3524 ram
2177 3481 2230 3525 et
2261 3472 2502 3526 umbram
2526 3515 2541 3538 ,
2577 3482 2633 3528 ut
2662 3490 2729 3529 ne
2773 3475 2970 3530 veritas
2997 3476 3289 3547 derepente
3314 3478 3536 3535 veniens
3576 3481 3628 3535 in

2035 3562 2463 3618 incredulitatem
2493 3565 2638 3634 ipsos
2659 3566 2928 3636 conjiciat.
2957 3565 3102 3637 Opus
3124 3575 3239 3622 erat
3265 3577 3322 3623 ut
3346 3568 3512 3624 Filius
3541 3571 3634 3627 Dei

2037 3653 2282 3718 veniret,
2351 3654 2733 3726 hominumque
2786 3671 2953 3726 genus
3021 3657 3354 3728 baptizarct,
3402 3669 3638 3715 veterem

2037 3741 2307 3798 hominem
2339 3756 2662 3810 renovaret,
2693 3755 2747 3802 et
2786 3761 2907 3801 eum
2946 3748 3034 3816 qui
3073 3757 3348 3816 peceatum
3380 3767 3640 3806 renovare

2038 3833 2248 3890 volebat
2276 3833 2612 3906 demergeret
2633 3877 2647 3901 ,
2680 3835 3107 3892 benedictionem
3129 3837 3404 3895 induceret
3425 3879 3446 3907 ,
3475 3842 3640 3895 malc-

2038 3924 2325 3980 dictionem
2353 3926 2557 3982 deleret
2582 3968 2596 3990 .
2616 3927 2874 3997 justitiam
2904 3927 3188 3999 largiretur
3211 3972 3226 3997 ,
3258 3930 3502 3987 homines
3543 3947 3638 3986 an-

2037 4018 2184 4088 gelos
2212 4017 2448 4074 iaceret:
2481 4019 2784 4075 adulterum
2813 4029 3130 4090 accepturus
3167 4030 3222 4076 et
3264 4021 3428 4077 ﬁlium
3468 4022 3636 4079 laetu-

2042 4124 2132 4164 rus
2158 4119 2312 4176 erat;
2345 4110 2486 4180 quod
2512 4112 2674 4167 etiam
2700 4113 2922 4168 eﬁ‘ecit':
2951 4128 3072 4169 eum
3110 4114 3201 4184 qui
3244 4129 3312 4170 ne
3338 4123 3478 4170 terra
3520 4119 3638 4187 qui-

2041 4199 2165 4254 dem
2196 4200 2388 4271 dignus
2414 4209 2559 4268 erat,
2591 4213 2908 4273 accepturus
2935 4246 2950 4270 ,
2975 4212 3031 4259 et
3058 4204 3191 4260 caelo
3217 4205 3436 4275 dignum
3466 4205 3634 4262 factu-

2040 4305 2135 4346 rus
2161 4301 2295 4346 erat.
2323 4291 2586 4360 Quoniam
2614 4295 2775 4365 igitur
2805 4295 2908 4350 hoc
2952 4311 3201 4368 magnum
3237 4298 3554 4354 miraculum
3584 4311 3640 4355 et

2043 4383 2356 4440 incredibile
2383 4385 2564 4440 multis
2594 4396 2712 4442 erat
2733 4427 2748 4453 ,
2779 4387 3048 4457 quomodo
3075 4389 3262 4445 eadem
3293 4390 3405 4460 ipsa
3450 4399 3636 4445 natura

2043 4492 2207 4532 unum
2237 4477 2381 4532 hom’
2405 4492 2508 4534 tem
2540 4478 2795 4549 prmlocet
2821 4489 2875 4534 et
2897 4479 3155 4550 justiﬁcet
3176 4522 3191 4547 ,
3235 4490 3508 4551 peccatum
3543 4482 3642 4537 de-

2046 4568 2155 4624 leat
2177 4611 2192 4633 ,
2225 4579 2279 4624 et
2309 4569 2586 4624 veritatem
2613 4569 2834 4624 reducat
2859 4588 2873 4636 ;
2906 4586 2972 4625 ne
2995 4570 3234 4626 dicerent
3261 4571 3428 4627 Judaei
3456 4615 3468 4638 ,
3500 4571 3642 4627 dicta

2045 4657 2470 4714 Christianorum
2503 4675 2624 4715 esse
2668 4659 2898 4715 fabulam
2927 4679 2940 4716 :
2973 4676 3094 4715 nam
3123 4662 3212 4730 qui
3259 4661 3376 4718 ﬁeri
3421 4673 3600 4734 potest
3625 4707 3640 4729 ,

2044 4759 2103 4807 ut
2149 4751 2337 4807 eadem
2387 4753 2498 4821 ipsa
2535 4767 2670 4823 aqua
2715 4752 2937 4808 suﬁ'oeet
2986 4763 3040 4809 et
3085 4753 3361 4809 viviﬁeet?
3407 4772 3510 4811 una
3559 4768 3642 4813 est

2048 4860 2186 4914 aqua
2212 4885 2228 4909 ,
2253 4855 2303 4900 et
2333 4845 2603 4915 quomodo
2631 4847 2799 4916 possit
2836 4846 2970 4902 duas
3015 4848 3354 4918 operationes
3401 4850 3598 4906 habere
3619 4854 3644 4906 ?

2045 4935 2180 5005 Quid
2208 4936 2366 5007 igitur
2395 4937 2668 5007 dispensat
2695 4939 2836 4993 Deus
2863 4979 2877 5004 ,
2906 4949 2966 4993 ut
3001 4939 3306 4998 Judteorum
3357 4943 3640 5013 impuden-

2049 5029 2118 5083 tia
2144 5030 2506 5098 coarguatur?
2545 5029 2662 5084 Filii
2695 5029 2854 5085 lsrael
2881 5029 3254 5100 alﬁigebantur
3285 5033 3337 5087 in
3366 5033 3604 5107 Egypto
3625 5079 3640 5101 ,

2049 5119 2101 5173 in
2153 5119 2465 5185 laboribus,
2516 5129 2573 5175 et
2619 5121 2872 5190 operibus
2916 5121 3156 5176 lateritiis
3199 5121 3343 5183 afﬁxi
3375 5142 3388 5177 :
3421 5135 3474 5180 et
3520 5142 3642 5181 cum

2051 5208 2176 5264 ﬁetu
2201 5210 2502 5264 clamabant
2527 5209 2765 5266 dicentes
2794 5229 2807 5265 :
2836 5210 2966 5280 Quis
2993 5226 3089 5266 nos
3122 5212 3368 5268 liberabit
3407 5229 3438 5269 a
3477 5217 3646 5271 servi-

2049 5311 2160 5356 tute
2188 5301 2604 5375 (Egyptiorum?
2630 5302 2918 5372 periimus,
2949 5303 3140 5372 perditi
3169 5319 3354 5360 sumus
3385 5305 3437 5360 in
3467 5309 3643 5376 cperi-

2049 5393 2148 5448 bus
2176 5393 2348 5448 malis.
2371 5393 2508 5461 Quid
2535 5393 2697 5464 igitur
2713 5395 2739 5448 ἵ
2759 5393 3031 5449 exaudivit
3050 5395 3170 5449 illos
3198 5397 3336 5451 Deus
3355 5438 3371 5463 ,
3395 5399 3647 5468 misitque

2050 5483 2288 5554 Moysem
2331 5483 2500 5554 signis
2532 5493 2585 5540 et
2619 5483 2873 5555 prodigiis
2901 5494 3189 5542 armatum.
3238 5485 3398 5542 Venit
3437 5487 3653 5560 Moyses

2050 5575 2230 5630 ferens
2255 5576 2514 5646 supplicia
2539 5584 2725 5632 contra
2753 5575 3084 5634 Pharaonem
3110 5621 3125 5646 ,
3173 5593 3452 5649 pravartnn
3497 5580 3648 5635 locu-

2049 5677 2252 5724 starum
2279 5669 2571 5724 exercitum
2601 5667 2809 5725 induxit
2839 5687 2852 5722 :
2887 5670 3090 5726 brucho
3118 5671 3442 5742 imperavit,
3468 5682 3524 5728 et
3561 5674 3649 5730 ille

2049 5759 2193 5816 venit
2220 5779 2234 5813 :
2263 5775 2454 5831 aquam
2498 5761 2550 5816 in
2590 5761 2905 5833 sanguinem
2935 5763 3157 5820 mutavit
3182 5807 3196 5832 ,
3224 5764 3465 5834 pustulas
3490 5761 3644 5823 ebul~
