4182 6322
677 335 781 391 ’143
1410 328 1467 381 S.
1508 324 1779 381 JOANNIS
1816 317 2287 380 CIIRYSOSTOMI
2324 319 2642 375 ARCIIIEP.
2684 324 3214 379 CONSTANTINOP.

677 448 775 501 Iire
805 444 927 500 fecit
954 443 1007 497 in
1034 440 1334 496 hominibus
1358 449 1410 495 et
1444 440 1496 492 in
1534 437 1805 507 jutncntis.
1834 436 2037 492 Deinde
2066 477 2082 502 ,
2128 448 2250 488 eum

678 546 801 607 post
828 544 999 589 tantas
1022 532 1204 602 plagas
1222 531 1428 586 Pharao
1457 544 1561 583 non
1591 528 1843 594 cederet,
1872 528 2081 582 deruunt
2112 526 2252 581 Deus

677 634 903 679 mortem
932 622 1399 693 primogenitorum
1429 619 1661 673 immittit
1696 636 1711 671 :
1741 619 1883 683 inde,
1917 625 1974 671 ut
1994 631 2250 685 compen-

675 716 765 768 dio
787 714 996 779 dicam,
1038 727 1106 767 ne
1152 712 1233 765 bis
1273 710 1470 765 diutius
1508 710 1799 763 immorans
1838 708 2097 777 promissa
2144 723 2251 761 non

675 807 971 879 compleam
1001 822 1016 860 :
1042 803 1240 875 egressi
1278 810 1401 858 sunt
1437 817 1502 857 ex
1530 811 1669 856 terra
1697 800 1910 871 Egypti
1934 841 1950 866 ,
1990 807 2044 853 et
2088 813 2252 853 vene-

676 906 801 952 runt
825 896 890 951 ad
916 909 1062 950 oram
1089 892 1271 947 maris.
1303 891 1612 945 Exercitum
1642 902 1758 960 post
1786 892 1902 944 illos
1930 889 2082 943 duxit
2108 888 2249 942 Plta-

672 1003 765 1041 rao
792 1002 911 1042 cum
938 983 1267 1041 multitudine
1292 996 1541 1036 curruum
1572 990 1623 1036 et
1648 995 1905 1051 equorum
1937 997 1950 1032 :
1992 988 2051 1033 ut
2081 978 2249 1033 aciem

675 1079 809 1133 vidit
839 1077 996 1132 Israel
1020 1117 1037 1141 ,
1070 1076 1261 1129 timore
1302 1083 1580 1143 correptus
1619 1080 1722 1129 est.
1765 1071 2035 1126 Venerunt
2071 1078 2248 1126 autem

669 1170 736 1223 ad
768 1169 892 1222 litus
920 1166 1082 1222 maris
1112 1183 1124 1219 :
1154 1166 1392 1234 dixitque
1424 1166 1562 1218 Deus
1585 1164 1747 1236 Moysi
1774 1182 1786 1217 :
1817 1162 1949 1229 Quid
1971 1166 2157 1216 clamas
2182 1164 2250 1216 ad

670 1276 747 1312 me
778 1259 796 1329 (
820 1257 988 1313 Exod.
1022 1259 1107 1313 14.
1142 1258 1209 1312 15
1236 1257 1290 1327 )?
1318 1257 1461 1326 atqui
1489 1256 1617 1310 nihil
1644 1257 1853 1311 diccbat
1879 1255 2107 1327 Moyses.
2138 1255 2245 1311 Sed

670 1352 800 1405 dixit
828 1351 899 1405 illi
924 1394 940 1415 ,
974 1350 1117 1406 Deus
1146 1365 1261 1405 sum
1286 1390 1302 1417 ,
1332 1350 1421 1419 qui
1456 1364 1560 1403 non
1592 1363 1655 1402 ea
1684 1348 1856 1403 solum
1880 1388 1896 1415 ,
1936 1364 2055 1417 qua:
2090 1346 2244 1402 labiis

672 1442 1048 1511 proferuntur,
1087 1441 1306 1507 audio,
1337 1438 1429 1494 sed
1479 1439 1638 1493 etiam
1686 1454 1747 1493 ea
1772 1480 1787 1503 ,
1833 1454 1952 1508 quae
1994 1439 2047 1492 in
2085 1438 2246 1493 corde

668 1542 791 1586 sunt
816 1545 1125 1611 ,gcognosco
1149 1571 1165 1597 ,
1200 1538 1255 1583 ut
1285 1529 1459 1583 discas
1485 1568 1499 1595 ,
1542 1542 1646 1582 non
1691 1527 1744 1582 itt
1783 1529 2014 1583 clamore
2050 1527 2247 1583 oratio-

667 1638 790 1679 nem
817 1610 953 1689 ,ised
995 1622 1049 1676 in
1082 1621 1262 1675 animo
1289 1610 1479 1675 emitti.
1516 1619 1651 1686 Quid
1680 1619 1868 1673 clamas
1893 1619 1962 1671 ad
1996 1619 2115 1672 me?
2142 1617 2241 1672 La-

668 1714 769 1769 biis
798 1712 1010 1783 quidem
1051 1710 1162 1767 suis
1200 1710 1328 1765 nihil
1358 1710 1668 1779 loquebatur
1690 1695 1829 1777 ,sed
1857 1709 2019 1764 corde
2044 1709 2242 1764 clama—

666 1806 755 1860 bat
784 1823 797 1860 :
844 1805 1013 1859 oratio
1055 1804 1248 1874 quippe
1289 1803 1575 1872 requiritur
1611 1818 1677 1857 ex
1719 1803 1895 1856 animo
1923 1802 2064 1857 bono
2090 1844 2105 1869 ,
2136 1818 2240 1857 non

666 1913 729 1950 ex
761 1896 993 1951 clamore
1023 1909 1231 1964 magno.
1261 1894 1395 1959 Quid
1414 1894 1604 1949 clamas
1633 1895 1700 1946 ad
1724 1911 1801 1948 me
1823 1895 1846 1947 ?
1871 1894 2110 1949 Extende
2134 1896 2241 1949 vir-

662 2002 782 2058 gam
812 2030 825 2054 ,
858 2002 1013 2057 quant
1041 2001 1202 2040 manu
1228 1970 1405 2057 gestas
1430 2027 1444 2052 ,
1471 2001 1630 2056 super
1658 2001 1802 2041 mare
1825 2028 1841 2053 ,
1888 1996 1941 2041 et
1981 1986 2239 2055 pertransi

667 2093 721 2134 tu
752 2090 804 2136 et
833 2094 1019 2135 onmes
1044 2079 1136 2134 filii
1158 2079 1337 2134 Israel.
1363 2078 1614 2133 Extendit
1635 2093 1763 2133 vero
1788 2078 1991 2149 Moyses
2016 2079 2237 2149 virgam,

664 2186 819 2239 quant
848 2186 1005 2224 mantt
1036 2172 1307 2240 gestabat,
1332 2178 1386 2224 et
1407 2171 1664 2239 percussit
1691 2185 1836 2223 mare
1859 2172 1877 2238 (
1904 2168 1982 2222 Ib.
2007 2186 2055 2223 υ.
2086 2168 2193 2242 16)
2221 2188 2236 2224 :

663 2274 769 2317 tum
799 2262 1180 2332 incompositus
1219 2278 1471 2332 aquarum
1513 2263 1737 2331 impetus
1782 2263 2074 2316 exsiccatos
2111 2271 2193 2316 est
2218 2302 2234 2331 ,

660 2365 715 2409 et
742 2356 967 2424 proprize
997 2354 1191 2408 oblitus
1220 2363 1301 2409 est
1346 2362 1566 2408 naturae.
1598 2354 1727 2408 Tale
1766 2355 1958 2424 quippe
1995 2363 2076 2408 est
2122 2353 2234 2408 ele-

664 2457 895 2501 mentum
925 2461 941 2501 :
968 2461 1086 2501 cum
1118 2446 1209 2501 Dei
1240 2454 1397 2499 nutus
1423 2444 1663 2507 accedit,
1712 2446 1939 2513 propriae
1971 2443 2234 2498 oblivisci—

659 2547 741 2588 tur
762 2546 961 2589 natura:
980 2574 997 2601 ,
1021 2544 1075 2590 et
1096 2535 1358 2604 propriam
1382 2534 1613 2589 refrenat
1635 2526 2017 2603 operationem.
2041 2534 2237 2602 Quem-

660 2626 942 2681 admodum
972 2626 1111 2680 enim
1144 2625 1331 2679 ancilla
1363 2623 1499 2679 bene
1524 2624 1711 2679 affecta
1736 2664 1750 2690 ,
1775 2640 1922 2679 mare
1948 2666 1961 2687 ,
1989 2626 2074 2679 ubi
2107 2625 2237 2679 vidit

662 2717 868 2771 Domini
891 2717 969 2771 sui
997 2716 1249 2769 famulum
1272 2756 1287 2779 ,
1310 2716 1697 2784 obtemperavit
1723 2724 1775 2769 et
1796 2714 2030 2768 obedivit
2058 2734 2069 2767 :
2104 2716 2233 2769 obe-

657 2810 784 2863 divit
826 2819 1038 2872 autent,
1084 2824 1186 2861 non
1230 2807 1424 2877 lignum
1467 2806 1671 2860 aridum
1716 2807 1975 2871 reverita,
2024 2806 2116 2862 sed
2162 2808 2232 2862 ob

661 2899 805 2952 illum
829 2898 915 2967 qui
943 2898 994 2951 in
1020 2897 1160 2966 ligno
1182 2896 1567 2965 crttciligendus
1588 2905 1733 2949 erat-
1756 2896 1896 2950 Vidit
1922 2897 2078 2966 igitur
2104 2898 2235 2951 ima-

659 2990 870 3055 ginem,
920 2997 975 3043 et
1019 2987 1195 3041 statim
1225 2986 1489 3040 intellexit
1532 2986 1808 3039 veritatem
1834 3027 1849 3052 ,
1893 2996 1948 3041 et
1992 2988 2230 3059 recessit.

662 3080 927 3135 Pertransi
956 3090 1029 3145 tu,
1054 3078 1239 3149 inquit,
1258 3086 1310 3132 et
1330 3079 1501 3132 omnis
1520 3078 1743 3147 populus
1761 3076 1941 3133 Israel.
1967 3079 2089 3134 Inde
2111 3097 2231 3149 per-

657 3169 1027 3237 transivitipse
1052 3181 1105 3223 et
1124 3168 1295 3223 omnis
1326 3168 1725 3238 populuslsrael
1767 3188 1781 3223 :
1819 3172 2025 3239 sequuti
2056 3182 2229 3225 autem

661 3271 782 3315 sunt
812 3271 864 3314 et
892 3260 1125 3330 Egyptii
1158 3271 1534 3330 persequentes
1557 3261 1718 3328 illos;
1762 3277 1948 3330 nempe
1983 3263 2224 3331 Pharao,

655 3362 708 3407 rt
736 3368 922 3408 currus
948 3354 1064 3422 ejus
1094 3362 1147 3407 et
1173 3352 1397 3422 equites.
1426 3351 1626 3408 Deinde
1656 3363 1931 3423 postquam
1955 3354 2045 3409 lilii
2067 3354 2229 3411 Israel

660 3446 1077 3511 pertransierant
1115 3486 1130 3511 ,
1159 3446 1462 3513 supervenit
1500 3459 1631 3514 aqua
1659 3484 1672 3507 ,
1722 3454 1776 3500 et
1820 3447 2026 3516 operuit
2067 3447 2231 3519 Egy-

659 3538 812 3604 ptios.
847 3537 935 3590 Dic
964 3537 1089 3590 mihi
1119 3536 1293 3605 itaque
1318 3577 1331 3599 ,
1365 3536 1543 3591 Judaee
1568 3578 1582 3602 ,
1605 3536 1872 3605 quomodo
1894 3553 2025 3608 aqua
2055 3540 2227 3609 bapti-

659 3627 841 3681 smalis
873 3627 1000 3680 duas
1032 3626 1189 3680 habet
1217 3628 1549 3695 operationes
1573 3668 1587 3692 ,
1621 3626 1689 3679 ita
1717 3637 1772 3680 ut
1792 3628 1949 3682 alium
1973 3630 2226 3697 suffoeet,

658 3716 818 3770 alium
849 3715 1117 3770 vivificet?
1142 3715 1225 3769 die
1252 3716 1377 3769 mibi
1403 3757 1417 3779 ,
1448 3716 1714 3785 quomodo
1748 3732 1893 3772 mare
1927 3718 2054 3773 illud
2078 3760 2094 3787 ,
2135 3736 2229 3774 na-

659 3816 770 3859 tura
802 3821 894 3859 sua
924 3822 1081 3860 unum
1110 3848 1123 3871 ,
1165 3806 1298 3861 alios
1335 3806 1546 3875 quidem
1592 3808 1763 3867 vivos,
1787 3811 2016 3863 servavit
2039 3850 2055 3876 ,
2095 3812 2228 3867 alios

656 3906 830 3951 autem
861 3897 1087 3967 perdidit
1111 3914 1123 3959 ;
1148 3897 1279 3950 alios
1304 3896 1514 3965 quidem
1543 3898 1844 3965 prmfocavit
1866 3940 1880 3964 ,
1912 3901 2025 3954 aliis
2050 3911 2225 3955 autem

660 3991 795 4043 viam
826 3989 1067 4058 prmstitit
1093 4029 1108 4053 ,
1142 3989 1263 4043 licet
1289 3970 1427 4041 unus
1459 3989 1526 4041 sit
1566 3996 1620 4042 et
1661 3990 2038 4059 incompositus
2064 4007 2230 4061 aqua-

660 4095 774 4132 rum
808 4076 1073 4146 impelus?
1118 4087 1171 4132 et
1198 4076 1464 4145 quomodo
1494 4078 1612 4131 illos
1642 4080 1851 4148 quidem
1878 4095 1975 4134 ceu
2004 4080 2227 4137 famulos

657 4170 939 4224 reveritum
990 4177 1108 4231 est,
1159 4184 1281 4237 erga
1330 4169 1427 4223 ltos
1476 4179 1649 4223 autem
1696 4170 1975 4225 barbarum
2027 4187 2227 4228 morem

660 4262 915 4315 imitatum
949 4260 1076 4314 est?
1102 4260 1455 4329 Interpretare
1484 4260 1611 4313 mihi
1640 4260 1764 4315 illud
1790 4302 1802 4325 ,
1834 4277 1866 4315 ο
1894 4260 2075 4317 Iudaee
2097 4304 2112 4329 ,
2138 4263 2228 4333 qui

658 4352 803 4406 cruci
849 4366 955 4405 non
1000 4349 1175 4405 credis
1199 4392 1213 4415 ,
1254 4350 1521 4419 quomodo
1561 4351 1746 4406 eadem
1791 4354 1901 4421 ipsa
1940 4368 2073 4423 aqua
2112 4354 2228 4408 illos

661 4426 997 4511 prmfocavit,
1028 4450 1081 4494 et
1125 4440 1223 4495 ltos
1262 4440 1508 4495 servavit.
1556 4440 1669 4495 Una
1713 4451 1826 4496 erat
1862 4458 1995 4511 aqua
2017 4483 2036 4510 ,
2062 4460 2226 4498 unum

660 4550 805 4590 mare
828 4575 842 4599 ,
877 4542 930 4587 et
960 4532 1144 4587 horum
1179 4548 1244 4585 ne
1270 4532 1457 4601 pedem
1492 4533 1703 4601 quidem
1743 4534 2061 4599 madefecit,
2110 4536 2226 4589 illo-

660 4643 774 4680 rum
803 4640 930 4680 vero
956 4640 1023 4678 ne
1050 4624 1327 4692 vestigium
1364 4624 1576 4693 quidem
1620 4624 1867 4694 reliquit,
1911 4626 2003 4681 sed
2042 4642 2227 4682 omnes

656 4717 811 4771 simul
843 4731 975 4785 aqua
1003 4714 1277 4782 cooperuit
1298 4754 1311 4776 .
1344 4727 1725 4784 eommuneque
1754 4700 2053 4785 sepulcrum
2081 4733 2227 4774 mare

656 4809 781 4864 fecit
805 4808 1052 4863 universo
1074 4806 1266 4875 populo
1293 4804 1680 4876 Egyptiorum.
1702 4806 1819 4872 Die,
1848 4823 2028 4876 qumso
2047 4851 2061 4875 ,
2094 4810 2225 4864 mihi

656 4900 756 4951 hoc
784 4896 1049 4968 quomodo
1076 4894 1265 4948 factum
1292 4894 1378 4948 sit.
1417 4894 1574 4950 Vides
1595 4897 1859 4964 quomodo
1881 4898 2065 4953 umbra
2094 4915 2228 4969 prae-

655 4986 916 5052 cesserit,
954 4994 1009 5039 ut
1048 4985 1207 5039 fidem
1251 4985 1512 5039 inveniret
1550 4986 1792 5040 veritas?
1831 4990 2093 5056 quomodo
2138 4990 2226 5045 illa

656 5077 867 5147 quidem
899 5077 1078 5131 umbra
1105 5116 1119 5140 ,
1152 5076 1266 5130 ιιωο
1285 5085 1459 5130 autem
1486 5077 1723 5131 veritas?
1755 5078 1841 5131 illa
1868 5079 2051 5134 umbra
2076 5122 2091 5145 ,
2116 5081 2227 5136 haec

660 5182 742 5222 res
773 5167 943 5235 ipsm?
974 5166 1133 5219 Vides
1159 5208 1173 5230 ,
1202 5175 1259 5219 ut
1278 5164 1385 5235 jam
1410 5166 1515 5220 dixi
1540 5208 1555 5233 ,
1580 5167 1745 5222 Deum
1772 5210 1787 5233 ,
1817 5182 1937 5222 cum
1964 5170 2070 5223 vult
2095 5186 2226 5241 opus

664 5257 921 5328 quoddam
978 5256 1214 5311 mirabile
1268 5266 1609 5325 perpetrare,
1666 5259 1858 5327 ﬁguras
1909 5270 1962 5312 et
2004 5262 2226 5318 umbras

665 5349 1013 5421 praemittere,
1071 5358 1126 5403 ut
1180 5350 1257 5403 sic
1298 5348 1589 5418 procedens
1640 5351 1837 5404 veritas
1892 5350 2043 5407 facile
2089 5355 2227 5407 acci-

667 5441 865 5511 plalur?
1752 5438 1757 5439 ⁷

734 5533 959 5588 Necesse
998 5541 1081 5587 est
1122 5531 1261 5585 enim
1302 5531 1579 5602 imaginem
1611 5530 1915 5587 inferiorem
1942 5548 2059 5590 esse
2086 5536 2227 5591 veri-

662 5628 811 5680 tate?
837 5642 953 5679 nam
982 5626 1026 5680 si
1058 5640 1152 5695 per
1178 5640 1236 5679 se
1266 5623 1432 5694 ipsam
1478 5626 1707 5694 perfecta
1752 5636 1894 5693 esset
1917 5667 1932 5689 ,
1972 5627 2080 5695 jant
2122 5643 2227 5683 nun

660 5718 843 5775 umbra
871 5723 1014 5771 esset
1035 5756 1051 5784 ,
1079 5714 1172 5770 sed
1200 5714 1413 5770 veritas.
1442 5716 1739 5771 Antecessit
1765 5716 1974 5786 quidem
2004 5720 2187 5774 umbra
2210 5761 2227 5787 ,

2356 205 2497 244 “

2359 435 2664 502 supervenit
2702 436 2939 490 colorum
2979 438 3206 502 veritas,
3252 447 3307 494 et
3347 440 3609 495 sinceram
3651 442 3928 513 imaginem

2360 524 2758 579 demonstravit.
2788 526 2880 579 Illa
2912 529 3018 597 typi
3048 538 3235 595 erant,
3270 529 3383 585 ltmc
3405 572 3421 597 ,
3450 532 3577 601 ipsa:
3615 547 3705 589 res
3733 550 3747 586 :
3790 535 3927 602 quod

2358 614 2607 670 videlicet
2631 618 2770 671 circa
2798 631 2949 671 ovem
2981 617 3173 674 factum
3190 628 3289 675 est.
3320 621 3583 691 Sanguine
3611 622 3807 678 Christi
3835 640 3926 678 or-

2359 703 2441 759 bis
2470 716 2730 761 terrarum
2752 708 3053 763 liberandus
3077 720 3192 765 erat
3216 713 3744 786 maledictionemque
3768 715 3921 771 decli-

2358 806 2594 851 naturus.
2627 796 2759 853 Cum
2785 800 2941 869 igitur
2972 801 3099 856 illud
3123 817 3330 873 quoque
3359 820 3607 874 magnum
3645 815 3787 862 esset
3826 806 3923 861 mi-

2361 889 2597 942 raculum
2627 900 2683 945 et
2710 891 3017 947 incredibile
3042 894 3214 949 stulta
3242 895 3432 948 animae
3460 895 3763 951 Judmorum
3787 937 3806 962 ,
3829 896 3926 952 hoc

2355 990 2617 1048 praemrat
2648 990 2703 1036 et
2729 982 3029 1053 prmfigurat
3052 984 3190 1039 Deus
3220 999 3312 1052 per
3334 999 3512 1039 ovem.
3556 984 3769 1040 Etenim
3806 1000 3925 1041 eum

2354 1070 2704 1138 primogenita
2724 1070 3089 1143 Egyptiorum
3111 1072 3386 1128 destruere
3407 1082 3618 1142 pararet
3636 1114 3653 1138 ,
3678 1091 3746 1129 ne
3770 1075 3925 1129 simul

2354 1159 2781 1216 interficerentur
2800 1178 2919 1231 quae
2939 1172 3092 1218 erant
3111 1163 3335 1218 filiorum
3356 1163 3514 1218 Israel
3537 1183 3551 1219 :
3584 1165 3708 1235 quid
3733 1167 3926 1236 igitur?

2356 1261 2413 1306 ut
2458 1252 2586 1319 fiat,
2644 1254 2813 1325 inquit
2856 1254 3062 1322 Moyses
3088 1295 3105 1320 ,
3150 1270 3219 1310 ne
3266 1255 3624 1312 exterminans
3666 1258 3924 1327 angelus,

2353 1345 2465 1414 ipsa
2492 1345 2839 1416 primogenita
2869 1346 3029 1401 Israel
3054 1346 3211 1399 simul
3231 1348 3645 1402 exterminaret:
3677 1349 3800 1418 quid
3832 1349 3925 1417 ἱείς

2353 1437 2479 1491 tur?
2510 1437 2649 1492 Dixit
2686 1437 2754 1491 ad
2798 1436 2941 1491 illum
2983 1438 3121 1491 Deus
3167 1455 3181 1491 :
3218 1437 3445 1507 prmeipe
3478 1438 3602 1492 ﬁliis
3647 1438 3806 1493 Israel
3834 1482 3848 1502 ,
3874 1449 3925 1493 et

2350 1535 2562 1581 sumant
2586 1542 2746 1583 ovem
2777 1543 2882 1583 non
2925 1528 3239 1582 maculatam
3264 1569 3280 1595 ,
3329 1529 3616 1584 masculum
3642 1570 3657 1594 ,
3700 1531 3924 1585 annicu-

2349 1618 2453 1671 lam
2480 1658 2495 1683 ,
2518 1618 2668 1687 juxta
2695 1617 2917 1672 familias
2942 1633 3125 1672 eorum
3154 1636 3167 1671 :
3211 1617 3354 1689 quod
3390 1619 3435 1673 si
3475 1633 3734 1689 pauperes
3777 1621 3883 1674 sint
3904 1662 3921 1686 ,

2348 1710 2555 1781 inquit,
2582 1710 2787 1765 vicinus
2812 1711 3041 1765 vicinum
3067 1702 3382 1776 advocabit,
3404 1708 3600 1765 familia
3628 1710 3880 1766 familiam
3904 1728 3920 1775 ;

2347 1811 2401 1856 et
2425 1802 2502 1856 sic
2521 1816 2673 1856 ovem
2696 1809 2965 1856 sumentes
2985 1841 3000 1866 ,
3029 1815 3182 1855 ovem
3208 1815 3313 1854 non
3336 1800 3651 1855 maculatam
3672 1842 3692 1859 .
3718 1816 3923 1854 mascu-

2348 1893 2449 1946 lam
2476 1933 2489 1956 ,
2523 1891 2823 1946 anniculam
2846 1932 2861 1957 ,
2886 1891 3155 1945 immolate
3174 1934 3190 1957 ,
3216 1891 3417 1959 inquit,
3442 1890 3591 1960 juxta
3616 1889 3845 1946 familias
3870 1899 3922 1946 et

2344 1984 2492 2055 juxta
2521 1980 2708 2039 domos
2735 1984 2987 2039 tribuum.
3020 1984 3086 2038 Et
3110 1998 3297 2038 carnes
3328 1983 3541 2053 quidem
3584 1985 3726 2037 illius
3754 1999 3922 2039 come-

2345 2078 2453 2133 dite
2481 2092 2629 2132 assas
2653 2077 2757 2147 igni
2784 2094 2798 2142 ;
2824 2075 2964 2139 nihil
2988 2092 3053 2131 ex
3095 2075 3172 2130 eis
3206 2075 3567 2145 relinquetur;
3610 2076 3920 2145 sanguinem

2343 2187 2471 2226 vero
2498 2170 2661 2240 ipsius
2687 2169 2874 2224 illinite
2900 2170 2952 2223 in
2980 2177 3159 2238 postes
3184 2177 3409 2223 vestros.
3440 2167 3717 2223 Comedite
3742 2178 3915 2222 autem

2343 2261 2526 2326 illam,
2575 2262 2784 2330 inquit,
2828 2275 2987 2315 renes
3032 2260 3389 2315 circumcineti
3418 2302 3433 2325 ,
3488 2259 3707 2313 calceati
3757 2259 3919 2327 pedes

2340 2360 2546 2406 vestros
2576 2352 2779 2423 (Exod.
2812 2352 2899 2405 12.
2924 2354 2974 2406 '5.
3002 2368 3111 2422 sqq.
3135 2356 3176 2420 ),
3208 2360 3262 2406 et
3298 2351 3398 2405 hoc
3423 2360 3674 2418 tanquam
3700 2350 3919 2404 viatoris

2341 2443 2586 2508 habitus;
2632 2442 2860 2497 lucerna:
2886 2451 3075 2495 vestrm
3104 2441 3394 2505 ardebant;
3438 2440 3645 2510 quare?
3686 2439 3919 2509 Vespera

2342 2536 2545 2590 scilicet
2573 2550 2666 2590 eos
2694 2534 3005 2613 occupabat.
3038 2534 3103 2588 Et
3130 2548 3293 2603 quare
3319 2575 3333 2598 ,
3360 2534 3622 2588 comedite
3651 2534 3789 2587 sicut
3811 2534 3918 2587 via-

2342 2629 2524 2682 tores?
2555 2628 2761 2696 quare?
2788 2641 2889 2697 ego
2930 2628 3049 2681 dico
3078 2645 3090 2679 :
3138 2642 3328 2696 nempe
3374 2635 3589 2697 propter
3633 2636 3816 2697 typum
3866 2638 3917 2682 et

2337 2730 2556 2790 propter
2584 2720 2860 2775 veritatem
2894 2735 2907 2771 :
2937 2719 3147 2788 quando
3172 2720 3383 2788 quidem
3413 2720 3607 2786 smpius
3634 2734 3918 2787 percussus

2336 2820 2419 2865 est
2450 2811 2658 2865 Pltarao
2683 2820 2735 2864 et
2761 2826 2864 2865 non
2891 2810 3088 2864 dimisit
3116 2810 3232 2865 illos
3256 2826 3269 2872 ;
3300 2819 3352 2863 et
3378 2809 3509 2862 dixit
3536 2809 3639 2862 illis
3666 2809 3873 2879 Moyses
3899 2827 3912 2861 :

2338 2900 2499 2956 hodie
2522 2900 2815 2971 percutitur
2839 2909 2893 2955 et
2920 2900 3181 2969 dimitt'et(
3210 2898 3378 2953 Exod.
3414 2900 3499 2953 11.
3528 2900 3551 2952 1
3586 2898 3625 2967 );
3657 2899 3914 2968 ροτωιὶρο

2336 2992 2489 3047 batur
2512 3033 2528 3059 ,
2560 3006 2666 3046 non
2701 3001 2875 3047 tamen
2922 2991 3232 3055 dimittens;
3272 3004 3466 3044 nonum
3511 3003 3797 3057 percussus
3835 2999 3913 3043 est

2337 3090 2390 3135 et
2419 3096 2524 3136 non
2552 3081 2789 3147 dimisit;
2823 3096 2983 3151 super
3004 3081 3262 3135 decimam
3292 3090 3467 3135 autem
3497 3080 3698 3151 plagam
3730 3079 3911 3135 (limit-

2337 3181 2448 3228 tere
2498 3174 2614 3229 illos
2662 3174 2885 3239 statuit;
2943 3172 3065 3227 ideo
3113 3172 3279 3236 dicit,
3334 3158 3607 3227 Viatorum
3658 3174 3915 3226 assumite

2334 3264 2570 3319 habitum
2600 3264 2813 3335 (Exod.
2844 3264 2931 3319 12.
2964 3264 3024 3317 11
3051 3262 3095 3333 );
3138 3273 3415 3333 postquam
3453 3264 3594 3318 enim
3626 3264 3912 3317 manduca-

2333 3356 2514 3410 veritis
2530 3397 2543 3418 ,
2565 3353 2695 3409 nihil
2709 3367 2995 3408 commune
3014 3351 3416 3408 vobiseritcum
3434 3350 3688 3422 Egypto;
3722 3354 3913 3407 sumito

2333 3464 2502 3519 ergo,
2551 3447 2760 3517 inquit,
2812 3461 2965 3501 ovem
3012 3460 3119 3499 non
3176 3445 3525 3509 maculatam,
3573 3446 3864 3498 masculam
3892 3484 3911 3510 ι

2334 3540 2672 3603 anniculam,
2705 3547 2759 3593 et
2785 3536 3056 3591 immolate
3084 3536 3266 3601 illam;
3297 3544 3351 3589 et
3379 3534 3565 3589 illinite
3599 3536 3910 3603 sanguinem

2333 3631 2499 3700 ipsius
2546 3631 2596 3684 in
2640 3639 2821 3699 postes
2866 3636 3109 3693 vestros,
3154 3635 3212 3681 ut
3250 3626 3469 3680 veniens
3508 3624 3767 3692 angelus,
3811 3623 3911 3677 etsi

2334 3730 2552 3791 propter
2581 3720 2699 3775 illos
2725 3735 2828 3773 non
2857 3728 3037 3787 parcat
3058 3757 3071 3782 ,
3101 3726 3283 3786 parcat
3311 3724 3484 3769 tamen
3511 3714 3664 3769 vobis
3692 3722 3912 3783 propter

2332 3825 2515 3885 typum
2543 3813 2828 3882 sanguinis.
2864 3810 2989 3865 llaec
3031 3824 3134 3863 non
3173 3806 3343 3878 angeli
3372 3821 3529 3861 causa
3572 3805 3710 3860 facta
3750 3814 3908 3869 sunt,

2331 3905 2422 3959 sed
2452 3912 2665 3975 propter
2688 3903 2993 3972 sanguinem
3020 3901 3110 3970 qui
3135 3900 3361 3955 salvavit
3386 3912 3490 3952 me.
3535 3896 3723 3953 Nonne
3766 3896 3912 3950 enim

2334 4004 2540 4066 poterat
2564 3995 2780 4063 angelus
2806 3991 3084 4061 Egyptios
3112 4000 3164 4045 ct
3191 3989 3404 4045 Judmos
3428 4030 3443 4057 ,
3484 4004 3591 4061 quo
3629 3987 3911 4043 differrent

2332 4083 2686 4154 dignoscere?
2739 4082 2828 4151 qui
2877 4079 3224 4150 primogenita
3248 4080 3477 4157 .potuit,
3510 4068 3700 4132 nonne
3746 4079 3907 4133 etiam

2332 4175 2610 4246 Egyptios
2636 4181 2691 4227 et
2715 4172 2965 4226 Hebraeos
2992 4179 3198 4240 poterat
3216 4168 3563 4223 discernere?
3586 4167 3718 4221 Cum
3748 4168 3911 4238 igitur

2334 4278 2386 4321 te
2410 4266 2697 4319 subsannat
2720 4263 2901 4317 dicens
2925 4303 2940 4329 ,
2970 4262 3022 4315 in
3051 4260 3360 4330 sanguinem
3390 4259 3616 4328 speras?
3640 4257 3726 4313 dic
3753 4258 3826 4312 illi
3855 4266 3909 4313 et

2333 4365 2387 4410 tu
2420 4374 2433 4409 :
2465 4371 2567 4410 non
2598 4355 2868 4410 erubescis
2892 4392 2907 4419 ,
2940 4352 3259 4421 impudens?
3305 4356 3359 4404 tu
3400 4351 3451 4404 in
3497 4350 3755 4418 sanguine
3792 4350 3909 4404 ovis

2330 4452 2561 4505 salvatus
2587 4464 2646 4503 es
2671 4491 2686 4515 ,
2715 4456 2768 4503 et
2791 4462 2890 4517 ego
2918 4448 2967 4499 in
2996 4444 3253 4513 sanguine
3278 4444 3488 4497 Domini
3534 4458 3641 4496 non
3678 4442 3859 4497 salvor
3883 4442 3907 4495 ἲ

2328 4544 2541 4601 ,Ιυᾱωυε
2569 4543 2725 4613 igitur
2748 4539 3034 4597 comedens
3058 4536 3290 4608 Egypto
3328 4536 3602 4591 discedere
3652 4534 3903 4599 festinat;

2329 4635 2661 4692 Christianus
2687 4631 2974 4688 comedens
3003 4629 3199 4684 mundo
3226 4626 3498 4683 discedere
3540 4625 3773 4680 festinet.
3816 4624 3907 4679 Sic

2331 4728 2470 4784 enim
2501 4737 2553 4783 te
2583 4725 2777 4781 Paulus
2800 4723 3086 4792 alloquitur
3114 4738 3127 4777 :
3156 4720 3303 4776 State
3346 4718 3515 4774 induti
3546 4718 3707 4772 lorica
3745 4717 3905 4787 justi-

2334 4820 2418 4874 tiae
2444 4861 2457 4886 ,
2486 4816 2705 4873 calceati
2738 4814 2901 4885 pedes
2940 4813 2992 4866 in
3033 4810 3415 4881 praeparatione
3457 4808 3715 4878 evangelii
3760 4807 3907 4879 pacis

2334 4911 2567 4980 (Ep/ta.
2600 4908 2651 4964 6.
2684 4909 2771 4963 tt.
2803 4903 3037 4975 15)(α).

2400 5004 2510 5059 Illic
2554 5003 2949 5065 calceamenta,
3002 5005 3057 5051 et
3093 4995 3179 5051 hic
3225 5010 3435 5065 quoque
3481 4992 3841 5048 caleeamenta
3893 5008 3909 5046 :

2330 5096 2438 5151 illic
2468 5096 2650 5164 virga,
2701 5091 2789 5146 hic
2818 5090 3007 5144 thorax
3051 5106 3065 5143 :
3114 5088 3324 5158 Moyses
3370 5085 3523 5155 quasi
3571 5084 3905 5148 viatoribus,

2333 5188 2524 5242 Paulus
2568 5184 2718 5255 quasi
2764 5180 3020 5237 militibus
3063 5176 3403 5248 praecipiebat
3439 5192 3453 5228 :
3506 5175 3580 5228 illi
3609 5190 3641 5228 ει
3679 5182 3820 5228 terra
3854 5175 3905 5229 in

2333 5292 2552 5346 terram,
2583 5287 2635 5333 et
2664 5276 2786 5330 ideo
2812 5276 3082 5337 viatores;
3114 5285 3214 5341 ego
3246 5284 3273 5321 a
3302 5279 3442 5322 terra
3466 5268 3523 5322 in
3550 5265 3765 5331 caelum,
3788 5266 3907 5320 ideo

2334 5372 2488 5426 miles
2519 5389 2532 5425 :
2564 5385 2728 5439 quare
2750 5368 2774 5420 ?
2800 5365 3057 5432 Quoniam
3086 5362 3167 5417 via
3206 5376 3322 5416 mea
3353 5375 3448 5429 per
3475 5373 3652 5414 aerem
3692 5358 3903 5412 latroci-

2334 5467 2434 5520 niis
2459 5464 2733 5519 infestatur
2759 5504 2773 5527 ,
2801 5459 3068 5513 dmmones
3114 5454 3244 5509 mihi
3280 5461 3586 5508 occurrunt.
3615 5449 3744 5507 Ideo
3774 5448 3904 5502 fidu-

2396 5589 2467 5655 (a)
2495 5590 2584 5655 Hie
2606 5592 2762 5650 locus,
2791 5605 2817 5639 a
2841 5596 3144 5655 necessecst,
3165 5589 3237 5655 ad
3258 5587 3507 5655 ᾆυφιθειὶι
3526 5589 3695 5655 pacis.
3724 5602 3751 5637 a
3776 5588 3882 5635 lion

2332 5648 2416 5703 ιεῆ
2444 5648 2656 5702 omissus
2681 5648 2759 5699 est
2784 5658 2837 5699 et
2860 5665 2921 5699 ex
2954 5650 3131 5700 Codice
3155 5648 3459 5712 Coisliniaito
3482 5648 3568 5706 1‘7
3593 5663 3762 5702 desim
3778 5657 3890 5712 plus

2333 5730 2393 5765 ex
2420 5728 2536 5778 quo,
2566 5716 2643 5763 vel
2674 5713 2827 5775 taciti,
2856 5716 3011 5763 multa
3040 5712 3087 5761 itt
3116 5721 3256 5763 textu
3283 5711 3451 5762 Graeco
3475 5711 3804 5763 correximus.

3837 344 3932 397 7H

4124 460 4127 523 l
