4206 6302
241 385 351 441 ἨΞ

237 500 355 562 τοῖς
382 495 693 567 ἀνθρώποις
716 495 809 550 καί⁸
836 498 895 549 ἐν
923 495 1036 559 τοῖς
1063 493 1409 565 τετράποσιν.
1430 488 1561 547 Εἶτα
1586 493 1661 557 ὡς
1689 491 1827 563 μετά

238 590 339 653 τὰς
374 589 595 661 πληγάς
612 587 817 649 ταύτας
850 587 949 640 οὐκ
975 581 1118 651 είξεν
1142 587 1170 638 6
1191 584 1411 656 Φαραὼ,
1432 584 1617 638 λοιπὸν
1699 584 1831 647 Θεὸς

246 672 476 734 θάνατον
507 679 618 733 τῶν
650 677 1012 750 πρωτοτόκων
1032 676 1227 745 ἐπάγει
1245 691 1259 706 °
1294 671 1436 739 εἶτα,
1471 676 1560 729 ἵνα
1583 673 1831 744 ἐπιτέμω

240 770 332 824 τὸν
364 770 522 841 λόγον
557 769 684 843 (χρὴ
722 770 832 841 γάρ
866 770 1166 840 ἐπιτεμεῖν,
1202 769 1289 821 ῖνα
1321 766 1396 838 μὴ
1430 768 1559 837 περὶ
1585 765 1656 819 τά
1690 764 1832 819 αὐτὰ

240 859 548 931 εἱλούμενοι
584 860 658 931 μὴ
699 858 1079 934 πληρώσωμεν
1106 859 1203 930 τὴν
1238 858 1573 929 ὑπόσχεσιν),
1606 856 1829 928 ἐξῆλθον

240 950 305 1003 ἐκ
349 952 454 1020 γῆς
505 949 806 1019 Αἰγύπτου,
834 952 951 1007 καὶ
992 946 1156 1020 ἦλθον
1189 948 1339 1022 παρά
1381 948 1482 1020 τὴν
1527 947 1826 1003 θάλασσαν.

253 1040 744 1113 Ἐστρατοπέδευσε
778 1041 981 1113 Φαραὼ
1006 1041 1181 1095 ὀπίσω
1208 1042 1390 1096 αὐτῶν
1422 1041 1562 1113 μετὰ
1592 1039 1830 1112 πλήθους

237 1134 503 1204 ἁρμάτων
536 1136 631 1188 καὶ
659 1136 841 1188 ἵππων
861 1152 874 1165 ·
905 1134 983 1197 ὼς
1009 1134 1067 1187 δέ
1094 1128 1235 1188 εἶδεν
1274 1133 1493 1205 Ἰσραὴλ
1519 1133 1617 1205 τὴν
1650 1133 1831 1205 παρά-

233 1226 414 1293 ταξιν,
456 1227 719 1299 ἐφοϐήθη.
749 1224 956 1280 Ἦλθον
998 1226 1056 1280 δέ
1086 1227 1181 1279 ἐπὶ
1221 1225 1317 1279 τοῦ
1358 1226 1570 1297 χείλους
1601 1227 1702 1297 τῆς
1731 1226 1830 1281 θα-

232 1319 480 1393 λάσσης·
532 1319 626 1373 καί
670 1336 835 1391 φησιν
876 1321 905 1372 6
946 1318 1080 1383 Θεὸς
1128 1317 1207 1389 τῷ
1250 1318 1509 1380 Μωῦσεῖ,
1562 1316 1627 1371 Τί
1668 1316 1828 1387 βοᾷς

231 1414 388 1480 πρός
413 1427 526 1482 ps;
556 1410 653 1464 καὶ
685 1410 792 1483 μὴν
818 1410 973 1465 οὐδὲν
1003 1410 1158 1478 ἔλεγε
1186 1410 1450 1479 Μωῦσῆς.
1479 1408 1643 1463 Ἀλλά
1670 1427 1825 1482 φησι,

229 1504 369 1570 Θεός
401 1507 539 1577 εἰμι,
575 1506 638 1559 ού
662 1504 731 1559 τὰ
755 1506 821 1558 ἐκ
850 1503 1077 1575 χειλέων
1112 1505 1271 1574 μόνον
1303 1501 1540 1568 ἀκούων,
1568 1502 1705 1556 ἀλλά
1733 1502 1828 1556 καὶ

228 1597 299 1651 τά
342 1598 401 1652 ἐν
432 1600 497 1669 τῇ
542 1596 742 1671 καρδίᾳ
788 1596 1094 1668 γνωρίζων,
1142 1596 1229 1649 ἵνα
1270 1594 1483 1668 μάθῃς,
1518 1597 1601 1649 ὅτι
1630 1596 1731 1649 οὐκ
1768 1598 1828 1649 ἐν

226 1689 308 1761 τῷ
339 1689 564 1761 κράζειν
590 1691 625 1762 ή
658 1690 815 1762 εὐχή,
839 1688 954 1744 ἀλλ’
978 1690 1037 1744 ἐν
1064 1690 1131 1760 τῇ
1153 1687 1372 1761 γνώμῃ.
1402 1689 1464 1743 Τί
1489 1685 1650 1755 ,βοᾷς
1677 1687 1827 1757 πρός

221 1798 342 1853 ps;
375 1781 457 1835 T6
492 1781 594 1852 μὲν
620 1781 730 1853 γάρ
755 1782 908 1853 χείλη
939 1781 1104 1836 αὑτοῦ
1129 1783 1230 1837 οὐκ
1258 1780 1460 1846 ἐλάλει,
1485 1782 1518 1850 ή
1540 1781 1598 1835 δέ
1629 1780 1827 1853 καρδία

227 1869 393 1925 ἐϐόα·
430 1870 564 1943 εὐχὴ
603 1872 714 1944 γάρ
757 1873 867 1927 ἀπὸ
906 1870 1136 1945 γνώμης
1180 1872 1396 1943 ἀγαθῆς
1426 1872 1692 1944 ζητεῖται,
1724 1869 1827 1925 οὐκ

225 1961 340 2015 ἀπὸ
368 1963 615 2035 κραυγῆς
665 1964 910 2035 ἰσχυρᾶς.
945 1964 1007 2018 Τί
1039 1962 1199 2031 ,ϐοᾷς
1231 1965 1382 2031 πρός
1401 1979 1510 2033 pe;
1541 1962 1824 2017 Ἔκτεινον

224 2053 329 2125 τὴν
368 2054 563 2123 ῥάϐδον
593 2053 692 2126 τὴν
744 2056 804 2109 ἐν
833 2057 901 2127 τῇ
948 2055 1093 2128 χειρί
1133 2072 1227 2108 σου
1275 2055 1369 2108 ἐπὶ
1420 2054 1483 2108 τὸ
1515 2054 1696 2126 ὓδωρ,
1726 2056 1823 2109 καὶ

222 2142 403 2197 δίελθε
432 2146 497 2198 σὺ
530 2145 623 2199 καὶ
657 2146 767 2209 πᾶς
795 2144 1034 2217 Ἰσραήλ.
1071 2143 1333 2210 Ἑξέτεινε
1366 2141 1424 2196 δέ
1453 2142 1694 2212 Μωῦσῆς
1724 2141 1824 2211 τὴν

226 2239 429 2313 ῥάϐδον
454 2238 553 2310 τὴν
581 2239 639 2293 ἐν
676 2241 742 2309 τῇ
766 2239 918 2310 ,χειρὶ
953 2235 1144 2301 αὐτοῦ,
1177 2236 1273 2290 καὶ
1300 2234 1541 2302 ἐπάταξε
1562 2234 1622 2289 τὸ
1652 2234 1818 2306 ὕδωρ,

223 2333 325 2387 καὶ
351 2333 385 2403 ἠ
417 2330 652 2395 ἄτακτος
686 2329 833 2403 ῥύμη
866 2327 977 2383 τῶν
1019 2326 1229 2382 ὑδάτων
1260 2324 1563 2398 ἐχερσώθη,
1604 2326 1698 2378 καὶ
1722 2326 1823 2396 τῆς

229 2422 373 2485 ἰδίας
406 2419 624 2491 φύσεως
647 2420 964 2475 ἐπελάθετο.
997 2417 1252 2472 Τοιοῦτον
1289 2416 1400 2488 γάρ
1440 2418 1503 2470 τὸ
1534 2421 1820 2487 στοιχεῖον,

224 2515 360 2569 ὅταν
394 2513 562 2586 νεύσῃ
602 2514 631 2567 6
677 2513 844 2577 Θεὸς,
882 2511 980 2565 καὶ
1024 2510 1166 2565 αὑτά
1202 2510 1303 2581 τῆς
1352 2509 1565 2574 οίκείας
1608 2510 1825 2580 φύσεως

226 2603 669 2671 ἐπιλανθάνεται,
708 2604 805 2660 καὶ
836 2604 935 2675 τὴν
973 2603 1257 2674 ἐνέργειαν
1292 2603 1522 2674 χαλινοῖ.
1555 2605 1823 2677 Καθάπερ

224 2698 341 2770 γάρ
369 2696 691 2767 θεραπαινὶς
712 2694 1013 2767 εὐγνώμων
1042 2696 1076 2766 ή
1105 2695 1370 2763 θάλασσα,
1399 2696 1671 2759 Δεσπότου
1697 2697 1821 2751 δοῦ-

223 2789 320 2843 λον
358 2788 564 2853 ἰδοῦσα,
589 2788 839 2843 ἐπείθετο
862 2789 960 2843 καὶ
991 2788 1338 2860 ὑπήκουσεν·
1363 2787 1641 2859 ὑπήκουσε
1671 2790 1729 2843 δέ
1759 2791 1822 2845 ού

226 2881 388 2949 ξύλον
422 2881 482 2935 τὸ
510 2880 674 2955 ξηρὸν
694 2881 1015 2953 αἰδουμένη,
1053 2868 1192 2935 ἀλλὰ
1232 2880 1320 2934 διά
1351 2881 1443 2935 τὸν
1475 2881 1740 2951 μέλλοντα
1764 2883 1823 2935 ἐν

223 2971 306 3042 τῷ
347 2971 488 3042 ξύλῳ
521 2970 905 3042 σταυροῦσθαι.
928 2966 1082 3025 Εἶδεν
1106 2968 1200 3025 οὖν
1240 2972 1340 3043 τὴν
1371 2971 1576 3036 εἰκόνα,
1605 2971 1700 3025 καὶ
1730 2971 1823 3023 εύ-
1892 3006 1895 3010 -

226 3062 327 3126 θὺς
354 3061 603 3131 ἐνενόησε
627 3060 725 3132 τὴν
749 3060 1031 3131 ἀλήθειαν,
1061 3062 1154 3114 καὶ¹
1185 3060 1530 3131 ὑπεχώρησε.
1550 3059 1819 3131 Πάρελθε,

225 3153 407 3225 φησὶ,
448 3154 513 3208 σὺ
555 3153 651 3207 καὶ
683 3153 794 3216 πᾶς
832 3153 861 3206 6
910 3151 1041 3216 λαὸς
1093 3151 1333 3224 Ἰσραήλ.
1364 3148 1501 3205 Εἶτα
1541 3152 1823 3222 παρῆλθεν

223 3245 391 3309 αὐτὸς
439 3244 535 3298 καὶ
579 3244 689 3308 πᾶς
730 3244 987 3315 Ἰσραήλ·
1041 3244 1488 3315 ἐπηκολούθησαν
1538 3243 1594 3297 δὲ
1635 3246 1730 3298 καὶ
1770 3246 1820 3297 οἱ

225 3335 515 3405 Αἰγύπτιοι
548 3335 977 3398 καταδιώκοντες
1008 3335 1273 3403 ἐκείνους,
1303 3336 1332 3389 ὃ
1375 3353 1435 3389 τε
1476 3336 1679 3407 Φαραὼ
1726 3337 1823 3392 καὶ

223 3428 297 3481 τά
346 3426 570 3500 ἅρματα
625 3425 792 3480 αὑτοῦ
832 3429 928 3479 καὶ
978 3427 1027 3479 οί
1076 3428 1281 3491 ἱππεῖς.
1338 3423 1475 3480 Εἶτα
1526 3428 1636 3480 τῶν
1690 3429 1822 3483 υἱῶν

237 3518 461 3590 Ἰσραὴλ
492 3517 874 3590 παρελθόντων
921 3519 1129 3589 ἐπῆλθε
1167 3520 1227 3572 τὸ
1262 3518 1409 3591 ὓδωρ
1458 3520 1553 3574 καὶ
1580 3521 1820 3592 ἐκάλυψε

222 3614 355 3676 τοὺς
410 3610 763 3679 Αἰγυπτίους.
795 3611 934 3665 Εἰπέ
969 3629 1059 3681 μοι
1086 3606 1202 3679 οὖν,
1237 3605 1282 3665 ὦ
1334 3612 1574 3676 Ἰουδαίε,
1611 3614 1730 3678 πῶς
1760 3613 1822 3667 τὸ

225 3703 375 3773 ὕδωρ
418 3701 481 3754 τὸ
526 3700 622 3755 ἐπὶ
665 3700 763 3755 τοῦ
816 3700 1194 3771 βαπτίσματος
1223 3701 1318 3755 δύο
1360 3703 1643 3775 ἐνεργείας
1684 3705 1819 3776 ἔχει,

223 3797 325 3850 καὶ
346 3795 438 3850 τὸν
471 3795 570 3866 μὲν
594 3793 798 3863 πνίγει,
834 3794 926 3848 τὸν
954 3794 1011 3847 δέ
1038 3793 1326 3861 (monent;
1350 3796 1473 3850 είπέ
1508 3814 1618 3867 μοι,
1645 3798 1761 3863 πῶς
1786 3802 1819 3871 ή

224 3888 477 3942 θάλασσα
506 3887 712 3958 ἐκείνη,
752 3887 850 3960 μία
879 3883 1014 3943 οὖσα
1050 3891 1116 3959 τῇ
1144 3888 1327 3957 φύσει,
1363 3889 1492 3953 τοὺς
1524 3891 1623 3961 μέν
1659 3889 1823 3956 ἐζωο-

225 3979 446 4050 ποίησε,
481 3982 608 4044 τοὺς
643 3980 701 4034 δὲ
734 3980 1049 4055 ἀπέκτεινε,
1079 3982 1207 4045 τοὺς
1240 3984 1342 4053 μὲν
1379 3982 1665 4050 ἀπέπνιξε,
1708 3988 1821 4051 τοῖς

222 4071 285 4125 δέ
322 4072 442 4135 ὁδὸς
463 4071 701 4142 ἐγένετο,
733 4072 915 4127 καίτοι
949 4072 1048 4143 μία
1080 4068 1149 4134 ἦν
1177 4076 1211 4144 ἡ
1253 4074 1491 4147 ἄτακτος
1533 4075 1679 4148 ῥύμη
1712 4076 1823 4132 τῶν

226 4164 474 4233 ὑδάτων;
507 4165 605 4220 καὶ
635 4164 753 4229 πῶς
783 4166 914 4229 τοὺς
951 4164 1053 4236 μὲν
1085 4166 1289 4220 δούλων
1321 4167 1480 4239 δίκην
1509 4169 1732 4241 ᾐδέσθη,
1764 4174 1823 4226 ἐν

222 4253 460 4321 ἐκείνοις
481 4257 541 4312 δέ
582 4256 877 4330 βαρϐάρων
903 4257 1107 4329 τρόπον
1136 4259 1480 4330 ἐμιμήσατο;
1521 4261 1823 4333 Ἐρμήνευ-

228 4347 325 4403 σόν
374 4365 463 4420 μοι
505 4348 685 4414 τοῦτο,
737 4342 784 4403 ὧ
818 4349 1072 4415 Ἰουδαῖε,
1104 4350 1133 4402 6
1164 4349 1410 4405 ἀπιστῶν
1454 4351 1533 4423 τῷ
1578 4353 1819 4424 σταυρῷ,

228 4441 349 4506 πῶς
370 4441 432 4495 τὸ
462 4441 595 4495 αὐτὸ
624 4440 769 4513 ὕδωρ
795 4441 1041 4506 ἐκείνους
1069 4441 1280 4511 ἔπνιξε,
1311 4444 1407 4498 καὶ
1432 4444 1658 4510 τούτους
1687 4446 1823 4500 ἐσω-

230 4543 345 4581 σεν.
382 4529 479 4581 Ἐν
507 4525 576 4601 ῆν
610 4528 672 4582 τὸ
714 4528 882 4602 ὕδωρ,
916 4530 1013 4602 μία
1046 4532 1080 4602 ἡ
1113 4531 1360 4589 θάλασσα
1382 4573 1397 4599 ,
1443 4536 1540 4589 καὶ
1569 4535 1678 4589 τῶν
1723 4537 1824 4608 μέν

228 4618 356 4673 οὗτε
383 4620 523 4676 πόδα
563 4620 773 4695 ἔϐρεξε,
819 4622 930 4678 τῶν
978 4619 1035 4677 δέ
1068 4622 1192 4679 οὔτε
1228 4626 1373 4698 ίχνος
1415 4628 1629 4697 ἀφῆκεν
1650 4668 1667 4693 ,
1701 4629 1821 4683 ἀλλ’

229 4711 482 4777 ἃπαντας
498 4713 740 4771 λαϐοῦσα
762 4713 1001 4787 ἐκάλυψε
1022 4716 1103 4789 τῷ
1128 4716 1303 4783 ὕδατι,
1327 4719 1422 4773 καὶ
1442 4720 1621 4774 κοινὸν
1650 4719 1823 4789 τάφον

229 4802 535 4876 εἰργάσατο
555 4808 589 4877 ή
612 4804 857 4861 θάλασσα
889 4811 1055 4880 παντὶ
1081 4810 1160 4881 τῷ
1181 4811 1339 4883 δήμῳ
1355 4810 1465 4866 τῶν
1486 4812 1819 4881 Αἰγυπτίων.

231 4894 371 4948 Εἰπέ
403 4912 494 4967 μοι
518 4892 613 4951 οὖν
642 4896 803 4953 τοῦτο
833 4898 949 4964 πῶς
982 4901 1219 4971 ἐγένετο.
1266 4904 1430 4974 Ὁρᾷς
1472 4904 1590 4967 πῶς
1620 4905 1655 4976 ή
1694 4904 1824 4959 σκιά

228 4986 528 5059 προῆλθεν,
559 4989 646 5043 ῖνα
669 4992 935 5062 πιστευθῇ
960 4994 996 5064 ἡ
1026 4992 1291 5066 ἀλήθεια;
1315 4994 1433 5059 πῶς
1463 4996 1649 5051 ἐκεῖνα
1669 4996 1821 5071 [748]

232 5078 334 5150 μὲν
368 5079 518 5147 σκιά,
552 5079 722 5135 ταῦτα
749 5081 805 5135 δέ
860 5081 1121 5154 ἀλήθεια;
1156 5085 1340 5138 ἐκεῖνα
1375 5085 1521 5152 σκιὰ,
1560 5087 1733 5142 ταῦτα
1760 5088 1822 5141 δὲ

228 5171 566 5243 πράγματα;
608 5172 793 5245 Ὁρᾷς,
820 5171 897 5237 ὡς
924 5170 1099 5242 εἷπον,
1132 5176 1261 5232 ὅταν
1286 5178 1453 5251 μέλλῃ
1484 5183 1511 5234 6
1528 5181 1662 5246 Θεὸς
1692 5182 1824 5236 διοι-

230 5269 350 5319 κεῖν
376 5264 610 5335 πρᾶγμά
632 5284 688 5320 τι
718 5263 888 5331 ξένον,
918 5268 1279 5338 προδιατυποῖ
1301 5270 1517 5343 πρῶτον
1547 5273 1641 5325 καὶ
1667 5290 1822 5327 σκια-

227 5360 459 5430 γραφεῖ,
486 5359 573 5413 ἵνα
609 5359 783 5424 οὕτως
815 5360 1155 5431 προελθοῦσα
1182 5365 1214 5434 ή
1252 5364 1483 5436 ἀλήθεια
1524 5365 1821 5436 εὐπρόσδε-

231 5467 363 5514 κτος
402 5448 658 5522 γένηταις
703 5451 943 5523 ’Δνάγκη
995 5450 1104 5521 γάρ
1154 5453 1253 5525 τὴν
1287 5454 1472 5509 εἰκόνα
1506 5456 1823 5509 ὑποδεεστέ-

233 5558 339 5614 ραν
388 5537 531 5596 εἶναι
574 5541 675 5613 τῆς
718 5542 1006 5613 ἀληθείας·
1050 5547 1100 5599 εί
1150 5544 1207 5599 δὲ
1256 5545 1549 5620 αὐτοτελής
1580 5543 1672 5620 ἦν,
1720 5550 1821 5602 οὐκ

229 5632 314 5687 ετι
358 5634 516 5701 σκιὰ,
561 5635 698 5690 ἀλλά
730 5635 981 5707 ἀλήθεια.
1038 5638 1316 5709 Προέλαϐέ
1346 5657 1405 5693 τε
1446 5642 1480 5711 ἡ
1537 5642 1692 5705 σκιὰ,
1728 5645 1822 5695 καὶ

227 5720 394 5795 ἦλθεν
422 5730 456 5799 ή
487 5726 717 5798 ἀλήθεια
744 5727 853 5781 τῶν
894 5729 1202 5801 χρωμάτων
1235 5732 1329 5785 καὶ
1367 5731 1533 5799 ἔδειξε
1568 5733 1818 5805 καθαράν

231 5815 329 5883 τὴν
373 5819 576 5873 εἰκόνα.
620 5821 835 5875 Ἐκεῖνα
882 5820 1073 5889 τύποι,
1115 5822 1287 5878 ταῦτα
1333 5824 1668 5898 πράγματα·
1704 5820 1814 5883 οἷον

1533 374 1622 430 DE
1661 374 1893 430 BEATO
1931 372 2291 430 ABRAHAM.

3420 384 3525 440 7-H

1937 487 2033 542 καὶ
2078 489 2172 542 ἐπὶ
2198 490 2294 544 τοῦ
2341 489 2615 562 προϐάτου
2651 491 2895 561 γέγονεν.
2932 491 3173 563 Ἤμελλε
3215 493 3294 565 τῷ
3332 497 3525 569 αἵματι

1932 582 2029 637 τοῦ
2054 585 2291 657 Χριστοῦ
2317 584 2736 656 ἐλευθεροῦσθαι
2764 588 2798 658 ή
2828 586 3131 658 οἰκουμένη
3154 590 3248 643 καὶ
3277 597 3525 667 κατάρας

1935 681 2397 739 ἀπαλλάττεσθαι.
2441 683 2597 736 Ἐπεὶ
2638 678 2734 737 οῦν
2776 683 2937 755 τοῦτο
2972 684 3136 740 πάλιν
3174 687 3323 757 μέγα
3368 687 3440 764 ἦν
3464 695 3525 749 τὸ

1933 779 2120 852 θαῦμα
2170 783 2263 836 καὶ
2305 782 2536 837 ἄπιστον
2578 782 2731 855 παρά
2784 785 2852 856 τῇ
2905 782 3184 855 ἀγνώμονι
3223 786 3367 861 ψυχῇ
3413 793 3524 847 τῶν

1947 878 2237 940 Ἰουδαίων,
2258 880 2561 951 προδιοικεῖ
2590 881 2619 933 ὀ
2646 879 2779 944 Θεὸς
2803 879 2899 933 καὶ
2926 881 3402 951 προδιατυποῖδιά
3428 890 3522 944 τοῦ

1932 974 2242 1045 προϐάτου·
2278 975 2388 1030 τῶν
2418 977 2528 1047 γάρ
2569 977 2886 1046 Αἰγυπτίων
2917 978 2987 1033 τά
3025 981 3351 1053 πρωτότοκα
3386 986 3524 1056 μέλ-

1930 1070 2039 1124 λων
2073 1070 2383 1135 ἀπολλύειν,
2421 1073 2512 1127 ῖνα
2561 1073 2635 1145 μὴ
2682 1074 3115 1146 ωναναιρεθῶσι
3165 1078 3261 1132 καὶ
3302 1079 3372 1134 τά
3411 1080 3523 1138 τῶν

1931 1164 2064 1220 υίῶν
2095 1167 2312 1239 Ἰσραήλ
2334 1184 2351 1200 ·
2374 1168 2430 1221 τί
2461 1163 2552 1222 οὖν
2577 1186 2592 1201 ·
2625 1169 2713 1224 ἵνα
2749 1169 2998 1239 γένηται,
3024 1173 3189 1243 φησὶν
3210 1176 3238 1227 6
3256 1175 3523 1248 Μωῦσῆς,
3566 1218 3568 1221 -

1934 1264 2144 1335 μήποτε
2190 1266 2220 1318 6
2258 1263 2559 1336 ὀλοθρεύων
2604 1264 2837 1334 ἄγγελος
2870 1266 3270 1343 συνολοθρεύσῃ
3314 1272 3383 1325 τὰ
3412 1272 3523 1328 τῶν

1866 1396 1873 1402 -
1931 1359 2064 1414 υίῶν
2104 1360 2322 1431 Ἰσραὴλ
2354 1361 2711 1432 πρωτότοκα·
2753 1362 2808 1415 τί
2843 1358 2969 1429 οὖν;
3001 1362 3149 1433 λέγει
3181 1368 3320 1439 πρὸς
3354 1370 3522 1424 αὐτὸν

1930 1458 1958 1510 6
1982 1458 2145 1523 Θεός·
2177 1458 2549 1530 παράγγειλον
2577 1461 2691 1522 τοῖς
2716 1462 2852 1524 υἱοῖς
2889 1461 3126 1534 Ἰσραὴλ,
3157 1464 3251 1517 καὶ
3281 1465 3522 1522 λαϐέτω-

1931 1573 2031 1611 σαν
2061 1555 2333 1629 πρόϐατον
2354 1557 2606 1635 ἄμωμον,
2625 1559 2812 1629 ἄρσεν,
2842 1558 3135 1626 ἐνιαύσιον,
3154 1563 3296 1617 κατά
3319 1582 3522 1635 συγγε-

1928 1651 2079 1718 νείας
2113 1652 2290 1707 αὐτῶν
2309 1669 2321 1683 ·
2348 1653 2455 1708 κᾶν
2483 1652 2557 1725 μὴ
2583 1654 2880 1726 εὐπορῶσι,
2905 1654 3060 1726 φησὶ,
3084 1657 3280 1726 γείτων
3304 1662 3522 1728 γείτονα

1931 1750 2280 1818 συγκαλέσει,
2325 1751 2421 1805 καὶ
2464 1752 2758 1820 συγγένεια
2804 1752 3124 1821 συγγένειαν
3169 1759 3519 1827 συγκαλέσει,

1928 1849 2023 1902 καὶ
2055 1846 2199 1901 οὕτω
2228 1848 2480 1914 λαϐόντες
2528 1849 2590 1902 τὸ
2629 1849 2920 1921 πρόϐατον,
2953 1853 3229 1922 πρόϐατον
3264 1856 3521 1929 ἄμωμον,

1928 1942 2118 2013 ἄρσεν,
2144 1945 2435 2009 ἐνιαύσιον,
2464 1944 2686 2011 θύσατε,
2718 1947 2875 2017 φησὶ,
2907 1948 3048 2002 κατὰ
3072 1954 3395 2020 συγγενείας
3424 1956 3519 2008 καὶ

1928 2041 2048 2095 κατ’
2075 2041 2259 2104 οἴκους
2286 2042 2548 2113 πατριῶν.
2573 2043 2686 2095 Kal
2703 2042 2770 2095 τὰ
2796 2043 2896 2113 μὲν
2922 2043 3062 2114 κρέα
3082 2048 3247 2101 αὑτοῦ
3277 2051 3521 2118 φάγεσθε

1927 2136 2071 2190 ὀπτὰ
2097 2136 2228 2208 πυρί
2245 2154 2257 2167 ·
2290 2137 2456 2209 μηδὲν
2480 2138 2539 2202 ἐξ
2565 2137 2744 2193 αὐτῶν
2774 2141 3160 2211 καταλείψεται
3178 2161 3191 2173 ·
3214 2144 3276 2198 τὸ
3304 2145 3360 2199 δέ
3382 2142 3523 2219 αἷμα

1926 2233 2091 2287 αὐτοῦ
2111 2235 2338 2305 χρίσατε
2367 2237 2449 2300 εἰς
2474 2236 2573 2299 τάς
2611 2238 2773 2307 φλιάς
2802 2238 2977 2310 ὑμῶν.
3016 2242 3262 2311 Φάγεσθε
3298 2245 3353 2299 δὲ
3388 2248 3523 2301 αὐτὸ

1929 2332 2084 2402 φησὶ,
2136 2332 2571 2402 περιεζωσμένοι
2618 2335 2717 2405 τὴν
2751 2335 2948 2404 ὀσφύν·
2992 2338 3063 2391 τὰ
3098 2339 3425 2412 ὑποδήματα
3464 2346 3522 2397 ἐν

1925 2431 2038 2491 τοῖς
2079 2428 2237 2481 ποσὶν
2288 2428 2476 2499 ὑμῶν·
2507 2432 2601 2483 καὶ
2652 2430 2810 2484 τοῦτο
2845 2433 2923 2497 ὡς
2973 2434 3256 2507 ὁδοιπόρου
3296 2440 3518 2510 σχῆμα·

1924 2525 1974 2577 οἱ
2006 2523 2191 2594 λύχνοι
2232 2524 2388 2596 ὑμῶν
2427 2525 2746 2596 καιόμενοι·
2781 2528 2869 2583 διὰ
2907 2530 2992 2598 τί;
3046 2530 3286 2603 Ἐσπέρα
3322 2531 3522 2607 γὰρῆν

1925 2620 2440 2689 καταλαμϐάνουσα.
2476 2622 2588 2675 Καὶ
2621 2622 2709 2677 διά
2747 2624 2801 2677 τί
2850 2624 3024 2691 οὕτως
3058 2627 3241 2682 έδεσθε
3280 2631 3357 2695 ὡς
3387 2632 3523 2686 ὁδοι-

1925 2718 2119 2789 πόροι;
2153 2716 2254 2771 Διά
2280 2718 2367 2784 τί;
2404 2717 2517 2786 ἐγὼ
2540 2718 2706 2788 λέγω.
2726 2722 2838 2775 Καὶ
2867 2722 2953 2776 διά
2978 2712 3281 2793 τὸνλτύπον,
3312 2731 3405 2784 καὶ
3430 2731 3522 2784 διά

1923 2815 2025 2885 τὴν
2073 2814 2362 2884 ἀλήθειαν·
2421 2814 2609 2886 ἐπειδὴ
2666 2816 2927 2882 πολλάκις
2977 2822 3190 2893 ἐπλήγη
3226 2828 3254 2878 6
3297 2828 3520 2899 Φαραὼ,

1926 2910 2020 2963 καὶ
2042 2910 2141 2963 οὐκ
2161 2909 2432 2964 ἀπέλυσεν
2454 2912 2653 2975 αύτούς
2672 2929 2687 2945 ·
2712 2916 2805 2967 καὶ
2830 2914 3014 2984 ἔλεγεν
3040 2920 3225 2983 αὐτοῖς
3246 2923 3488 2995 Μωῡσῆς
3503 2941 3517 2955 ·

1924 3006 2224 3075 πλήττεται
2254 3010 2495 3079 σήμερον
2527 3009 2623 3063 καὶ
2654 3010 2880 3065 ἀπολύει
2903 3029 2915 3039 ·
2954 3016 3255 3085 ἐπλήσσετο
3290 3021 3385 3073 καὶ
3420 3021 3521 3076 οὐκ

1926 3100 2163 3156 ἀπέλυεν
2184 3120 2195 3131 ·
2225 3102 2445 3157 ἔννατον
2476 3104 2686 3177 ἐπλήγη
2718 3108 2810 3160 καὶ
2840 3108 2941 3161 ούκ
2973 3110 3244 3167 ἀπέλυσεν
3285 3115 3482 3180 αὐτούς
3502 3134 3517 3149 ·

1924 3201 1990 3269 τῇ
2025 3199 2227 3271 δεκάτῃ
2257 3200 2314 3253 δι
2354 3200 2589 3272 ῆμελλεν
2638 3204 2838 3269 αὐτοὺς
2876 3192 3167 3263 ἀπολύειν·
3201 3212 3519 3286 ὁδοιπόριον,

1924 3295 2107 3382 λέγει,
2139 3297 2335 3382 λάϐετε
2389 3299 2614 3371 σχῆμα·
2652 3301 2792 3372 μετά
2824 3303 2935 3373 γὰρ
2986 3306 3047 3358 τὸ
3095 3315 3288 3376 φαγεῖν
3338 3313 3519 3382 ὑμᾶς,

1924 3381 2077 3434 οὐδὲν
2123 3381 2298 3435 κοινὸν
2329 3382 2458 3454 ὑμῖν
2503 3384 2641 3455 πρὸς
2687 3385 2787 3457 τὴν
2834 3389 3137 3457 Αἴγυπτον·
3181 3381 3523 3463 λάϐετεούν,

1926 3480 2083 3549 φησὶ,
2126 3478 2397 3547 πρόϐατον
2433 3480 2690 3550 ἄμωμον,
2738 3482 2926 3553 ἄρσεν,
2969 3486 3263 3556 ἐνιαύσιον,
3300 3494 3393 3545 καὶ
3427 3495 3523 3547 θύ-

1926 3590 2053 3627 σατε
2111 3574 2272 3627 αὐτό·
2330 3575 2426 3629 καὶ
2475 3576 2702 3645 χρίσατε
2754 3579 2815 3632 τὸ
2856 3573 2994 3651 αἷμα
3045 3584 3210 3636 αὑτοῦ
3267 3588 3360 3639 ἐπὶ
3421 3589 3524 3654 τὰς

1925 3669 2087 3739 φλιάς
2123 3669 2299 3741 ὑμῶν,
2347 3670 2435 3723 ἴνα
2468 3671 2640 3726 ἐλθὼν
2667 3674 2696 3726 6
2736 3673 2987 3743 ἄγγελος,
3028 3679 3133 3732 κᾶν
3159 3680 3224 3734 δι’
3276 3684 3521 3749 ἐκείνους

1926 3766 2003 3836 μὴ
2030 3766 2308 3837 φείσηται,
2340 3765 2431 3820 διά
2476 3768 2567 3821 τὸν
2602 3768 2774 3825 τύπον
2814 3772 2911 3824 τοῦ
2964 3774 3200 3844 αἵματος
3242 3779 3520 3851 φείσηται.

1924 3862 2110 3916 Ταῦτα
2141 3864 2200 3916 ού
2240 3862 2327 3917 διά
2351 3864 2443 3918 τὸν
2465 3864 2699 3934 ἄγγελον
2720 3867 2957 3935 ἐγένετο,
2993 3870 3128 3925 ἀλλά
3164 3874 3255 3926 διὰ
3288 3877 3348 3929 τὸ
3380 3873 3522 3948 αἷμα

1923 3959 1985 4013 τὸ
2005 3958 2106 4030 ἐμὲ
2137 3959 2317 4016 σῶσαν
2341 3977 2356 3991 ·
2383 3960 2447 4013 οὐ
2486 3962 2595 4033 γάρ
2630 3962 2862 4033 ἠδύνατο
2890 3965 2919 4016 6
2952 3965 3184 4036 ἄγγελος
3206 3969 3268 4023 τὸ
3311 3973 3523 4043 παράλ-

1923 4056 2085 4128 ληλον
2116 4056 2225 4111 τῶν
2247 4058 2564 4127 Αἰγυπτίων
2605 4062 2701 4114 καὶ
2738 4062 3008 4117 Ἰουδαίων
3035 4064 3363 4134 διαγνῶναι;
3396 4072 3425 4125 6
3450 4072 3520 4125 τά

1926 4153 2247 4225 πρωτότοκα
2290 4153 2483 4219 εἰδὼς,
2524 4156 2859 4225 Αἰγυπτίους
2915 4161 3010 4213 καὶ
3052 4162 3335 4235 Ἐϐραίους
3396 4167 3519 4221 δια-

1924 4247 2127 4316 γνῶναι
2159 4250 2260 4303 ούκ
2306 4249 2560 4320 ἴσχυσεν;
2587 4252 2756 4308 Ὅταν
2788 4249 2879 4309 οῦν
2926 4257 3160 4329 ὀνειδίσῃ
3216 4276 3274 4313 σε
3318 4260 3516 4330 λέγων,

1925 4345 2008 4408 εἰς
2035 4338 2177 4416 αἷμα
2210 4346 2482 4417 ἐλπίζεις;
2514 4349 2636 4403 είπέ
2670 4351 2842 4422 αύτῷ,
2879 4354 2975 4407 καὶ
3013 4354 3078 4406 σύ
3101 4373 3115 4386 ·
3137 4356 3237 4410 ούκ
3264 4359 3517 4432 αἰσχύνῃ,

1924 4441 2279 4512 ἀναίσχυντε;
2306 4442 2371 4495 σὺ
2405 4445 2486 4507 είς
2514 4440 2653 4514 αἷμα
2683 4447 2958 4516 προϐάτου
2989 4449 3223 4521 ἐσώθης,
3257 4451 3413 4523 κάγὼ
3438 4458 3523 4520 είς

1924 4532 2067 4609 αἷμα
2100 4538 2372 4592 Δεσπότου
2421 4539 2484 4593 οὐ
2532 4537 2817 4611 σώζομαι;
2876 4544 3125 4610 Ἰουδαῖος
3164 4544 3259 4603 οῦν
3298 4550 3517 4619 ἐσθίων,

1924 4633 2205 4701 ἐπείγεται
2228 4634 2904 4707 ἀπαλλαγῆναιΑίγύπτου
2924 4656 2937 4669 ·
2957 4638 3284 4713 Χριστιανὸς
3299 4647 3515 4713 ἐσθίων,

1925 4732 2231 4802 ἐπειγέσθω
2259 4734 2640 4807 ἀπαλλαγῆναι
2679 4739 2773 4792 τοῦ
2815 4741 3046 4812 κόσμου.
3079 4745 3191 4797 Καὶ
3222 4746 3332 4818 γάρ
3372 4766 3454 4801 σοι
3489 4752 3519 4803 6

1924 4832 2136 4897 Παῦλος
2178 4832 2321 4887 οὕτω
2354 4836 2710 4905 χρηματίζει·
2759 4840 3132 4897 Ἐνδύσασθε
3165 4845 3399 4914 θώρακα
3432 4848 3518 4901 δι-

1926 4931 2261 4999 καιοσύνης
2280 4946 2293 4960 ·
2315 4931 2713 5000 ὐποδήσασθε
2736 4935 2879 5003 τοὺς
2900 4938 3090 5005 πόδας
3118 4940 3189 4993 ἐν
3208 4941 3519 5012 ἑτοιμασίᾳ

1924 5033 2031 5088 τοῦ
2068 5020 2422 5103 εὐαγγελίου
2451 5035 2562 5103 τῆς
2583 5036 2847 5106 εἰρήνης.

2009 5144 2157 5199 Ἐκεῖ
2206 5145 2547 5218 ὑποδήματα,
2585 5147 2679 5201 καὶ
2714 5146 2948 5202 ἐνταῦθα
2991 5150 3353 5223 ὑποδήματα·
3402 5157 3521 5209 ἐκεῖ

1926 5241 2232 5314 βακτηρία,
2300 5242 2535 5296 ἐνταῦθα
2598 5242 2810 5314 θώραξ·
2870 5246 2899 5299 6
2948 5247 3190 5319 Μωῦσῆς
3253 5250 3329 5313 ὡς
3386 5251 3518 5304 ὁδοι-

1924 5341 2145 5412 πόροις,
2198 5341 2227 5392 6
2281 5339 2490 5403 Παῦλος
2561 5339 2637 5403 ὼς
2688 5342 3082 5414 στρατιώταις·
3149 5349 3347 5402 ἐκεῖνοι
3410 5350 3519 5402 ἀπὸ

1923 5435 2027 5507 γῆς
2081 5438 2162 5499 εἰς
2199 5436 2326 5507 γῆν,
2373 5436 2461 5491 διὰ
2507 5437 2666 5491 τοῦτο
2714 5439 3016 5512 ὁδοιπόροι·
3079 5443 3193 5511 ἐγὼ
3247 5446 3355 5498 ἀπὸ
3417 5445 3516 5516 γῆς

1924 5532 2003 5597 είς
2052 5532 2300 5603 οὐρανὸν,
2350 5534 2438 5588 διά
2492 5535 2650 5590 τοῦτο
2696 5537 3067 5611 στρατιώτης·
3129 5541 3218 5594 διά
3257 5544 3343 5609 τί;
3392 5542 3516 5595 Ὅτι

1922 5629 1955 5697 ἡ
2010 5627 2126 5691 ὁδός
2176 5646 2277 5697 μου
2341 5629 2660 5702 λῃστεύεται
2706 5635 2850 5689 κατά
2900 5635 2992 5690 τὸν
3037 5637 3195 5709 ἀέρα,
3263 5638 3517 5709 δαίμονές

1927 5743 2017 5797 μοι
2071 5726 2374 5783 ἀπαντῶσι.
2419 5729 2520 5782 Διά
2561 5730 2719 5784 τοῦτο
2769 5732 2878 5804 ἔχω
2926 5734 3026 5806 τὴν
3061 5737 3376 5807 παρρησίαν
3424 5754 3510 5804 γε·

1928 5824 2309 5897 γυμνωμένην,
2372 5826 2460 5880 διὰ.
2525 5826 2682 5883 τοῦτο
2738 5830 2824 5884 τὸν
2882 5828 3107 5903 θώρακα
3157 5833 3256 5904 τῆς
3312 5833 3519 5890 δικαιολ.
