4182 6322
291 334 397 394 743

273 454 416 510 ciam
443 450 766 508 denudatam
792 451 986 519 habeo,
1014 452 1130 510 ideo
1163 452 1439 512 thoracem
1467 453 1688 526 iustitiae
1709 501 1726 527 ,
1756 457 1880 518 ideo

1365 343 1452 401 DE
1491 343 1762 403 SANCTA
1801 346 2073 406 THECLA
2117 347 2476 408 MARTYRE.

3480 347 3586 413 746

1990 460 2233 526 sensilia.
2263 472 2314 519 et
2342 461 2612 534 quomodo
2643 461 2938 532 spirituaiia
2969 475 3030 518 se
3060 459 3314 516 habeant.
3360 461 3588 518 Studea-

275 545 550 616 cingulum
581 546 858 601 veritatis:
885 561 991 601 non
1011 560 1131 601 sum
1161 546 1306 602 cnim
1326 550 1500 604 viator
1524 557 1750 614 tantum,
1780 551 1876 607 sed
1985 568 2108 610 mus
2137 553 2297 626 igitur
2333 564 2387 610 et
2440 570 2539 609 nos
2558 597 2572 619 ,
2600 554 2817 617 dilecti,
2847 552 3120 608 Abraham
3149 553 3368 620 imitari,
3402 563 3459 608 ut
3488 553 3590 611 ho-

276 638 441 690 ctiam
473 637 648 690 miles.
677 637 908 707 Angusta
928 645 978 692 et
999 648 1140 692 arcta
1167 638 1249 692 uia
1272 648 1366 704 est,
1397 655 1513 710 qua:
1536 640 1673 695 ducit
1699 643 1768 695 ad
1793 643 1871 696 ui-

1980 645 2142 714 spitio
2184 646 2518 715 excipiatnur
2551 647 2602 699 in
2636 644 2752 715 ejus
2777 645 2929 708 sinu,
2964 644 3135 714 gratia
3164 653 3218 698 et
3257 634 3588 714 benignitate

277 729 428 797 ισηι(
459 727 649 782 Matth.
675 730 728 784 7.
753 729 820 784 14
841 728 883 800 ).
907 729 1040 786 Vide
1068 731 1232 801 igitur
1263 733 1534 804 quomodo
1559 733 1754 789 Paulus
1780 748 1870 790 res
1981 735 2190 791 Domini
2231 737 2399 792 nostri
2419 735 2546 792 Jesu
2574 735 2809 801 Christi,
2838 735 2925 790 cui
2967 735 3138 806 gloria
3169 742 3224 790 et
3261 735 3576 805 imperium,

275 819 420 890 ipsas
443 860 459 884 ,
503 817 712 878 llovses
753 834 882 876 vero
926 821 1126 892 ﬁguras
1176 821 1511 879 administret
1543 841 1557 879 :
1588 823 1860 895 quomodo
1901 871 1910 877 ,
1974 839 2117 881 nunc
2142 837 2197 882 ct
2224 842 2457 897 semper,
2478 835 2532 882 et
2560 827 2614 881 in
2643 825 2838 881 secula
2864 825 3206 881 saeculorum.
3237 826 3433 880 Amen.

313 1000 3520 1044 ww

1727 1365 2077 1427 MONITUM
2086 1411 2100 1425 .

272 1590 333 1648 in
359 1588 719 1660 Sophoniam,
743 1589 1003 1647 mulieres
1028 1590 1199 1648 fuisse
1230 1591 1365 1648 dicit
1394 1589 1785 1664 Apostolorum
1820 1593 2151 1664 Apostolas:
2191 1607 2302 1649 non
2336 1591 2482 1664 quod
2517 1591 2752 1648 docendi
2787 1606 2994 1669 munus
3020 1591 3074 1646 in
3097 1588 3342 1646 Ecclesia
3382 1605 3549 1645 usur-

269 1713 416 1784 parit
444 1711 667 1777 Thecla,
700 1721 760 1768 ut
792 1712 1037 1769 heretici
1079 1728 1148 1769 ex
1189 1713 1340 1773 Actis
1377 1713 1499 1786 ejus
1528 1714 1857 1786 apocryphis
1888 1714 2267 1778 assumebant,
2315 1721 2455 1770 teste
2494 1709 2834 1768 Tertulliano
2875 1711 2943 1768 de
2981 1709 3261 1782 Baptismo
3289 1725 3340 1766 c.
3381 1707 3473 1774 17.
3499 1715 3559 1764 et

273 1823 608 1900 Hieronymo
638 1827 707 1884 de
753 1827 1124 1900 Scriptorihus
1167 1830 1569 1888 Ecelesiasticis
1607 1831 1663 1886 in
1705 1830 1891 1897 Luca;
1947 1832 2042 1886 sed
2071 1831 2242 1902 quod,
2279 1839 2341 1887 ut
2370 1829 2489 1885 Αᾶο
2524 1827 2738 1893 scribit,
2775 1824 3028 1898 exemplo
3051 1835 3106 1881 et
3137 1824 3560 1882 conversatione

271 1940 398 1998 vita:
435 1952 599 2015 atque
635 1946 798 2002 etiam
833 1947 1078 2004 doctrina
1107 1948 1375 2019 plurimos
1408 1950 1692 2006 erudierit.
1717 1947 1776 2005 in
1809 1949 2002 2005 Horol.
2035 1949 2354 2006 Graecorum
2386 1947 2510 2022 lego
2543 1947 2616 2002 24
2645 1945 2901 2018 Septemb
2940 1963 2957 2000 :
2988 1943 3106 2015 Τῆς
3143 1942 3560 2014 aviaeum

275 2029 554 2132 eampo;
573 2062 670 2117 καὶ
708 2062 1070 2118 temerato»
1095 2062 1340 2135 Θέκλης·
1365 2074 1422 2119 at
1441 2064 1496 2120 iu
1524 2063 1847 2120 Calendario

1954 2081 2061 2120 rum
2094 2063 2288 2120 Latine
2315 2061 2546 2127 reddito,
2575 2060 2768 2117 Thecla
2799 2068 3007 2132 martyr
3041 2059 3325 2114 mulierum
3356 2037 3556 2126 prima.

275 2175 371 2232 Sic
394 2177 558 2232 etiam
593 2177 727 2234 ibid.
760 2177 963 2234 321M.
998 2177 1059 2234 S.
1095 2177 1266 2237 Maria
1310 2178 1619 2250 Magdalen.
1663 2181 1847 2235 ισαπόε

1954 2196 2040 2244 ος,
2069 2178 2300 2250 aequalis
2352 2176 2651 2249 Apostoiis,
2684 2175 2890 2231 dicitur
2922 2195 2935 2230 :
2973 2173 3173 2245 Evagr.
3209 2172 3246 2228 ι.
3273 2187 3358 2239 tu,
3387 2188 3437 2228 c.
3477 2173 3512 2228 8
3545 2191 3562 2228 :

271 2286 462 2358 Ζήνων
483 2285 928 2359 παροτρύνουσαν
957 2286 1294 2358 θεασάμενος
1319 2287 1419 2359 τὴν
1451 2287 1615 2357 ἁγίαν
1638 2288 1734 2342 καὶ
1768 2287 1847 2340 πο]

1954 2287 2070 2341 Βλον
2103 2285 2552 2360 πρωτομάρτυρα,
2584 2285 2827 2341 Θέκλανο
2857 2283 3002 2341 Zeno
3033 2299 3127 2354 per
3147 2283 3398 2339 visionem
3439 2298 3567 2336 con-

272 2402 512 2470 spicatus
545 2411 811 2469 sanctam,
835 2411 1109 2458 strenuam
1142 2413 1193 2458 et
1221 2404 1476 2458 eximiam
1503 2413 1796 2476 martyrem
1827 2402 2098 2458 Theclam.
2135 2421 2156 2453 s

343 2521 730 2595 interpretatio
753 2526 946 2582 Latina
977 2536 1061 2582 est
1093 2526 1342 2597 ejusdem
1366 2525 1662 2582 Frontonis
1684 2523 1890 2581 Ducsei.

1019 2974 1616 3063 LAUDATIO
1671 2977 1759 3062 S.
1813 2973 2814 3067 PROTOMARTYRIS

1459 3156 1540 3200 ει·
1581 3153 1922 3240 Λιιοςτοιξ
1959 3154 2230 3198 Tuscus
2277 3140 2377 3216 (α).

1730 3275 2104 3333 eam

334 3421 472 3477 Laus
541 3419 842 3493 uirginitatis
906 3427 956 3473 et
1001 3415 1206 3472 Thecla
1263 3414 1470 3486 nuptias
1535 3412 1852 3484 negligentis.

258 3544 334 3559 —
379 3514 670 3570 Przreiaras
729 3512 883 3568 nobis
939 3519 1246 3566 sanctorum
1309 3506 1570 3580 imagines
1625 3505 1856 3576 Spiritus

261 3608 437 3664 sancti
464 3606 633 3678 gratia
663 3603 949 3660 memorias
972 3615 1179 3658 annuas
1206 3601 1444 3672 ipsorum
1469 3598 1662 3662 erexit,
1691 3607 1745 3654 et
1763 3611 1856 3652 ac-

263 3697 436 3754 tiones
476 3711 762 3768 progressu
805 3695 1060 3765 temporis
1094 3693 1145 3748 in
1193 3691 1519 3746 oblivionem
1575 3692 1854 3745 venientes

261 3796 524 3858 perpetuo
568 3795 813 3843 recentes
864 3794 1167 3842 conservat.
1224 3783 1436 3839 Etenim
1485 3782 1853 3852 unusquisque

260 3889 382 3933 cum
410 3885 677 3948 tamquam
705 3876 758 3931 in
786 3875 1071 3946 imaginem
1111 3875 1164 3929 in
1205 3873 1519 3930 memoriam
1561 3870 1850 3938 inciderit,

259 3967 531 4024 actionum
560 3967 1005 4038 pulchritudinem
1026 3965 1445 4036 contemplatur,
1477 3973 1533 4021 et
1558 3963 1852 4020 insidentes

259 4059 534 4114 memoriae
585 4057 803 4130 imagini
844 4065 1049 4129 spectat
1091 4058 1361 4122 actiones._
1400 4057 1479 4112 Ac
1507 4055 1637 4111 mihi
1665 4055 1853 4110 videor

259 4149 525 4207 hodierno
549 4149 638 4205 die
665 4150 879 4205 beatam
909 4149 1054 4204 illam
1093 4149 1323 4219 puellam
1350 4158 1620 4219 tamquam
1642 4149 1694 4202 in
1718 4148 1852 4201 ima-

255 4241 381 4314 gine
431 4250 662 4299 stantem
701 4241 975 4296 memoria:
997 4241 1377 4313 contemplari,
1408 4251 1462 4297 ct
1494 4241 1594 4298 hac
1631 4240 1848 4312 quidem

257 4349 420 4391 manu
457 4332 528 4390 de
554 4333 934 4406 voluptatibus,
965 4333 1054 4388 illa
1081 4349 1209 4390 vero
1231 4333 1300 4390 de
1325 4333 1575 4404 periculis
1605 4339 1848 4402 reporta-

256 4433 366 4481 tam
391 4438 642 4480 coronam
671 4423 1105 4494 protendentem;
1135 4431 1296 4495 atque
1325 4423 1424 4479 hac
1444 4423 1658 4493 quidem
1681 4423 1846 4492 virgi-

255 4515 501 4580 nitatem,
541 4513 631 4568 iila
661 4529 794 4570 vero
833 4514 1148 4586 martyrium
1196 4515 1422 4576 Domino
1471 4514 1845 4568 universorum

253 4605 593 4662 on‘erentem.
619 4605 750 4660 Erat
779 4606 943 4676 igitur
972 4606 1026 4660 in
1057 4605 1170 4676 ipsa
1200 4605 1362 4660 etiam
1392 4605 1690 4676 virginitas,
1719 4620 1843 4675 qua:

257 4697 386 4766 illis,
408 4698 500 4770 qui
547 4713 662 4754 rem
691 4703 940 4754 accurate
982 4698 1323 4769 perpendunt
1346 4739 1362 4764 ,
1390 4712 1639 4767 magnum
1668 4695 1844 4766 quod-

252 4789 378 4846 dam
417 4790 731 4864 martyrium
770 4797 898 4846 ante
923 4791 1240 4861 martyrium
1273 4789 1503 4844 videtur.
1534 4789 1670 4843 Sunt
1697 4788 1841 4844 enim

251 4885 501 4942 crudeles
525 4884 739 4955 quidam
768 4882 1052 4940 carnifices
1071 4883 1314 4953 corporis
1352 4881 1655 4951 voluptates
1683 4898 1699 4941 :
1731 4881 1842 4936 imo

252 4993 383 5034 vero
407 4979 746 5034 carniﬁcibus
773 4977 1103 5033 crudeliores
1143 4993 1160 5032 :
1192 4991 1314 5032 nam
1339 4975 1565 5031 vinculis
1591 4985 1842 5047 torquent

251 5084 360 5125 non
387 5069 705 5126 manuiactis
732 5085 746 5122 :
779 5084 877 5147 per
904 5071 1090 5126 oculos
1128 5070 1367 5124 animam
1393 5068 1715 5135 vulnerant;
1745 5083 1841 5137 per

249 5173 409 5214 aures
447 5161 645 5216 mentis
687 5160 850 5230 rigori
888 5169 1047 5229 atque
1082 5159 1398 5214 constantia:
1441 5159 1664 5214 luxuria:
1693 5158 1838 5214 iaces

249 5248 539 5306 admovent
568 5269 585 5319 ;
616 5267 809 5322 aspero
831 5251 1041 5323 ﬂageilo
1067 5253 1396 5308 intellectum
1418 5251 1708 5322 ﬂagellant,
1741 5267 1837 5305 no-

247 5343 331 5399 vis
371 5344 597 5402 subinde
628 5346 825 5416 prmliis
875 5362 972 5403 nos
1009 5359 1226 5404 vexant.
1262 5349 1487 5416 Quando
1515 5348 1634 5420 quis
1667 5349 1837 5404 oculis

245 5435 541 5491 excitatem
571 5437 844 5503 indixerit,
876 5454 944 5494 ne
974 5439 1170 5496 formas
1194 5450 1456 5513 spectent,
1481 5451 1592 5496 tum
1619 5441 1670 5497 id
1693 5441 1834 5512 quod

246 5529 488 5586 clausum
512 5540 618 5601 est,
650 5543 894 5590 reserant
920 5535 1221 5606 voluptates
1243 5577 1261 5603 ,
1291 5545 1346 5590 et
1389 5536 1598 5590 lascivis
1615 5551 1712 5606 per
1736 5551 1830 5592 att-

305 5634 380 5699 (al
409 5637 590 5695 (Dilata
622 5654 732 5694 cum
751 5642 923 5695 Codice
946 5651 1065 5709 tteg.
1087 5642 1228 5704 9.355,
1262 5643 1350 5708 qui
1373 5656 1471 5695 non
1494 5647 1664 5699 variat.

1969 3426 2058 3468 res
2104 3412 2387 3469 cantilenis
2425 3415 2706 3472 resolvunt
2739 3435 2753 3472 :
2783 3420 2999 3490 quando
3031 3421 3084 3477 in
3135 3437 3293 3482 aures
3321 3432 3574 3488 cantibus

1961 3504 2281 3561 meretriciis
2320 3506 2564 3564 occlusae
2609 3509 2932 3579 inciderint,
2963 3521 3073 3569 tum
3103 3516 3388 3578 libidinose
3414 3527 3562 3594 cogi-

1962 3595 2251 3652 tationibus
2278 3605 2482 3652 ornata:
2522 3599 2792 3656 illudunt:
2840 3605 3056 3674 quando
3082 3607 3200 3662 illas
3238 3625 3335 3681 per
3360 3615 3574 3682 omnia,

1963 3693 2020 3740 ut
2046 3687 2232 3757 paucis
2257 3688 2606 3760 complectar,
2637 3691 2919 3762 vigilantes
2951 3702 3404 3776 superaverimus,
3433 3703 3559 3760 dor-

1960 3777 2188 3833 mientes
2218 3779 2486 3836 umbratili
2515 3796 2691 3852 pugna
2727 3783 2981 3842 divexant
3011 3806 3025 3842 :
3065 3790 3135 3844 ita
3165 3807 3267 3848 nos
3288 3798 3565 3866 perpetuis

1958 3874 2014 3922 et
2044 3867 2096 3923 in
2128 3868 2314 3924 orbem
2351 3871 2701 3930 redeuntibus
2748 3875 2948 3944 praeliis
2984 3890 3212 3950 urgent,
3239 3898 3359 3953 qua:
3389 3902 3564 3958 neque

1957 3977 2078 4017 cum
2097 3964 2211 4019 sole
2227 3963 2546 4034 excitantur,
2565 3981 2738 4038 neque
2751 3983 2873 4024 cum
2903 3979 3061 4027 nocte
3074 3973 3373 4043 sopiuntur.
3402 3977 3571 4036 Porro

1959 4054 2004 4108 si
2031 4053 2364 4124 iuventutem
2396 4058 2559 4113 etiam
2590 4073 2854 4131 aggressa
2883 4062 3099 4130 fuerint,
3134 4075 3243 4120 tum
3271 4083 3400 4123 vero
3427 4070 3570 4141 ignis

1955 4158 2076 4199 cum
2122 4145 2243 4216 igne
2272 4146 2584 4204 miscebitur
2609 4190 2628 4218 ,
2675 4151 2865 4222 stipula
2897 4167 3019 4208 cum
3053 4153 3268 4212 fornace
3288 4157 3564 4228 jungetur.

1956 4232 2135 4291 Facile
2198 4250 2431 4308 namque
2477 4237 2844 4310 voluptatibus
2905 4242 3162 4313 juventus
3207 4246 3560 4305 incenditur:

1953 4326 2154 4397 quippe
2179 4341 2298 4398 quae
2330 4329 2579 4401 pinguior
2610 4330 2715 4386 olei
2744 4331 2799 4386 in
2845 4348 3051 4391 morem
3093 4344 3150 4392 et
3196 4339 3372 4408 aptior
3398 4342 3468 4396 sit
3492 4342 3561 4400 ad

1953 4415 2424 4474 inﬂammationem
2446 4462 2463 4488 ,
2505 4429 2563 4476 ut
2603 4421 2670 4476 ad
2700 4425 3066 4493 temperantiae
3103 4427 3315 4484 labores
3360 4429 3562 4488 delica-

1953 4510 2076 4565 tior.
2106 4511 2237 4579 Quae
2257 4511 2507 4569 nimirum
2536 4515 2714 4570 omnia
2741 4517 2914 4572 beata
2947 4517 3136 4590 virgini
3163 4522 3378 4594 longum
3411 4540 3559 4582 mar-

1951 4603 2147 4675 tyrium
2194 4604 2552 4676 virginitatem
2588 4606 2886 4664 reddebant
2908 4649 2922 4673 ,
2955 4624 3075 4680 qua:
3120 4626 3242 4667 cum
3273 4608 3560 4686 voluptati-

1949 4694 2070 4762 bus,
2093 4703 2151 4752 ut
2175 4710 2296 4751 cum
2322 4696 2762 4770 bestiismartyr,
2783 4700 3056 4771 pugnabat
3085 4717 3100 4755 :
3131 4716 3253 4759 cum
3274 4706 3559 4777 cogitatio-

1949 4787 2128 4856 nibus,
2158 4797 2220 4844 ut
2265 4788 2506 4846 ille-cum
2535 4792 2862 4848 cruciatibus
2907 4792 3209 4852 luctabatur
3239 4814 3252 4852 :
3285 4813 3406 4854 cum
3436 4799 3560 4857 libi-

1947 4878 2130 4936 dinum
2171 4879 2640 4953 imaginationibus
2679 4885 2831 4955 quasi
2868 4899 2990 4941 eum
3021 4889 3302 4945 tormentis
3334 4892 3553 4948 carnifi-

1945 4987 2067 5027 cum
2093 4974 2539 5045 congrediebatur
2566 4992 2582 5030 :
2614 4975 2711 5032 sed
2749 4976 2818 5032 ab
2842 4977 2933 5032 illo
2978 4985 3154 5036 tamen
3181 4981 3458 5053 multiplici
3489 5000 3555 5041 ae

1945 5064 2241 5122 domestico
2274 5066 2415 5122 bello
2439 5069 2716 5124 victoriam
2746 5070 3056 5140 reportabat
3087 5090 3101 5126 :
3142 5074 3403 5144 siquidem
3430 5078 3554 5149 igne

1944 5160 2172 5214 naturali
2219 5160 2494 5217 ardentior
2542 5161 2617 5216 illi
2662 5172 2781 5219 erat
2823 5163 2960 5233 ignis
3006 5166 3171 5221 animi
3211 5176 3266 5223 et
3311 5179 3550 5228 sanctus.

1942 5251 2234 5309 Enimvero
2275 5253 2466 5324 puellm
2503 5263 2690 5310 natura
2733 5255 2996 5324 cedebat,
3024 5269 3077 5312 et
3103 5275 3222 5329 quae
3249 5262 3389 5332 apud
3417 5264 3550 5320 alios

1941 5343 2246 5401 dominatur
2272 5355 2329 5401 et
2351 5345 2419 5402 ad
2445 5347 2642 5402 coitum
2678 5345 2836 5416 furit,
2877 5349 3016 5419 apud
3042 5349 3295 5408 Theciam
3326 5354 3546 5425 virgini-

1943 5439 2440 5496 tatemcxercebat.
2493 5439 2748 5496 Parentes
2788 5456 2917 5496 vero
2946 5456 3068 5497 cum
3113 5443 3235 5498 tiliae
3265 5445 3391 5500 inita
3422 5461 3546 5503 cum

1940 5529 2241 5601 virginitate
2267 5539 2421 5602 pacta
2451 5545 2557 5586 non
2585 5540 2843 5600 nossent,
2878 5548 3050 5605 neque
3080 5530 3300 5591 fmderis
3329 5538 3543 5607 nuptia-

1940 5639 2059 5680 rum
2080 5639 2202 5680 cum
2249 5625 2334 5680 illa
2366 5624 2621 5698 iungendi
2651 5641 2812 5683 causa
2855 5625 3126 5684 Christum
3160 5627 3440 5684 Dominum
3471 5635 3543 5694 de
