4206 6302
729 380 830 435 ’ἷΠ

730 494 862 548 ca-lo
889 492 1133 547 dextram
1161 487 1371 543 dedisse
1390 529 1405 553 ,
1434 486 1611 539 multis
1638 497 1753 538 eam
1796 480 2135 547 verbosisque
2172 489 2319 529 com-

730 579 1107 635 monitiooibus
1133 575 1201 632 ad
1220 574 1522 645 coniugium
1552 572 1840 627 incitabant
1871 587 1885 623 :
1932 577 1988 621 at
2022 566 2166 621 enim
2205 564 2317 634 jam

730 685 888 725 aures
918 669 1106 739 puella:
1151 668 1300 723 Pauli
1350 666 1586 720 carmine
1631 662 2031 733 personabant:
2066 659 2194 723 Quae
2217 673 2319 710 non

712 765 800 813 ἐει
828 770 1006 827 πυρια,
1033 758 1219 829 cogitat
1241 771 1352 825 qua:
1380 754 1583 808 Domini
1607 762 1742 817 sunt,
1766 762 1821 806 ut
1846 752 1910 805 sit
1940 758 2115 803 sancta
2136 760 2183 802 et
2214 764 2319 801 cor-

729 866 850 919 pore
869 859 914 903 ct
943 850 1120 917 spiritu
1149 848 1170 918 (
1196 848 1243 901 l.
1273 844 1391 901 Cor.
1423 846 1477 900 7.
1506 846 1575 900 54
1592 844 1632 916 ).
1678 842 2007 913 Virginitatis
2049 840 2316 909 extemplo

727 953 924 993 corona
954 940 1163 993 dabitur
1190 955 1206 992 :
1238 937 1340 992 hoc
1380 938 1523 991 illam
1552 938 1778 1005 primum
1817 931 2190 988 sollicitudinis
2226 947 2317 1000 ge-

729 1046 829 1082 nus
886 1029 1045 1081 afficit
1085 1044 1097 1080 :
1136 1028 1362 1081 sollicita
1410 1027 1550 1078 enim
1599 1033 1683 1077 cst
1724 1021 2107 1077 benedictiOnis
2158 1020 2313 1090 plena

726 1119 1096 1183 sollicitudine,
1130 1118 1353 1172 sollicita
1398 1125 1479 1169 est
1524 1130 1650 1169 cura
1690 1113 1923 1168 liberiori
1949 1114 2133 1181 quavis
2160 1113 2313 1167 incu-

726 1211 825 1272 ria,
853 1217 907 1260 ut
938 1208 1005 1261 sit
1047 1216 1227 1260 sancta
1267 1216 1321 1260 et
1349 1220 1572 1273 corpore
1618 1214 1672 1259 et
1700 1204 1909 1272 spiritu.
1955 1202 2093 1257 Nihil
2118 1211 2200 1256 est
2236 1198 2312 1255 illi

722 1314 1001 1352 commune
1030 1312 1147 1351 cum
1180 1305 1340 1359 terra,
1374 1297 1514 1350 nulla
1544 1310 1663 1348 cum
1691 1294 2096 1347 connubialibus
2123 1308 2310 1347 neces-

721 1389 963 1441 sitatibus
983 1397 1065 1442 cst
1101 1387 1365 1457 cngnatio,
1394 1385 1549 1455 quale
1576 1396 1657 1439 est
1684 1383 2031 1437 fornicantem
2058 1397 2307 1451 sponsum

722 1479 967 1541 tolerare,
995 1480 1321 1548 suSpiciones
1347 1476 1504 1529 falsas
1528 1476 1813 1540 sustinere,
1832 1474 2150 1543 procedendi
2166 1488 2309 1543 saepe

721 1568 922 1621 militer
971 1568 1022 1620 in
1067 1566 1333 1634 publicum
1385 1573 1644 1635 potestate
1689 1564 1902 1633 privari,
1930 1563 1997 1619 de
2041 1563 2307 1618 alimentis

718 1660 985 1727 inquirere
1007 1699 1021 1723 ,
1053 1668 1293 1712 ornatam
1322 1658 1598 1729 zelotypim
1625 1657 1909 1712 obnoxiam
1940 1670 2058 1711 esse
2083 1697 2098 1722 ,
2126 1655 2306 1725 despi-

715 1747 851 1801 catui
884 1745 1036 1813 duci,
1083 1748 1385 1815 priusquam
1440 1746 1681 1815 peperit,
1713 1748 1861 1815 quasi
1908 1760 2027 1814 qua:
2072 1745 2305 1799 nondum

716 1853 852 1892 uxor
882 1838 1014 1893 facta
1042 1841 1146 1904 sit;
1182 1839 1268 1891 ubi
1318 1838 1621 1907 pepererit,
1651 1838 1721 1891 ob
1754 1838 1972 1907 pignora
2004 1837 2302 1901 incrimine

715 1930 1008 1983 incurrere.
1034 1928 1192 1982 Partu
1218 1927 1361 1983 edita
1390 1937 1471 1981 est
1504 1928 1764 1996 qumpiam
1789 1926 2018 1980 femina?
2046 1926 2185 1995 quod
2214 1943 2305 1980 na-

715 2030 800 2072 tos
828 2036 933 2071 non
964 2019 1027 2072 sit
1059 2018 1346 2084 masculus,
1388 2017 1631 2071 tetricum
1664 2017 1881 2070 maritus
1906 2016 2105 2070 vultum
2150 2016 2301 2085 gerit.

717 2111 968 2177 Adjcctus
1013 2120 1095 2163 est
1131 2118 1185 2163 et
1216 2108 1518 2162 masculus?
1564 2107 1733 2162 editus
1779 2116 1861 2161 est
1900 2106 2069 2173 fetus,
2100 2107 2191 2160 sed
2215 2107 2303 2176 qui

711 2202 976 2254 formosus
1006 2216 1111 2253 non
1146 2208 1244 2252 est.
1275 2199 1513 2267 Eleganti
1557 2206 1638 2252 est
1677 2198 1845 2251 forma
1877 2199 2135 2267 uterque?
2165 2206 2301 2249 Lam-

714 2289 961 2357 quamde
984 2288 1215 2356 pulchris
1244 2288 1485 2341 acerbior
1518 2302 1641 2341 cura
1667 2288 1899 2341 incessit.
1936 2286 2147 2355 Depnlsi
2179 2295 2302 2339 sunt

717 2395 745 2431 a
779 2380 912 2433 lacte
940 2380 962 2433 ?
990 2393 1171 2432 rursus
1220 2379 1459 2432 anxietas
1501 2378 1825 2431 educationis
1868 2376 2140 2431 succedit:
2177 2393 2297 2429 cum

709 2472 823 2524 sani
856 2470 1089 2535 fut-rint,
1136 2479 1308 2523 metus
1349 2486 1415 2523 ne
1468 2478 1768 2539 regroteut:
1824 2484 1943 2523 cum
2006 2480 2299 2536 argrotave-

719 2562 842 2626 tint,
876 2561 1101 2615 formido
1128 2575 1193 2615 ne
1222 2560 1546 2613 moriantur:
1576 2575 1694 2614 com
1728 2559 1923 2611 mortui
1952 2559 2165 2623 fuerint,
2185 2576 2297 2613 me-

720 2663 803 2704 tns
828 2667 896 2705 ne
914 2651 1164 2720 deinceps
1194 2660 1457 2720 tamquam
1491 2652 1639 2719 prole
1669 2666 1855 2704 cari-ns
1884 2660 2256 2705 contemnatur
2280 2668 2293 2706 :

720 2760 840 2796 cum
873 2744 1065 2797 mortui
1098 2758 1201 2797 non
1234 2742 1461 2805 fuerint,
1492 2752 1549 2795 ut
1585 2743 1653 2796 de
1696 2742 1991 2796 viventibus
2017 2782 2031 2805 ,
2084 2744 2297 2811 gravior

711 2836 1011 2889 sollicitudo
1032 2834 1452 2898 incnml:it,unde
1468 2834 1648 2887 liberis
1668 2834 1732 2887 ad
1752 2835 2128 2887 institutionem
2146 2848 2292 2894 sum-

715 2938 856 2994 ptus,
883 2927 1021 2980 unde
1050 2927 1339 2996 eonjugalis
1383 2925 1597 2981 fmdcris
1628 2934 1930 2994 apparatus,
1962 2925 2098 2979 unde
2128 2930 2290 2979 vesti-

718 3029 1015 3071 mentorum
1066 3016 1249 3080 decor,
1282 3016 1421 3069 unde
1449 3016 1764 3069 famulorum
1796 3017 2077 3083 unicuique
2108 3016 2290 3069 distri-

718 3109 887 3173 lzutio,
910 3123 1149 3177 quamam
1177 3124 1243 3160 ex
1275 3106 1426 3161 bonis
1454 3108 1638 3176 majori
1686 3107 1956 3167 attribuet,
2000 3122 2106 3175 quo
2137 3118 2289 3176 pacto

719 3200 939 3253 minoris
970 3199 1219 3253 invidiam
1258 3198 1536 3268 mitigabit.
1570 3198 1698 3262 Quae
1742 3215 1840 3251 non
1879 3208 1949 3252 est
1981 3209 2169 3267 nupta,
2200 3216 2309 3252 τοοκ

713 3294 835 3358 gitat
864 3304 973 3358 qua:
994 3288 1197 3342 Domini
1226 3297 1373 3352 sunt,
1401 3298 1455 3340 ut
1490 3290 1552 3341 sit
1590 3299 1767 3342 sancta
1794 3298 1840 3341 et
1862 3304 2071 3357 corpore
2098 3299 2144 3341 et
2178 3290 2287 3358 spi-

710 3382 832 3434 ritu.
864 3378 976 3431 Non
1004 3378 1321 3431 matrimonii
1348 3386 1588 3431 naturam
1622 3378 1835 3430 traduce
1860 3396 1870 3430 ε
1896 3387 1975 3431 est
1996 3379 2136 3431 enim
2157 3378 2286 3433 illud

707 3471 917 3538 generis
960 3469 1288 3538 providentia
1335 3471 1668 3534 communis;
1720 3470 1814 3523 sed
1880 3473 2283 3540 conjogatornm

704 3574 859 3613 curas
885 3559 1117 3627 divulge,
1144 3559 1448 3614 carnalibus
1473 3560 1616 3613 curis
1643 3559 1884 3613 ewlestes
1928 3575 2085 3613 curas
2125 3569 2279 3615 ante-

709 3666 868 3721 pono,
906 3650 1122 3719 plllClll‘O
1148 3651 1221 3716 id,
1248 3651 1386 3718 quod
1413 3650 1685 3719 pulchrius
1714 3659 1813 3716 est,
1846 3649 2091 3719 prmfero.
2120 3652 2278 3720 Virgo

704 3744 861 3797 etiam
895 3758 1068 3810 pinna,
1097 3758 1197 3811 qua
1229 3743 1334 3796 Eva
1380 3741 1628 3795 mulctata
1664 3750 1767 3806 est,
1796 3742 2039 3811 superior
2065 3743 2233 3796 evasit
2266 3760 2279 3795 :

702 3836 827 3890 illud
867 3837 1030 3898 enim,
1063 3836 1141 3888 Ad
1181 3835 1337 3887 virum
1368 3843 1507 3887 tuum
1539 3834 1793 3887 conversio
1838 3844 1925 3887 tua
1946 3876 1962 3899 ,
1994 3843 2040 3888 et
2076 3834 2182 3903 ipse
2210 3836 2283 3887 tui

704 3929 1040 3981 dominabitur
1072 3929 1088 3995 (
1125 3926 1250 3980 Gen.
1277 3927 1328 3980 3.
1362 3926 1427 3979 16
1473 3927 1511 3995 ),
1543 3926 1594 3978 in
1625 3941 1713 3979 eas
1737 3966 1751 3990 ,
1783 3942 1900 3995 quae
1926 3926 2159 3979 virorum
2189 3927 2283 3979 do-

706 4021 904 4073 minatu
930 4033 1031 4071 non
1061 4027 1392 4087 premuntur,
1432 4015 1716 4070 invalidum
1745 4024 1861 4070 est:
1888 4016 2014 4069 illud
2036 4058 2050 4082 ,
2096 4016 2159 4070 In
2191 4018 2283 4070 do-

704 4108 891 4162 loribus
919 4108 1081 4177 paries
1118 4106 1292 4175 ﬁlios(
1327 4104 1459 4158 Ibid.
1486 4103 1542 4177 ),
1576 4106 1627 4159 in
1666 4121 1756 4159 eas
1783 4121 1901 4174 quae
1930 4107 2279 4176 virginitatem

700 4198 908 4267 colunt,
929 4197 1155 4250 otiosum
1185 4204 1267 4249 est
1296 4213 1309 4249 :
1343 4210 1461 4248 nam
1486 4211 1603 4262 qua:
1636 4195 1857 4249 minime
1888 4195 2023 4263 parit
2052 4238 2067 4260 ,
2094 4211 2123 4248 a
2153 4212 2281 4265 gra-

708 4287 850 4339 vium
896 4294 1080 4353 partus
1110 4284 1358 4338 dolorum
1406 4285 1667 4338 sententia
1721 4293 1802 4338 est
1841 4284 2109 4338 immunis.
2161 4286 2277 4341 Jam

702 4377 850 4447 virgo
876 4376 1066 4430 futura:
1093 4377 1210 4431 vitae
1242 4377 1547 4445 pignoribus
1562 4378 1883 4436 oblectaris:
1910 4380 2019 4449 jam
2050 4379 2277 4434 familia-

697 4467 770 4524 ris
799 4474 879 4522 est
904 4466 995 4521 tibi
1011 4468 1815 4527 sanctificatioresurrectionis.
1832 4470 1896 4526 In
1921 4475 2278 4529 resurrectione

1496 372 1549 427 S.
1593 367 1873 425 JOANNIS
1910 358 2389 421 ClliiYSOSTOMI
2428 359 2755 417 ARCHIEP.
2795 359 3331 418 CONSTANTINOP.

3910 356 4013 414 τε»

2424 474 2577 539 enim,
2616 475 2822 545 inquit,
2849 492 3009 546 neque
3032 475 3255 541 nubent,
3293 488 3452 543 neque
3494 472 3791 539 nabentur(
3819 473 4025 533 Hatria.

2422 563 2513 619 22.
2545 566 2614 621 30
2639 566 2680 636 ).
2730 566 3016 635 Propterea
3047 563 3271 633 hujusce
3298 564 3373 620 rei
3403 564 3560 634 plane
3601 564 3790 635 ingens
3816 574 3904 621 est
3930 565 4008 618 la-

2424 671 2571 726 psus,
2597 657 3023 727 Quandoquidem
3042 664 3097 711 et
3123 665 3269 712 recte
3299 655 3499 712 factum
3523 665 3605 711 est
3631 656 3853 727 ingens:
3887 654 4008 709 ideo

2423 747 2778 817 virginitatem
2803 747 3027 803 colentis
3056 747 3338 802 scelestior
3363 753 3485 815 est,
3524 760 3687 818 quam
3712 746 4018 803 meretricis

2422 836 2635 892 lascivia
2674 855 2689 893 :
2722 853 2829 893 non
2873 840 3015 894 enim
3043 854 3139 909 par
3166 848 3250 895 est
3277 839 3415 894 ratio
3459 840 3818 909 corruptionis
3843 840 4008 908 virgi—

2422 928 2641 982 nitatem
2689 928 2953 997 colentis,
3001 939 3167 1000 atque
3212 930 3556 985 meretricis:
3598 945 3703 984 non
3746 945 3851 1001 par
3875 929 4009 984 ratio

2419 1019 2775 1087 corruptionis
2814 1021 3039 1089 privata:
3076 1021 3326 1086 feminae,
3372 1036 3437 1075 ac
3479 1020 3719 1091 reginae:
3762 1036 3873 1075 non
3916 1036 4011 1090 par

2418 1118 2501 1163 est
2529 1109 2665 1163 ratio
2692 1109 2815 1164 furti
2848 1113 2989 1166 vasis
3014 1113 3182 1168 sacris
3206 1112 3393 1167 usibus
3422 1110 3692 1178 destinati,
3726 1126 3791 1165 ac
3820 1112 4007 1179 vulga-

2416 1199 2512 1253 ris.
2534 1198 2641 1254 Vas
2684 1201 2828 1254 enim
2874 1210 2955 1257 est
2985 1202 3155 1257 sacris
3198 1203 3385 1257 usibus
3435 1202 3757 1257 destinatum
3812 1202 4004 1270 virgo,

2416 1300 2681 1356 purpurea
2717 1291 2904 1353 vestis,
2935 1305 3095 1358 quam
3142 1291 3293 1345 alteri
3320 1306 3428 1345 non
3472 1290 3627 1355 licet,
3670 1304 3835 1361 quam
3877 1289 4007 1359 Regi

2417 1376 2807 1445 universorum,
2830 1378 3105 1448 adaptari;
3136 1394 3488 1449 sponsa,qute
3507 1380 3775 1449 virgineas
3794 1381 4008 1449 nuptias

2416 1479 2627 1537 semper
2651 1468 2866 1525 retinet.
2892 1469 2940 1524 Ο
2976 1472 3161 1525 beatas
3202 1470 3447 1540 nuptias,
3470 1486 3692 1541 quarum
3740 1480 3895 1527 torus
3927 1481 4010 1526 est

2416 1556 2722 1626 virginitas!
2756 1559 2954 1614 Harum
2972 1574 3135 1614 causa
3160 1560 3325 1621 beata:
3342 1562 3563 1631 martyri
3591 1570 3668 1616 tot
3692 1561 4005 1616 discrimina

2415 1646 2565 1701 fuere
2593 1648 2891 1705 subeunda.
2928 1650 3145 1705 Viderat
3189 1652 3387 1722 quippe
3426 1652 3611 1720 δροηεί
3650 1651 4007 1720 ριιιειιι-ἰιιιάἰς

2414 1752 2533 1791 nem
2561 1778 2576 1804 ,
2604 1748 2655 1792 et
2682 1738 2750 1792 ab
2779 1739 2895 1809 ejus
2924 1741 3163 1795 contuitu
3211 1757 3317 1796 non
3357 1741 3693 1797 avellebatur
3725 1760 3741 1797 :
3773 1744 4008 1798 instabat

2416 1836 2603 1895 mater,
2629 1844 2748 1898 quae
2785 1830 2854 1883 ad
2897 1832 3112 1900 nuptias
3140 1831 3448 1901 impellebat
3480 1849 3495 1887 :
3522 1842 3576 1886 at
3614 1832 3705 1887 illa
3743 1848 4006 1903 sponsum

2414 1923 2679 1974 cmlestcm
2704 1920 2787 1974 his
2823 1922 3041 1976 vocibus
3067 1924 3439 1993 compellabat.
3471 1925 3551 1978 Ad
3577 1936 3625 1978 te
3652 1927 3811 1979 [navi
3832 1928 4022 1980 oculos

2410 2026 2569 2075 meos,
2593 2012 2676 2079 qui
2703 2003 2898 2065 habitus
2926 2014 2977 2065 in
3006 2014 3138 2067 (telo
3164 2014 3183 2083 (
3216 2014 3365 2069 Psul.
3391 2015 3511 2070 122.
3549 2018 3570 2070 1
3601 2017 3620 2085 )
3655 2035 3667 2071 :
3714 2018 4021 2072 accedebat

2412 2115 2605 2169 procos
2633 2103 2851 2170 nuptiali
2905 2120 3021 2156 eam
3080 2105 3350 2173 colloquio
3389 2106 3645 2171 titillans;
3691 2116 3751 2160 at
3800 2108 3891 2161 illa
3950 2124 4006 2163 se

2409 2204 2529 2246 cum
2558 2193 2773 2247 Christo
2808 2196 2963 2249 tacite
2988 2196 3344 2265 conjungebat
3379 2198 3591 2260 dicens,
3627 2198 3863 2252 Adluesit
3891 2202 4004 2259 ani.

2410 2301 2491 2336 ma
2517 2302 2624 2338 mea
2654 2296 2765 2354 post
2795 2297 2840 2339 te
2874 2288 2891 2358 (
2927 2287 3068 2341 Psal.
3090 2288 3177 2343 (Si.
3200 2290 3232 2343 9
3263 2290 3279 2356 )
3310 2308 3321 2342 :
3356 2290 3698 2345 conﬂuebant
3728 2291 3998 2345 adulatio-

2406 2374 2564 2429 nibus
2602 2386 2879 2443 captantes
2922 2380 3231 2448 propiuqui;
3286 2389 3343 2433 at
3397 2381 3537 2436 illius
3582 2382 3751 2435 menti
3808 2382 4006 2436 Paulus

2405 2477 2712 2521 contestans
2741 2468 3128 2523 obversabatur
3160 2488 3173 2523 :
3207 2470 3468 2537 Despondi
3498 2480 3545 2524 te
3569 2479 3655 2525 um
3696 2473 3805 2525 riro
3853 2474 4005 2543 virgi-

2405 2574 2516 2611 nem
2536 2570 2722 2612 castam
2741 2562 2969 2616 exhibere
2997 2562 3195 2616 Christo
3220 2563 3292 2633 (2.
3312 2566 3432 2622 Cor.
3453 2566 4006 2635 “3):supplicabant

2408 2649 2547 2703 servi
2601 2665 2721 2704 cum
2781 2652 3031 2722 lacrymis
3056 2671 3070 2718 ;
3100 2665 3153 2708 at
3182 2654 3257 2709 illi
3301 2670 3502 2724 sponso
3530 2658 3789 2710 amatorie
3819 2659 4002 2711 conci-

2401 2740 2559 2793 nebat
2583 2756 2596 2791 :
2634 2740 2758 2805 Quis
2786 2758 2877 2795 nos
2902 2744 3155 2812 separabit
3185 2760 3215 2797 α
3244 2746 3457 2800 caritate
3485 2746 3709 2815 Cbristi(
3750 2746 3907 2801 Rom.
3941 2749 3994 2803 8.

2400 2830 2467 2883 55
2496 2829 2515 2899 )
2544 2830 2567 2883 ἲ
2616 2831 2885 2886 terrebant
2908 2834 3122 2901 judices
3152 2838 3323 2904 poenis
3347 2853 3362 2901 ;
3391 2848 3446 2891 at
3471 2854 3659 2893 omnes
3691 2839 3781 2891 illa
3807 2856 4002 2911 magno

2397 2921 2575 2975 animo
2608 2922 2919 2990 proculcans
2948 2924 3229 2991 clamabat,
3264 2926 3526 2996 Principes
3547 2945 3647 2982 non
3670 2940 3789 2983 sunt
3819 2933 3991 2985 timori

2398 3011 2538 3066 bonis
2580 3014 2844 3081 aperibus,
2870 3015 2957 3067 sed
2991 3015 3139 3070 malis
3167 3016 3185 3085 (
3213 3018 3365 3071 Rom.
3402 3019 3487 3073 15.
3536 3020 3611 3086 3).
3659 3020 3797 3073 Cum
3862 3038 3993 3076 vero

2398 3111 2599 3156 statuas
2640 3104 2954 3172 virginitatis
2980 3106 3138 3159 etiam
3172 3108 3223 3160 in
3251 3108 3349 3163 viis
3379 3108 3511 3177 erigi
3559 3110 3782 3179 martyri
3833 3126 3998 3182 opor-

2400 3201 2571 3258 teret,
2606 3194 2722 3247 talis
2746 3198 2989 3263 qumdam
3020 3198 3210 3264 puellm
3256 3208 3339 3253 est
3386 3209 3573 3253 exorta
3605 3202 3857 3254 tentatio.
3892 3202 3985 3256 Li-

2395 3284 2575 3339 berata
2600 3285 2802 3354 judicio
2823 3330 2837 3352 ,
2868 3288 3020 3342 Pauli
3070 3290 3305 3359 prmdam
3335 3291 3645 3345 sectabatur
3668 3334 3683 3357 ,
3728 3303 3786 3347 et
3812 3310 3998 3353 rumo-

2396 3392 2505 3429 rem
2537 3387 2758 3446 sequuta
2789 3378 2977 3434 dneem
3020 3382 3139 3446 viis,
3185 3398 3303 3451 qua:
3331 3382 3397 3435 ad
3448 3384 3671 3437 Paulum
3720 3387 3997 3454 ferebant,

2392 3482 2517 3521 sese
2567 3478 2649 3522 est
2686 3485 2811 3523 ausa
2862 3473 3215 3527 ceimnittcre.
3251 3474 3417 3527 Porro
3466 3475 3712 3531 diabolus
3759 3479 3997 3547 puellam

2393 3558 2734 3625 observabat,
2764 3569 2817 3615 et
2847 3578 2967 3616 cum
2995 3564 3094 3617 iter
3121 3574 3364 3633 agentem
3387 3567 3749 3634 observasset,
3780 3569 3993 3625 hostem

2393 3649 2634 3705 immittit
2665 3654 2716 3705 in
2750 3653 2978 3721 puellam
3010 3670 3251 3724 procum,
3283 3657 3606 3727 virginitatis
3629 3669 3911 3730 tamquam
3939 3663 3993 3718 in

2390 3741 2601 3797 deserto
2640 3746 2967 3814 przedouem.
3001 3732 3240 3817 Cumque
3284 3748 3395 3817 jam
3425 3749 3525 3803 iter
3556 3750 3867 3821 perficeret,
3899 3768 3991 3822 ge-

2391 3850 2596 3889 nerosae
2647 3837 2837 3906 virgini
2882 3838 3225 3893 admissarius
3269 3856 3299 3894 a
3332 3849 3483 3911 tergo
3529 3856 3723 3910 procos
3772 3852 3826 3898 et
3865 3860 3991 3900 acer

2390 3922 2665 3993 indagator
2693 3937 2899 3994 captam
2927 3943 3043 3981 eam
3075 3944 3192 3983 esse
3216 3929 3323 3998 iam
3355 3931 3707 3997 inclamabat;
3738 3932 3987 3989 difficiles

2392 4014 2623 4084 undique
2652 4018 2914 4085 angustia:
2948 4020 3207 4088 urgebant
3237 4038 3250 4085 ;
3285 4021 3535 4075 robustus
3564 4032 3680 4076 erat
3705 4065 3721 4089 ,
3755 4024 3847 4092 qui
3877 4024 3986 4079 bel-

2390 4104 2494 4158 lum
2527 4105 2824 4172 inferebat;
2869 4108 3101 4175 inﬁrma,
3131 4112 3213 4163 cui
3250 4112 3443 4165 bellum
3479 4096 3981 4169 inferebatur.’Ubi-

2391 4213 2509 4250 nam
2541 4197 2751 4267 aliquod
2783 4199 2854 4252 illi
2884 4214 2911 4252 a
2942 4201 3181 4272 perfugio
3213 4202 3304 4256 illo
3336 4202 3826 4274 pcrfngium?"l‘um
3856 4222 3981 4260 vero

2389 4289 2440 4342 in
2472 4290 2657 4342 cmlom
2689 4305 2946 4345 conversa
2977 4294 3124 4363 virgo
3156 4294 3220 4348 ad
3254 4311 3377 4350 eum
3408 4340 3423 4359 ,
3452 4299 3539 4367 qui
3583 4298 3839 4353 omnibus
3867 4298 3978 4352 ubi-

2386 4394 2489 4448 que
2510 4380 2680 4449 ipsnm
2709 4382 3074 4437 invocantibus
3090 4383 3259 4451 adest,
3278 4403 3397 4439 cum
3421 4387 3669 4442 lamentis
3689 4388 3977 4457 clamabat,

2385 4471 2601 4525 Domine
2626 4470 2762 4526 Deus
2792 4490 2928 4527 meus
2950 4516 2965 4541 ,
2997 4475 3049 4528 in
3071 4485 3117 4529 te
3146 4476 3387 4550 speravii
3424 4477 3565 4533 Psul.
3598 4479 3651 4531 7.
3683 4479 3841 4549 ‘33).m

2632 4626 2657 4653 Il
