4182 6322
223 358 335 417 7ιῖ

1313 352 1402 408 DE
1441 353 1711 410 SANCTA
1748 351 2022 412 THECLA
2063 351 2422 409 MARTYRE.

3417 353 3528 407 7.59.

229 473 326 533 τί)ιί
355 473 633 549 Δεσπότην
667 475 902 546 Χριστὸν
935 474 995 539 ἐξ
1026 475 1258 547 οὐρανοῦ
1291 475 1582 540 δεδωκότα,
1616 475 1823 545 πολλὰς
1927 474 2285 538 ἀναστάσει,
2310 474 2498 545 φησὶν,
2517 473 2657 528 οὔτε
2680 471 2997 544 γαμοῦσιν,
3027 472 3164 526 οὔτε
3198 473 3530 541 γαμίσκον-

229 575 369 644 αύτῇ
399 571 526 643 περὶ
553 571 748 644 γάμων
778 572 1058 635 νουθεσίας
1085 572 1520 643 ἐμακρολόγουν·
1550 573 1584 643 ή
1607 573 1824 625 Παύλου
1927 589 2043 628 ται.
2077 571 2178 626 Διά
2217 570 2380 626 τοῦτο
2425 570 2520 624 καὶ
2553 567 2616 623 τὸ
2651 568 2853 639 πτῶμα
2889 566 2984 622 τοῦ
3017 569 3342 638 πράγματος
3377 570 3524 639 πάμ-

226 669 289 724 δὲ
319 669 424 739 ἄρα
457 671 576 730 ταῖς
603 667 704 738 τῆς
739 668 909 737 κόρης
947 667 1138 730 ἀκοαῖς
1170 666 1353 738 ἐπῳδὴ
1393 667 1714 738 προενήφει,
1758 667 1828 721 Ἦ

229 764 464 835 ἄγαμος
487 761 637 835 [750]
660 760 919 832 μεριμνᾷ
950 763 1022 818 τὰ
1050 763 1158 818 τοῦ
1198 767 1435 843 Κυρίου,
1473 763 1574 816 ἵνα
1609 756 1652 833 ᾗ
1687 762 1828 832 ἁγία

235 861 337 915 καὶ
361 860 607 929 σώματι,
643 860 740 912 καὶ
768 859 1082 929 πνεύματι.
1108 860 1379 928 Στέφανος
1398 858 1498 931 τῆς
1531 859 1828 931 παρθενίας

233 955 431 1018 εὐθύς·
463 954 625 1017 αὐτὸς
654 955 792 1025 αὐτῇ
841 955 1057 1026 πρῶτος
1084 955 1182 1024 τῆς
1215 954 1488 1026 μερίμνης
1527 955 1556 1014 ὁ
1588 937 1787 1026 τρότξος
1809 969 1823 984 .

236 1052 482 1123 μεριμνᾷ
531 1051 639 1122 γὰρ
675 1051 926 1118 εὐλογίας
978 1050 1284 1121 ἀνάμεστον
1331 1051 1632 1122 μέριμναν,
1667 1069 1825 1122 μερι-

237 1149 352 1217 μνᾷ
399 1147 580 1215 πάσης
657 1145 990 1217 ἀμεριμνίας
1045 1146 1484 1219 ἐλευθερωτέραν
1536 1128 1823 1217 φροντίδα,

237 1240 393 1318 ἵναῇ
437 1243 566 1312 ἁγία
612 1243 706 1296 καὶ
746 1241 961 1313 σώματι
1008 1243 1102 1296 καὶ
1151 1242 1447 1313 πνεύματι.
1494 1241 1660 1294 Οὐδὲν
1693 1243 1828 1313 αὐτῇ

237 1341 418 1395 κοινὸν
450 1340 584 1411 πρὸς
614 1338 712 1410 τὴν
741 1340 866 1410 γῆν,
895 1339 1119 1409 οὐδεμία
1151 1338 1284 1410 πρὸς
1312 1337 1557 1409 γαμικάς
1586 1338 1833 1406 ἀνάγκας

239 1437 548 1507 συγγένεια,
609 1430 720 1489 οἷον
766 1434 1121 1505 πορνεύοντος
1176 1435 1509 1504 ἀνασχέσθαι
1561 1434 1832 1504 νυμφίου,

223 1533 472 1602 ’ὑποψίας
510 1532 741 1602 ματαίας
767 1532 1108 1599 ὑπενεγκεῖν,
1141 1530 1388 1596 ἐξουσίαν
1428 1530 1714 1600 χρησίμων
1739 1530 1836 1597 ἀφ-

230 1628 477 1699 ῃρῆσθαι
511 1627 777 1695 προόδων,
797 1625 925 1697 περὶ⁸
951 1626 1158 1697 τροφῆς
1183 1624 1578 1689 διευθύνεσθαι,
1602 1642 1836 1695 κοσμου-

243 1727 413 1794 μένην
453 1721 896 1792 ζηλοτυπεῖσθαι,
931 1720 1286 1774 διαπτύεσθαι
1318 1722 1447 1793 πρὶν
1485 1720 1646 1793 τέκῃ,
1701 1720 1834 1774 καθ-

233 1823 384 1891 άπερ
414 1816 568 1873 οὔπω
601 1820 847 1891 γαμετὴν
891 1818 1212 1891 γενομένην,
1244 1818 1512 1872 τεκοῦσαν
1554 1819 1693 1890 ὑπὲρ
1725 1817 1835 1870 τῶν

237 1918 416 1971 τόκων
449 1917 726 1988 εὑρίσκειν
781 1915 1130 1986 ἐγκλήματα.
1187 1915 1416 1986 Ἐτέχθη
1473 1933 1559 1978 τις
1601 1914 1834 1985 θήλεως

237 2013 322 2066 ὅτι
356 2013 432 2083 μὴ
470 2013 658 2083 ἀρῥεν,
686 2013 716 2064 ὁ
770 2011 911 2082 ἀνὴρ
940 2012 1352 2082 σκυθρωπάζει.
1393 2009 1708 2081 Προσετέθη
1743 2011 1840 2063 καὶ

237 2108 440 2179 ᾰρῤεν;
463 2107 659 2177 ἐτέχθη
681 2107 744 2159 τὸ
772 2107 984 2177 τεχθέν,
1009 2107 1085 2170 ὡς
1111 2108 1213 2160 οῦκ
1238 2105 1533 2178 εὔμορφον.
1561 2104 1837 2173 Χαρίεντα

241 2205 379 2274 πρὸς
419 2205 616 2268 κάλλος
639 2205 981 2275 δάμφότερα;
1016 2204 1090 2267 ὡς
1142 2204 1285 2274 ὑπὲρ
1315 2203 1499 2256 καλῶν
1539 2205 1572 2273 ή
1617 2202 1838 2274 φροντὶς

239 2300 571 2371 πικροτέρα.
598 2299 1026 2370 Ἀπηλλάγησαν
1049 2299 1351 2368 γάλακτος;
1379 2297 1651 2362 διεδέξατο
1677 2296 1839 2350 πάλιν

239 2394 559 2466 ἀνατροφῆς
596 2396 840 2462 ἀγωνία·
893 2396 1023 2449 ὅταν
1084 2395 1393 2461 ὑγιαίνωσι,
1442 2392 1519 2464 μὴ
1575 2393 1841 2462 νοσήσωσι

241 2488 410 2557 φόϐος
431 2504 445 2519 ο
477 2489 608 2542 ὅταν
631 2492 927 2560 νοσήσωσι,
949 2489 1120 2542 δειλία
1153 2489 1229 2558 μὴ
1252 2487 1653 2558 τελευτήσωσιν
1675 2503 1688 2517 °
1713 2487 1840 2539 ὅταν

239 2585 666 2657 τελευτήσωσιν,
707 2585 784 2649 ὡς
815 2585 902 2639 ἐπ’
933 2585 1146 2654 ἀτέχνῳ
1174 2583 1362 2636 λοιπὸν
1409 2583 1630 2636 ἔσεσθαι
1668 2599 1842 2635 κατα-

243 2680 512 2752 φρόνησιν
554 2681 756 2750 φόϐος·
791 2682 922 2734 ὅταν
973 2681 1048 2751 μὴ
1083 2680 1518 2750 τελευτήσωσιν,
1577 2678 1652 2742 ὠς
1699 2679 1842 2749 ὑπὲρ

243 2775 537 2847 ζώντωνή
581 2777 803 2847 φροντὶς
856 2776 1170 2847 βαρυτέρα,
1223 2775 1385 2828 πόθεν
1428 2778 1510 2838 είς
1561 2774 1844 2827 παίδευσιν

244 2872 485 2943 χορηγία
519 2874 634 2936 τοῖς
674 2872 927 2938 τέκνοις,
957 2871 1124 2925 πόθεν
1156 2871 1342 2934 αὐτοῖς
1379 2869 1620 2941 γαμικοῦ
1663 2887 1843 2940 παρα-

248 2969 421 3038 σκευὴ
459 2967 948 3039 συναλλάγματος,
989 2967 1152 3020 πόθεν
1195 2967 1522 3037 ἐσθημάτων
1565 2967 1842 3036 εὐσχημο-

251 3065 409 3135 σύνη,
429 3065 593 3118 πόθεν
620 3064 849 3118 οἰκετῶν
872 3064 1087 3134 ἑκάστῳ
1109 3062 1361 3134 διανομὴ,
1386 3065 1514 3116 ποῖα
1536 3061 1644 3116 τῶν
1674 3062 1842 3114 όντων

249 3161 562 3233 προσνείμῃ
602 3160 680 3232 τῷ
734 3159 978 3232 μείζονι,
1015 3159 1133 3222 πῶς
1170 3159 1262 3212 τὸν
1307 3158 1632 3230 μικρότερον
1679 3158 1843 3228 θερα-

249 3257 446 3310 πεύσει
481 3257 803 3326 φθονοῦντα.
849 3257 912 3312 Ἠ
939 3257 1167 3326 ἄγαμος
1187 3257 1446 3326 μεριμνᾷ
1473 3258 1547 3311 τὰ
1580 3256 1686 3310 τοῦ
1721 3259 1842 3310 Κυ-

240 3353 407 3421 ρίου,
429 3353 531 3406 ἵνα
554 3348 598 3424 ᾖ
633 3353 773 3424 ἁγία
796 3353 895 3407 καί
920 3353 1148 3422 σώματι
1178 3351 1277 3406 καὶ
1301 3352 1611 3422 πνεύματι,
1637 3351 1711 3405 Οὐ
1750 3352 1846 3405 τοῦ

249 3447 435 3518 γάμου
469 3449 897 3520 στηλιτεύω“τὴν
942 3448 1106 3520 φύσιν
1127 3463 1141 3478 ·
1173 3448 1400 3519 πρόνοια
1422 3448 1530 3518 γὰρ
1564 3442 1719 3511 οὗτος
1750 3446 1847 3501 τοῦ

251 3543 446 3612 γένους
496 3546 688 3616 κοινή·
747 3544 886 3599 ἀλλὰ
934 3543 1044 3598 τῶν
1091 3544 1148 3598 ἐν
1179 3545 1344 3616 γάμῳ
1399 3544 1709 3616 δημοσιεύω
1749 3544 1848 3616 τὴν

207 3655 213 3658 ’
254 3639 569 3711 μέριμναν,
615 3641 891 3712 μερίμνης
945 3641 1218 3712 σαρκικῆς
1257 3641 1511 3712 οὐράνιον
1549 3641 1850 3713 προτίθημι

257 3735 556 3807 μέριμναν,
583 3737 802 3791 κάλλιον
825 3736 993 3790 καλοῦ
1024 3736 1299 3808 προτιμῶ.
1320 3735 1598 3808 Κρείττων
1622 3737 1716 3791 καὶ
1742 3736 1850 3790 τῶν

257 3831 403 3885 κατά
425 3833 526 3904 τῆς
542 3831 687 3898 Εὔας
714 3836 749 3904 ή
777 3832 1048 3906 παρθένος
1070 3833 1389 3905 προστίμων
1410 3848 1424 3863 ⁸
1460 3833 1523 3884 τὸ
1545 3833 1677 3904 γὰρ,
1693 3832 1853 3901 Πρὸς

257 3930 370 3984 τὸν
391 3929 581 3998 ἄνδρα
608 3944 726 3986 σου
759 3933 798 4000 ἡ
823 3930 1183 4001 ἀποστροφή
1213 3946 1353 3996 σου,
1381 3929 1479 3984 καί
1514 3930 1701 3997 αὐτός
1732 3945 1850 3984 σου

259 4027 565 4094 κυριεύσει
584 4068 599 4094 ,
661 4029 782 4092 ταῖς
837 4027 971 4099 παρ’
1025 4026 1238 4098 ἀνδρῶν
1302 4025 1378 4098 μὴ
1425 4025 1852 4097 δεσποζομὲναις

261 4123 585 4195 ἀνίσχυρον·
610 4123 692 4191 τὸ,
735 4125 840 4180 Ἔν
867 4127 1091 4192 ,λύπαις
1123 4125 1270 4194 τέξῃ
1316 4125 1520 4189 τέκνα,
1551 4125 1675 4189 ταῖς
1714 4141 1855 4195 παρ-

263 4220 617 4286 θενευούσαις
666 4222 872 4295 ἀργόν·
923 4224 958 4294 ή
1012 4221 1123 4296 γάρ
1167 4223 1242 4294 μὴ
1295 4221 1561 4276 τίκτουσα
1596 4221 1697 4293 τῆς
1742 4220 1855 4275 τῶν

262 4317 528 4390 λυπηρῶν
555 4318 762 4373 ὠδίνων
809 4319 969 4384 ἐκτὸς
1019 4319 1373 4390 ἀποφάσεως.
1402 4319 1543 4390 Ἤδη
1581 4320 1696 4383 τοῖς
1743 4317 1856 4373 τῶν

268 4413 575 4486 μελλόντων
600 4417 637 4486 ή
666 4414 937 4487 παρθένος
966 4417 1242 4489 ἐντρυφᾷς
1261 4415 1580 4488 ἀρῤαϐῶσιν
1596 4432 1611 4446 ·
1647 4415 1750 4488 ήδη
1775 4413 1855 4487 τῷ

267 4510 371 4581 τῆς
420 4510 774 4575 ἀναστάσεως
819 4512 1082 4584 ἁγιασμῷ
1142 4513 1433 4576 συνοικεῖς.
1476 4512 1581 4566 Ἐν
1627 4511 1738 4580 γὰρ
1777 4509 1856 4581 τῇ

1934 685 2099 741 μεγα,
2134 668 2435 739 ἐπειδήπερ
2467 668 2563 720 καὶ
2594 665 2655 719 τὸ
2698 649 3064 736 κατόρθωμα·
3100 663 3191 716 διὰ
3221 662 3381 717 τοῦτο
3424 665 3526 734 τῆς

1931 765 2347 836 πορνευομένης
2376 766 2409 833 ή
2445 764 2545 833 τῆς
2575 761 3057 834 παρθενευομένης
3094 760 3355 828 ἀσέλγεια
3392 778 3525 828 μιαο

1935 861 2185 935 ρωτέρα·
2211 860 2272 913 οὐ
2301 860 2412 930 γὰρ
2455 858 2570 913 τσον
2605 859 3091 929 παρθενευομένης
3128 857 3224 910 καὶ
3265 874 3529 928 πορνευο-

1935 957 2106 1028 μένης
2144 956 2351 1028 φθορά·
2379 955 2482 1008 οὐκ
2520 954 2634 1008 ἴσον
2677 953 2935 1017 ἰδιώτιδος
2968 953 3064 1006 καὶ
3102 953 3372 1024 βασιλίδος
3400 953 3531 1021 φθο-

1937 1055 2037 1125 ρά·
2067 1053 2169 1108 οὐκ
2201 1053 2317 1105 ἴσον
2341 1050 2567 1113 σκεύους
2596 1049 2874 1121 ἱερατικοῦ
2910 1049 3004 1102 καὶ
3034 1049 3296 1119 ἀγοραίου
3326 1047 3526 1118 κλοπή.

1933 1151 2138 1215 Σκεῦος
2171 1153 2281 1222 γὰρ
2315 1147 2592 1221 ἱερατικὸν
2631 1150 2664 1218 ή
2696 1146 2991 1217 παρθένος,
3021 1144 3312 1216 πορφυρὶς,
3333 1144 3402 1214 ἢν
3430 1143 3531 1196 οὐκ

1934 1248 2149 1316 ἔξεστιν
2175 1246 2320 1318 άλλῳ
2349 1244 2492 1317 πλὴν
2530 1244 2609 1316 τῷ
2641 1243 2750 1297 τῶν
2784 1243 2921 1297 ὅλων
2966 1241 3177 1312 βασιλεῖ
3212 1239 3533 1312 προσηρμό-

1936 1346 2084 1409 σθαι,
2116 1344 2304 1416 νύμφη
2337 1343 2515 1412 γάμον
2544 1341 2632 1395 ἀεὶ
2656 1339 2974 1410 κεκτημένη
3008 1337 3303 1410 παρθένον.
3327 1339 3391 1390 Ὢ
3423 1354 3531 1406 μα-

1936 1441 2146 1512 καρίων
2167 1439 2383 1510 γάμων,
2414 1433 2489 1490 ὧν
2521 1438 2554 1507 ή
2586 1437 2847 1507 στρωμνὴ
2877 1435 3168 1506 παρθενία.
3206 1433 3376 1504 ’Υπέρ
3409 1429 3532 1484 τού-

1935 1555 2044 1592 των
2078 1536 2180 1606 τῆς
2236 1535 2514 1606 μακαρίας
2561 1535 2610 1586 οἱ
2659 1533 2896 1586 κίνδυνοι
2936 1532 3242 1603 μάρτυρος·
3274 1525 3382 1581 εἶδε
3423 1528 3535 1599 γὰρ

1938 1636 2032 1690 τοῦ
2059 1633 2297 1705 νυμφίου
2319 1631 2383 1684 τὸ
2417 1629 2635 1692 κάλλος,
2672 1630 2768 1682 καὶ
2796 1631 2894 1699 τῆς
2921 1627 3052 1690 θέας
3077 1627 3179 1680 οὐκ
3205 1625 3493 1680 ἀπεσπᾶτο
3517 1639 3532 1650 ·

1940 1733 2193 1787 ἐπέκειτο
2229 1730 2412 1801 μήτηρ
2451 1727 2588 1796 πρὸς
2638 1724 2788 1797 [751]
2826 1725 3002 1796 γάμον
3053 1722 3375 1792 ἐπείγουσα,
3407 1721 3441 1790 ή
3477 1719 3537 1772 δὲ

1940 1829 2079 1900 πρὸς
2103 1827 2195 1880 τὸν
2224 1829 2280 1879 ἐν
2319 1827 2435 1888 τοῖς
2456 1824 2707 1893 οὐρανοῖς
2742 1821 2925 1876 διεϐόα
2962 1819 3195 1892 νυμφίον
3216 1837 3230 1850 ο
3273 1817 3429 1886 Πρὸ(-
3460 1815 3539 1869 σὲ

1939 1922 2054 1996 ἦρα
2082 1925 2226 1990 τοὺς
2249 1917 2610 1992 ὀφθαλμούς*
2620 1937 2763 1989 μου,
2789 1920 2897 1972 τὸν
2926 1917 3324 1971 κατοικοῦντα
3352 1913 3424 1966 ἐν
3458 1910 3538 1976 τῷ

1941 2020 2208 2088 οὐρανῷ·
2257 2017 2524 2086 ἐπεφοίτα
2579 2015 2829 2088 μνηστήρ
2871 2012 3105 2077 διαλέξει
3146 2011 3359 2081 γαμικῇ
3393 2024 3537 2078 γαρ-

1943 2115 2206 2186 γαλίζων,
2244 2117 2277 2185 ἡ
2317 2114 2376 2168 δέ
2405 2113 2485 2183 τῷ
2510 2109 2734 2184 Χριστῷ
2767 2111 2889 2165 καθ’
2925 2109 3124 2180 ἑαυτὴν
3160 2107 3536 2168 συνετάττετο,

1955 2211 2287 2278 Ἐκολλήθη
2313 2212 2352 2279 ἡ
2387 2208 2559 2279 ψυχή
2577 2227 2697 2278 μου
2721 2209 2916 2262 ὀπίσω
2939 2224 3079 2273 σου,
3110 2206 3345 2274 λέγουσα
3365 2220 3379 2232 ·
3416 2219 3540 2255 συν-

1941 2311 2134 2380 έρρεον
2166 2309 2453 2375 συγγενεῖς
2486 2306 2898 2372 κολακεύοντες,
2937 2306 2970 2376 ή
3009 2303 3066 2356 δὲ
3098 2299 3542 2372 διαμαρτυρόμε-

1944 2425 2033 2462 νον
2064 2405 2399 2475 ἐφαντάζετο
2430 2402 2644 2456 Παῦλον
2666 2419 2680 2432 ·
2726 2401 3108 2471 Ἠρμοσάμην
3138 2413 3211 2452 σε
3248 2395 3340 2450 ἑνὶ
3366 2393 3541 2462 ἀνδρί

1944 2503 2246 2571 παρθένον
2265 2501 2464 2569 ἁγνὴν
2487 2496 2876 2567 παραστῆσαι
2901 2494 2982 2561 τῷ
3002 2492 3269 2564 Χριστῷ·
3301 2491 3542 2544 ἱκέτευον

1944 2599 2155 2652 οἰκέται
2188 2599 2286 2652 σὺν
2335 2597 2627 2668 δάκρυσιν,
2673 2596 2705 2663 ἡ
2739 2593 2795 2645 δὲ
2832 2590 3101 2664 προσῇδεν
3143 2587 3423 2661 ἐρωτικῶς
3461 2583 3542 2653 τῷ

1945 2694 2195 2765 νυμφίῳ·
2237 2694 2333 2757 Τίς
2372 2691 2530 2760 ἡμᾶς
2571 2690 2815 2759 χωρίσει
2854 2684 2974 2741 ἀπὸ
3009 2684 3121 2754 τῆς
3148 2686 3389 2755 ἀγάπης
3433 2681 3542 2735 τοῦ

1948 2790 2204 2858 Χριστοῦ
2227 2805 2246 2852 ;
2277 2788 2508 2858 ἐφόϐουν
2552 2785 2807 2840 δικασταὶ
2846 2784 3163 2856 τιμωρίαις,
3189 2783 3224 2853 ἡ
3252 2781 3308 2834 δὲ
3337 2779 3542 2851 φρονή-

1952 2902 2082 2956 ματι
2136 2884 2319 2946 πάσας
2376 2884 2672 2936 κατεπάτει
2709 2879 2933 2950 βοῶντι·
2983 2882 3046 2932 Ol
3094 2878 3383 2945 ἄρχοντες
3430 2876 3543 2928 οὐκ

1950 2982 2069 3035 είσί
2103 2981 2288 3049 φόϐος
2325 2977 2447 3032 τῶν
2478 2978 2719 3048 ἀγαθῶν
2740 2979 2948 3045 ἔργων,
2972 2974 3135 3029 ἀλλὰ
3170 2973 3289 3026 τῶν
3317 2970 3539 3025 κακῶν.

1962 3077 2052 3141 Ὧς
2080 3076 2138 3128 δέ
2169 3075 2278 3128 ἔδει
2302 3074 2406 3128 κάν
2425 3075 2546 3136 ταῖς
2569 3074 2707 3135 ὁδοῖς
2728 3070 3028 3143 παρθενίας
3058 3069 3384 3146 ἀνδριάντας
3413 3065 3546 3120 ἀνα-

1955 3173 2144 3243 στῆναι
2199 3173 2265 3242 τῇ
2315 3171 2590 3242 μάρτυρι,
2622 3169 2835 3238 γίνεταί
2883 3186 2936 3222 τι
2989 3165 3230 3220 τοιοῦτον
3276 3167 3341 3237 τῇ
3390 3161 3545 3216 παιδὶ

1953 3263 2328 3339 πειρατήρῖον.
2361 3267 2637 3336 ’Δφεμένη
2662 3265 2766 3336 τῆς
2789 3263 3024 3336 κρίσεως
3053 3262 3152 3335 τὴν
3174 3261 3389 3315 Παύλου
3423 3275 3547 3330 μετ-

1950 3365 2143 3418 εδίωκε
2170 3364 2370 3437 θήραν,
2399 3362 2498 3416 καὶ
2522 3364 2644 3426 ταῖς
2667 3363 2881 3433 φήμαις
2898 3362 3096 3430 όδηγου
3107 3360 3244 3432 μένη
3275 3355 3544 3428 κατεθάρ-

1953 3461 2038 3530 ρει
2063 3460 2158 3513 καὶ
2179 3458 2316 3513 ὁδῶν
2337 3455 2591 3527 ἀγουσῶν
2609 3457 2702 3509 ἐπὶ
2719 3457 2953 3510 Παῦλον.
2971 3457 3192 3528 Ἐτήρει
3225 3454 3281 3510 δὲ
3305 3454 3413 3524 ἄρα
3445 3452 3545 3521 τὴν

1953 3557 2124 3627 κόρην
2157 3554 2426 3619 διάϐολος,
2459 3554 2557 3607 καὶ
2587 3555 2834 3626 τηρήσας
2864 3552 3253 3624 όδοιποροῦσαν
3285 3552 3549 3618 ἐπιστρα-

1917 3711 1928 3722 ,
1951 3651 2100 3705 τεύει
2129 3651 2223 3705 τὸν
2261 3651 2552 3722 μνηστῆρα
2583 3653 2650 3722 τῇ
2697 3651 2858 3722 κόρῃ,
2902 3650 3003 3720 τῆς
3042 3647 3341 3717 παρθενίας
3377 3645 3452 3707 ὡς
3488 3645 3548 3697 ἐν

1953 3745 2162 3820 ἐρημίᾳ
2187 3745 2413 3819 λῃστήν.
2430 3746 2541 3799 Καὶ
2560 3745 2626 3818 δή
2646 3745 2932 3817 πληρούσῃ
2956 3744 3052 3816 τὴν
3081 3744 3199 3798 ὁδὸν
3223 3745 3291 3815 τῇ
3321 3740 3547 3810 γενναίᾳ

1958 3840 2294 3914 ἱππόπορνος
2317 3842 2547 3896 κατόπιν
2586 3843 2615 3896 ό
2648 3842 2898 3913 μνηστὴρ
2928 3841 3212 3894 ὀπιπεύων
3238 3835 3548 3900 ἐπωλόλυζε

1958 3940 2220 4012 σύλληψιν
2235 3957 2249 3970 ·
2271 3939 2476 4011 ἄπορος
2497 3937 2838 4009 πανταχόθεν
2859 3939 3189 4008 στενοχωρία
3205 3953 3220 3968 ·
3239 3939 3268 3989 ὁ
3291 3935 3420 3988 πολε
3429 3934 3549 4005 μῶν

1959 4036 2203 4107 ἰσχυρὸς,
2238 4037 2273 4107 ή
2304 4033 2690 4105 πολεμουμένῃ
2734 4032 2932 4106 σαθρά.
2965 4032 3076 4098 Ποῦ
3114 4049 3198 4096 τις
3239 4032 3298 4083 ἐν
3340 4027 3548 4100 ἐρημίᾳ

1955 4135 2281 4206 καταφυγῆς
2322 4135 2648 4207 καταφυγή;
2693 4135 3005 4210 Στραφεῖσα
3035 4134 3094 4188 δὲ
3136 4134 3274 4204 πρὸς
3316 4130 3547 4203 οὐρανὸν

1955 4231 1991 4302 ἠ
2025 4229 2316 4301 παρθένος,
2364 4231 2503 4303 πρὸς
2542 4230 2635 4285 τὸν
2671 4233 2808 4285 πᾶσι
2853 4229 3133 4302 πανταχοῦ
3166 4232 3280 4294 τοῖς
3320 4227 3550 4283 καλοῦσι

1957 4327 2206 4397 παρόντα
2250 4327 2349 4380 σὺν
2391 4328 2664 4398 οἰμωγαῖς
2715 4327 3055 4394 ἀνωλόλυξε·
3098 4328 3279 4396 Κύριε
3325 4328 3358 4382 ό
3405 4325 3552 4391 Θεός

1952 4441 2096 4495 μου,
2129 4424 2228 4479 ἐπὶ
2254 4424 2354 4480 σοί
2382 4423 2641 4494 ἤλπισα.
2673 4429 2691 4449 ⁶
2717 4428 2734 4448 ‘
2758 4429 2775 4448 '
