4206 6302
218 375 324 431 ἨΘ
718 377 723 380 ’
1337 370 1428 426 DE
1467 369 1652 426 FATO
1691 367 1779 423 ET
1814 366 2303 425 PROVIDENTIA.
2345 367 2384 420 l.
3208 441 3217 450 -
3411 371 3512 426 750

227 493 3499 529 W—m

1639 625 2089 687 ADMONITIO.

217 757 374 813 Notis
401 756 667 813 Hernicus
698 754 957 819 Savilius,
984 755 1038 809 in
1079 753 1329 809 oratione
1357 760 1514 808 sexta
1545 768 1613 807 ne
1645 753 1874 809 verbum
1906 753 2130 824 quidem
2153 767 2278 809 esse
2311 754 2379 807 de
2406 753 2522 808 fato
2559 762 2615 809 et
2635 753 2998 825 providentia,
3033 755 3127 810 sed
3157 762 3327 810 totam
3368 756 3502 828 περὶ

216 848 666 922 γαπριμαργίας
719 848 1025 903 orationem
1086 862 1226 910 esse,
1284 860 1391 900 non
1435 847 1678 902 'oumino
1699 863 1892 903 verum
1921 857 2056 918 puto
2085 865 2100 902 :
2133 862 2258 901 nam
2293 862 2420 902 cum
2460 847 2529 902 ab
2558 847 2644 902 his
2676 849 2888 910 verbis,
2924 847 3276 903 Comedamus
3320 858 3371 902 ιι
3422 850 3509 903 bi-

217 941 407 992 bamus
435 952 453 989 :
483 953 603 993 cras
629 940 771 992 enim
817 939 1125 1005 moriemur,
1156 938 1464 994 oralionem
1508 938 1632 1005 init,
1682 938 1751 993 ad
1791 940 1994 995 seriem
2022 940 2434 1010 prarmissarum
2478 938 2792 994 orationum
2841 939 3082 1012 respicit,
3141 955 3378 1012 quarum
3420 956 3511 996 ar-

215 1036 545 1100 gumentum
577 1037 663 1085 est
699 1037 891 1084 contra
927 1042 1047 1097 eos,
1076 1027 1172 1098 qui
1203 1028 1390 1083 omnia
1419 1026 1534 1083 fato
1563 1027 1824 1098 quopiam
1853 1038 1911 1084 et
1944 1044 2053 1084 non
2086 1028 2431 1100 providentia
2479 1027 2573 1084 Dei
2603 1029 2718 1100 geri
2745 1029 3050 1099 putabant;
3083 1029 3151 1085 ad
3182 1045 3280 1086 eos
3325 1039 3509 1086 autem

213 1121 366 1175 baud
392 1119 556 1175 dubie
584 1127 833 1190 spectant
863 1119 981 1176 haec
1008 1120 1196 1186 verba,
1239 1118 1589 1176 Comedamus
1615 1131 1666 1176 et
1694 1121 1939 1176 bibamus
1967 1137 1987 1176 :
2020 1137 2140 1175 cras
2167 1123 2308 1176 enim
2339 1121 2669 1187 moriemur;
2701 1121 2824 1177 baac
2845 1130 2975 1178 sunt
3005 1121 3151 1178 dicta
3182 1137 3375 1178 eorum
3407 1126 3504 1194 qui
3549 1183 3552 1186 ,

213 1213 332 1270 fato
363 1214 489 1270 ferri
513 1214 698 1269 omnia
718 1221 928 1284 putant.
965 1212 1124 1280 Quod
1152 1216 1320 1270 etiam
1355 1217 1595 1272 maxime
1627 1216 1911 1272 declarant
1938 1216 2053 1271 hac
2086 1218 2250 1285 paulo
2280 1210 2406 1287 post
2438 1216 2660 1272 initium
2678 1225 2849 1272 sextae
2877 1217 3055 1288 posita
3082 1217 3246 1273 verba
3275 1235 3288 1272 :
3323 1218 3511 1290 Ὅπερ

212 1307 372 1381 1752]
418 1303 510 1362 οὖν
536 1306 744 1375 ἔλεγον,
781 1305 862 1360 ὅτι
895 1307 1132 1378 μάλιστα
1162 1308 1261 1378 μὲν
1307 1309 1358 1361 εἰ
1384 1309 1480 1361 καὶ
1509 1309 1632 1380 εἰκῇ
1661 1310 1758 1364 καὶ
1785 1311 1962 1381 μάτην
2014 1309 2504 1380 παραγεγόναμεν,
2536 1308 2657 1362 οὐδὲ
2705 1307 2998 1373 ἀνεύθυνος
3026 1311 3161 1380 ἡμῖν
3213 1310 3247 1380 ἠ
3277 1309 3505 1378 τοιαύτη

214 1399 443 1471 πρᾶξις,
472 1414 595 1470 qua:
621 1408 769 1455 certe
800 1399 866 1454 ad
901 1400 1024 1455 illos
1057 1400 1380 1470 respiciunt,
1421 1400 1539 1471 qui,
1564 1401 1659 1456 Dei
1690 1401 2030 1472 providentia
2061 1402 2286 1473 rejecta,
2321 1401 2435 1458 fato
2475 1403 2660 1457 omnia
2700 1401 3042 1458 adscribunt.
3078 1400 3218 1455 Cum
3252 1414 3384 1471 ergo
3409 1415 3510 1473 per

219 1506 372 1552 totas
410 1499 655 1567 quinque
693 1500 906 1569 priores
938 1500 1220 1555 orationes
1245 1508 1436 1554 contra
1469 1498 1644 1553 fatum
1675 1499 2127 1572 Chrysostomus,
2167 1500 2252 1554 vel
2288 1501 2333 1555 si
2364 1499 2492 1570 quis
2518 1499 2660 1554 alius
2689 1505 2882 1554 auctor
2911 1499 3004 1561 sit,
3039 1496 3417 1563 disseruisset,
3449 1497 3506 1552 in

211 1597 370 1644 sexta
419 1601 825 1660 consequenter
871 1588 985 1661 agit
1026 1600 1217 1645 contra
1257 1606 1353 1646 eos
1397 1592 1527 1661 qui,
1571 1591 1756 1645 omnia
1813 1592 1923 1647 fato
1975 1591 2100 1647 ferri
2141 1601 2431 1663 putantes,
2483 1593 2732 1660 nihilque
2764 1599 3058 1657 curantes,
3095 1590 3270 1645 ventri
3326 1588 3507 1648 indui.

215 1682 352 1753 κρινεῖ
363 1694 438 1738 ut.
614 1679 619 1683 “

286 1774 516 1829 Joannis
544 1774 710 1829 Cheei
757 1773 1222 1846 Cautabrigiemis
1255 1776 1759 1844 interpretationem
1793 1775 2069 1840 Latinam,
2099 1774 2199 1831 etsi
2249 1790 2357 1830 non
2390 1775 2776 1845 inelegantem,
2805 1775 2935 1846 quia
2989 1789 3096 1828 non
3137 1785 3354 1842 semper
3389 1767 3502 1825 sibi

212 1871 528 1933 constabat,
551 1882 616 1922 .et
643 1883 750 1924 non
779 1885 904 1926 raro
927 1869 1218 1924 aberrahat
1247 1884 1279 1923 a
1307 1885 1494 1937 sensu,
1534 1871 1850 1941 rejecimns.
1892 1885 2201 1940 novamque
2233 1869 2569 1939 paravimus.

3129 2051 3504 2074 ..ῤ’-1.·-

229 2071 522 2088 pi”

1388 2157 1676 2220 SANCTI
1717 2155 2004 2219 PATRIS
2044 2152 2339 2217 NOSTRI

782 2312 1591 2430 JOANNIS
1665 2313 1828 2427 Cl

1934 2304 3013 2445 BYSOSTOMI,

1115 2496 1122 2509 ‘
1181 2478 1700 2558 ARCHIEPISCOPI
1739 2496 2564 2567 CONSTANTINOPOLITANI,

561 2651 833 2792 DE
909 2650 1461 2800 FATO
1504 2647 1753 2796 ET
1817 2637 3218 2796 PROVIDENTIA

1440 2891 1920 2987 «stationes
1970 2905 2130 2982 sex
2161 2870 2272 2973 (³.).

1330 3090 1867 3127 -——-—-—--a-.=

1921 3091 2465 3126 =———-—-—-

1077 3216 1238 3302 DE
1279 3215 1584 3303 FATO
1628 3213 1779 3298 ET
1819 3202 2647 3297 PROVIDENTIA.

1661 3378 2084 3452 mam—

1929 3518 2049 3588 plus
2095 3530 2255 3587 quam
2303 3484 2628 3586 pauperem,
2672 3505 2972 3582 principem
3013 3505 3129 3580 plus
3159 3520 3320 3582 quam
3345 3505 3534 3570 subdi»

1930 3617 2065 3673 tum,
2084 3605 2376 3661 multorum
2396 3605 2686 3659 liberorum
2707 3610 2981 3673 parentem
3006 3603 3126 3673 plus
3143 3617 3302 3674 quam
3315 3602 3536 3660 orbum:

891 3535 1083 3578 ORATIO
1122 3537 1158 3576 1.

286 3615 508 3669 Animus
534 3621 665 3667 recte
687 3613 998 3684 compositus
1025 3614 1163 3666 solus
1189 3612 1323 3684 parit
1361 3611 1834 3682 tranquillitatem;

207 3709 427 3776 quinam
451 3705 584 3760 beati
606 3704 862 3760 censendi.
887 3734 957 3745 —
983 3704 1162 3758 Multis
1189 3702 1387 3760 referta
1417 3714 1502 3760 est
1527 3704 1812 3774 perturba-
1927 3715 1997 3756 ne
2021 3714 2110 3754 res
2138 3698 2192 3753 in
2217 3712 2376 3753 causa
2408 3711 2530 3752 esse
2556 3705 2825 3765 putemus,
2851 3694 2946 3747 sed
2975 3707 3090 3760 eos,
3122 3693 3212 3764 qui
3240 3693 3405 3748 rebus
3433 3707 3534 3762 op-

208 3796 458 3852 tionibus
476 3795 582 3851 vita
603 3803 805 3860 nostra,
830 3794 1248 3866 tumultibusque
1275 3795 1428 3864 plena
1455 3812 1469 3847 :
1498 3809 1683 3849 verum
1711 3807 1818 3847 non

209 3887 270 3941 in
327 3900 398 3941 eo
448 3884 575 3940 mali
613 3885 843 3954 gravitas
900 3885 1000 3938 sita
1059 3893 1176 3953 est,
1240 3883 1461 3950 dilecti;
1525 3883 1620 3938 sed
1670 3882 1725 3937 in
1753 3897 1819 3938 eo

207 3977 366 4048 quod
401 3992 524 4031 cum
565 3976 870 4046 hujusmodi
902 3975 1334 4046 perturbationes
1370 3986 1534 4046 atque
1563 3974 1820 4031 tumultus

207 4071 304 4125 vel
334 4067 565 4123 leviores
594 4067 810 4124 efﬁcere
837 4069 920 4123 vel
945 4069 1062 4122 sine
1089 4068 1336 4123 molestia
1362 4066 1504 4122 ferre
1529 4065 1817 4136 possimus,

211 4169 478 4216 neutrum
525 4174 712 4214 eorum
758 4159 971 4228 assequi
1016 4174 1294 4225 conamur,
1325 4158 1550 4214 sednos
1587 4171 1821 4213 maerore

209 4251 594 4317 conficientes,
626 4259 796 4306 totum
816 4250 940 4305 vita:
972 4259 1181 4321 tempus
1205 4249 1448 4320 desimus
1471 4266 1486 4302 :
1509 4257 1667 4319 atque
1686 4248 1822 4302 alius

207 4350 614 4415 paupertatem,
646 4342 782 4396 alius
811 4341 1178 4410 aegritudinem
1209 4341 1452 4410 queritur
1477 4382 1492 4408 ,
1516 4339 1652 4394 alius
1677 4339 1828 4415 solli:

206 4432 478 4492 citndinis
507 4434 726 4499 molem,
757 4433 895 4488 alius
924 4433 1006 4488 rei
1035 4431 1319 4488 familiaris
1347 4447 1562 4499 curam,
1588 4431 1727 4486 alius
1753 4430 1822 4486 li-

205 4527 478 4583 berorum
508 4524 878 4580 educationem
897 4565 911 4591 ,
943 4524 1080 4579 alius
1109 4523 1414 4579 orbitatem.
1443 4524 1524 4579 Ac
1548 4523 1671 4579 vide
1694 4522 1825 4579 insi-

205 4631 386 4689 gnem
425 4616 715 4670 amentiam
741 4633 756 4669 :
783 4630 891 4671 non
917 4615 1063 4670 enim
1105 4615 1293 4671 iisdem
1334 4615 1390 4671 in
1421 4616 1616 4681 rebus,
1644 4615 1739 4670 sed
1769 4616 1824 4670 in

206 4707 515 4761 contrariis
541 4722 693 4777 mque
715 4707 979 4777 lugemus.
1005 4707 1163 4778 Atqui
1191 4707 1236 4762 si
1263 4723 1443 4763 rerum
1471 4707 1705 4762 conditio
1731 4722 1828 4761 no-

207 4805 305 4855 bis
354 4812 514 4853 causa
556 4798 728 4854 luctus
756 4806 932 4864 esset,
965 4812 1072 4852 non
1118 4812 1212 4867 par
1257 4807 1400 4852 esset
1447 4799 1500 4851 in
1544 4796 1828 4851 contrariis

208 4888 398 4944 rebus
426 4892 583 4958 :nque‘
609 4887 795 4959 iugere
824 4905 838 4942 :
871 4886 965 4942 sed
989 4888 1034 4942 si
1056 4897 1341 4958 paupertas
1369 4888 1569 4942 malum
1591 4885 1829 4958 illudque

210 4979 574 5037 intolerabile
599 4989 772 5047 esset,
799 4994 923 5036 eum
951 4979 1041 5051 qui
1072 4979 1360 5053 indivitiis
1399 4981 1634 5047 viveret,
1667 4996 1826 5036 num-

209 5088 393 5144 quam
424 5070 652 5126 cruciari
682 5080 989 5140 oporteret;
1021 5079 1076 5126 et
1100 5070 1148 5126 si
1176 5071 1380 5125 orbitas
1407 5081 1550 5126 esset
1589 5073 1788 5127 malum
1812 5111 1831 5128 .

212 5165 528 5220 multorum
577 5163 869 5218 liberorum
909 5173 1194 5233 pereuntem
1244 5165 1589 5235 tranquillum
1637 5165 1834 5235 degere

214 5271 332 5328 par
363 5265 530 5311 esset.
557 5255 766 5311 Rursus
794 5256 839 5310 si
867 5255 1251 5325 rempublicam
1277 5257 1656 5312 administrare
1676 5300 1690 5323 ,
1737 5257 1836 5312 ho-

217 5346 466 5405 noribus
513 5345 652 5413 frui,
705 5348 1008 5416 multosque
1055 5349 1300 5404 subditos
1353 5348 1551 5404 habere
1599 5349 1836 5419 optabile

222 5445 410 5503 esset,
431 5437 537 5490 vita
569 5438 797 5508 negotiis
819 5452 986 5492 vacua
1005 5448 1059 5494 et
1085 5438 1372 5509 tranquilla
1394 5439 1643 5510 fugienda
1671 5449 1838 5506 esset,

221 5540 287 5586 et
325 5527 580 5583 omnibus
605 5529 730 5584 odio
759 5527 1022 5585 habenda.
1050 5529 1203 5584 Nunc
1227 5545 1361 5586 vero
1399 5545 1520 5585 cum
1551 5531 1734 5586 videas
1764 5531 1844 5584 lo-

222 5619 483 5687 cupletes
526 5629 582 5674 et
628 5631 814 5676 tenues
854 5636 1008 5692 teque
1055 5622 1270 5693 lugere,
1299 5623 1516 5678 divitem
1545 5638 1671 5678 vero
1699 5637 1842 5692 saepe

227 5824 272 5868 τ’
297 5753 386 5870 (:1)
397 5753 562 5805 Collati
585 5767 695 5804 cum
717 5755 887 5807 Codice
902 5756 1179 5812 Golbertino
1200 5757 1277 5820 49,
1298 5761 1379 5823 qui
1405 5771 1501 5809 non
1527 5757 1732 5809 multum
1759 5770 1842 5824 va-V

257 5835 308 5870 ra
345 5855 360 5869 .

257 5835 360 5870 131.

1927 3801 2158 3863 portune
2194 3790 2270 3845 uti
2301 3804 2469 3860 seque
2496 3789 2563 3843 ab
2587 3787 2734 3842 omni
2761 3801 2947 3841 errore
2976 3785 3208 3845 liberare
3240 3795 3533 3856 nequeunt.

1925 3884 2059 3940 Nam
2089 3883 2545 3954 perturbationem
2570 3890 2732 3951 atque
2759 3880 3041 3934 tumultum
3069 3894 3178 3932 non
3206 3876 3530 3933 temerarius

1927 3989 2111 4031 rerum
2142 3981 2370 4028 eventus
2390 4014 2405 4040 ,
2449 3970 2545 4026 sed
2577 3985 2676 4025 nos
2695 4013 2711 4038 ,
2743 3968 2839 4025 sed
2876 3969 3089 4023 animus
3117 3976 3304 4023 noster
3346 3982 3538 4038 parcre

1926 4067 2088 4122 solet.
2117 4065 2194 4121 ita
2221 4067 2264 4121 si
2291 4066 2361 4120 sit
2401 4064 2493 4120 ille
2530 4063 2687 4119 nobis
2732 4073 2879 4118 recte
2921 4061 3283 4131 compositus,
3327 4059 3551 4115 etiamsi.

1927 4166 2198 4214 sexcenta:
2242 4157 2479 4228 undique
2525 4163 2877 4226 tempestates
2920 4154 3250 4220 exeitentur,»
3292 4152 3346 4205 in
3391 4161 3540 4206 tran-

1927 4250 2098 4322 quilio
2125 4257 2181 4306 et
2206 4250 2262 4304 in
2295 4258 2450 4319 portu
2489 4263 2706 4318 semper
2750 4247 3098 4318 quiescemus
3131 4262 3146 4304 :
3180 4244 3534 4316 quemadmo-

1928 4340 2057 4396 dum
2087 4349 2273 4396 contra
2312 4340 2360 4395 si
2399 4355 2506 4394 non
2553 4339 2621 4393 sit
2663 4338 2803 4392 bene
2833 4337 3055 4392 allectus
3078 4378 3094 4402 ,
3135 4335 3347 4390 etiamsi
3384 4334 3540 4389 nobis

1928 4449 2018 4488 res
2044 4431 2280 4489 secundo
2309 4441 2470 4487 vento
2493 4431 2752 4498 ferantur,
2777 4427 3049 4500 naufragis
3072 4430 3202 4500 ipsis
3222 4428 3391 4484 nihilo
3417 4442 3533 4482 me—

1928 4526 2035 4586 lius
2064 4526 2295 4580 erimus.
2324 4525 2477 4579 Licet
2517 4533 2571 4578 et
2603 4522 2705 4577 hoc
2731 4522 2783 4575 in
2813 4521 3131 4590 corporibus
3157 4534 3382 4575 cernere
3408 4535 3425 4576 ε
3450 4519 3541 4588 qui

1934 4617 2080 4673 enim
2126 4616 2353 4672 robusto
2395 4623 2478 4669 est
2521 4613 2763 4682 corporis
2806 4620 3228 4681 temperamento
3253 4652 3270 4678 ,
3297 4611 3545 4681 quamvis

1933 4718 2052 4764 eum
2102 4706 2406 4778 inaequabili
2450 4705 2593 4761 aeris
2646 4704 2904 4760 varietate
2953 4701 3256 4758 sexcenties
3309 4712 3541 4772 pugnet,

1932 4813 2040 4854 non
2067 4798 2230 4854 modo
2256 4797 2392 4853 nihil
2413 4798 2540 4852 mali
2567 4796 2820 4867 patietur,
2844 4795 2939 4851 sed
2967 4796 3129 4850 etiam
3151 4794 3542 4850 exercitatione

1934 4900 1989 4948 et
2018 4892 2359 4962 intemperiei
2397 4891 2788 4947 consuetudine
2812 4890 3181 4945 accessionem
3219 4889 3430 4943 roboris
3459 4905 3548 4944 aco

1935 4983 2098 5052 cipiet
2129 4999 2144 5038 ε
2175 4982 2256 5037 sin
2288 4982 2614 5037 imbecillum
2643 4990 2697 5036 et
2721 4981 2922 5052 gracile
2944 4996 3141 5050 corpus
3168 4979 3382 5045 habeat,
3417 4979 3546 5034 licet

1935 5076 2138 5132 outima
2185 5083 2563 5144 tempestatum
2607 5073 2916 5130 conditione
2970 5073 3198 5137 fruatur,
3247 5072 3379 5127 nihil
3422 5072 3546 5127 hinc

1937 5168 2210 5223 commodi
2260 5167 2519 5234 accedet,
2569 5183 2690 5222 cum
2740 5166 2953 5236 propria
3010 5165 3351 5220 imbecillitas
3403 5165 3545 5220 bona

1941 5271 2320 5331 tempestatum
2355 5261 2562 5316 ratione
2593 5259 2840 5314 lzcdatur.
2873 5259 2986 5313 Hoc
3021 5259 3198 5328 ipsum
3234 5260 3368 5313 etin
3409 5258 3547 5313 cibis

1941 5354 2246 5424 cernimus;
2277 5352 2492 5424 quando
2517 5351 2662 5407 enim
2686 5351 2898 5406 validus
2919 5352 3210 5419 firmusque
3233 5358 3418 5405 venter
3439 5361 3544 5416 est,

1947 5444 2319 5516 quodcumque
2362 5444 2694 5514 susceperit,
2733 5443 3076 5513 quantumvis
3104 5440 3331 5507 durum,
3370 5456 3544 5511 quan-

1949 5539 2144 5592 tumvis
2169 5536 2236 5592 ad
2262 5535 2702 5607 concoquendum
2727 5532 2948 5590 difﬁcile
2976 5535 3066 5598 sit,
3100 5533 3152 5586 in
3187 5548 3377 5600 purum
3413 5531 3546 5586 illud

1947 5643 2164 5682 succum
2193 5627 2480 5692 convertit,
2510 5624 2740 5682 naturali
2766 5625 3154 5695 temperatione
3182 5622 3286 5678 cibi
3315 5622 3548 5693 pravita-

1948 5729 2058 5774 tem
2085 5726 2372 5788 superante
2403 5735 2416 5771 :
2446 5715 2660 5787 quando
2683 5725 2863 5771 autem
2895 5715 2976 5769 vis
2997 5715 3114 5786 ejus
3137 5714 3310 5768 soluta
3341 5713 3548 5768 mollis-

1947 5828 2054 5878 quc
2079 5825 2180 5877 est,
2210 5811 2336 5869 licet
2361 5809 2463 5883 ipsi
2484 5809 2661 5867 cibum
2686 5808 2919 5867 maxime
2938 5807 3304 5866 succulentum
3327 5805 3542 5869 oderas,
