4206 6302
693 349 787 405 75!

689 464 742 520 in
779 478 1063 534 pessumum
1093 461 1240 517 illum
1259 465 1561 517 commutat
1588 463 1746 524 atque
1776 451 2088 519 corrumpit,
2116 448 2281 500 imbe-

694 559 911 612 cillitate
937 555 1051 623 ejus
1082 554 1187 607 vim
1217 551 1322 606 cibi
1347 548 1717 604 labefactante.
1750 546 1932 614 Itaque
1962 554 2015 596 et
2039 557 2137 596 nos
2158 555 2279 594 cum

695 648 934 701 videmus
960 660 1046 699 res
1073 642 1449 711 incompositas
1469 683 1483 704 ,
1516 655 1583 693 ne
1614 639 1781 692 Deum
1807 638 2080 706 culpemus
2100 677 2113 701 ,
2143 634 2280 688 dile-

693 739 801 791 cti:
837 735 967 790 illud
995 735 1138 790 enim
1168 749 1275 788 non
1310 740 1393 787 est
1433 730 1729 785 remedium
1771 728 2009 783 invenire
2039 725 2276 791 vulneri,

694 827 788 882 sed
818 828 1008 882 vulnus
1028 827 1224 881 addere
1251 823 1477 878 vulneri.
1505 821 1582 876 Ne
1612 821 1940 876 dmmouibus
1969 819 2148 873 mundi
2181 817 2278 871 ad-

696 919 1139 972 ministrationem
1178 916 1560 979 attribuamus,
1595 930 1662 970 ne
1691 913 1968 984 prteseutia
2012 913 2126 966 sine
2155 925 2279 980 pro-

692 1010 924 1064 videntia
964 1007 1076 1079 geri
1123 1018 1400 1077 putemus,
1436 1021 1502 1060 ne
1529 1007 1738 1076 genesis
1776 1004 2049 1074 cujusdam
2092 1012 2149 1057 et
2189 1003 2278 1055 fati

695 1100 1032 1170 tyrannidem
1060 1100 1150 1153 Dei
1183 1099 1530 1168 providentia:
1561 1113 1660 1152 ceu
1692 1112 1902 1152 murum
1945 1095 2229 1150 offeramus
2261 1111 2274 1148 :

695 1191 810 1246 haec
833 1193 973 1246 enim
1001 1191 1178 1246 omnia
1209 1189 1553 1260 blaSphemia:
1579 1189 1734 1258 plena
1757 1196 1900 1254 sunt,
1932 1198 1984 1242 et
2011 1201 2134 1241 vere
2160 1201 2281 1255 pcr-

697 1282 926 1335 turbatio
965 1291 1019 1336 et
1063 1281 1303 1336 confusio
1349 1295 1454 1334 non
1495 1282 1547 1334 in
1578 1295 1754 1334 rerum
1786 1278 1928 1332 ﬂuxu
1955 1285 2071 1342 est,
2100 1277 2194 1330 sed
2227 1277 2279 1330 in

694 1370 874 1424 animo
905 1371 976 1424 ita
1007 1370 1228 1435 affecto;
1266 1370 1355 1440 qui
1381 1370 1589 1424 etiamsi
1621 1369 1760 1423 bono
1783 1368 1970 1423 ordine
1989 1376 2042 1422 et
2063 1382 2280 1436 compo-

696 1463 890 1518 sitione
917 1479 1093 1517 rerum
1123 1463 1314 1517 millies
1344 1463 1575 1526 fruatur,
1599 1462 1771 1516 donec
1799 1462 1852 1515 in
1895 1461 2072 1529 seipso
2093 1459 2280 1514 confu-

694 1557 898 1610 sionem
927 1556 1068 1609 illam
1095 1564 1252 1624 atque
1279 1555 1729 1625 perturbationem
1760 1553 2142 1617 emendaverit,
2173 1569 2278 1608 non

694 1648 886 1717 poterit
912 1647 978 1701 de
1009 1647 1094 1700 illa
1127 1662 1305 1701 rerum
1338 1647 1715 1716 tranquillitate
1737 1646 1996 1716 gaudere;
2022 1645 2114 1700 sed
2142 1648 2280 1698 sicut

695 1739 881 1793 oculus
904 1754 1044 1808 aeger
1073 1741 1237 1792 etiam
1281 1739 1492 1792 lucente
1530 1738 1753 1792 meridie
1795 1737 2039 1791 tenebras
2079 1746 2133 1790 et
2175 1737 2277 1788 alia

695 1845 794 1900 pro
821 1832 940 1885 aliis
964 1831 1192 1894 videbit,
1228 1846 1325 1885 nec
1355 1831 1516 1885 radiis
1547 1829 1774 1896 fruetur,
1800 1845 1962 1884 sanus
1995 1836 2172 1883 autem
2218 1843 2280 1881 ac

696 1922 880 1975 firmus
909 1923 1065 1976 etiam
1098 1937 1316 1990 vespere
1359 1922 1556 1992 poterit
1597 1936 1791 1991 corpus
1826 1935 1947 1975 cum
1993 1921 2279 1975 securitate

695 2014 892 2069 ducere
923 2033 936 2068 :
965 2016 1041 2068 sic
1079 2024 1134 2068 et
1181 2014 1372 2069 mentis
1403 2024 1599 2068 nostra:
1637 2013 1819 2067 oculus
1841 2053 1857 2078 ,
1888 2012 2059 2066 donec
2096 2012 2280 2064 firmus

695 2106 816 2171 erit,
847 2121 934 2161 res
958 2107 1115 2160 etiam
1147 2107 1282 2170 illas,
1309 2121 1427 2175 quae
1451 2106 1684 2160 confusa:
1713 2114 2002 2173 apparent,
2033 2111 2178 2158 recte
2203 2103 2281 2156 vi-

693 2197 874 2261 debit;
924 2197 1240 2266 depravatus
1278 2206 1454 2252 autem
1479 2237 1492 2261 ,
1533 2197 1776 2267 quamvis
1815 2211 1935 2250 eum
1990 2196 2044 2248 in
2107 2195 2276 2262 ipsum

693 2290 880 2343 czelum
907 2289 1141 2353 attollas,
1174 2288 1397 2342 multam
1428 2289 1498 2342 ibi
1529 2287 1984 2357 perturbationem
2011 2293 2064 2338 ct
2091 2282 2282 2338 confu-

696 2379 901 2432 sionem
925 2377 1308 2448 deprehendet.
1331 2377 1482 2444 Quod
1505 2387 1681 2432 autem
1711 2376 1825 2431 hare
1846 2377 1916 2430 ita
1944 2390 2002 2429 se
2025 2374 2275 2438 habeant,

698 2469 877 2523 multis
918 2469 1011 2523 tibi
1061 2485 1181 2523 cum
1213 2478 1473 2532 veterum,
1510 2476 1636 2521 tum.
1662 2468 1762 2521 mvi
1809 2467 1978 2521 nostri
2015 2464 2278 2533 exemplis

693 2559 1089 2614 demonstrabo.
1107 2561 1246 2627 Quot
1266 2568 1625 2629 paupertatem
1646 2559 1800 2612 facile
1819 2559 2013 2624 ferunt,
2037 2565 2280 2626 propter-

691 2667 858 2722 eaque
890 2653 994 2707 Deo
1038 2654 1232 2722 gratias
1272 2667 1430 2722 agere
1474 2668 1578 2706 non
1622 2653 1873 2707 cessant?
1916 2661 2045 2722 quot
2083 2650 2279 2705 divitiis

692 2747 1003 2817 deliciisque
1051 2745 1285 2800 fruentes
1313 2746 1423 2799 Deo
1454 2761 1560 2800 non
1588 2747 1784 2816 gratias
1811 2756 2006 2816 agunt,
2040 2747 2134 2802 sed
2179 2748 2278 2813 ipsi

693 2839 1049 2894 maledicunt?
1073 2847 1199 2908 quot
1230 2838 1359 2892 nihil
1389 2853 1551 2908 grave
1577 2839 1718 2907 passi
1751 2838 2102 2893 universalem
2134 2837 2278 2891 illam

692 2929 1079 3000 providentiam
1119 2930 1418 2985 accusant?
1457 2941 1586 3000 quot
1615 2932 1667 2984 in
1697 2946 1914 2986 carcere
1959 2930 2103 2985 omni
2145 2939 2278 2984 tem-

694 3037 827 3090 pore
852 3020 1109 3091 degentes
1128 3062 1142 3088 ,
1179 3020 1318 3074 hanc
1347 3022 1617 3075 miseriam
1644 3023 1849 3091 gratius
1872 3022 2086 3086 ferunt,
2119 3037 2278 3091 quam

693 3111 729 3166 ii
754 3115 842 3182 qui
873 3113 927 3166 in
957 3111 1203 3167 libertate
1228 3121 1282 3166 et
1317 3113 1606 3167 securitate
1642 3112 1807 3165 vitam
1851 3111 2087 3166 ducunt?
2119 3112 2279 3166 Vides

692 3203 884 3256 anima:
926 3211 1157 3267 statum,
1206 3211 1259 3256 et
1309 3203 1577 3272 prepriam
1625 3203 1884 3272 cujusque
1923 3215 2192 3270 mentem,
2225 3213 2279 3259 et

693 3292 883 3348 horum
911 3301 965 3347 et
991 3293 1204 3348 illorum
1231 3307 1445 3348 causam
1469 3308 1622 3360 esse,
1647 3309 1753 3348 non
1790 3303 1965 3349 autem
1995 3295 2162 3363 ipsam
2189 3311 2277 3351 re-

693 3401 811 3442 rum
841 3395 1105 3440 naturam.
1139 3387 1320 3456 Itaque
1347 3387 1392 3441 si
1426 3386 1590 3441 animi
1627 3387 1794 3441 nostri
1824 3401 2006 3442 curam
2048 3387 2277 3443 habere-

693 3494 848 3546 mus,
891 3479 1024 3533 nihil
1064 3479 1512 3548 perturbationis,
1557 3478 1692 3534 nihil
1736 3478 2092 3544 confusionis,
2143 3479 2277 3536 nihil

693 3586 859 3644 grave
883 3579 1052 3638 esset,
1081 3572 1290 3627 etiamsi
1319 3571 1507 3641 euripo
1535 3572 1722 3641 quovis
1758 3571 2128 3627 vehementius
2156 3573 2279 3627 vita:

694 3672 892 3719 nostrtc
936 3679 1023 3719 res
1064 3678 1156 3718 sus
1200 3663 1372 3734 deque
1414 3663 1695 3718 ferrentur.
1719 3662 1828 3719 Cur
1855 3665 2029 3732 enim,
2058 3679 2276 3734 quarso,

695 3755 890 3811 Paulus
931 3757 1128 3826 gratias
1173 3757 1316 3827 agit?
1357 3757 1516 3828 Atqui
1548 3757 1594 3812 is
1619 3772 1650 3812 e
1681 3771 1906 3812 numero
1948 3771 2134 3812 eorum
2159 3765 2275 3825 est,

633 3886 639 3892 .
694 3847 786 3917 qui
825 3847 1024 3916 optime
1050 3847 1339 3914 vixerunt,
1367 3856 1422 3903 et
1450 3847 1699 3903 virtutem
1737 3855 1848 3903 toto
1889 3848 2010 3904 vitae
2037 3857 2280 3918 tempore

695 3938 884 3994 sectati
905 3947 1124 4004 sunt,.et
1143 3939 1362 3994 minime
1381 3939 1560 4009 gravia
1580 3939 1880 4009 huiusmodi
1901 3939 2234 4010 pertulerunt
2260 3957 2276 3994 :

696 4044 858 4085 nemo
885 4044 952 4084 ex
980 4029 1248 4096 omnibus,
1270 4031 1360 4100 qui
1389 4029 1557 4085 solem
1578 4030 1956 4100 adspexerunt,
1981 4031 2067 4085 vel
2089 4030 2281 4099 justior

696 4120 788 4176 illo
819 4119 934 4186 fuit,
966 4119 1050 4176 vel
1075 4121 1346 4190 asperiora
1376 4136 1536 4191 quam
1565 4121 1657 4176 ille
1685 4135 1875 4190 passus
1898 4130 2000 4177 est.
2028 4123 2281 4176 Attamen

695 4226 816 4266 cum
839 4211 1043 4268 videret
1060 4212 1258 4268 multos
1281 4213 1336 4267 in
1362 4211 1596 4284 nequitia
1620 4213 1859 4268 viventes
1885 4213 2010 4269 laeto
2027 4228 2150 4270 esse
2167 4213 2284 4268 ani-

697 4319 788 4359 mo
809 4346 824 4370 ,
851 4319 916 4360 ac
952 4307 1307 4375 prementibus
1335 4305 1440 4363 frui
1470 4309 1713 4377 pecuniis
1737 4347 1754 4375 ,
1784 4309 1981 4378 gratias
2009 4310 2126 4380 ipse
2169 4311 2282 4365 Deo

699 4396 909 4467 agebat,
937 4404 991 4452 et
1016 4396 1147 4455 alios
1175 4407 1231 4453 ut
1254 4399 1396 4454 idem
1418 4397 1660 4455 facerent
1677 4400 2108 4457 ltortahatur.Ad
2128 4402 2279 4456 illum

697 4489 966 4558 respicite.
994 4490 1060 4545 Et
1091 4499 1145 4546 tu
1172 4505 1294 4546 cum
1323 4491 1520 4547 videris
1564 4491 1866 4562 improbum
1904 4493 2027 4548 l:eto
2068 4493 2280 4560 animo,

697 4577 895 4632 elatum
916 4621 933 4645 ,
959 4594 1082 4634 cum
1113 4580 1313 4636 videris
1342 4581 1586 4637 inimicos
1617 4590 2040 4652 prosternentem
2060 4626 2076 4652 ,
2109 4584 2283 4640 mole-

697 4679 811 4725 stos
828 4671 931 4724 sibi
952 4669 1195 4727 homines
1217 4673 1580 4737 ulciscentem,
1603 4674 1732 4728 nulli
1753 4674 2040 4731 obnoxium
2063 4675 2280 4744 damno,

700 4761 1194 4820 circumfluentibus
1218 4765 1453 4836 undique
1476 4765 1696 4832 divitiis,
1719 4766 2002 4823 clientibus
2022 4777 2076 4824 et
2094 4767 2284 4824 adula-

704 4853 910 4909 toribus
937 4854 1186 4924 stipatum
1207 4897 1223 4922 ,
1249 4864 1302 4911 te
1331 4871 1458 4912 vero
1481 4857 1534 4911 in
1557 4865 1698 4912 statu
1727 4873 1946 4927 prorsus
1977 4859 2280 4926 contrario,

701 4945 982 5010 molestiis,
1009 4948 1392 5018 sycophantiis,
1423 4948 1628 5005 insidiis
1657 4948 1954 5020 obsessum,
1977 4966 2106 5007 cave
2127 4958 2282 5022 putes

699 5051 820 5092 esse
859 5045 911 5093 te
947 5051 1013 5092 ea
1052 5037 1378 5106 abjectorum
1417 5055 1670 5106 numero;
1717 5040 1811 5096 sed
1851 5041 2070 5097 Paulum
2099 5042 2284 5098 videns

699 5129 888 5187 eadem
932 5130 986 5184 in
1027 5139 1176 5201 parte
1219 5139 1522 5188 versantem
1547 5174 1563 5200 ,
1597 5133 1747 5204 erige
1784 5135 2016 5189 animum
2041 5177 2057 5202 ,
2090 5151 2284 5191 revoca

699 5222 1085 5292 cogitationes,
1121 5237 1188 5278 ne
1213 5238 1322 5294 pra:
1349 5239 1580 5280 maerore
1607 5225 1843 5281 decidas.
1885 5227 2127 5282 Amicum
2171 5229 2284 5284 Deo

699 5322 858 5384 atque
886 5312 1096 5370 hostem
1127 5315 1244 5385 ejus
1270 5329 1337 5370 ne
1362 5329 1428 5371 ex
1452 5316 1614 5372 rebus
1633 5317 1909 5388 prosperis
1931 5330 2021 5374 aut
2039 5319 2284 5376 adversis

700 5407 941 5470 mstima;
992 5406 1085 5462 sed
1135 5407 1180 5462 si
1223 5407 1422 5464 videris
1463 5411 1764 5480 quempiam
1809 5417 1957 5466 recte
1999 5413 2281 5481 viventem,

702 5499 1122 5571 rgritudineque
1163 5517 1387 5558 vacuum
1433 5501 1500 5556 ad
1547 5503 1798 5572 pietatem
1843 5514 2114 5574 spectare,
2144 5507 2286 5562 hune

703 5587 915 5645 beatum
943 5599 997 5645 et
1021 5592 1362 5648 aemulatione
1386 5591 1600 5664 dignum
1624 5603 1769 5663 puta,
1793 5596 1999 5650 etiamsi
2021 5597 2287 5651 sexcentis

705 5681 930 5735 vinculis
981 5683 1393 5754 constringatur,
1427 5684 1479 5737 in
1507 5699 1720 5740 carcere
1759 5696 2014 5755 perpetuo
2055 5687 2280 5750 habitet.

705 5771 939 5841 indignis
969 5775 1186 5844 serviat,
1213 5791 1413 5844 pauper
1442 5777 1541 5839 sit,
1575 5777 1625 5830 in
1657 5777 1889 5832 metallis
1919 5779 2120 5835 laboret
2145 5821 2160 5841 .
2193 5790 2284 5837 aut

1436 340 1492 396 S.
1534 337 1809 396 JOANNIS
1836 328 2307 392 CIIRYSOSTOMI
2363 329 2679 384 Alitilillii’.
2716 333 3246 389 CONSTANTINOP.

3882 340 3980 392 τω

2387 448 2528 500 aliud
2569 449 2836 517 quidpiam
2869 465 3028 518 grave
3071 453 3318 520 patiatur.
3348 453 3540 507 Beatus
3581 455 3725 508 enim
3753 456 3845 510 ille
3872 467 3973 519 est,

2384 539 2592 592 etiamsi
2621 541 2718 609 ipsi
2739 541 2875 594 oculi
2899 543 3296 611 exsculpantur,
3313 545 3519 598 etiamsi
3541 555 3746 610 uratur,
3768 548 3978 600 etiamsi

2386 644 2583 700 corpus
2625 632 2738 700 ejus
2786 633 3040 702 paulatim
3082 645 3446 690 consumatur.
3475 636 3530 692 Si
3560 648 3740 692 autem
3780 639 3978 692 videris

2385 722 2547 776 alium
2575 724 2626 776 in
2659 724 2892 788 lascivia,
2924 728 3154 794 nequitia
3182 730 3545 798 extremisque
3573 731 3873 785 sceleribus
3899 732 3979 784 vi-

2384 821 2619 879 ventem,
2647 829 2838 884 magno
2873 815 3133 869 fruentem
3159 814 3362 872 honore
3383 861 3398 883 ,
3430 818 3480 871 in
3508 820 3680 887 ipsum
3720 819 3973 874 thronum

2383 905 2588 971 regium
2615 905 3014 971 ascendentem,
3045 907 3343 963 diademate
3370 910 3674 964 redimitum
3697 953 3712 976 ,
3740 928 3979 983 purpura

2384 995 2625 1050 indutum
2646 1038 2662 1062 ,
2695 999 2942 1054 universo
2985 999 3100 1053 orbi
3147 1000 3531 1068 imperantem,
3566 1001 3900 1073 lacrymare,
3931 1015 3980 1057 et

2383 1087 2528 1142 illum
2557 1089 2679 1144 ideo
2704 1091 2958 1146 miserum
2987 1101 3196 1163 reputa.
3223 1093 3364 1147 Nihil
3391 1093 3532 1147 enim
3570 1091 3825 1150 miserius
3868 1098 3978 1149 ani-

2382 1197 2471 1236 mo
2513 1183 2584 1238 ita
2626 1185 2820 1240 affecto
2844 1229 2857 1251 ,
2901 1187 3109 1241 etiamsi
3142 1196 3309 1241 totum
3347 1187 3530 1243 orbem
3561 1189 3658 1243 sibi
3701 1189 3978 1245 subditum

2381 1275 2594 1332 habeat.
2636 1278 2772 1345 Quid
2819 1281 2961 1334 enim
3006 1280 3355 1334 emolumenti
3403 1283 3641 1350 pecuniis
3701 1282 3990 1338 abundarc‘

2381 1382 2526 1432 eum,
2553 1368 2640 1439 qui
2668 1369 2810 1438 quod
2838 1371 2904 1424 ad
2935 1371 3182 1425 virtutem
3207 1379 3410 1440 spectat
3435 1373 3671 1426 omnium
3702 1374 3979 1442 pauperri~

2382 1473 2501 1513 mus
2546 1461 2651 1515 sit?
2678 1460 2804 1531 quid
2837 1461 2969 1516 lucri
3012 1471 3088 1515 tot
3117 1464 3243 1518 viris
3280 1463 3544 1532 imperare
3573 1479 3726 1528 eum,
3759 1465 3853 1535 qui
3882 1479 3978 1519 nec

2381 1552 2616 1621 seipsum
2646 1568 2745 1607 nec
2772 1554 2990 1608 morbos
3019 1555 3183 1608 animi
3220 1555 3302 1609 sui
3339 1571 3594 1625 supemre
3617 1557 3841 1626 nequit?
3872 1556 3976 1609 Ve-

2381 1660 2499 1698 rum
2527 1646 2572 1697 si
2604 1645 2877 1699 videamus
2901 1661 3097 1714 corpus
3129 1647 3268 1702 male
3294 1647 3542 1702 affectum
3562 1690 3576 1713 ,
3623 1647 3936 1702 febricitans
3958 1688 3972 1712 ,

2380 1736 2605 1804 pedibus
2633 1737 2904 1802 laborans,
2936 1745 3030 1791 aut
3058 1739 3177 1793 tabe
3217 1748 3307 1792 aut
3334 1740 3440 1793 alio
3465 1739 3716 1808 quopiam
3759 1739 3976 1793 incurao

2382 1827 2470 1881 bili
2504 1830 2692 1881 morbo
2719 1828 2992 1883 detentum
3020 1873 3034 1893 ,
3069 1830 3444 1900 lacrymamur,
3475 1832 3572 1885 etsi
3607 1831 3699 1886 ille
3731 1833 3976 1886 omnium

2382 1919 2832 1990 locupletissimus
2862 1923 2950 1982 sit-
2982 1923 3089 1975 imo
3117 1932 3266 1977 tanto
3293 1925 3484 1993 magis,
3511 1935 3714 1993 quanto
3736 1926 3980 1994 locuple-

2383 2012 2486 2064 tior
2508 2020 2608 2065 est.
2635 2011 2766 2065 Nam
2797 2022 2921 2066 tunc
2947 2029 3135 2068 sensus
3167 2015 3428 2070 malorum
3456 2016 3676 2081 acutior,
3707 2033 3832 2071 cum
3857 2019 3977 2086 quis

2383 2104 2435 2156 in
2457 2104 2776 2159 abundantia
2800 2122 2978 2161 rerum
3008 2110 3431 2163 necessariarum
3465 2119 3725 2166 versatur.
3759 2112 3975 2167 Etenim

2381 2197 2470 2264 qui
2502 2212 2609 2266 pra:
2641 2207 2950 2268 paupertate
2969 2199 3037 2253 ab
3055 2200 3242 2254 horum
3267 2200 3522 2256 fruitione
3542 2213 3775 2268 arcetur,
3803 2205 3976 2273 ipsam

2383 2289 2752 2342 necessitatem
2797 2290 3175 2345 consolationis
3219 2292 3338 2348 loco
3379 2292 3577 2349 habet:
3608 2296 3699 2365 qui
3743 2312 3877 2351 vero
3917 2298 3978 2350 iis

2380 2380 2542 2434 rebus
2571 2381 2805 2435 abundat
2833 2391 2888 2436 et
2915 2383 3102 2438 morbo
3133 2384 3419 2453 impeditur
3448 2387 3514 2440 ab
3544 2401 3674 2451 usu,
3701 2388 3826 2442 ideo
3859 2403 3977 2440 ma-

2380 2473 2461 2542 gis
2507 2475 2696 2527 uritur.
2743 2473 2844 2541 Qui
2875 2484 3052 2530 autem
3089 2474 3200 2545 'non
3226 2476 3518 2530 absurdum
3550 2476 3744 2543 fuerit,
3773 2479 3821 2531 si
3853 2493 3977 2532 cor-

2380 2577 2545 2632 poreo
2574 2563 2762 2618 morbo
2803 2563 3078 2619 detentum
3118 2566 3420 2635 quempiam
3451 2567 3729 2621 videamus
3749 2609 3765 2634 ,
3799 2568 3976 2636 ipsum

2383 2656 2638 2710 miserum
2688 2657 3021 2727 prmdicare,
3067 2659 3277 2714 etiamsi
3321 2659 3605 2729 opulentus
3643 2659 3750 2723 sit;
3795 2661 3976 2715 anima

2380 2758 2556 2803 autem
2581 2749 2718 2803 male
2740 2749 2948 2815 affecta,
2973 2751 3170 2818 anima,
3196 2750 3431 2820 inquam,
3458 2751 3542 2804 cui
3571 2765 3664 2818 par
3688 2749 3850 2816 nihil,
3875 2766 3976 2820 qua

2379 2839 2664 2907 pretiosius
2711 2839 2878 2906 nihil,
2925 2841 3098 2910 ipsum
3141 2841 3354 2895 beatum
3385 2841 3566 2896 dicere
3607 2841 3678 2895 ob
3707 2841 3977 2896 tantillum

2380 2930 2642 3000 pecuniae,
2672 2931 2754 2985 vel
2781 2931 2850 2986 ob
2872 2941 3274 3001 temporaneum
3303 2931 3584 2998 honorem,
3612 2933 3696 2988 vel
3720 2932 3791 2987 ob
3823 2934 3978 3000 quid.

2382 3023 2520 3092 piam
2546 3038 2748 3088 eorum,
2784 3038 2903 3092 qua:
2933 3022 3019 3076 hic
3044 3023 3263 3093 quidem
3292 3033 3528 3088 manent,
3551 3023 3645 3079 sed
3684 3033 3808 3093 post
3841 3025 3978 3079 hanc

2382 3115 2544 3167 vitam
2565 3157 2580 3177 ,
2623 3115 2731 3169 imo
2777 3116 2974 3185 saepius
3016 3125 3140 3171 ante
3166 3117 3292 3171 vitae
3329 3117 3530 3172 exitum
3559 3132 3657 3172 nos
3682 3117 3980 3172 deserunt?

2383 3205 2536 3270 Noli,
2569 3220 2773 3275 qumso.
2815 3205 2943 3262 Haec
2983 3208 3139 3262 nobis
3177 3208 3596 3277 perturbationis
3620 3217 3675 3264 et
3715 3211 3986 3264 tumultus

2379 3310 2540 3351 causa
2570 3305 2713 3351 sunt.
2744 3295 2871 3352 ideo
2896 3296 3064 3352 Deum
3083 3307 3336 3353 accusant
3357 3299 3532 3366 multi,
3560 3299 3680 3355 ideo
3711 3300 3976 3355 mundum

2380 3387 2524 3441 nulla
2549 3389 2660 3456 regi
2691 3388 3021 3457 providentia
3044 3397 3252 3458 putant.
3275 3389 3428 3457 Quod
3455 3391 3499 3443 si
3527 3390 3732 3446 scirent
3760 3392 3898 3444 nihil
3924 3392 3975 3445 in

2379 3480 2632 3550 prtesenti
2669 3481 2776 3535 vita
2803 3479 2926 3535 boni
2952 3494 3102 3547 esse,
3136 3479 3238 3535 nisi
3267 3481 3516 3535 virtutem
3542 3499 3556 3547 ;
3585 3496 3692 3535 non
3724 3479 3974 3547 divitias,

2381 3587 2486 3626 non
2517 3573 2810 3642 pecunias,
2845 3587 2952 3628 non
2979 3573 3300 3647 sanitatem,
3343 3589 3448 3629 non
3495 3574 3819 3643 potentiam,
3869 3591 3978 3631 non

2379 3664 2523 3718 aliud
2557 3665 2860 3734 quidpiam;
2891 3680 2989 3719 nec
3015 3664 3288 3735 quidpiam
3317 3666 3440 3719 mali
3465 3680 3584 3720 esse
3621 3667 3675 3722 in
3721 3669 3978 3736 praesenti

2381 3759 2508 3822 vita,
2537 3757 2637 3812 nisi
2665 3757 2978 3828 nequitiam,
3009 3757 3424 3827 improbitatem,
3447 3766 3501 3814 et
3537 3758 3732 3813 animm
3758 3775 3978 3829 perver-

2379 3849 2626 3912 sitatem;
2675 3864 2782 3902 non
2827 3855 3191 3917 paupertatem
3228 3848 3314 3903 vel
3359 3849 3637 3915 morbum,
3664 3864 3774 3904 non
3801 3852 3976 3906 mole-

2379 3940 2574 4006 s.iam,
2623 3953 2729 3994 non
2777 3939 3129 4006 calumniam,
3183 3955 3290 3995 non
3335 3940 3439 3994 alia
3477 3955 3596 4011 qua:
3625 3942 3813 4011 gravia
3855 3957 3978 3998 esse

2385 4039 2680 4099 putantur:
2711 4045 2998 4102 numquam
3045 4031 3168 4086 talia
3215 4030 3579 4102 loquerentur,
3608 4033 3785 4102 qualia
3830 4049 3978 4088 nunc

2381 4121 2601 4190 dicunt,
2630 4137 2916 4194 numquam
2961 4123 3014 4177 in
3053 4138 3286 4178 mcerore
3314 4123 3586 4190 viverent,
3631 4139 3760 4193 non,
3787 4125 3980 4182 beatos

2383 4213 2622 4269 dicerent
2646 4228 2739 4270 eos
2761 4254 2777 4278 ,
2809 4227 2945 4284 quos
2972 4214 3199 4270 miseros
3224 4214 3516 4285 pmdicare
3538 4222 3814 4284 oporteret
3833 4257 3850 4280 ,
3879 4232 3980 4273 nec

2383 4305 2609 4361 miseros
2635 4304 2992 4374 pradicarent
3016 4319 3110 4360 eos
3128 4345 3144 4371 ,
3171 4319 3306 4375 quos
3336 4305 3522 4360 beatos
3544 4304 3646 4361 dici
3672 4321 3773 4376 par
3793 4318 3978 4371 esset;

2383 4412 2488 4451 non
2517 4397 2587 4451 ita
2617 4411 2742 4467 erga
2780 4395 3026 4451 homines
3055 4394 3230 4451 affecti
3254 4406 3455 4451 essent.
3479 4396 3610 4451 Nam
3640 4407 3867 4467 propter
3886 4399 3983 4452 bo-

2385 4497 2509 4542 num
2537 4486 2781 4557 corporis
2807 4485 3045 4542 habitum
3069 4527 3086 4554 ,
3117 4495 3172 4542 et
3201 4486 3442 4542 ciborum
3467 4487 3676 4558 eOpiam
3695 4529 3712 4553 ,
3745 4498 3802 4543 et
3843 4489 3984 4544 mul-

2386 4589 2495 4636 tum
2523 4595 2769 4636 somnum
2797 4579 2983 4636 beatos
3022 4579 3317 4650 praedicam
3346 4579 3594 4635 homines
3614 4620 3630 4645 ,
3658 4580 3794 4636 nihil
3832 4582 3984 4637 aliud

2384 4680 2503 4739 est,
2533 4686 2692 4741 quam
2731 4686 2855 4742 erga
2886 4671 3004 4726 illos
3031 4679 3088 4725 ut
3117 4685 3241 4741 erga
3282 4669 3434 4724 bruta
3461 4670 3711 4725 animalia
3755 4671 3986 4727 affectos

2383 4777 2522 4820 esse.
2549 4763 2680 4818 Nam
2706 4773 2762 4820 et
2790 4762 2906 4819 haec
2932 4772 3015 4820 est
3042 4763 3259 4819 illorum
3291 4762 3549 4830 felicitas;
3577 4763 3688 4820 imo
3727 4761 3784 4819 id
3811 4767 3982 4822 etiam

2386 4855 2439 4910 in
2479 4856 2651 4911 brutis
2686 4856 2885 4911 malum
2920 4867 3037 4921 est;
3065 4855 3220 4910 multi
3247 4855 3443 4926 quippe
3469 4855 3605 4910 asini
3631 4862 3688 4909 et
3709 4857 3837 4926 equi
3870 4857 3986 4912 otio

2386 4957 2440 5003 et
2481 4947 2748 5004 edacitate
2795 4947 3089 5018 perierunt.
3115 4946 3268 5014 Quod
3309 4947 3356 5003 si
3394 4945 3598 5013 brutis,
3638 4946 3839 5018 quibus
3872 4957 3983 5002 tota

2389 5041 2557 5095 virtus
2586 5041 2638 5095 in
2667 5040 2807 5096 bona
2836 5039 3082 5108 corporis
3108 5037 3418 5094 habitudine
3443 5039 3543 5093 sita
3574 5047 3660 5094 est
3680 5077 3697 5103 ,
3729 5038 3785 5093 id
3812 5053 3986 5094 nocu-

2387 5146 2569 5220 ωεξηιο
2593 5142 2682 5189 est
2700 5175 2715 5200 ,
2742 5149 2810 5188 an
2843 5133 2896 5187 in
2925 5130 3227 5187 hominibus
3250 5171 3267 5200 ,
3296 5147 3521 5203 quorum
3547 5131 3724 5186 omnis
3750 5131 3986 5202 dignitas

2388 5227 2440 5280 in
2474 5225 2748 5280 nobilitate
2787 5225 2981 5278 anima;
3002 5264 3017 5287 ,
3055 5223 3107 5278 id
3135 5223 3346 5279 virtutis
3383 5223 3504 5278 loco
3545 5235 3812 5294 ponemus
3835 5262 3853 5289 ,
3885 5237 3986 5277 nec

2388 5319 2752 5377 reverebimur
2776 5317 2988 5384 caelum,
3011 5327 3064 5372 et
3087 5312 3280 5372 anima:
3307 5325 3508 5372 nostra:
3531 5323 3792 5386 cognatos
3819 5329 3986 5386 ange-

2389 5411 2514 5467 los?
2543 5427 2653 5466 non
2682 5409 2957 5467 erubescis
2987 5409 3157 5481 ipsam
3197 5408 3440 5479 corporis
3483 5414 3728 5462 naturam
3765 5416 3824 5462 et
3872 5406 3987 5461 for-

2391 5505 2568 5559 mam?
2610 5518 2715 5558 non
2760 5503 2904 5558 enim
2948 5500 3399 5573 quemadmodum
3440 5500 3610 5555 brutis
3656 5513 3781 5555 eam
3827 5499 3988 5554 nobis

2390 5595 2597 5653 efﬂuxit
2623 5595 2785 5661 Deus,
2815 5592 2909 5649 sed
2939 5601 2995 5648 ut
3017 5593 3244 5648 decebat
3266 5591 3398 5648 illud
3420 5632 3437 5657 ,
3465 5589 3608 5663 quod
3653 5591 3849 5645 animae
3895 5605 3987 5644 ra-

2392 5690 2575 5746 tionali
2619 5697 2674 5745 et
2728 5685 3011 5742 immortali
3059 5686 3480 5742 ministraturum
3528 5691 3662 5738 erat.
3691 5682 3804 5738 Cur
3841 5684 3988 5738 enim

2395 5781 2577 5838 bestiis
2607 5779 2854 5836 omnibus
2889 5792 3072 5833 versus
3103 5786 3297 5833 terram
3329 5775 3592 5831 demissos
3630 5772 3817 5829 o-ulos
3847 5772 3986 5828 Deus
