  <div class='ocr_page' id='page_1' title='image "/cluster/home/n/w/nwhite01/storage/ocr_20150623/50/pst.000005712496/348.png"; bbox 0 0 4206 6302; ppageno 0'>
   <div class='ocr_carea' id='block_1_1' title="bbox 199 392 303 451">
    <p class='ocr_par' dir='ltr' id='par_1_1' title="bbox 199 392 303 451">
     <span class='ocr_line' id='line_1_1' title="bbox 199 392 303 451; baseline 0.038 -5"><span class='ocrx_word' id='word_1_1' title='bbox 199 392 303 451; x_wconf 70' lang='grc'>’251</span> 
     </span>
    </p>
   </div>
   <div class='ocr_carea' id='block_1_2' title="bbox 204 492 1793 576">
    <p class='ocr_par' dir='ltr' id='par_1_2' title="bbox 204 492 1793 576">
     <span class='ocr_line' id='line_1_2' title="bbox 204 492 1793 576; baseline -0.006 -19"><span class='ocrx_word' id='word_1_2' title='bbox 204 503 441 576; x_wconf 72' lang='grc' dir='ltr'>ῥύθμισε</span> <span class='ocrx_word' id='word_1_3' title='bbox 465 501 560 557; x_wconf 69' lang='grc' dir='ltr'>καὶ</span> <span class='ocrx_word' id='word_1_4' title='bbox 587 500 879 574; x_wconf 82' lang='grc' dir='ltr'>διέφθειρε,</span> <span class='ocrx_word' id='word_1_5' title='bbox 906 500 1005 573; x_wconf 89' lang='grc' dir='ltr'>τῆς</span> <span class='ocrx_word' id='word_1_6' title='bbox 1032 498 1316 564; x_wconf 76' lang='grc' dir='ltr'><strong>ἀσθενείας</strong></span> <span class='ocrx_word' id='word_1_7' title='bbox 1336 499 1436 570; x_wconf 77' lang='grc' dir='ltr'>τὴν</span> <span class='ocrx_word' id='word_1_8' title='bbox 1461 495 1665 569; x_wconf 81' lang='grc' dir='ltr'>ἀρετὴν</span> <span class='ocrx_word' id='word_1_9' title='bbox 1697 492 1793 548; x_wconf 89' lang='grc' dir='ltr'>αὐ-</span> 
     </span>
    </p>
   </div>
   <div class='ocr_carea' id='block_1_3' title="bbox 200 578 1795 658">
    <p class='ocr_par' dir='ltr' id='par_1_3' title="bbox 200 578 1795 658">
     <span class='ocr_line' id='line_1_3' title="bbox 200 578 1795 658; baseline -0.009 -16"><span class='ocrx_word' id='word_1_10' title='bbox 200 586 302 642; x_wconf 76' lang='grc' dir='ltr'>τοῦ</span> <span class='ocrx_word' id='word_1_11' title='bbox 338 586 763 658; x_wconf 82' lang='grc' dir='ltr'>λυμαινομένης.</span> <span class='ocrx_word' id='word_1_12' title='bbox 790 582 951 638; x_wconf 77' lang='grc' dir='ltr'>(ἰύτω</span> <span class='ocrx_word' id='word_1_13' title='bbox 986 582 1050 656; x_wconf 83' lang='grc' dir='ltr'>δὴ</span> <span class='ocrx_word' id='word_1_14' title='bbox 1083 583 1178 638; x_wconf 77' lang='grc' dir='ltr'>καὶ</span> <span class='ocrx_word' id='word_1_15' title='bbox 1210 583 1391 653; x_wconf 80' lang='grc' dir='ltr'>ἡμεῖς,</span> <span class='ocrx_word' id='word_1_16' title='bbox 1430 580 1560 634; x_wconf 81' lang='grc' dir='ltr'>ὅταν</span> <span class='ocrx_word' id='word_1_17' title='bbox 1595 578 1795 647; x_wconf 79' lang='grc' dir='ltr'>ἴδωμεν</span> 
     </span>
    </p>
   </div>
   <div class='ocr_carea' id='block_1_4' title="bbox 205 661 1796 742">
    <p class='ocr_par' dir='ltr' id='par_1_4' title="bbox 205 661 1796 742">
     <span class='ocr_line' id='line_1_4' title="bbox 205 661 1796 742; baseline -0.007 -18"><span class='ocrx_word' id='word_1_18' title='bbox 205 669 551 742; x_wconf 73' lang='grc' dir='ltr'>πραγμάτων</span> <span class='ocrx_word' id='word_1_19' title='bbox 576 666 820 733; x_wconf 83' lang='grc' dir='ltr'>ἀταξίαν,</span> <span class='ocrx_word' id='word_1_20' title='bbox 849 666 925 738; x_wconf 80' lang='grc' dir='ltr'>μὴ</span> <span class='ocrx_word' id='word_1_21' title='bbox 948 666 1038 721; x_wconf 78' lang='grc' dir='ltr'>τὸν</span> <span class='ocrx_word' id='word_1_22' title='bbox 1067 664 1202 718; x_wconf 82' lang='grc' dir='ltr'>Θεὸν</span> <span class='ocrx_word' id='word_1_23' title='bbox 1222 661 1544 733; x_wconf 78' lang='grc' dir='ltr'>αἰτιώμεθα,</span> <span class='ocrx_word' id='word_1_24' title='bbox 1577 662 1796 742; x_wconf 87' lang='grc' dir='ltr'>ἀγαπη-</span> 
     </span>
    </p>
   </div>
   <div class='ocr_carea' id='block_1_5' title="bbox 202 741 1794 821">
    <p class='ocr_par' dir='ltr' id='par_1_5' title="bbox 202 741 1794 821">
     <span class='ocr_line' id='line_1_5' title="bbox 202 741 1794 821; baseline -0.008 -14"><span class='ocrx_word' id='word_1_25' title='bbox 202 741 325 807; x_wconf 84' lang='grc' dir='ltr'>τοί·</span> <span class='ocrx_word' id='word_1_26' title='bbox 359 752 520 806; x_wconf 85' lang='grc' dir='ltr'>τοῦτο</span> <span class='ocrx_word' id='word_1_27' title='bbox 549 752 657 820; x_wconf 80' lang='grc' dir='ltr'>γὰρ</span> <span class='ocrx_word' id='word_1_28' title='bbox 684 749 807 821; x_wconf 84' lang='grc' dir='ltr'>ούχί</span> <span class='ocrx_word' id='word_1_29' title='bbox 833 747 1124 821; x_wconf 85' lang='grc' dir='ltr'>φάρμακόν</span> <span class='ocrx_word' id='word_1_30' title='bbox 1151 749 1298 801; x_wconf 75' lang='grc' dir='ltr'>ἐστιν</span> <span class='ocrx_word' id='word_1_31' title='bbox 1322 747 1501 816; x_wconf 78' lang='grc' dir='ltr'>εὑρεῖν</span> <span class='ocrx_word' id='word_1_32' title='bbox 1520 743 1598 813; x_wconf 82' lang='grc' dir='ltr'>τῷ</span> <span class='ocrx_word' id='word_1_33' title='bbox 1622 741 1794 813; x_wconf 84' lang='grc' dir='ltr'>τραύ-</span> 
     </span>
    </p>
   </div>
   <div class='ocr_carea' id='block_1_6' title="bbox 210 826 1795 906">
    <p class='ocr_par' dir='ltr' id='par_1_6' title="bbox 210 826 1795 906">
     <span class='ocr_line' id='line_1_6' title="bbox 210 826 1795 906; baseline -0.007 -17"><span class='ocrx_word' id='word_1_34' title='bbox 210 852 368 906; x_wconf 82' lang='grc' dir='ltr'>ματι,</span> <span class='ocrx_word' id='word_1_35' title='bbox 390 833 528 891; x_wconf 83' lang='grc' dir='ltr'>ἀλλά</span> <span class='ocrx_word' id='word_1_36' title='bbox 562 832 785 905; x_wconf 90' lang='grc' dir='ltr'>τραῦμα</span> <span class='ocrx_word' id='word_1_37' title='bbox 807 834 1109 901; x_wconf 75' lang='grc' dir='ltr'><strong>ἐπαγαγεῖν</strong></span> <span class='ocrx_word' id='word_1_38' title='bbox 1139 830 1437 903; x_wconf 76' lang='grc' dir='ltr'><strong>τραύματι.</strong></span> <span class='ocrx_word' id='word_1_39' title='bbox 1464 828 1557 899; x_wconf 81' lang='grc' dir='ltr'>Μὴ</span> <span class='ocrx_word' id='word_1_40' title='bbox 1576 826 1795 896; x_wconf 90' lang='grc' dir='ltr'>δαίμοσι</span> 
     </span>
    </p>
   </div>
   <div class='ocr_carea' id='block_1_7' title="bbox 205 910 1798 989">
    <p class='ocr_par' dir='ltr' id='par_1_7' title="bbox 205 910 1798 989">
     <span class='ocr_line' id='line_1_7' title="bbox 205 910 1798 989; baseline -0.003 -18"><span class='ocrx_word' id='word_1_41' title='bbox 205 915 558 989; x_wconf 78' lang='grc' dir='ltr'>λογιζώμεθα</span> <span class='ocrx_word' id='word_1_42' title='bbox 587 916 684 971; x_wconf 85' lang='grc' dir='ltr'>τοῦ</span> <span class='ocrx_word' id='word_1_43' title='bbox 708 917 916 988; x_wconf 78' lang='grc' dir='ltr'>κόσμου</span> <span class='ocrx_word' id='word_1_44' title='bbox 944 915 1046 987; x_wconf 80' lang='grc' dir='ltr'>τὴν</span> <span class='ocrx_word' id='word_1_45' title='bbox 1067 915 1404 985; x_wconf 83' lang='grc' dir='ltr'>οἰκονομίαν,</span> <span class='ocrx_word' id='word_1_46' title='bbox 1430 911 1506 984; x_wconf 78' lang='grc' dir='ltr'>μὴ</span> <span class='ocrx_word' id='word_1_47' title='bbox 1531 910 1798 982; x_wconf 59' lang='grc' dir='ltr'>ἀπρονόηέ</span> 
     </span>
    </p>
   </div>
   <div class='ocr_carea' id='block_1_8' title="bbox 205 993 1797 1073">
    <p class='ocr_par' dir='ltr' id='par_1_8' title="bbox 205 993 1797 1073">
     <span class='ocr_line' id='line_1_8' title="bbox 205 993 1797 1073; baseline -0.006 -17"><span class='ocrx_word' id='word_1_48' title='bbox 205 1019 276 1056; x_wconf 85' lang='grc' dir='ltr'>τα</span> <span class='ocrx_word' id='word_1_49' title='bbox 307 999 447 1056; x_wconf 83' lang='grc' dir='ltr'>εἷναι</span> <span class='ocrx_word' id='word_1_50' title='bbox 472 1000 786 1073; x_wconf 77' lang='grc' dir='ltr'>νομίζωμεν</span> <span class='ocrx_word' id='word_1_51' title='bbox 825 1000 896 1053; x_wconf 89' lang='grc' dir='ltr'>τά</span> <span class='ocrx_word' id='word_1_52' title='bbox 939 1000 1203 1071; x_wconf 88' lang='grc' dir='ltr'>παρόντα,</span> <span class='ocrx_word' id='word_1_53' title='bbox 1244 998 1320 1070; x_wconf 76' lang='grc' dir='ltr'>μὴ</span> <span class='ocrx_word' id='word_1_54' title='bbox 1357 993 1623 1065; x_wconf 78' lang='grc' dir='ltr'>γενέσεώς</span> <span class='ocrx_word' id='word_1_55' title='bbox 1650 1008 1797 1056; x_wconf 89' lang='grc' dir='ltr'>τινος</span> 
     </span>
    </p>
   </div>
   <div class='ocr_carea' id='block_1_9' title="bbox 205 1075 1799 1155">
    <p class='ocr_par' dir='ltr' id='par_1_9' title="bbox 205 1075 1799 1155">
     <span class='ocr_line' id='line_1_9' title="bbox 205 1075 1799 1155; baseline -0.006 -18"><span class='ocrx_word' id='word_1_56' title='bbox 205 1085 306 1137; x_wconf 66' lang='grc' dir='ltr'>καὶ¹</span> <span class='ocrx_word' id='word_1_57' title='bbox 337 1082 677 1155; x_wconf 76' lang='grc' dir='ltr'>εἱμαρμένης</span> <span class='ocrx_word' id='word_1_58' title='bbox 701 1081 990 1155; x_wconf 85' lang='grc' dir='ltr'>τυραννίδα</span> <span class='ocrx_word' id='word_1_59' title='bbox 1020 1080 1439 1152; x_wconf 69' lang='grc' dir='ltr'>έπιτειχίζωμεν</span> <span class='ocrx_word' id='word_1_60' title='bbox 1466 1080 1534 1150; x_wconf 78' lang='grc' dir='ltr'>τῇ</span> <span class='ocrx_word' id='word_1_61' title='bbox 1568 1075 1799 1149; x_wconf 77' lang='grc' dir='ltr'>προνοίᾳ</span> 
     </span>
    </p>
   </div>
   <div class='ocr_carea' id='block_1_10' title="bbox 204 1157 1798 1237">
    <p class='ocr_par' dir='ltr' id='par_1_10' title="bbox 204 1157 1798 1237">
     <span class='ocr_line' id='line_1_10' title="bbox 204 1157 1798 1237; baseline -0.006 -16"><span class='ocrx_word' id='word_1_62' title='bbox 204 1167 305 1221; x_wconf 88' lang='grc' dir='ltr'>τοῦ</span> <span class='ocrx_word' id='word_1_63' title='bbox 334 1166 491 1221; x_wconf 86' lang='grc' dir='ltr'>Θεοῦ.</span> <span class='ocrx_word' id='word_1_64' title='bbox 524 1166 709 1221; x_wconf 89' lang='grc' dir='ltr'>Ταῦτα</span> <span class='ocrx_word' id='word_1_65' title='bbox 748 1165 857 1237; x_wconf 82' lang='grc' dir='ltr'>γάρ</span> <span class='ocrx_word' id='word_1_66' title='bbox 902 1166 1082 1220; x_wconf 89' lang='grc' dir='ltr'>πάντα</span> <span class='ocrx_word' id='word_1_67' title='bbox 1114 1163 1462 1236; x_wconf 71' lang='grc' dir='ltr'>βλασφημίας</span> <span class='ocrx_word' id='word_1_68' title='bbox 1487 1162 1669 1233; x_wconf 84' lang='grc' dir='ltr'>γέμει,</span> <span class='ocrx_word' id='word_1_69' title='bbox 1700 1157 1798 1213; x_wconf 74' lang='grc' dir='ltr'>καὶ</span> 
     </span>
    </p>
   </div>
   <div class='ocr_carea' id='block_1_11' title="bbox 207 1242 1798 1320">
    <p class='ocr_par' dir='ltr' id='par_1_11' title="bbox 207 1242 1798 1320">
     <span class='ocr_line' id='line_1_11' title="bbox 207 1242 1798 1320; baseline -0.006 -16"><span class='ocrx_word' id='word_1_70' title='bbox 207 1251 245 1320; x_wconf 71' lang='grc' dir='ltr'><strong>ἡ</strong></span> <span class='ocrx_word' id='word_1_71' title='bbox 276 1249 449 1315; x_wconf 76' lang='grc' dir='ltr'>ὅντως</span> <span class='ocrx_word' id='word_1_72' title='bbox 492 1248 707 1320; x_wconf 79' lang='grc' dir='ltr'>ταραχὴ</span> <span class='ocrx_word' id='word_1_73' title='bbox 752 1249 849 1302; x_wconf 81' lang='grc' dir='ltr'>καὶ</span> <span class='ocrx_word' id='word_1_74' title='bbox 894 1249 1089 1316; x_wconf 79' lang='grc' dir='ltr'>ἀταξία</span> <span class='ocrx_word' id='word_1_75' title='bbox 1135 1248 1257 1319; x_wconf 75' lang='grc' dir='ltr'>οὐχὶ</span> <span class='ocrx_word' id='word_1_76' title='bbox 1301 1245 1412 1302; x_wconf 90' lang='grc' dir='ltr'>τῶν</span> <span class='ocrx_word' id='word_1_77' title='bbox 1432 1289 1437 1294; x_wconf 93' lang='grc'>.</span> <span class='ocrx_word' id='word_1_78' title='bbox 1457 1242 1798 1316; x_wconf 78' lang='grc' dir='ltr'>πραγμάτων</span> 
     </span>
    </p>
   </div>
   <div class='ocr_carea' id='block_1_12' title="bbox 206 1323 1799 1405">
    <p class='ocr_par' dir='ltr' id='par_1_12' title="bbox 206 1323 1799 1405">
     <span class='ocr_line' id='line_1_12' title="bbox 206 1323 1799 1405; baseline -0.004 -17"><span class='ocrx_word' id='word_1_79' title='bbox 206 1334 331 1388; x_wconf 72' lang='grc' dir='ltr'>ιστί</span> <span class='ocrx_word' id='word_1_80' title='bbox 360 1333 524 1405; x_wconf 78' lang='grc' dir='ltr'>φορὰ,</span> <span class='ocrx_word' id='word_1_81' title='bbox 552 1330 667 1385; x_wconf 80' lang='grc' dir='ltr'>ἀλλ’</span> <span class='ocrx_word' id='word_1_82' title='bbox 687 1333 717 1384; x_wconf 86' lang='grc' dir='ltr'>ό</span> <span class='ocrx_word' id='word_1_83' title='bbox 745 1331 890 1386; x_wconf 78' lang='grc' dir='ltr'>οὕτω</span> <span class='ocrx_word' id='word_1_84' title='bbox 921 1332 1266 1403; x_wconf 75' lang='grc' dir='ltr'>διακείμενος</span> <span class='ocrx_word' id='word_1_85' title='bbox 1286 1328 1545 1400; x_wconf 85' lang='grc' dir='ltr'>λογισμός</span> <span class='ocrx_word' id='word_1_86' title='bbox 1563 1345 1574 1358; x_wconf 96' lang='grc'>·</span> <span class='ocrx_word' id='word_1_87' title='bbox 1605 1326 1662 1390; x_wconf 76' lang='grc' dir='ltr'>ὃς</span> <span class='ocrx_word' id='word_1_88' title='bbox 1692 1323 1799 1381; x_wconf 71' lang='grc' dir='ltr'>κάν</span> 
     </span>
    </p>
   </div>
   <div class='ocr_carea' id='block_1_13' title="bbox 212 1406 1799 1487">
    <p class='ocr_par' dir='ltr' id='par_1_13' title="bbox 212 1406 1799 1487">
     <span class='ocr_line' id='line_1_13' title="bbox 212 1406 1799 1487; baseline -0.004 -20"><span class='ocrx_word' id='word_1_89' title='bbox 212 1414 418 1486; x_wconf 87' lang='grc' dir='ltr'>μυρίας</span> <span class='ocrx_word' id='word_1_90' title='bbox 451 1413 705 1479; x_wconf 76' lang='grc' dir='ltr'>εὐταξίας</span> <span class='ocrx_word' id='word_1_91' title='bbox 734 1414 1004 1487; x_wconf 82' lang='grc' dir='ltr'>ἀπολαύῃ,</span> <span class='ocrx_word' id='word_1_92' title='bbox 1039 1414 1145 1479; x_wconf 66' lang='grc' dir='ltr'>ἕως</span> <span class='ocrx_word' id='word_1_93' title='bbox 1184 1414 1252 1469; x_wconf 80' lang='grc' dir='ltr'>ἀν</span> <span class='ocrx_word' id='word_1_94' title='bbox 1293 1413 1394 1486; x_wconf 80' lang='grc' dir='ltr'>τὴν</span> <span class='ocrx_word' id='word_1_95' title='bbox 1442 1408 1672 1475; x_wconf 81' lang='grc' dir='ltr'>ἀταξίαν</span> <span class='ocrx_word' id='word_1_96' title='bbox 1698 1406 1799 1479; x_wconf 80' lang='grc' dir='ltr'>τήν</span> 
     </span>
    </p>
   </div>
   <div class='ocr_carea' id='block_1_14' title="bbox 207 1490 1797 1569">
    <p class='ocr_par' dir='ltr' id='par_1_14' title="bbox 207 1490 1797 1569">
     <span class='ocr_line' id='line_1_14' title="bbox 207 1490 1797 1569; baseline -0.004 -17"><span class='ocrx_word' id='word_1_97' title='bbox 207 1498 269 1552; x_wconf 72' lang='grc' dir='ltr'>έν</span> <span class='ocrx_word' id='word_1_98' title='bbox 300 1497 450 1568; x_wconf 82' lang='grc' dir='ltr'>αὐτῷ</span> <span class='ocrx_word' id='word_1_99' title='bbox 483 1497 575 1551; x_wconf 79' lang='grc' dir='ltr'>καὶ</span> <span class='ocrx_word' id='word_1_100' title='bbox 605 1496 704 1568; x_wconf 80' lang='grc' dir='ltr'>τὴν</span> <span class='ocrx_word' id='word_1_101' title='bbox 732 1499 978 1569; x_wconf 80' lang='grc' dir='ltr'>ταραχὴν</span> <span class='ocrx_word' id='word_1_102' title='bbox 1027 1496 1412 1569; x_wconf 83' lang='grc' dir='ltr'>διορθώσηται,</span> <span class='ocrx_word' id='word_1_103' title='bbox 1443 1493 1597 1549; x_wconf 81' lang='grc' dir='ltr'>οὐδὲν</span> <span class='ocrx_word' id='word_1_104' title='bbox 1644 1490 1797 1562; x_wconf 83' lang='grc' dir='ltr'>αὐτῷ</span> 
     </span>
    </p>
   </div>
   <div class='ocr_carea' id='block_1_15' title="bbox 205 1575 1798 1653">
    <p class='ocr_par' dir='ltr' id='par_1_15' title="bbox 205 1575 1798 1653">
     <span class='ocr_line' id='line_1_15' title="bbox 205 1575 1798 1653; baseline -0.003 -18"><span class='ocrx_word' id='word_1_105' title='bbox 205 1580 313 1652; x_wconf 86' lang='grc' dir='ltr'>τῆς</span> <span class='ocrx_word' id='word_1_106' title='bbox 337 1583 395 1635; x_wconf 73' lang='grc' dir='ltr'>έν</span> <span class='ocrx_word' id='word_1_107' title='bbox 417 1583 529 1644; x_wconf 84' lang='grc' dir='ltr'>τοῖς</span> <span class='ocrx_word' id='word_1_108' title='bbox 562 1582 887 1653; x_wconf 82' lang='grc' dir='ltr'>πράγμασιν</span> <span class='ocrx_word' id='word_1_109' title='bbox 911 1580 1168 1646; x_wconf 77' lang='grc' dir='ltr'>εὐταξίας</span> <span class='ocrx_word' id='word_1_110' title='bbox 1195 1581 1348 1635; x_wconf 72' lang='grc' dir='ltr'>ἔσται</span> <span class='ocrx_word' id='word_1_111' title='bbox 1373 1580 1437 1634; x_wconf 79' lang='grc' dir='ltr'>τὸ</span> <span class='ocrx_word' id='word_1_112' title='bbox 1459 1577 1624 1633; x_wconf 88' lang='grc' dir='ltr'>πλέον</span> <span class='ocrx_word' id='word_1_113' title='bbox 1641 1593 1656 1609; x_wconf 73' lang='grc' dir='ltr'><strong>ο</strong></span> <span class='ocrx_word' id='word_1_114' title='bbox 1679 1575 1798 1632; x_wconf 80' lang='grc' dir='ltr'>ἀλλ’</span> 
     </span>
    </p>
   </div>
   <div class='ocr_carea' id='block_1_16' title="bbox 206 1659 1799 1735">
    <p class='ocr_par' dir='ltr' id='par_1_16' title="bbox 206 1659 1799 1735">
     <span class='ocr_line' id='line_1_16' title="bbox 206 1659 1799 1735; baseline -0.003 -19"><span class='ocrx_word' id='word_1_115' title='bbox 206 1661 401 1734; x_wconf 81' lang='grc' dir='ltr'>ῶσπερ</span> <span class='ocrx_word' id='word_1_116' title='bbox 439 1660 736 1735; x_wconf 79' lang='grc' dir='ltr'>ὀφθαλμὸς,</span> <span class='ocrx_word' id='word_1_117' title='bbox 766 1664 939 1718; x_wconf 84' lang='grc' dir='ltr'>νοσῶν</span> <span class='ocrx_word' id='word_1_118' title='bbox 980 1663 1080 1735; x_wconf 76' lang='grc' dir='ltr'>μὲν</span> <span class='ocrx_word' id='word_1_119' title='bbox 1113 1664 1209 1717; x_wconf 76' lang='grc' dir='ltr'>καὶ</span> <span class='ocrx_word' id='word_1_120' title='bbox 1244 1665 1303 1717; x_wconf 69' lang='grc' dir='ltr'>έν</span> <span class='ocrx_word' id='word_1_121' title='bbox 1349 1659 1669 1733; x_wconf 87' lang='grc' dir='ltr'>μεσημϐρίᾳ</span> <span class='ocrx_word' id='word_1_122' title='bbox 1694 1676 1799 1729; x_wconf 82' lang='grc' dir='ltr'>φα-</span> 
     </span>
    </p>
   </div>
   <div class='ocr_carea' id='block_1_17' title="bbox 206 1742 1801 1819">
    <p class='ocr_par' dir='ltr' id='par_1_17' title="bbox 206 1742 1801 1819">
     <span class='ocr_line' id='line_1_17' title="bbox 206 1742 1801 1819; baseline -0.002 -20"><span class='ocrx_word' id='word_1_123' title='bbox 206 1746 410 1818; x_wconf 83' lang='grc' dir='ltr'>νοτάτῃ</span> <span class='ocrx_word' id='word_1_124' title='bbox 436 1746 626 1811; x_wconf 85' lang='grc' dir='ltr'>σκότος</span> <span class='ocrx_word' id='word_1_125' title='bbox 650 1746 862 1817; x_wconf 69' lang='grc' dir='ltr'>ὄψεται,</span> <span class='ocrx_word' id='word_1_126' title='bbox 886 1749 983 1801; x_wconf 76' lang='grc' dir='ltr'>καὶ</span> <span class='ocrx_word' id='word_1_127' title='bbox 1011 1747 1174 1819; x_wconf 72' lang='grc' dir='ltr'>ἕτερα</span> <span class='ocrx_word' id='word_1_128' title='bbox 1207 1745 1324 1801; x_wconf 83' lang='grc' dir='ltr'>ἀνθ’</span> <span class='ocrx_word' id='word_1_129' title='bbox 1347 1746 1572 1817; x_wconf 72' lang='grc' dir='ltr'>ἑτέρων,</span> <span class='ocrx_word' id='word_1_130' title='bbox 1592 1743 1688 1797; x_wconf 79' lang='grc' dir='ltr'>καὶ</span> <span class='ocrx_word' id='word_1_131' title='bbox 1710 1742 1801 1797; x_wconf 88' lang='grc' dir='ltr'>ού-</span> 
     </span>
    </p>
   </div>
   <div class='ocr_carea' id='block_1_18' title="bbox 204 1825 1799 1902">
    <p class='ocr_par' dir='ltr' id='par_1_18' title="bbox 204 1825 1799 1902">
     <span class='ocr_line' id='line_1_18' title="bbox 204 1825 1799 1902; baseline -0.004 -17"><span class='ocrx_word' id='word_1_132' title='bbox 204 1828 303 1885; x_wconf 78' lang='grc' dir='ltr'>δὲν</span> <span class='ocrx_word' id='word_1_133' title='bbox 342 1829 494 1901; x_wconf 84' lang='grc' dir='ltr'>αὐτῷ</span> <span class='ocrx_word' id='word_1_134' title='bbox 524 1833 623 1902; x_wconf 78' lang='grc' dir='ltr'>τῆς</span> <span class='ocrx_word' id='word_1_135' title='bbox 652 1832 868 1895; x_wconf 83' lang='grc' dir='ltr'>ἀκτῖνος</span> <span class='ocrx_word' id='word_1_136' title='bbox 897 1831 1052 1885; x_wconf 73' lang='grc' dir='ltr'>ἔσται</span> <span class='ocrx_word' id='word_1_137' title='bbox 1086 1831 1268 1898; x_wconf 81' lang='grc' dir='ltr'>πλέον,</span> <span class='ocrx_word' id='word_1_138' title='bbox 1296 1829 1557 1898; x_wconf 81' lang='grc' dir='ltr'>ὑγιαίνων</span> <span class='ocrx_word' id='word_1_139' title='bbox 1597 1825 1656 1881; x_wconf 84' lang='grc' dir='ltr'>δὲ</span> <span class='ocrx_word' id='word_1_140' title='bbox 1703 1827 1799 1881; x_wconf 76' lang='grc' dir='ltr'>καὶ</span> 
     </span>
    </p>
   </div>
   <div class='ocr_carea' id='block_1_19' title="bbox 205 1911 1794 1987">
    <p class='ocr_par' dir='ltr' id='par_1_19' title="bbox 205 1911 1794 1987">
     <span class='ocr_line' id='line_1_19' title="bbox 205 1911 1794 1987; baseline -0.008 -14"><span class='ocrx_word' id='word_1_141' title='bbox 205 1912 542 1983; x_wconf 61' lang='grc' dir='ltr'>ὶρῤωμένος,</span> <span class='ocrx_word' id='word_1_142' title='bbox 572 1916 668 1968; x_wconf 77' lang='grc' dir='ltr'>καὶ</span> <span class='ocrx_word' id='word_1_143' title='bbox 698 1916 754 1968; x_wconf 82' lang='grc' dir='ltr'>έν</span> <span class='ocrx_word' id='word_1_144' title='bbox 778 1915 989 1986; x_wconf 77' lang='grc' dir='ltr'>ἑσπέρᾳ</span> <span class='ocrx_word' id='word_1_145' title='bbox 1015 1916 1306 1987; x_wconf 89' lang='grc' dir='ltr'>δυνήσεται</span> <span class='ocrx_word' id='word_1_146' title='bbox 1340 1914 1404 1967; x_wconf 85' lang='grc' dir='ltr'>τὸ</span> <span class='ocrx_word' id='word_1_147' title='bbox 1435 1911 1597 1982; x_wconf 89' lang='grc' dir='ltr'>σῶμα</span> <span class='ocrx_word' id='word_1_148' title='bbox 1639 1926 1794 1981; x_wconf 86' lang='grc' dir='ltr'>χειρ-</span> 
     </span>
    </p>
   </div>
   <div class='ocr_carea' id='block_1_20' title="bbox 205 1994 1800 2072">
    <p class='ocr_par' dir='ltr' id='par_1_20' title="bbox 205 1994 1800 2072">
     <span class='ocr_line' id='line_1_20' title="bbox 205 1994 1800 2072; baseline 0.006 -25"><span class='ocrx_word' id='word_1_149' title='bbox 205 1998 452 2063; x_wconf 86' lang='grc' dir='ltr'>αγωγεῖν</span> <span class='ocrx_word' id='word_1_150' title='bbox 468 1997 609 2067; x_wconf 84' lang='grc' dir='ltr'>μετά</span> <span class='ocrx_word' id='word_1_151' title='bbox 636 1997 954 2066; x_wconf 75' lang='grc' dir='ltr'>ἀσφαλείαςο</span> <span class='ocrx_word' id='word_1_152' title='bbox 984 1996 1128 2052; x_wconf 75' lang='grc' dir='ltr'>οὓτω</span> <span class='ocrx_word' id='word_1_153' title='bbox 1147 1997 1242 2052; x_wconf 73' lang='grc' dir='ltr'>καὶ</span> <span class='ocrx_word' id='word_1_154' title='bbox 1269 1998 1298 2051; x_wconf 88' lang='grc' dir='ltr'>ό</span> <span class='ocrx_word' id='word_1_155' title='bbox 1319 1996 1419 2066; x_wconf 86' lang='grc' dir='ltr'>τῆς</span> <span class='ocrx_word' id='word_1_156' title='bbox 1439 1994 1678 2072; x_wconf 81' lang='grc' dir='ltr'>διανοίας</span> <span class='ocrx_word' id='word_1_157' title='bbox 1699 1994 1800 2064; x_wconf 79' lang='grc' dir='ltr'>τῆς</span> 
     </span>
    </p>
   </div>
   <div class='ocr_carea' id='block_1_21' title="bbox 206 2072 1801 2152">
    <p class='ocr_par' dir='ltr' id='par_1_21' title="bbox 206 2072 1801 2152">
     <span class='ocr_line' id='line_1_21' title="bbox 206 2072 1801 2152; baseline 0.001 -22"><span class='ocrx_word' id='word_1_158' title='bbox 206 2078 488 2150; x_wconf 63' lang='grc' dir='ltr'>ἡμετέρας</span> <span class='ocrx_word' id='word_1_159' title='bbox 522 2079 819 2151; x_wconf 74' lang='grc' dir='ltr'>ὀφθαλμὸς,</span> <span class='ocrx_word' id='word_1_160' title='bbox 855 2081 961 2144; x_wconf 67' lang='grc' dir='ltr'>ἕως</span> <span class='ocrx_word' id='word_1_161' title='bbox 1007 2080 1106 2152; x_wconf 77' lang='grc' dir='ltr'>μὲν</span> <span class='ocrx_word' id='word_1_162' title='bbox 1152 2080 1219 2134; x_wconf 79' lang='grc' dir='ltr'>ἂν</span> <span class='ocrx_word' id='word_1_163' title='bbox 1265 2078 1579 2151; x_wconf 72' lang='grc' dir='ltr'>ἐρρωμένος</span> <span class='ocrx_word' id='word_1_164' title='bbox 1603 2072 1664 2150; x_wconf 76' lang='grc' dir='ltr'>ᾗ,</span> <span class='ocrx_word' id='word_1_165' title='bbox 1696 2076 1801 2131; x_wconf 74' lang='grc' dir='ltr'>κᾶν</span> 
     </span>
    </p>
   </div>
   <div class='ocr_carea' id='block_1_22' title="bbox 205 2157 1801 2236">
    <p class='ocr_par' dir='ltr' id='par_1_22' title="bbox 205 2157 1801 2236">
     <span class='ocr_line' id='line_1_22' title="bbox 205 2157 1801 2236; baseline 0.001 -23"><span class='ocrx_word' id='word_1_166' title='bbox 205 2158 420 2215; x_wconf 67' lang='grc' dir='ltr'>ἄτακτα</span> <span class='ocrx_word' id='word_1_167' title='bbox 451 2157 588 2216; x_wconf 78' lang='grc' dir='ltr'>εἶναι</span> <span class='ocrx_word' id='word_1_168' title='bbox 617 2162 878 2218; x_wconf 88' lang='grc' dir='ltr'>δοκοῦντα</span> <span class='ocrx_word' id='word_1_169' title='bbox 922 2164 1027 2236; x_wconf 78' lang='grc' dir='ltr'>ἴδῃ,</span> <span class='ocrx_word' id='word_1_170' title='bbox 1056 2163 1239 2228; x_wconf 89' lang='grc' dir='ltr'>καλῶς</span> <span class='ocrx_word' id='word_1_171' title='bbox 1282 2162 1519 2233; x_wconf 72' lang='grc' dir='ltr'>ϐψεταιει</span> <span class='ocrx_word' id='word_1_172' title='bbox 1542 2177 1556 2193; x_wconf 88' lang='grc'><strong>·</strong></span> <span class='ocrx_word' id='word_1_173' title='bbox 1586 2161 1615 2215; x_wconf 79' lang='grc' dir='ltr'>ε</span> <span class='ocrx_word' id='word_1_174' title='bbox 1627 2174 1717 2217; x_wconf 64' lang='grc' dir='ltr'>δαν</span> <span class='ocrx_word' id='word_1_175' title='bbox 1743 2159 1801 2214; x_wconf 76' lang='grc' dir='ltr'>δὲ</span> 
     </span>
    </p>
   </div>
   <div class='ocr_carea' id='block_1_23' title="bbox 207 2240 1798 2318">
    <p class='ocr_par' dir='ltr' id='par_1_23' title="bbox 207 2240 1798 2318">
     <span class='ocr_line' id='line_1_23' title="bbox 207 2240 1798 2318; baseline 0.002 -25"><span class='ocrx_word' id='word_1_176' title='bbox 207 2240 626 2313; x_wconf 63' lang='grc' dir='ltr'>διεφθαρμένος,</span> <span class='ocrx_word' id='word_1_177' title='bbox 658 2246 762 2299; x_wconf 75' lang='grc' dir='ltr'>κᾶν</span> <span class='ocrx_word' id='word_1_178' title='bbox 802 2247 884 2308; x_wconf 89' lang='grc' dir='ltr'>εἰς</span> <span class='ocrx_word' id='word_1_179' title='bbox 923 2246 1089 2311; x_wconf 81' lang='grc' dir='ltr'>αὐτὸν</span> <span class='ocrx_word' id='word_1_180' title='bbox 1116 2245 1402 2318; x_wconf 80' lang='grc' dir='ltr'>ἀναγάγῃς</span> <span class='ocrx_word' id='word_1_181' title='bbox 1432 2244 1523 2297; x_wconf 76' lang='grc' dir='ltr'>τὸν</span> <span class='ocrx_word' id='word_1_182' title='bbox 1547 2242 1798 2309; x_wconf 75' lang='grc' dir='ltr'>οὐρανὸν,</span> 
     </span>
    </p>
   </div>
   <div class='ocr_carea' id='block_1_24' title="bbox 206 2325 1803 2400">
    <p class='ocr_par' dir='ltr' id='par_1_24' title="bbox 206 2325 1803 2400">
     <span class='ocr_line' id='line_1_24' title="bbox 206 2325 1803 2400; baseline 0.003 -23"><span class='ocrx_word' id='word_1_183' title='bbox 206 2326 305 2377; x_wconf 77' lang='grc' dir='ltr'>καὶ</span> <span class='ocrx_word' id='word_1_184' title='bbox 350 2325 458 2381; x_wconf 86' lang='grc' dir='ltr'>τῶν</span> <span class='ocrx_word' id='word_1_185' title='bbox 503 2327 622 2381; x_wconf 70' lang='grc' dir='ltr'>ικεῖ</span> <span class='ocrx_word' id='word_1_186' title='bbox 650 2329 853 2400; x_wconf 77' lang='grc' dir='ltr'>πολλὴν</span> <span class='ocrx_word' id='word_1_187' title='bbox 887 2328 1115 2395; x_wconf 81' lang='grc' dir='ltr'>ἀταξίαν</span> <span class='ocrx_word' id='word_1_188' title='bbox 1141 2328 1556 2399; x_wconf 83' lang='grc' dir='ltr'>καταγνώσεται</span> <span class='ocrx_word' id='word_1_189' title='bbox 1584 2328 1680 2381; x_wconf 72' lang='grc' dir='ltr'>καί⁵</span> <span class='ocrx_word' id='word_1_190' title='bbox 1705 2342 1803 2381; x_wconf 87' lang='grc' dir='ltr'>τα·-</span> 
     </span>
    </p>
   </div>
   <div class='ocr_carea' id='block_1_25' title="bbox 207 2409 1807 2485">
    <p class='ocr_par' dir='ltr' id='par_1_25' title="bbox 207 2409 1807 2485">
     <span class='ocr_line' id='line_1_25' title="bbox 207 2409 1807 2485; baseline 0.002 -23"><span class='ocrx_word' id='word_1_191' title='bbox 207 2409 406 2480; x_wconf 82' lang='grc' dir='ltr'>ραχήν.</span> <span class='ocrx_word' id='word_1_192' title='bbox 440 2411 551 2465; x_wconf 72' lang='grc' dir='ltr'>Καὶ</span> <span class='ocrx_word' id='word_1_193' title='bbox 577 2412 661 2465; x_wconf 86' lang='grc' dir='ltr'>δτι</span> <span class='ocrx_word' id='word_1_194' title='bbox 691 2412 867 2466; x_wconf 76' lang='grc' dir='ltr'>ταῦτα</span> <span class='ocrx_word' id='word_1_195' title='bbox 900 2412 1074 2478; x_wconf 80' lang='grc' dir='ltr'>οὕτως</span> <span class='ocrx_word' id='word_1_196' title='bbox 1100 2412 1237 2485; x_wconf 73' lang='grc' dir='ltr'>ἔχει,</span> <span class='ocrx_word' id='word_1_197' title='bbox 1263 2413 1435 2468; x_wconf 87' lang='grc' dir='ltr'>πολλά</span> <span class='ocrx_word' id='word_1_198' title='bbox 1460 2429 1545 2466; x_wconf 87' lang='grc' dir='ltr'>σοι</span> <span class='ocrx_word' id='word_1_199' title='bbox 1561 2410 1671 2465; x_wconf 85' lang='grc' dir='ltr'>τῶν</span> <span class='ocrx_word' id='word_1_200' title='bbox 1693 2410 1807 2465; x_wconf 80' lang='grc' dir='ltr'>πά-</span> 
     </span>
    </p>
   </div>
   <div class='ocr_carea' id='block_1_26' title="bbox 205 2489 1803 2568">
    <p class='ocr_par' dir='ltr' id='par_1_26' title="bbox 205 2489 1803 2568">
     <span class='ocr_line' id='line_1_26' title="bbox 205 2489 1803 2568; baseline 0.003 -24"><span class='ocrx_word' id='word_1_201' title='bbox 205 2489 299 2544; x_wconf 86' lang='grc' dir='ltr'>λαι</span> <span class='ocrx_word' id='word_1_202' title='bbox 346 2493 438 2546; x_wconf 83' lang='grc' dir='ltr'>καί</span> <span class='ocrx_word' id='word_1_203' title='bbox 487 2495 595 2550; x_wconf 90' lang='grc' dir='ltr'>τῶν</span> <span class='ocrx_word' id='word_1_204' title='bbox 639 2496 722 2566; x_wconf 74' lang='grc' dir='ltr'>ἐφ’</span> <span class='ocrx_word' id='word_1_205' title='bbox 745 2498 778 2568; x_wconf 89' lang='grc' dir='ltr'>ή</span> <span class='ocrx_word' id='word_1_206' title='bbox 789 2495 906 2567; x_wconf 89' lang='grc' dir='ltr'>μῶν</span> <span class='ocrx_word' id='word_1_207' title='bbox 950 2495 1140 2550; x_wconf 89' lang='grc' dir='ltr'>τούτου</span> <span class='ocrx_word' id='word_1_208' title='bbox 1188 2496 1587 2552; x_wconf 87' lang='grc' dir='ltr'>κατασκευάσω</span> <span class='ocrx_word' id='word_1_209' title='bbox 1622 2511 1803 2568; x_wconf 86' lang='grc' dir='ltr'>παρα-</span> 
     </span>
    </p>
   </div>
   <div class='ocr_carea' id='block_1_27' title="bbox 203 2572 1803 2650">
    <p class='ocr_par' dir='ltr' id='par_1_27' title="bbox 203 2572 1803 2650">
     <span class='ocr_line' id='line_1_27' title="bbox 203 2572 1803 2650; baseline 0.004 -25"><span class='ocrx_word' id='word_1_210' title='bbox 203 2572 497 2644; x_wconf 86' lang='grc' dir='ltr'>δείγματα.</span> <span class='ocrx_word' id='word_1_211' title='bbox 537 2577 700 2630; x_wconf 89' lang='grc' dir='ltr'>Πόσοι</span> <span class='ocrx_word' id='word_1_212' title='bbox 749 2572 941 2632; x_wconf 79' lang='grc' dir='ltr'>πενίαν</span> <span class='ocrx_word' id='word_1_213' title='bbox 989 2578 1247 2650; x_wconf 83' lang='grc' dir='ltr'>φέρουσιν</span> <span class='ocrx_word' id='word_1_214' title='bbox 1291 2578 1552 2645; x_wconf 76' lang='grc' dir='ltr'>εὐκόλως,</span> <span class='ocrx_word' id='word_1_215' title='bbox 1595 2577 1692 2632; x_wconf 74' lang='grc' dir='ltr'>καὶ</span> <span class='ocrx_word' id='word_1_216' title='bbox 1722 2576 1803 2649; x_wconf 83' lang='grc' dir='ltr'>τῷ</span> 
     </span>
    </p>
   </div>
   <div class='ocr_carea' id='block_1_28' title="bbox 206 2654 1804 2735">
    <p class='ocr_par' dir='ltr' id='par_1_28' title="bbox 206 2654 1804 2735">
     <span class='ocr_line' id='line_1_28' title="bbox 206 2654 1804 2735; baseline 0.006 -27"><span class='ocrx_word' id='word_1_217' title='bbox 206 2654 333 2728; x_wconf 81' lang='grc' dir='ltr'>Θεῷ</span> <span class='ocrx_word' id='word_1_218' title='bbox 360 2657 446 2713; x_wconf 85' lang='grc' dir='ltr'>διά</span> <span class='ocrx_word' id='word_1_219' title='bbox 470 2659 631 2714; x_wconf 85' lang='grc' dir='ltr'>τοῦτο</span> <span class='ocrx_word' id='word_1_220' title='bbox 652 2662 1103 2732; x_wconf 76' lang='grc' dir='ltr'>εὐχαριστοῦντες</span> <span class='ocrx_word' id='word_1_221' title='bbox 1130 2667 1192 2718; x_wconf 88' lang='grc' dir='ltr'>οὐ</span> <span class='ocrx_word' id='word_1_222' title='bbox 1218 2663 1671 2735; x_wconf 79' lang='grc' dir='ltr'>διαλιμπάνουσι;</span> <span class='ocrx_word' id='word_1_223' title='bbox 1702 2664 1804 2717; x_wconf 85' lang='grc' dir='ltr'>πό·-</span> 
     </span>
    </p>
   </div>
   <div class='ocr_carea' id='block_1_29' title="bbox 208 2740 1803 2819">
    <p class='ocr_par' dir='ltr' id='par_1_29' title="bbox 208 2740 1803 2819">
     <span class='ocr_line' id='line_1_29' title="bbox 208 2740 1803 2819; baseline 0.006 -28"><span class='ocrx_word' id='word_1_224' title='bbox 208 2756 292 2792; x_wconf 89' lang='grc' dir='ltr'>σοι</span> <span class='ocrx_word' id='word_1_225' title='bbox 337 2740 564 2798; x_wconf 87' lang='grc' dir='ltr'>πλοῦτον</span> <span class='ocrx_word' id='word_1_226' title='bbox 598 2745 692 2799; x_wconf 80' lang='grc' dir='ltr'>καί</span> <span class='ocrx_word' id='word_1_227' title='bbox 722 2746 936 2817; x_wconf 72' lang='grc' dir='ltr'>τρυφὴν</span> <span class='ocrx_word' id='word_1_228' title='bbox 971 2746 1210 2818; x_wconf 74' lang='grc' dir='ltr'>ἔχοντες,</span> <span class='ocrx_word' id='word_1_229' title='bbox 1240 2748 1341 2801; x_wconf 89' lang='grc' dir='ltr'>οὐκ</span> <span class='ocrx_word' id='word_1_230' title='bbox 1365 2745 1803 2819; x_wconf 88' lang='grc' dir='ltr'>εὐχαριστοῦσιν,</span> 
     </span>
    </p>
   </div>
   <div class='ocr_carea' id='block_1_30' title="bbox 204 2823 1805 2904">
    <p class='ocr_par' dir='ltr' id='par_1_30' title="bbox 204 2823 1805 2904">
     <span class='ocr_line' id='line_1_30' title="bbox 204 2823 1805 2904; baseline 0.006 -27"><span class='ocrx_word' id='word_1_231' title='bbox 204 2823 350 2879; x_wconf 82' lang='grc' dir='ltr'>ἀλλά</span> <span class='ocrx_word' id='word_1_232' title='bbox 379 2825 759 2898; x_wconf 73' lang='grc' dir='ltr'>βλασφημοῦσι</span> <span class='ocrx_word' id='word_1_233' title='bbox 804 2831 895 2883; x_wconf 87' lang='grc' dir='ltr'>τὸν</span> <span class='ocrx_word' id='word_1_234' title='bbox 942 2832 1255 2903; x_wconf 86' lang='grc' dir='ltr'>Δεσπότην;</span> <span class='ocrx_word' id='word_1_235' title='bbox 1308 2831 1466 2885; x_wconf 89' lang='grc' dir='ltr'>πόσοι</span> <span class='ocrx_word' id='word_1_236' title='bbox 1497 2831 1667 2904; x_wconf 79' lang='grc' dir='ltr'>μηδὲν</span> <span class='ocrx_word' id='word_1_237' title='bbox 1697 2848 1805 2887; x_wconf 83' lang='grc' dir='ltr'>πα-</span> 
     </span>
    </p>
   </div>
   <div class='ocr_carea' id='block_1_31' title="bbox 206 2905 1802 2986">
    <p class='ocr_par' dir='ltr' id='par_1_31' title="bbox 206 2905 1802 2986">
     <span class='ocr_line' id='line_1_31' title="bbox 206 2905 1802 2986; baseline 0.006 -27"><span class='ocrx_word' id='word_1_238' title='bbox 206 2905 399 2973; x_wconf 83' lang='grc' dir='ltr'>θόντες</span> <span class='ocrx_word' id='word_1_239' title='bbox 438 2908 630 2976; x_wconf 82' lang='grc' dir='ltr'>δεινὸν,</span> <span class='ocrx_word' id='word_1_240' title='bbox 666 2912 1032 2982; x_wconf 89' lang='grc' dir='ltr'>κατηγοροῦσι</span> <span class='ocrx_word' id='word_1_241' title='bbox 1081 2914 1180 2984; x_wconf 91' lang='grc' dir='ltr'>τῆς</span> <span class='ocrx_word' id='word_1_242' title='bbox 1230 2912 1463 2967; x_wconf 83' lang='grc' dir='ltr'>καθόλου</span> <span class='ocrx_word' id='word_1_243' title='bbox 1505 2914 1802 2986; x_wconf 86' lang='grc' dir='ltr'>προνοίας;</span> 
     </span>
    </p>
   </div>
   <div class='ocr_carea' id='block_1_32' title="bbox 208 2991 1801 3069">
    <p class='ocr_par' dir='ltr' id='par_1_32' title="bbox 208 2991 1801 3069">
     <span class='ocr_line' id='line_1_32' title="bbox 208 2991 1801 3069; baseline 0.006 -26"><span class='ocrx_word' id='word_1_244' title='bbox 208 2992 371 3044; x_wconf 79' lang='grc' dir='ltr'>πόσοι</span> <span class='ocrx_word' id='word_1_245' title='bbox 422 2991 791 3066; x_wconf 80' lang='grc' dir='ltr'>δεσμωτήριον</span> <span class='ocrx_word' id='word_1_246' title='bbox 839 2997 930 3049; x_wconf 80' lang='grc' dir='ltr'>τὸν</span> <span class='ocrx_word' id='word_1_247' title='bbox 968 2998 1183 3052; x_wconf 81' lang='grc' dir='ltr'>ἅπαντα</span> <span class='ocrx_word' id='word_1_248' title='bbox 1228 2998 1419 3068; x_wconf 84' lang='grc' dir='ltr'>χρόνον</span> <span class='ocrx_word' id='word_1_249' title='bbox 1458 2998 1801 3069; x_wconf 88' lang='grc' dir='ltr'>οἰκήσαντες,</span> 
     </span>
    </p>
   </div>
   <div class='ocr_carea' id='block_1_33' title="bbox 204 3073 1806 3152">
    <p class='ocr_par' dir='ltr' id='par_1_33' title="bbox 204 3073 1806 3152">
     <span class='ocr_line' id='line_1_33' title="bbox 204 3073 1806 3152; baseline 0.007 -28"><span class='ocrx_word' id='word_1_250' title='bbox 204 3073 324 3127; x_wconf 86' lang='grc' dir='ltr'>τῶν</span> <span class='ocrx_word' id='word_1_251' title='bbox 352 3074 410 3128; x_wconf 72' lang='grc' dir='ltr'>έν</span> <span class='ocrx_word' id='word_1_252' title='bbox 448 3074 604 3147; x_wconf 82' lang='grc' dir='ltr'>ἀδείᾳ</span> <span class='ocrx_word' id='word_1_253' title='bbox 655 3076 752 3130; x_wconf 73' lang='grc' dir='ltr'>καὶ</span> <span class='ocrx_word' id='word_1_254' title='bbox 797 3078 1066 3150; x_wconf 74' lang='grc' dir='ltr'>ἀσφαλείᾳ</span> <span class='ocrx_word' id='word_1_255' title='bbox 1097 3079 1439 3151; x_wconf 86' lang='grc' dir='ltr'>βεϐιωκότων</span> <span class='ocrx_word' id='word_1_256' title='bbox 1468 3080 1806 3152; x_wconf 83' lang='grc' dir='ltr'>εὐγνωμονέ-</span> 
     </span>
    </p>
   </div>
   <div class='ocr_carea' id='block_1_34' title="bbox 209 3157 1804 3237">
    <p class='ocr_par' dir='ltr' id='par_1_34' title="bbox 209 3157 1804 3237">
     <span class='ocr_line' id='line_1_34' title="bbox 209 3157 1804 3237; baseline 0.006 -28"><span class='ocrx_word' id='word_1_257' title='bbox 209 3169 408 3228; x_wconf 74' lang='grc' dir='ltr'>στερον</span> <span class='ocrx_word' id='word_1_258' title='bbox 448 3157 548 3229; x_wconf 81' lang='grc' dir='ltr'>τὴν</span> <span class='ocrx_word' id='word_1_259' title='bbox 591 3161 708 3213; x_wconf 84' lang='grc' dir='ltr'>ὲκεῖ</span> <span class='ocrx_word' id='word_1_260' title='bbox 737 3162 962 3233; x_wconf 83' lang='grc' dir='ltr'>φέρουσι</span> <span class='ocrx_word' id='word_1_261' title='bbox 990 3163 1401 3235; x_wconf 85' lang='grc' dir='ltr'>ταλαιπωρίαν;</span> <span class='ocrx_word' id='word_1_262' title='bbox 1448 3164 1623 3237; x_wconf 42' lang='grc' dir='ltr'>Ὁρᾷς,</span> <span class='ocrx_word' id='word_1_263' title='bbox 1652 3166 1735 3218; x_wconf 71' lang='grc' dir='ltr'>ὅτι</span> <span class='ocrx_word' id='word_1_264' title='bbox 1770 3165 1804 3235; x_wconf 74' lang='grc' dir='ltr'><strong>ἡ</strong></span> 
     </span>
    </p>
   </div>
   <div class='ocr_carea' id='block_1_35' title="bbox 206 3239 1808 3319">
    <p class='ocr_par' dir='ltr' id='par_1_35' title="bbox 206 3239 1808 3319">
     <span class='ocr_line' id='line_1_35' title="bbox 206 3239 1808 3319; baseline 0.008 -28"><span class='ocrx_word' id='word_1_265' title='bbox 206 3240 312 3310; x_wconf 89' lang='grc' dir='ltr'>τῆς</span> <span class='ocrx_word' id='word_1_266' title='bbox 332 3239 509 3312; x_wconf 81' lang='grc' dir='ltr'>ψυχῆς</span> <span class='ocrx_word' id='word_1_267' title='bbox 532 3244 886 3309; x_wconf 83' lang='grc' dir='ltr'>κατάστασις,</span> <span class='ocrx_word' id='word_1_268' title='bbox 918 3246 1015 3301; x_wconf 80' lang='grc' dir='ltr'>καὶ</span> <span class='ocrx_word' id='word_1_269' title='bbox 1042 3249 1123 3301; x_wconf 85' lang='grc' dir='ltr'>δτι</span> <span class='ocrx_word' id='word_1_270' title='bbox 1149 3250 1177 3301; x_wconf 85' lang='grc' dir='ltr'>ὁ</span> <span class='ocrx_word' id='word_1_271' title='bbox 1205 3250 1404 3310; x_wconf 71' lang='grc' dir='ltr'>οἰκεῖος</span> <span class='ocrx_word' id='word_1_272' title='bbox 1433 3248 1693 3319; x_wconf 83' lang='grc' dir='ltr'>λογισμὸς</span> <span class='ocrx_word' id='word_1_273' title='bbox 1712 3250 1808 3304; x_wconf 75' lang='grc' dir='ltr'>καὶ</span> 
     </span>
    </p>
   </div>
   <div class='ocr_carea' id='block_1_36' title="bbox 160 3324 1805 3405">
    <p class='ocr_par' dir='ltr' id='par_1_36' title="bbox 160 3324 1805 3405">
     <span class='ocr_line' id='line_1_36' title="bbox 160 3324 1805 3405; baseline 0.007 -29"><span class='ocrx_word' id='word_1_274' title='bbox 160 3342 179 3355; x_wconf 68' lang='grc'>·“</span> <span class='ocrx_word' id='word_1_275' title='bbox 209 3324 422 3380; x_wconf 88' lang='grc' dir='ltr'>τούτων</span> <span class='ocrx_word' id='word_1_276' title='bbox 454 3326 547 3381; x_wconf 85' lang='grc' dir='ltr'>καί</span> <span class='ocrx_word' id='word_1_277' title='bbox 578 3328 802 3383; x_wconf 78' lang='grc' dir='ltr'>ἐκείνων</span> <span class='ocrx_word' id='word_1_278' title='bbox 835 3331 1029 3394; x_wconf 74' lang='grc' dir='ltr'>αἴτιος,</span> <span class='ocrx_word' id='word_1_279' title='bbox 1068 3330 1181 3385; x_wconf 83' lang='grc' dir='ltr'>ἀλλ’</span> <span class='ocrx_word' id='word_1_280' title='bbox 1202 3332 1303 3385; x_wconf 88' lang='grc' dir='ltr'>οὐκ</span> <span class='ocrx_word' id='word_1_281' title='bbox 1348 3331 1489 3404; x_wconf 84' lang='grc' dir='ltr'>αὐτὴ</span> <span class='ocrx_word' id='word_1_282' title='bbox 1520 3333 1629 3389; x_wconf 89' lang='grc' dir='ltr'>τῶν</span> <span class='ocrx_word' id='word_1_283' title='bbox 1665 3351 1805 3405; x_wconf 86' lang='grc' dir='ltr'>πρα-</span> 
     </span>
    </p>
   </div>
   <div class='ocr_carea' id='block_1_37' title="bbox 210 3408 1809 3486">
    <p class='ocr_par' dir='ltr' id='par_1_37' title="bbox 210 3408 1809 3486">
     <span class='ocr_line' id='line_1_37' title="bbox 210 3408 1809 3486; baseline 0.006 -27"><span class='ocrx_word' id='word_1_284' title='bbox 210 3408 441 3476; x_wconf 87' lang='grc' dir='ltr'>γμάτων</span> <span class='ocrx_word' id='word_1_285' title='bbox 486 3410 520 3481; x_wconf 85' lang='grc' dir='ltr'>ή</span> <span class='ocrx_word' id='word_1_286' title='bbox 565 3410 919 3480; x_wconf 76' lang='grc' dir='ltr'>φύσις.”Ωστε</span> <span class='ocrx_word' id='word_1_287' title='bbox 966 3416 1014 3467; x_wconf 88' lang='grc' dir='ltr'>εἰ</span> <span class='ocrx_word' id='word_1_288' title='bbox 1062 3414 1165 3484; x_wconf 86' lang='grc' dir='ltr'>τῆς</span> <span class='ocrx_word' id='word_1_289' title='bbox 1205 3414 1443 3479; x_wconf 83' lang='grc' dir='ltr'>διανοίας</span> <span class='ocrx_word' id='word_1_290' title='bbox 1489 3415 1809 3486; x_wconf 72' lang='grc' dir='ltr'>ἐπιμέλειαν</span> 
     </span>
    </p>
   </div>
   <div class='ocr_carea' id='block_1_38' title="bbox 207 3489 1810 3572">
    <p class='ocr_par' dir='ltr' id='par_1_38' title="bbox 207 3489 1810 3572">
     <span class='ocr_line' id='line_1_38' title="bbox 207 3489 1810 3572; baseline 0.008 -30"><span class='ocrx_word' id='word_1_291' title='bbox 207 3489 548 3562; x_wconf 69' lang='grc' dir='ltr'>ἐποιούμεθα</span> <span class='ocrx_word' id='word_1_292' title='bbox 598 3494 701 3565; x_wconf 85' lang='grc' dir='ltr'>τῆς</span> <span class='ocrx_word' id='word_1_293' title='bbox 744 3496 1040 3569; x_wconf 78' lang='grc' dir='ltr'>ἡμετέρας,</span> <span class='ocrx_word' id='word_1_294' title='bbox 1083 3499 1185 3552; x_wconf 89' lang='grc' dir='ltr'>οὐκ</span> <span class='ocrx_word' id='word_1_295' title='bbox 1224 3494 1294 3571; x_wconf 81' lang='grc' dir='ltr'>ἦν</span> <span class='ocrx_word' id='word_1_296' title='bbox 1339 3498 1575 3572; x_wconf 82' lang='grc' dir='ltr'>ταραχὴ,</span> <span class='ocrx_word' id='word_1_297' title='bbox 1610 3501 1712 3555; x_wconf 86' lang='grc' dir='ltr'>οὐκ</span> <span class='ocrx_word' id='word_1_298' title='bbox 1739 3496 1810 3572; x_wconf 77' lang='grc' dir='ltr'>ἢν</span> 
     </span>
    </p>
   </div>
   <div class='ocr_carea' id='block_1_39' title="bbox 210 3573 1811 3660">
    <p class='ocr_par' dir='ltr' id='par_1_39' title="bbox 210 3573 1811 3660">
     <span class='ocr_line' id='line_1_39' title="bbox 210 3573 1811 3660; baseline 0.008 -33"><span class='ocrx_word' id='word_1_299' title='bbox 210 3573 436 3641; x_wconf 82' lang='grc' dir='ltr'>ἀταξία,</span> <span class='ocrx_word' id='word_1_300' title='bbox 648 3578 750 3633; x_wconf 90' lang='grc' dir='ltr'>οὐκ</span> <span class='ocrx_word' id='word_1_301' title='bbox 790 3575 859 3651; x_wconf 79' lang='grc' dir='ltr'>ἦν</span> <span class='ocrx_word' id='word_1_302' title='bbox 897 3581 1006 3635; x_wconf 93' lang='grc' dir='ltr'>τῶν</span> <span class='ocrx_word' id='word_1_303' title='bbox 1033 3582 1222 3637; x_wconf 89' lang='grc' dir='ltr'>δεινῶν</span> <span class='ocrx_word' id='word_1_304' title='bbox 1250 3584 1425 3649; x_wconf 80' lang='grc' dir='ltr'>οὐδὲν,</span> <span class='ocrx_word' id='word_1_305' title='bbox 1460 3586 1510 3638; x_wconf 88' lang='grc' dir='ltr'>εἰ</span> <span class='ocrx_word' id='word_1_306' title='bbox 1536 3586 1633 3639; x_wconf 77' lang='grc' dir='ltr'>καὶ</span> <span class='ocrx_word' id='word_1_307' title='bbox 1659 3586 1811 3660; x_wconf 87' lang='grc' dir='ltr'>εὐρί-</span> 
     </span>
    </p>
   </div>
   <div class='ocr_carea' id='block_1_40' title="bbox 212 3660 1812 3742">
    <p class='ocr_par' dir='ltr' id='par_1_40' title="bbox 212 3660 1812 3742">
     <span class='ocr_line' id='line_1_40' title="bbox 212 3660 1812 3742; baseline 0.009 -32"><span class='ocrx_word' id='word_1_308' title='bbox 212 3673 321 3710; x_wconf 84' lang='grc' dir='ltr'>που</span> <span class='ocrx_word' id='word_1_309' title='bbox 352 3660 552 3724; x_wconf 74' lang='grc' dir='ltr'>παντὸς</span> <span class='ocrx_word' id='word_1_310' title='bbox 578 3660 956 3735; x_wconf 81' lang='grc' dir='ltr'>χαλεπώτερον</span> <span class='ocrx_word' id='word_1_311' title='bbox 979 3665 1093 3719; x_wconf 83' lang='grc' dir='ltr'>ἀνω</span> <span class='ocrx_word' id='word_1_312' title='bbox 1118 3667 1212 3720; x_wconf 71' lang='grc' dir='ltr'>καί⁵</span> <span class='ocrx_word' id='word_1_313' title='bbox 1240 3668 1392 3722; x_wconf 86' lang='grc' dir='ltr'>κάτω</span> <span class='ocrx_word' id='word_1_314' title='bbox 1414 3669 1483 3724; x_wconf 89' lang='grc' dir='ltr'>τά</span> <span class='ocrx_word' id='word_1_315' title='bbox 1506 3670 1812 3742; x_wconf 87' lang='grc' dir='ltr'>πράγματα</span> 
     </span>
    </p>
   </div>
   <div class='ocr_carea' id='block_1_41' title="bbox 210 3741 1809 3825">
    <p class='ocr_par' dir='ltr' id='par_1_41' title="bbox 210 3741 1809 3825">
     <span class='ocr_line' id='line_1_41' title="bbox 210 3741 1809 3825; baseline 0.008 -30"><span class='ocrx_word' id='word_1_316' title='bbox 210 3741 884 3825; x_wconf 16' lang='grc' dir='ltr'>τῆςῗήμετέραςηεφέρετο</span> <span class='ocrx_word' id='word_1_317' title='bbox 912 3747 1077 3819; x_wconf 81' lang='grc' dir='ltr'>ζωῆς.</span> <span class='ocrx_word' id='word_1_318' title='bbox 1108 3749 1210 3803; x_wconf 87' lang='grc' dir='ltr'>Διά</span> <span class='ocrx_word' id='word_1_319' title='bbox 1256 3751 1309 3806; x_wconf 90' lang='grc' dir='ltr'>τί</span> <span class='ocrx_word' id='word_1_320' title='bbox 1356 3752 1487 3824; x_wconf 78' lang='grc' dir='ltr'>γάρ,</span> <span class='ocrx_word' id='word_1_321' title='bbox 1534 3754 1656 3807; x_wconf 79' lang='grc' dir='ltr'>εἰπέ</span> <span class='ocrx_word' id='word_1_322' title='bbox 1696 3771 1809 3825; x_wconf 91' lang='grc' dir='ltr'>μοι,</span> 
     </span>
    </p>
   </div>
   <div class='ocr_carea' id='block_1_42' title="bbox 216 3824 1811 3907">
    <p class='ocr_par' dir='ltr' id='par_1_42' title="bbox 216 3824 1811 3907">
     <span class='ocr_line' id='line_1_42' title="bbox 216 3824 1811 3907; baseline 0.009 -28"><span class='ocrx_word' id='word_1_323' title='bbox 216 3824 438 3890; x_wconf 84' lang='grc' dir='ltr'>Παῦλος</span> <span class='ocrx_word' id='word_1_324' title='bbox 467 3828 815 3899; x_wconf 72' lang='grc' dir='ltr'>εὐχαριστεῖς</span> <span class='ocrx_word' id='word_1_325' title='bbox 848 3832 1040 3886; x_wconf 83' lang='grc' dir='ltr'>Καίτοι</span> <span class='ocrx_word' id='word_1_326' title='bbox 1069 3832 1178 3887; x_wconf 84' lang='grc' dir='ltr'>τῶν</span> <span class='ocrx_word' id='word_1_327' title='bbox 1224 3834 1424 3906; x_wconf 81' lang='grc' dir='ltr'>ἄριστα</span> <span class='ocrx_word' id='word_1_328' title='bbox 1464 3824 1811 3907; x_wconf 81' lang='grc' dir='ltr'>βεϐιωκότων</span> 
     </span>
    </p>
   </div>
   <div class='ocr_carea' id='block_1_43' title="bbox 211 3909 1809 3991">
    <p class='ocr_par' dir='ltr' id='par_1_43' title="bbox 211 3909 1809 3991">
     <span class='ocr_line' id='line_1_43' title="bbox 211 3909 1809 3991; baseline 0.008 -27"><span class='ocrx_word' id='word_1_329' title='bbox 211 3909 359 3976; x_wconf 71' lang='grc' dir='ltr'>ἀστὶ,</span> <span class='ocrx_word' id='word_1_330' title='bbox 388 3909 499 3964; x_wconf 92' lang='grc' dir='ltr'>τῶν</span> <span class='ocrx_word' id='word_1_331' title='bbox 521 3914 587 3984; x_wconf 78' lang='grc' dir='ltr'>τῇ</span> <span class='ocrx_word' id='word_1_332' title='bbox 611 3914 779 3985; x_wconf 85' lang='grc' dir='ltr'>ἀρετῇ</span> <span class='ocrx_word' id='word_1_333' title='bbox 812 3914 1189 3986; x_wconf 89' lang='grc' dir='ltr'>συνεζηκότων</span> <span class='ocrx_word' id='word_1_334' title='bbox 1220 3917 1313 3972; x_wconf 83' lang='grc' dir='ltr'>τὸν</span> <span class='ocrx_word' id='word_1_335' title='bbox 1344 3919 1563 3974; x_wconf 76' lang='grc' dir='ltr'>ἅπαντα</span> <span class='ocrx_word' id='word_1_336' title='bbox 1592 3921 1809 3991; x_wconf 87' lang='grc' dir='ltr'>χρόνον,</span> 
     </span>
    </p>
   </div>
   <div class='ocr_carea' id='block_1_44' title="bbox 208 3992 1813 4066">
    <p class='ocr_par' dir='ltr' id='par_1_44' title="bbox 208 3992 1813 4066">
     <span class='ocr_line' id='line_1_44' title="bbox 208 3992 1813 4066; baseline 0.008 -20"><span class='ocrx_word' id='word_1_337' title='bbox 208 3992 327 4046; x_wconf 82' lang='grc' dir='ltr'>τῶν</span> <span class='ocrx_word' id='word_1_338' title='bbox 356 3994 555 4065; x_wconf 73' lang='grc' dir='ltr'>ἥκιστα</span> <span class='ocrx_word' id='word_1_339' title='bbox 584 3997 823 4051; x_wconf 89' lang='grc' dir='ltr'>τοσαῦτα</span> <span class='ocrx_word' id='word_1_340' title='bbox 853 3999 1133 4054; x_wconf 78' lang='grc' dir='ltr'>παθόντων</span> <span class='ocrx_word' id='word_1_341' title='bbox 1155 4000 1306 4055; x_wconf 86' lang='grc' dir='ltr'>δεινά</span> <span class='ocrx_word' id='word_1_342' title='bbox 1326 4018 1339 4031; x_wconf 90' lang='grc'><strong>·</strong></span> <span class='ocrx_word' id='word_1_343' title='bbox 1377 4002 1555 4066; x_wconf 83' lang='grc' dir='ltr'>οὐδεὶς</span> <span class='ocrx_word' id='word_1_344' title='bbox 1584 4003 1709 4058; x_wconf 81' lang='grc' dir='ltr'>οὐτε</span> <span class='ocrx_word' id='word_1_345' title='bbox 1734 4004 1813 4059; x_wconf 84' lang='grc' dir='ltr'>δι-</span> 
     </span>
    </p>
   </div>
   <div class='ocr_carea' id='block_1_45' title="bbox 212 4078 1814 4156">
    <p class='ocr_par' dir='ltr' id='par_1_45' title="bbox 212 4078 1814 4156">
     <span class='ocr_line' id='line_1_45' title="bbox 212 4078 1814 4156; baseline 0.007 -26"><span class='ocrx_word' id='word_1_346' title='bbox 212 4078 505 4152; x_wconf 82' lang='grc' dir='ltr'>καιότερος</span> <span class='ocrx_word' id='word_1_347' title='bbox 538 4080 749 4134; x_wconf 71' lang='grc' dir='ltr'>ἐκείνου</span> <span class='ocrx_word' id='word_1_348' title='bbox 781 4081 971 4151; x_wconf 86' lang='grc' dir='ltr'>γέγονε</span> <span class='ocrx_word' id='word_1_349' title='bbox 1013 4083 1123 4137; x_wconf 92' lang='grc' dir='ltr'>τῶν</span> <span class='ocrx_word' id='word_1_350' title='bbox 1169 4084 1259 4153; x_wconf 78' lang='grc' dir='ltr'>ὐφ’</span> <span class='ocrx_word' id='word_1_351' title='bbox 1280 4084 1420 4156; x_wconf 79' lang='grc' dir='ltr'>ἡλίῳ</span> <span class='ocrx_word' id='word_1_352' title='bbox 1452 4087 1671 4141; x_wconf 87' lang='grc' dir='ltr'>πάντων</span> <span class='ocrx_word' id='word_1_353' title='bbox 1720 4090 1814 4143; x_wconf 91' lang='grc' dir='ltr'>ἀν-</span> 
     </span>
    </p>
   </div>
   <div class='ocr_carea' id='block_1_46' title="bbox 212 4159 1812 4238">
    <p class='ocr_par' dir='ltr' id='par_1_46' title="bbox 212 4159 1812 4238">
     <span class='ocr_line' id='line_1_46' title="bbox 212 4159 1812 4238; baseline 0.006 -24"><span class='ocrx_word' id='word_1_354' title='bbox 212 4159 474 4233; x_wconf 79' lang='grc' dir='ltr'>θρώπιον,</span> <span class='ocrx_word' id='word_1_355' title='bbox 498 4163 624 4218; x_wconf 85' lang='grc' dir='ltr'>οὐτε</span> <span class='ocrx_word' id='word_1_356' title='bbox 658 4164 1015 4237; x_wconf 83' lang='grc' dir='ltr'>χαλεπώτερα</span> <span class='ocrx_word' id='word_1_357' title='bbox 1042 4167 1252 4221; x_wconf 80' lang='grc' dir='ltr'>ἐκείνου</span> <span class='ocrx_word' id='word_1_358' title='bbox 1281 4168 1516 4223; x_wconf 89' lang='grc' dir='ltr'>πέπονθε</span> <span class='ocrx_word' id='word_1_359' title='bbox 1538 4170 1646 4224; x_wconf 91' lang='grc' dir='ltr'>τῶν</span> <span class='ocrx_word' id='word_1_360' title='bbox 1672 4171 1732 4238; x_wconf 78' lang='grc' dir='ltr'>ἐξ</span> <span class='ocrx_word' id='word_1_361' title='bbox 1751 4165 1812 4226; x_wconf 78' lang='grc' dir='ltr'>οῦ</span> 
     </span>
    </p>
   </div>
   <div class='ocr_carea' id='block_1_47' title="bbox 213 4246 1813 4322">
    <p class='ocr_par' dir='ltr' id='par_1_47' title="bbox 213 4246 1813 4322">
     <span class='ocr_line' id='line_1_47' title="bbox 213 4246 1813 4322; baseline 0.01 -27"><span class='ocrx_word' id='word_1_362' title='bbox 213 4246 508 4314; x_wconf 80' lang='grc' dir='ltr'>γεγόνασιν</span> <span class='ocrx_word' id='word_1_363' title='bbox 533 4247 832 4319; x_wconf 80' lang='grc' dir='ltr'>ἄνθρωποι.</span> <span class='ocrx_word' id='word_1_364' title='bbox 849 4249 989 4303; x_wconf 80' lang='grc' dir='ltr'>Ἀλλ’</span> <span class='ocrx_word' id='word_1_365' title='bbox 1010 4252 1160 4321; x_wconf 86' lang='grc' dir='ltr'>ὅμως</span> <span class='ocrx_word' id='word_1_366' title='bbox 1185 4250 1327 4322; x_wconf 84' lang='grc' dir='ltr'>ὁρῶν</span> <span class='ocrx_word' id='word_1_367' title='bbox 1357 4253 1587 4319; x_wconf 80' lang='grc' dir='ltr'>πολλοὺς</span> <span class='ocrx_word' id='word_1_368' title='bbox 1618 4258 1677 4309; x_wconf 80' lang='grc' dir='ltr'>ἐν</span> <span class='ocrx_word' id='word_1_369' title='bbox 1711 4275 1813 4311; x_wconf 88' lang='grc' dir='ltr'>πο-</span> 
     </span>
    </p>
   </div>
   <div class='ocr_carea' id='block_1_48' title="bbox 210 4327 1813 4413">
    <p class='ocr_par' dir='ltr' id='par_1_48' title="bbox 210 4327 1813 4413">
     <span class='ocr_line' id='line_1_48' title="bbox 210 4327 1813 4413; baseline 0.009 -31"><span class='ocrx_word' id='word_1_370' title='bbox 210 4327 384 4401; x_wconf 64' lang='grc' dir='ltr'>νηρίᾳ</span> <span class='ocrx_word' id='word_1_371' title='bbox 423 4329 653 4397; x_wconf 87' lang='grc' dir='ltr'>ζῶντας,</span> <span class='ocrx_word' id='word_1_372' title='bbox 682 4334 773 4387; x_wconf 79' lang='grc' dir='ltr'>καὶ</span> <span class='ocrx_word' id='word_1_373' title='bbox 799 4333 1238 4407; x_wconf 77' lang='grc' dir='ltr'>εὐθυμουμένους</span> <span class='ocrx_word' id='word_1_374' title='bbox 1255 4338 1303 4404; x_wconf 72' lang='grc' dir='ltr'>δ,</span> <span class='ocrx_word' id='word_1_375' title='bbox 1336 4338 1432 4392; x_wconf 76' lang='grc' dir='ltr'>καὶ</span> <span class='ocrx_word' id='word_1_376' title='bbox 1460 4339 1568 4393; x_wconf 92' lang='grc' dir='ltr'>τῶν</span> <span class='ocrx_word' id='word_1_377' title='bbox 1603 4342 1813 4413; x_wconf 83' lang='grc' dir='ltr'>παρόν-</span> 
     </span>
    </p>
   </div>
   <div class='ocr_carea' id='block_1_49' title="bbox 211 4416 1814 4496">
    <p class='ocr_par' dir='ltr' id='par_1_49' title="bbox 211 4416 1814 4496">
     <span class='ocr_line' id='line_1_49' title="bbox 211 4416 1814 4496; baseline 0.009 -30"><span class='ocrx_word' id='word_1_378' title='bbox 211 4431 328 4467; x_wconf 82' lang='grc' dir='ltr'>των</span> <span class='ocrx_word' id='word_1_379' title='bbox 359 4418 657 4487; x_wconf 78' lang='grc' dir='ltr'>χρημάτων</span> <span class='ocrx_word' id='word_1_380' title='bbox 685 4416 1077 4483; x_wconf 89' lang='grc' dir='ltr'>ἀπολαύοντας,</span> <span class='ocrx_word' id='word_1_381' title='bbox 1103 4422 1420 4490; x_wconf 86' lang='grc' dir='ltr'>εὐχαριστεῖ</span> <span class='ocrx_word' id='word_1_382' title='bbox 1452 4422 1528 4494; x_wconf 82' lang='grc' dir='ltr'>τῷ</span> <span class='ocrx_word' id='word_1_383' title='bbox 1561 4424 1682 4496; x_wconf 88' lang='grc' dir='ltr'>Θεῷ</span> <span class='ocrx_word' id='word_1_384' title='bbox 1717 4426 1814 4480; x_wconf 75' lang='grc' dir='ltr'>καὶ</span> 
     </span>
    </p>
   </div>
   <div class='ocr_carea' id='block_1_50' title="bbox 211 4500 1815 4579">
    <p class='ocr_par' dir='ltr' id='par_1_50' title="bbox 211 4500 1815 4579">
     <span class='ocr_line' id='line_1_50' title="bbox 211 4500 1815 4579; baseline 0.008 -28"><span class='ocrx_word' id='word_1_385' title='bbox 211 4500 404 4562; x_wconf 59' lang='grc' dir='ltr'>αὐτὸς,</span> <span class='ocrx_word' id='word_1_386' title='bbox 435 4500 529 4552; x_wconf 81' lang='grc' dir='ltr'>καί</span> <span class='ocrx_word' id='word_1_387' title='bbox 553 4503 664 4565; x_wconf 91' lang='grc' dir='ltr'>τοῖς</span> <span class='ocrx_word' id='word_1_388' title='bbox 692 4501 872 4565; x_wconf 81' lang='grc' dir='ltr'>ἄλλοις</span> <span class='ocrx_word' id='word_1_389' title='bbox 892 4502 1028 4555; x_wconf 82' lang='grc' dir='ltr'>πᾶσι</span> <span class='ocrx_word' id='word_1_390' title='bbox 1055 4504 1290 4575; x_wconf 83' lang='grc' dir='ltr'>παρῄνει</span> <span class='ocrx_word' id='word_1_391' title='bbox 1308 4503 1488 4560; x_wconf 88' lang='grc' dir='ltr'>τοῦτο.</span> <span class='ocrx_word' id='word_1_392' title='bbox 1508 4508 1653 4579; x_wconf 81' lang='grc' dir='ltr'>Πρὸς</span> <span class='ocrx_word' id='word_1_393' title='bbox 1672 4510 1815 4564; x_wconf 74' lang='grc' dir='ltr'>ἐκεί-</span> 
     </span>
    </p>
   </div>
   <div class='ocr_carea' id='block_1_51' title="bbox 211 4582 1814 4663">
    <p class='ocr_par' dir='ltr' id='par_1_51' title="bbox 211 4582 1814 4663">
     <span class='ocr_line' id='line_1_51' title="bbox 211 4582 1814 4663; baseline 0.006 -26"><span class='ocrx_word' id='word_1_394' title='bbox 211 4600 308 4637; x_wconf 76' lang='grc' dir='ltr'>νον</span> <span class='ocrx_word' id='word_1_395' title='bbox 336 4582 582 4653; x_wconf 72' lang='grc' dir='ltr'>βλέπετε.</span> <span class='ocrx_word' id='word_1_396' title='bbox 612 4585 721 4639; x_wconf 76' lang='grc' dir='ltr'>Καὶ</span> <span class='ocrx_word' id='word_1_397' title='bbox 751 4586 818 4639; x_wconf 80' lang='grc' dir='ltr'>σὺ</span> <span class='ocrx_word' id='word_1_398' title='bbox 842 4586 971 4639; x_wconf 78' lang='grc' dir='ltr'>ὅταν</span> <span class='ocrx_word' id='word_1_399' title='bbox 999 4587 1115 4659; x_wconf 77' lang='grc' dir='ltr'>ἴδῃς</span> <span class='ocrx_word' id='word_1_400' title='bbox 1148 4588 1241 4642; x_wconf 88' lang='grc' dir='ltr'>τὸν</span> <span class='ocrx_word' id='word_1_401' title='bbox 1278 4588 1514 4659; x_wconf 84' lang='grc' dir='ltr'>πονηρὸν</span> <span class='ocrx_word' id='word_1_402' title='bbox 1547 4589 1814 4663; x_wconf 85' lang='grc' dir='ltr'>εὐθυμού-</span> 
     </span>
    </p>
   </div>
   <div class='ocr_carea' id='block_1_52' title="bbox 215 4668 1814 4747">
    <p class='ocr_par' dir='ltr' id='par_1_52' title="bbox 215 4668 1814 4747">
     <span class='ocr_line' id='line_1_52' title="bbox 215 4668 1814 4747; baseline 0.006 -27"><span class='ocrx_word' id='word_1_403' title='bbox 215 4684 403 4739; x_wconf 74' lang='grc' dir='ltr'>μενον,</span> <span class='ocrx_word' id='word_1_404' title='bbox 437 4668 564 4722; x_wconf 79' lang='grc' dir='ltr'>ὅταν</span> <span class='ocrx_word' id='word_1_405' title='bbox 599 4668 713 4742; x_wconf 75' lang='grc' dir='ltr'>ἴδῃς</span> <span class='ocrx_word' id='word_1_406' title='bbox 733 4670 1113 4740; x_wconf 80' lang='grc' dir='ltr'>ἐπαιρόμενον,</span> <span class='ocrx_word' id='word_1_407' title='bbox 1147 4671 1276 4725; x_wconf 79' lang='grc' dir='ltr'>ὅταν</span> <span class='ocrx_word' id='word_1_408' title='bbox 1301 4670 1417 4743; x_wconf 83' lang='grc' dir='ltr'>ῑδῃς</span> <span class='ocrx_word' id='word_1_409' title='bbox 1445 4672 1658 4747; x_wconf 72' lang='grc' dir='ltr'>ἐχθρῶν</span> <span class='ocrx_word' id='word_1_410' title='bbox 1678 4692 1814 4747; x_wconf 83' lang='grc' dir='ltr'>κρα-</span> 
     </span>
    </p>
   </div>
   <div class='ocr_carea' id='block_1_53' title="bbox 208 4751 1813 4828">
    <p class='ocr_par' dir='ltr' id='par_1_53' title="bbox 208 4751 1813 4828">
     <span class='ocr_line' id='line_1_53' title="bbox 208 4751 1813 4828; baseline 0.005 -24"><span class='ocrx_word' id='word_1_411' title='bbox 208 4751 415 4805; x_wconf 82' lang='grc' dir='ltr'>τοῦντα</span> <span class='ocrx_word' id='word_1_412' title='bbox 440 4793 455 4817; x_wconf 93' lang='grc'>,</span> <span class='ocrx_word' id='word_1_413' title='bbox 506 4754 631 4818; x_wconf 78' lang='grc' dir='ltr'>τοὺς</span> <span class='ocrx_word' id='word_1_414' title='bbox 689 4752 1065 4825; x_wconf 86' lang='grc' dir='ltr'>λελυπηκότας</span> <span class='ocrx_word' id='word_1_415' title='bbox 1115 4754 1492 4825; x_wconf 84' lang='grc' dir='ltr'>ἀμυνόμενον,</span> <span class='ocrx_word' id='word_1_416' title='bbox 1542 4756 1813 4828; x_wconf 82' lang='grc' dir='ltr'>μηδεμίαν</span> 
     </span>
    </p>
   </div>
   <div class='ocr_carea' id='block_1_54' title="bbox 210 4836 1813 4913">
    <p class='ocr_par' dir='ltr' id='par_1_54' title="bbox 210 4836 1813 4913">
     <span class='ocr_line' id='line_1_54' title="bbox 210 4836 1813 4913; baseline 0.006 -25"><span class='ocrx_word' id='word_1_417' title='bbox 210 4836 530 4889; x_wconf 71' lang='grc' dir='ltr'>ὑποστάντα</span> <span class='ocrx_word' id='word_1_418' title='bbox 584 4837 807 4907; x_wconf 83' lang='grc' dir='ltr'>ζημίαν,</span> <span class='ocrx_word' id='word_1_419' title='bbox 846 4836 1185 4908; x_wconf 82' lang='grc' dir='ltr'>πανταχόθεν</span> <span class='ocrx_word' id='word_1_420' title='bbox 1230 4837 1382 4909; x_wconf 87' lang='grc' dir='ltr'>αὐτῷ</span> <span class='ocrx_word' id='word_1_421' title='bbox 1429 4838 1499 4894; x_wconf 82' lang='grc' dir='ltr'>τὰ</span> <span class='ocrx_word' id='word_1_422' title='bbox 1552 4842 1813 4913; x_wconf 87' lang='grc' dir='ltr'>χρήματα</span> 
     </span>
    </p>
   </div>
   <div class='ocr_carea' id='block_1_55' title="bbox 210 4919 1813 4992">
    <p class='ocr_par' dir='ltr' id='par_1_55' title="bbox 210 4919 1813 4992">
     <span class='ocr_line' id='line_1_55' title="bbox 210 4919 1813 4992; baseline 0.005 -19"><span class='ocrx_word' id='word_1_423' title='bbox 210 4919 566 4989; x_wconf 66' lang='grc' dir='ltr'>ἐπιρρέοντα,</span> <span class='ocrx_word' id='word_1_424' title='bbox 592 4922 797 4985; x_wconf 80' lang='grc' dir='ltr'>πάντας</span> <span class='ocrx_word' id='word_1_425' title='bbox 816 4921 1091 4992; x_wconf 84' lang='grc' dir='ltr'>τιμῶντας</span> <span class='ocrx_word' id='word_1_426' title='bbox 1113 4922 1206 4974; x_wconf 77' lang='grc' dir='ltr'>καὶ</span> <span class='ocrx_word' id='word_1_427' title='bbox 1235 4920 1651 4988; x_wconf 83' lang='grc' dir='ltr'>κολακεύοντας,</span> <span class='ocrx_word' id='word_1_428' title='bbox 1680 4941 1813 4981; x_wconf 84' lang='grc' dir='ltr'>σαυ-</span> 
     </span>
    </p>
   </div>
   <div class='ocr_carea' id='block_1_56' title="bbox 205 5002 1811 5076">
    <p class='ocr_par' dir='ltr' id='par_1_56' title="bbox 205 5002 1811 5076">
     <span class='ocr_line' id='line_1_56' title="bbox 205 5002 1811 5076; baseline 0.004 -19"><span class='ocrx_word' id='word_1_429' title='bbox 205 5003 311 5057; x_wconf 69' lang='grc' dir='ltr'>τὸν</span> <span class='ocrx_word' id='word_1_430' title='bbox 344 5002 403 5056; x_wconf 81' lang='grc' dir='ltr'>δὲ</span> <span class='ocrx_word' id='word_1_431' title='bbox 436 5005 492 5057; x_wconf 74' lang='grc' dir='ltr'>έν</span> <span class='ocrx_word' id='word_1_432' title='bbox 530 5006 641 5067; x_wconf 81' lang='grc' dir='ltr'>τοῖς</span> <span class='ocrx_word' id='word_1_433' title='bbox 673 5004 937 5069; x_wconf 77' lang='grc' dir='ltr'>ἐναντίοις</span> <span class='ocrx_word' id='word_1_434' title='bbox 974 5008 1160 5067; x_wconf 84' lang='grc' dir='ltr'>πᾶσιν,</span> <span class='ocrx_word' id='word_1_435' title='bbox 1208 5006 1266 5059; x_wconf 84' lang='grc' dir='ltr'>ὲν</span> <span class='ocrx_word' id='word_1_436' title='bbox 1308 5004 1615 5076; x_wconf 70' lang='grc' dir='ltr'>ἐπηρείαις,</span> <span class='ocrx_word' id='word_1_437' title='bbox 1646 5024 1811 5064; x_wconf 73' lang='lat' dir='ltr'>oux)-</span> 
     </span>
    </p>
   </div>
   <div class='ocr_carea' id='block_1_57' title="bbox 210 5083 1814 5164">
    <p class='ocr_par' dir='ltr' id='par_1_57' title="bbox 210 5083 1814 5164">
     <span class='ocr_line' id='line_1_57' title="bbox 210 5083 1814 5164; baseline 0.002 -24"><span class='ocrx_word' id='word_1_438' title='bbox 210 5086 494 5155; x_wconf 81' lang='grc' dir='ltr'>φαντίαις,</span> <span class='ocrx_word' id='word_1_439' title='bbox 520 5086 854 5152; x_wconf 78' lang='grc' dir='ltr'>ἐπιϐουλαῖς,</span> <span class='ocrx_word' id='word_1_440' title='bbox 889 5088 962 5158; x_wconf 86' lang='grc' dir='ltr'>μὴ</span> <span class='ocrx_word' id='word_1_441' title='bbox 991 5087 1220 5159; x_wconf 79' lang='grc' dir='ltr'>νομίσῃς</span> <span class='ocrx_word' id='word_1_442' title='bbox 1252 5083 1520 5143; x_wconf 79' lang='grc' dir='ltr'>εἶναιτῶν</span> <span class='ocrx_word' id='word_1_443' title='bbox 1541 5092 1814 5164; x_wconf 78' lang='grc' dir='ltr'>ὲπερῤιμ-</span> 
     </span>
    </p>
   </div>
   <div class='ocr_carea' id='block_1_58' title="bbox 212 5169 1811 5249">
    <p class='ocr_par' dir='ltr' id='par_1_58' title="bbox 212 5169 1811 5249">
     <span class='ocr_line' id='line_1_58' title="bbox 212 5169 1811 5249; baseline -0.002 -28"><span class='ocrx_word' id='word_1_444' title='bbox 212 5170 421 5240; x_wconf 76' lang='grc' dir='ltr'>μένων,</span> <span class='ocrx_word' id='word_1_445' title='bbox 460 5169 574 5223; x_wconf 86' lang='grc' dir='ltr'>ἀλλ’</span> <span class='ocrx_word' id='word_1_446' title='bbox 599 5171 679 5234; x_wconf 81' lang='grc' dir='ltr'>εἰς</span> <span class='ocrx_word' id='word_1_447' title='bbox 707 5169 922 5224; x_wconf 87' lang='grc' dir='ltr'>Παῦλον</span> <span class='ocrx_word' id='word_1_448' title='bbox 955 5169 1079 5224; x_wconf 85' lang='grc' dir='ltr'>ἰδὼν</span> <span class='ocrx_word' id='word_1_449' title='bbox 1111 5170 1204 5224; x_wconf 82' lang='grc' dir='ltr'>τὸν</span> <span class='ocrx_word' id='word_1_450' title='bbox 1232 5171 1331 5242; x_wconf 80' lang='grc' dir='ltr'>τῆς</span> <span class='ocrx_word' id='word_1_451' title='bbox 1366 5172 1467 5244; x_wconf 85' lang='grc' dir='ltr'>σῆς</span> <span class='ocrx_word' id='word_1_452' title='bbox 1493 5172 1623 5227; x_wconf 71' lang='grc' dir='ltr'>ὄντα</span> <span class='ocrx_word' id='word_1_453' title='bbox 1651 5176 1811 5249; x_wconf 60' lang='grc' dir='ltr'>ηερι-</span> 
     </span>
    </p>
   </div>
   <div class='ocr_carea' id='block_1_59' title="bbox 206 5252 1808 5329">
    <p class='ocr_par' dir='ltr' id='par_1_59' title="bbox 206 5252 1808 5329">
     <span class='ocr_line' id='line_1_59' title="bbox 206 5252 1808 5329; baseline 0.005 -24"><span class='ocrx_word' id='word_1_454' title='bbox 206 5254 328 5315; x_wconf 84' lang='grc' dir='ltr'>δος,</span> <span class='ocrx_word' id='word_1_455' title='bbox 364 5252 594 5325; x_wconf 85' lang='grc' dir='ltr'>ἀνάϐηθι</span> <span class='ocrx_word' id='word_1_456' title='bbox 620 5252 717 5325; x_wconf 78' lang='grc' dir='ltr'>τὴν</span> <span class='ocrx_word' id='word_1_457' title='bbox 737 5252 996 5315; x_wconf 80' lang='grc' dir='ltr'>διάνοιαν,</span> <span class='ocrx_word' id='word_1_458' title='bbox 1023 5253 1329 5324; x_wconf 88' lang='grc' dir='ltr'>ἀνάκτησαι</span> <span class='ocrx_word' id='word_1_459' title='bbox 1348 5256 1474 5318; x_wconf 88' lang='grc' dir='ltr'>τοὺς</span> <span class='ocrx_word' id='word_1_460' title='bbox 1495 5256 1808 5329; x_wconf 76' lang='grc' dir='ltr'>λογισμοὺς,</span> 
     </span>
    </p>
   </div>
   <div class='ocr_carea' id='block_1_60' title="bbox 213 5336 1811 5415">
    <p class='ocr_par' dir='ltr' id='par_1_60' title="bbox 213 5336 1811 5415">
     <span class='ocr_line' id='line_1_60' title="bbox 213 5336 1811 5415; baseline 0.006 -29"><span class='ocrx_word' id='word_1_461' title='bbox 213 5337 297 5407; x_wconf 79' lang='grc' dir='ltr'>μὴ</span> <span class='ocrx_word' id='word_1_462' title='bbox 332 5338 646 5409; x_wconf 81' lang='grc' dir='ltr'>καταπέσῃς</span> <span class='ocrx_word' id='word_1_463' title='bbox 678 5337 783 5389; x_wconf 82' lang='grc' dir='ltr'>ὑπὸ</span> <span class='ocrx_word' id='word_1_464' title='bbox 822 5337 921 5407; x_wconf 86' lang='grc' dir='ltr'>τῆς</span> <span class='ocrx_word' id='word_1_465' title='bbox 969 5336 1227 5406; x_wconf 85' lang='grc' dir='ltr'>ἀθυμίας.</span> <span class='ocrx_word' id='word_1_466' title='bbox 1265 5338 1368 5390; x_wconf 85' lang='grc' dir='ltr'>Τὸν</span> <span class='ocrx_word' id='word_1_467' title='bbox 1400 5338 1552 5409; x_wconf 85' lang='grc' dir='ltr'>φίλον</span> <span class='ocrx_word' id='word_1_468' title='bbox 1580 5342 1659 5412; x_wconf 82' lang='grc' dir='ltr'>τῷ</span> <span class='ocrx_word' id='word_1_469' title='bbox 1692 5343 1811 5415; x_wconf 79' lang='grc' dir='ltr'>Θεῷ</span> 
     </span>
    </p>
   </div>
   <div class='ocr_carea' id='block_1_61' title="bbox 211 5418 1810 5497">
    <p class='ocr_par' dir='ltr' id='par_1_61' title="bbox 211 5418 1810 5497">
     <span class='ocr_line' id='line_1_61' title="bbox 211 5418 1810 5497; baseline 0.004 -24"><span class='ocrx_word' id='word_1_470' title='bbox 211 5420 315 5474; x_wconf 77' lang='grc' dir='ltr'>καὶ</span> <span class='ocrx_word' id='word_1_471' title='bbox 347 5418 437 5472; x_wconf 70' lang='grc' dir='ltr'>τὸν</span> <span class='ocrx_word' id='word_1_472' title='bbox 462 5420 721 5489; x_wconf 79' lang='grc' dir='ltr'>πολέμιον</span> <span class='ocrx_word' id='word_1_473' title='bbox 750 5420 825 5492; x_wconf 75' lang='grc' dir='ltr'>μὴ</span> <span class='ocrx_word' id='word_1_474' title='bbox 851 5420 962 5474; x_wconf 82' lang='grc' dir='ltr'>ἀπὸ</span> <span class='ocrx_word' id='word_1_475' title='bbox 979 5420 1079 5491; x_wconf 86' lang='grc' dir='ltr'>τῆς</span> <span class='ocrx_word' id='word_1_476' title='bbox 1108 5421 1416 5492; x_wconf 77' lang='grc' dir='ltr'>εὐπραγίας</span> <span class='ocrx_word' id='word_1_477' title='bbox 1443 5424 1538 5477; x_wconf 80' lang='grc' dir='ltr'>καὶ</span> <span class='ocrx_word' id='word_1_478' title='bbox 1566 5424 1810 5497; x_wconf 85' lang='grc' dir='ltr'>δυσπρα-</span> 
     </span>
    </p>
   </div>
   <div class='ocr_carea' id='block_1_62' title="bbox 212 5502 1811 5581">
    <p class='ocr_par' dir='ltr' id='par_1_62' title="bbox 212 5502 1811 5581">
     <span class='ocr_line' id='line_1_62' title="bbox 212 5502 1811 5581; baseline 0.008 -30"><span class='ocrx_word' id='word_1_479' title='bbox 212 5505 349 5573; x_wconf 79' lang='grc' dir='ltr'>γίας</span> <span class='ocrx_word' id='word_1_480' title='bbox 389 5503 488 5575; x_wconf 90' lang='grc' dir='ltr'>τῆς</span> <span class='ocrx_word' id='word_1_481' title='bbox 518 5502 752 5558; x_wconf 78' lang='grc' dir='ltr'>ενταῦθα</span> <span class='ocrx_word' id='word_1_482' title='bbox 778 5502 1061 5573; x_wconf 77' lang='grc' dir='ltr'>δοκίμαζε,</span> <span class='ocrx_word' id='word_1_483' title='bbox 1094 5503 1229 5557; x_wconf 86' lang='grc' dir='ltr'>ἀλλά</span> <span class='ocrx_word' id='word_1_484' title='bbox 1261 5504 1326 5558; x_wconf 84' lang='grc' dir='ltr'>ἂν</span> <span class='ocrx_word' id='word_1_485' title='bbox 1358 5506 1459 5577; x_wconf 80' lang='grc' dir='ltr'>μὲν</span> <span class='ocrx_word' id='word_1_486' title='bbox 1485 5506 1601 5581; x_wconf 83' lang='grc' dir='ltr'>ίδῃς</span> <span class='ocrx_word' id='word_1_487' title='bbox 1632 5508 1811 5579; x_wconf 84' lang='grc' dir='ltr'>ὀρθῶς</span> 
     </span>
    </p>
   </div>
   <div class='ocr_carea' id='block_1_63' title="bbox 210 5587 1809 5663">
    <p class='ocr_par' dir='ltr' id='par_1_63' title="bbox 210 5587 1809 5663">
     <span class='ocr_line' id='line_1_63' title="bbox 210 5587 1809 5663; baseline 0.003 -21"><span class='ocrx_word' id='word_1_488' title='bbox 210 5587 421 5655; x_wconf 79' lang='grc' dir='ltr'>ζῶντα,</span> <span class='ocrx_word' id='word_1_489' title='bbox 444 5588 539 5640; x_wconf 77' lang='grc' dir='ltr'>καὶ</span> <span class='ocrx_word' id='word_1_490' title='bbox 566 5588 706 5658; x_wconf 77' lang='grc' dir='ltr'>νόσῳ</span> <span class='ocrx_word' id='word_1_491' title='bbox 734 5588 1079 5659; x_wconf 85' lang='grc' dir='ltr'>κενούμενον,</span> <span class='ocrx_word' id='word_1_492' title='bbox 1106 5590 1201 5641; x_wconf 73' lang='grc' dir='ltr'>καὶ</span> <span class='ocrx_word' id='word_1_493' title='bbox 1224 5588 1360 5661; x_wconf 83' lang='grc' dir='ltr'>πρὸς</span> <span class='ocrx_word' id='word_1_494' title='bbox 1386 5590 1667 5645; x_wconf 87' lang='grc' dir='ltr'>εὐσέϐειαν</span> <span class='ocrx_word' id='word_1_495' title='bbox 1690 5592 1809 5663; x_wconf 89' lang='grc' dir='ltr'>βλέ-</span> 
     </span>
    </p>
   </div>
   <div class='ocr_carea' id='block_1_64' title="bbox 212 5668 1806 5749">
    <p class='ocr_par' dir='ltr' id='par_1_64' title="bbox 212 5668 1806 5749">
     <span class='ocr_line' id='line_1_64' title="bbox 212 5668 1806 5749; baseline 0.004 -22"><span class='ocrx_word' id='word_1_496' title='bbox 212 5689 414 5736; x_wconf 80' lang='grc' dir='ltr'>ποντα,</span> <span class='ocrx_word' id='word_1_497' title='bbox 446 5670 717 5745; x_wconf 87' lang='grc' dir='ltr'>μακάριζε</span> <span class='ocrx_word' id='word_1_498' title='bbox 745 5673 839 5727; x_wconf 62' lang='grc' dir='ltr'>καί⁸</span> <span class='ocrx_word' id='word_1_499' title='bbox 872 5673 1113 5746; x_wconf 76' lang='grc' dir='ltr'>ζηλωτὸν</span> <span class='ocrx_word' id='word_1_500' title='bbox 1142 5668 1282 5728; x_wconf 80' lang='grc' dir='ltr'>εἶναι</span> <span class='ocrx_word' id='word_1_501' title='bbox 1307 5674 1517 5746; x_wconf 85' lang='grc' dir='ltr'>νόμιζε,</span> <span class='ocrx_word' id='word_1_502' title='bbox 1550 5676 1655 5730; x_wconf 81' lang='grc' dir='ltr'>κᾶν</span> <span class='ocrx_word' id='word_1_503' title='bbox 1701 5696 1806 5749; x_wconf 86' lang='grc' dir='ltr'>μυ-</span> 
     </span>
    </p>
   </div>
   <div class='ocr_carea' id='block_1_65' title="bbox 214 5755 1805 5832">
    <p class='ocr_par' dir='ltr' id='par_1_65' title="bbox 214 5755 1805 5832">
     <span class='ocr_line' id='line_1_65' title="bbox 214 5755 1805 5832; baseline 0.006 -24"><span class='ocrx_word' id='word_1_504' title='bbox 214 5756 347 5830; x_wconf 82' lang='grc' dir='ltr'>ρίας</span> <span class='ocrx_word' id='word_1_505' title='bbox 384 5755 599 5820; x_wconf 81' lang='grc' dir='ltr'>ἁλύσεις</span> <span class='ocrx_word' id='word_1_506' title='bbox 633 5758 974 5829; x_wconf 79' lang='grc' dir='ltr'>περικέηιαι,</span> <span class='ocrx_word' id='word_1_507' title='bbox 1002 5760 1096 5812; x_wconf 74' lang='grc' dir='ltr'>καὶ</span> <span class='ocrx_word' id='word_1_508' title='bbox 1128 5758 1500 5832; x_wconf 81' lang='grc' dir='ltr'>δεσμωτήριον</span> <span class='ocrx_word' id='word_1_509' title='bbox 1536 5761 1657 5832; x_wconf 79' lang='grc' dir='ltr'>οίκῇ</span> <span class='ocrx_word' id='word_1_510' title='bbox 1688 5762 1805 5817; x_wconf 77' lang='grc' dir='ltr'>δια-</span> 
     </span>
    </p>
   </div>
   <div class='ocr_carea' id='block_1_66' title="bbox 281 5856 837 5981">
    <p class='ocr_par' dir='ltr' id='par_1_66' title="bbox 281 5856 837 5981">
     <span class='ocr_line' id='line_1_66' title="bbox 281 5856 837 5929; baseline -0.005 -23"><span class='ocrx_word' id='word_1_511' title='bbox 281 5861 307 5888; x_wconf 86' lang='grc'><strong><em>⁸</em></strong></span> <span class='ocrx_word' id='word_1_512' title='bbox 345 5856 478 5907; x_wconf 81' lang='lat' dir='ltr'><strong>Colb.</strong></span> <span class='ocrx_word' id='word_1_513' title='bbox 505 5859 630 5906; x_wconf 82' lang='grc' dir='ltr'>καλά</span> <span class='ocrx_word' id='word_1_514' title='bbox 654 5859 837 5929; x_wconf 54' lang='grc' dir='ltr'>ὄψεται.</span> 
     </span>
     <span class='ocr_line' id='line_1_67' title="bbox 282 5910 831 5981; baseline -0.004 -12"><span class='ocrx_word' id='word_1_515' title='bbox 282 5910 312 5955; x_wconf 62' lang='grc' dir='ltr'>λ’</span> <span class='ocrx_word' id='word_1_516' title='bbox 334 5918 468 5969; x_wconf 77' lang='lat' dir='ltr'>Colb.</span> <span class='ocrx_word' id='word_1_517' title='bbox 502 5921 831 5981; x_wconf 78' lang='grc' dir='ltr'>εὐθυμουντας.</span> 
     </span>
    </p>
   </div>
   <div class='ocr_carea' id='block_1_67' title="bbox 548 5992 1098 6057">
    <p class='ocr_par' dir='ltr' id='par_1_67' title="bbox 548 5992 1098 6057">
     <span class='ocr_line' id='line_1_68' title="bbox 548 5992 1098 6057; baseline 0.007 -5"><span class='ocrx_word' id='word_1_518' title='bbox 548 5992 815 6055; x_wconf 70' lang='grc' dir='ltr'>Ριτιιοι..</span> <span class='ocrx_word' id='word_1_519' title='bbox 865 5993 979 6054; x_wconf 77' lang='lat' dir='ltr'>Gn.</span> <span class='ocrx_word' id='word_1_520' title='bbox 1031 5992 1098 6057; x_wconf 79' lang='lat' dir='ltr'>L.</span> 
     </span>
    </p>
   </div>
   <div class='ocr_carea' id='block_1_68' title="bbox 1310 368 3499 442">
    <p class='ocr_par' dir='ltr' id='par_1_68' title="bbox 1310 368 3499 442">
     <span class='ocr_line' id='line_1_69' title="bbox 1310 368 3499 442; baseline -0.009 0"><span class='ocrx_word' id='word_1_521' title='bbox 1310 386 1401 442; x_wconf 78' lang='lat' dir='ltr'>DE</span> <span class='ocrx_word' id='word_1_522' title='bbox 1439 383 1622 441; x_wconf 80' lang='lat' dir='ltr'><strong>FATO</strong></span> <span class='ocrx_word' id='word_1_523' title='bbox 1662 380 1751 439; x_wconf 77' lang='grc' dir='ltr'>ΕΤ</span> <span class='ocrx_word' id='word_1_524' title='bbox 1788 379 2274 438; x_wconf 76' lang='lat' dir='ltr'>PROVIDENTIA.</span> <span class='ocrx_word' id='word_1_525' title='bbox 2308 380 2347 434; x_wconf 92' lang='lat' dir='ltr'>l.</span> <span class='ocrx_word' id='word_1_526' title='bbox 3392 368 3499 424; x_wconf 72' lang='lat'>75?.</span> 
     </span>
    </p>
   </div>
   <div class='ocr_carea' id='block_1_69' title="bbox 1901 478 3500 558">
    <p class='ocr_par' dir='ltr' id='par_1_69' title="bbox 1901 478 3500 558">
     <span class='ocr_line' id='line_1_70' title="bbox 1901 478 3500 558; baseline -0.009 -11"><span class='ocrx_word' id='word_1_527' title='bbox 1901 492 2125 556; x_wconf 82' lang='grc' dir='ltr'>παντὸς,</span> <span class='ocrx_word' id='word_1_528' title='bbox 2155 491 2259 546; x_wconf 72' lang='grc' dir='ltr'>κάν</span> <span class='ocrx_word' id='word_1_529' title='bbox 2284 488 2521 555; x_wconf 87' lang='grc' dir='ltr'>ἀναξίοις</span> <span class='ocrx_word' id='word_1_530' title='bbox 2553 484 2802 558; x_wconf 82' lang='grc' dir='ltr'>δουλεύῃ,</span> <span class='ocrx_word' id='word_1_531' title='bbox 2829 483 2935 538; x_wconf 68' lang='grc' dir='ltr'>κᾶν</span> <span class='ocrx_word' id='word_1_532' title='bbox 2964 480 3211 552; x_wconf 80' lang='grc' dir='ltr'>πένηται,</span> <span class='ocrx_word' id='word_1_533' title='bbox 3248 478 3353 534; x_wconf 83' lang='grc' dir='ltr'>κάν</span> <span class='ocrx_word' id='word_1_534' title='bbox 3401 481 3500 551; x_wconf 79' lang='grc' dir='ltr'>μέ-</span> 
     </span>
    </p>
   </div>
   <div class='ocr_carea' id='block_1_70' title="bbox 1904 565 3501 648">
    <p class='ocr_par' dir='ltr' id='par_1_70' title="bbox 1904 565 3501 648">
     <span class='ocr_line' id='line_1_71' title="bbox 1904 565 3501 648; baseline -0.008 -19"><span class='ocrx_word' id='word_1_535' title='bbox 1904 575 2078 631; x_wconf 79' lang='grc' dir='ltr'>ταλλα</span> <span class='ocrx_word' id='word_1_536' title='bbox 2103 575 2425 648; x_wconf 77' lang='grc' dir='ltr'>ἐργάζηται,</span> <span class='ocrx_word' id='word_1_537' title='bbox 2455 572 2561 627; x_wconf 76' lang='grc' dir='ltr'>κᾶν</span> <span class='ocrx_word' id='word_1_538' title='bbox 2587 570 2767 625; x_wconf 75' lang='grc' dir='ltr'>ὁτιοῦν</span> <span class='ocrx_word' id='word_1_539' title='bbox 2803 568 2990 639; x_wconf 82' lang='grc' dir='ltr'>πάσχῃ</span> <span class='ocrx_word' id='word_1_540' title='bbox 3010 566 3201 621; x_wconf 87' lang='grc' dir='ltr'>δεινόν.</span> <span class='ocrx_word' id='word_1_541' title='bbox 3216 565 3501 638; x_wconf 87' lang='grc' dir='ltr'>Μακάριος</span> 
     </span>
    </p>
   </div>
   <div class='ocr_carea' id='block_1_71' title="bbox 1902 649 3501 731">
    <p class='ocr_par' dir='ltr' id='par_1_71' title="bbox 1902 649 3501 731">
     <span class='ocr_line' id='line_1_72' title="bbox 1902 649 3501 731; baseline -0.006 -18"><span class='ocrx_word' id='word_1_542' title='bbox 1902 660 2011 731; x_wconf 78' lang='grc' dir='ltr'>γὰρ</span> <span class='ocrx_word' id='word_1_543' title='bbox 2039 650 2196 723; x_wconf 74' lang='grc' dir='ltr'>οὗτός</span> <span class='ocrx_word' id='word_1_544' title='bbox 2226 660 2365 721; x_wconf 76' lang='grc' dir='ltr'>ἐστι,</span> <span class='ocrx_word' id='word_1_545' title='bbox 2398 656 2505 711; x_wconf 74' lang='grc' dir='ltr'>κᾶν</span> <span class='ocrx_word' id='word_1_546' title='bbox 2544 653 2938 725; x_wconf 73' lang='grc' dir='ltr'>ἑξορύγηταιο,</span> <span class='ocrx_word' id='word_1_547' title='bbox 2965 651 3072 705; x_wconf 74' lang='grc' dir='ltr'>κᾶν</span> <span class='ocrx_word' id='word_1_548' title='bbox 3108 649 3358 719; x_wconf 81' lang='grc' dir='ltr'>καίηται.</span> <span class='ocrx_word' id='word_1_549' title='bbox 3398 650 3501 704; x_wconf 75' lang='grc' dir='ltr'>κᾶν</span> 
     </span>
    </p>
   </div>
   <div class='ocr_carea' id='block_1_72' title="bbox 1904 732 3501 813">
    <p class='ocr_par' dir='ltr' id='par_1_72' title="bbox 1904 732 3501 813">
     <span class='ocr_line' id='line_1_73' title="bbox 1904 732 3501 813; baseline -0.006 -17"><span class='ocrx_word' id='word_1_550' title='bbox 1904 741 2046 797; x_wconf 89' lang='grc' dir='ltr'>κατά</span> <span class='ocrx_word' id='word_1_551' title='bbox 2077 741 2272 813; x_wconf 78' lang='grc' dir='ltr'>μικρὸν</span> <span class='ocrx_word' id='word_1_552' title='bbox 2303 740 2609 795; x_wconf 74' lang='grc' dir='ltr'>δαπανᾶται</span> <span class='ocrx_word' id='word_1_553' title='bbox 2654 738 2716 791; x_wconf 83' lang='grc' dir='ltr'><strong>τὸ</strong></span> <span class='ocrx_word' id='word_1_554' title='bbox 2751 736 3043 807; x_wconf 83' lang='grc' dir='ltr'>σῶμα.“Αν</span> <span class='ocrx_word' id='word_1_555' title='bbox 3077 733 3135 788; x_wconf 85' lang='grc' dir='ltr'>δὲ</span> <span class='ocrx_word' id='word_1_556' title='bbox 3171 732 3288 804; x_wconf 84' lang='grc' dir='ltr'>ἴδῃς</span> <span class='ocrx_word' id='word_1_557' title='bbox 3313 733 3501 804; x_wconf 70' lang='grc' dir='ltr'>ἕτερον</span> 
     </span>
    </p>
   </div>
   <div class='ocr_carea' id='block_1_73' title="bbox 1902 814 3499 895">
    <p class='ocr_par' dir='ltr' id='par_1_73' title="bbox 1902 814 3499 895">
     <span class='ocr_line' id='line_1_74' title="bbox 1902 814 3499 895; baseline -0.006 -17"><span class='ocrx_word' id='word_1_558' title='bbox 1902 826 1962 879; x_wconf 78' lang='grc' dir='ltr'>ἐν</span> <span class='ocrx_word' id='word_1_559' title='bbox 2002 824 2261 895; x_wconf 63' lang='grc' dir='ltr'>ἀοίελγείᾳ</span> <span class='ocrx_word' id='word_1_560' title='bbox 2308 822 2406 878; x_wconf 74' lang='grc' dir='ltr'>καὶ</span> <span class='ocrx_word' id='word_1_561' title='bbox 2450 820 2709 892; x_wconf 83' lang='grc' dir='ltr'>πονηρίᾳ,</span> <span class='ocrx_word' id='word_1_562' title='bbox 2744 820 2839 873; x_wconf 84' lang='grc' dir='ltr'>καί</span> <span class='ocrx_word' id='word_1_563' title='bbox 2882 821 2993 881; x_wconf 90' lang='grc' dir='ltr'>τοῖς</span> <span class='ocrx_word' id='word_1_564' title='bbox 3025 817 3277 887; x_wconf 73' lang='grc' dir='ltr'>ἐσχάτοις</span> <span class='ocrx_word' id='word_1_565' title='bbox 3320 814 3499 880; x_wconf 91' lang='grc' dir='ltr'>ζῶντα</span> 
     </span>
    </p>
   </div>
   <div class='ocr_carea' id='block_1_74' title="bbox 1904 899 3501 978">
    <p class='ocr_par' dir='ltr' id='par_1_74' title="bbox 1904 899 3501 978">
     <span class='ocr_line' id='line_1_75' title="bbox 1904 899 3501 978; baseline -0.005 -17"><span class='ocrx_word' id='word_1_566' title='bbox 1904 910 2115 973; x_wconf 84' lang='grc' dir='ltr'>κακοῖς,</span> <span class='ocrx_word' id='word_1_567' title='bbox 2144 909 2239 962; x_wconf 81' lang='grc' dir='ltr'>καὶ</span> <span class='ocrx_word' id='word_1_568' title='bbox 2264 906 2465 978; x_wconf 89' lang='grc' dir='ltr'>πολλῆς</span> <span class='ocrx_word' id='word_1_569' title='bbox 2494 904 2837 961; x_wconf 81' lang='grc' dir='ltr'>ἀπολαύοντα</span> <span class='ocrx_word' id='word_1_570' title='bbox 2859 901 3048 973; x_wconf 87' lang='grc' dir='ltr'>τιμῆς,</span> <span class='ocrx_word' id='word_1_571' title='bbox 3078 902 3174 954; x_wconf 75' lang='grc' dir='ltr'>ἐπὶ</span> <span class='ocrx_word' id='word_1_572' title='bbox 3194 901 3287 954; x_wconf 83' lang='grc' dir='ltr'>τὸν</span> <span class='ocrx_word' id='word_1_573' title='bbox 3310 899 3501 971; x_wconf 84' lang='grc' dir='ltr'>θρόνον</span> 
     </span>
    </p>
   </div>
   <div class='ocr_carea' id='block_1_75' title="bbox 1904 984 3499 1059">
    <p class='ocr_par' dir='ltr' id='par_1_75' title="bbox 1904 984 3499 1059">
     <span class='ocr_line' id='line_1_76' title="bbox 1904 984 3499 1059; baseline -0.006 -14"><span class='ocrx_word' id='word_1_574' title='bbox 1904 990 2070 1045; x_wconf 78' lang='grc' dir='ltr'>αὐτὸν</span> <span class='ocrx_word' id='word_1_575' title='bbox 2094 989 2458 1045; x_wconf 89' lang='grc' dir='ltr'>ἀναϐαίνοντα</span> <span class='ocrx_word' id='word_1_576' title='bbox 2488 990 2583 1042; x_wconf 84' lang='grc' dir='ltr'>τὸν</span> <span class='ocrx_word' id='word_1_577' title='bbox 2614 986 2913 1059; x_wconf 75' lang='grc' dir='ltr'>βασιλικὸν,</span> <span class='ocrx_word' id='word_1_578' title='bbox 2949 986 3043 1040; x_wconf 77' lang='grc' dir='ltr'>καί</span> <span class='ocrx_word' id='word_1_579' title='bbox 3066 984 3306 1056; x_wconf 87' lang='grc' dir='ltr'>διάδημα</span> <span class='ocrx_word' id='word_1_580' title='bbox 3338 1000 3499 1056; x_wconf 85' lang='grc' dir='ltr'>περι·</span> 
     </span>
    </p>
   </div>
   <div class='ocr_carea' id='block_1_76' title="bbox 1905 1068 3503 1147">
    <p class='ocr_par' dir='ltr' id='par_1_76' title="bbox 1905 1068 3503 1147">
     <span class='ocr_line' id='line_1_77' title="bbox 1905 1068 3503 1147; baseline -0.006 -17"><span class='ocrx_word' id='word_1_581' title='bbox 1905 1076 2181 1147; x_wconf 86' lang='grc' dir='ltr'>κείμενον,</span> <span class='ocrx_word' id='word_1_582' title='bbox 2215 1076 2308 1130; x_wconf 77' lang='grc' dir='ltr'>καὶ</span> <span class='ocrx_word' id='word_1_583' title='bbox 2339 1074 2636 1147; x_wconf 85' lang='grc' dir='ltr'>ἁλουργίδα</span> <span class='ocrx_word' id='word_1_584' title='bbox 2681 1072 2897 1143; x_wconf 77' lang='grc' dir='ltr'>ἔχοντα,</span> <span class='ocrx_word' id='word_1_585' title='bbox 2930 1070 3026 1124; x_wconf 80' lang='grc' dir='ltr'>καὶ</span> <span class='ocrx_word' id='word_1_586' title='bbox 3050 1072 3148 1138; x_wconf 81' lang='grc' dir='ltr'>τῆς</span> <span class='ocrx_word' id='word_1_587' title='bbox 3177 1068 3503 1139; x_wconf 76' lang='grc' dir='ltr'>οἰκουμένης</span> 
     </span>
    </p>
   </div>
   <div class='ocr_carea' id='block_1_77' title="bbox 1906 1150 3540 1232">
    <p class='ocr_par' dir='ltr' id='par_1_77' title="bbox 1906 1150 3540 1232">
     <span class='ocr_line' id='line_1_78' title="bbox 1906 1150 3540 1232; baseline -0.006 -17"><span class='ocrx_word' id='word_1_588' title='bbox 1906 1161 2129 1230; x_wconf 84' lang='grc' dir='ltr'>ἀπάσης</span> <span class='ocrx_word' id='word_1_589' title='bbox 2147 1158 2476 1232; x_wconf 87' lang='grc' dir='ltr'>κρατοῦντα,</span> <span class='ocrx_word' id='word_1_590' title='bbox 2496 1159 2765 1229; x_wconf 84' lang='grc' dir='ltr'>δάκρυσον</span> <span class='ocrx_word' id='word_1_591' title='bbox 2785 1155 2882 1209; x_wconf 77' lang='grc' dir='ltr'>καὶ</span> <span class='ocrx_word' id='word_1_592' title='bbox 2899 1154 2988 1209; x_wconf 83' lang='grc' dir='ltr'>διὰ</span> <span class='ocrx_word' id='word_1_593' title='bbox 3006 1152 3166 1207; x_wconf 88' lang='grc' dir='ltr'>τοῦτο</span> <span class='ocrx_word' id='word_1_594' title='bbox 3197 1152 3290 1205; x_wconf 80' lang='grc' dir='ltr'>τὸν</span> <span class='ocrx_word' id='word_1_595' title='bbox 3320 1150 3503 1205; x_wconf 83' lang='grc' dir='ltr'>τοιοῦ-</span> <span class='ocrx_word' id='word_1_596' title='bbox 3537 1203 3540 1206; x_wconf 83' lang='lat'><strong><em>.</em></strong></span> 
     </span>
    </p>
   </div>
   <div class='ocr_carea' id='block_1_78' title="bbox 1903 1235 3503 1313">
    <p class='ocr_par' dir='ltr' id='par_1_78' title="bbox 1903 1235 3503 1313">
     <span class='ocr_line' id='line_1_79' title="bbox 1903 1235 3503 1313; baseline -0.006 -16"><span class='ocrx_word' id='word_1_597' title='bbox 1903 1262 2018 1306; x_wconf 88' lang='grc' dir='ltr'>τον,</span> <span class='ocrx_word' id='word_1_598' title='bbox 2047 1245 2142 1298; x_wconf 74' lang='grc' dir='ltr'>καὶ</span> <span class='ocrx_word' id='word_1_599' title='bbox 2175 1243 2450 1308; x_wconf 85' lang='grc' dir='ltr'>ταλάνιζε.</span> <span class='ocrx_word' id='word_1_600' title='bbox 2476 1243 2645 1296; x_wconf 72' lang='grc' dir='ltr'>Οὐδὲν</span> <span class='ocrx_word' id='word_1_601' title='bbox 2685 1240 2791 1313; x_wconf 71' lang='grc' dir='ltr'>γὰρ</span> <span class='ocrx_word' id='word_1_602' title='bbox 2832 1238 3002 1301; x_wconf 76' lang='grc' dir='ltr'>ὅντως</span> <span class='ocrx_word' id='word_1_603' title='bbox 3041 1236 3370 1307; x_wconf 87' lang='grc' dir='ltr'>ἀθλιώτερον</span> <span class='ocrx_word' id='word_1_604' title='bbox 3402 1235 3503 1306; x_wconf 80' lang='grc' dir='ltr'>τῆς</span> 
     </span>
    </p>
   </div>
   <div class='ocr_carea' id='block_1_79' title="bbox 1904 1319 3503 1398">
    <p class='ocr_par' dir='ltr' id='par_1_79' title="bbox 1904 1319 3503 1398">
     <span class='ocr_line' id='line_1_80' title="bbox 1904 1319 3503 1398; baseline -0.006 -18"><span class='ocrx_word' id='word_1_605' title='bbox 1904 1325 2049 1381; x_wconf 79' lang='grc' dir='ltr'>οὕτω</span> <span class='ocrx_word' id='word_1_606' title='bbox 2075 1326 2427 1398; x_wconf 85' lang='grc' dir='ltr'>διακειμένης</span> <span class='ocrx_word' id='word_1_607' title='bbox 2453 1324 2655 1396; x_wconf 78' lang='grc' dir='ltr'>ψυχῆς,</span> <span class='ocrx_word' id='word_1_608' title='bbox 2686 1323 2792 1378; x_wconf 76' lang='grc' dir='ltr'>κᾶν</span> <span class='ocrx_word' id='word_1_609' title='bbox 2832 1323 3014 1377; x_wconf 73' lang='grc' dir='ltr'>πᾶσαν</span> <span class='ocrx_word' id='word_1_610' title='bbox 3054 1319 3503 1389; x_wconf 82' lang='grc' dir='ltr'>ὑποτεταγμένην</span> 
     </span>
    </p>
   </div>
   <div class='ocr_carea' id='block_1_80' title="bbox 1905 1400 3507 1483">
    <p class='ocr_par' dir='ltr' id='par_1_80' title="bbox 1905 1400 3507 1483">
     <span class='ocr_line' id='line_1_81' title="bbox 1905 1400 3507 1483; baseline -0.006 -21"><span class='ocrx_word' id='word_1_611' title='bbox 1905 1409 2006 1483; x_wconf 73' lang='grc' dir='ltr'>ιχῃ</span> <span class='ocrx_word' id='word_1_612' title='bbox 2036 1408 2137 1481; x_wconf 77' lang='grc' dir='ltr'>τὴν</span> <span class='ocrx_word' id='word_1_613' title='bbox 2162 1408 2508 1479; x_wconf 81' lang='grc' dir='ltr'>οἰκουμένην.</span> <span class='ocrx_word' id='word_1_614' title='bbox 2535 1407 2601 1460; x_wconf 87' lang='grc' dir='ltr'>Τί</span> <span class='ocrx_word' id='word_1_615' title='bbox 2633 1405 2743 1477; x_wconf 77' lang='grc' dir='ltr'>γὰρ</span> <span class='ocrx_word' id='word_1_616' title='bbox 2772 1404 2966 1475; x_wconf 72' lang='grc' dir='ltr'>ὄφελος</span> <span class='ocrx_word' id='word_1_617' title='bbox 2991 1406 3049 1458; x_wconf 80' lang='grc' dir='ltr'>ὲν</span> <span class='ocrx_word' id='word_1_618' title='bbox 3074 1404 3319 1475; x_wconf 82' lang='grc' dir='ltr'>χρήμασι</span> <span class='ocrx_word' id='word_1_619' title='bbox 3341 1400 3507 1483; x_wconf 12' lang='grc' dir='ltr'>πλουον-</span> 
     </span>
    </p>
   </div>
   <div class='ocr_carea' id='block_1_81' title="bbox 1903 1479 3507 1563">
    <p class='ocr_par' dir='ltr' id='par_1_81' title="bbox 1903 1479 3507 1563">
     <span class='ocr_line' id='line_1_82' title="bbox 1903 1479 3507 1563; baseline -0.006 -18"><span class='ocrx_word' id='word_1_620' title='bbox 1903 1479 2038 1558; x_wconf 79' lang='grc' dir='ltr'>τεῖν,</span> <span class='ocrx_word' id='word_1_621' title='bbox 2071 1479 2202 1547; x_wconf 79' lang='grc' dir='ltr'>δταν</span> <span class='ocrx_word' id='word_1_622' title='bbox 2221 1490 2364 1546; x_wconf 89' lang='grc' dir='ltr'>κατά</span> <span class='ocrx_word' id='word_1_623' title='bbox 2388 1492 2489 1563; x_wconf 82' lang='grc' dir='ltr'>τὴν</span> <span class='ocrx_word' id='word_1_624' title='bbox 2523 1491 2727 1563; x_wconf 83' lang='grc' dir='ltr'>ἀρετὴν</span> <span class='ocrx_word' id='word_1_625' title='bbox 2753 1490 2975 1543; x_wconf 89' lang='grc' dir='ltr'>πάντων</span> <span class='ocrx_word' id='word_1_626' title='bbox 3000 1486 3328 1557; x_wconf 80' lang='grc' dir='ltr'>πενέστερος</span> <span class='ocrx_word' id='word_1_627' title='bbox 3356 1479 3421 1557; x_wconf 65' lang='lat' dir='ltr'>ﬁ;</span> <span class='ocrx_word' id='word_1_628' title='bbox 3450 1482 3507 1537; x_wconf 87' lang='grc' dir='ltr'>τί</span> 
     </span>
    </p>
   </div>
   <div class='ocr_carea' id='block_1_82' title="bbox 1903 1567 3506 1648">
    <p class='ocr_par' dir='ltr' id='par_1_82' title="bbox 1903 1567 3506 1648">
     <span class='ocr_line' id='line_1_83' title="bbox 1903 1567 3506 1648; baseline -0.005 -20"><span class='ocrx_word' id='word_1_629' title='bbox 1903 1575 1961 1628; x_wconf 79' lang='grc' dir='ltr'>δὲ</span> <span class='ocrx_word' id='word_1_630' title='bbox 1995 1574 2186 1648; x_wconf 77' lang='grc' dir='ltr'>κέρδος</span> <span class='ocrx_word' id='word_1_631' title='bbox 2233 1574 2505 1629; x_wconf 84' lang='grc' dir='ltr'>τοσούτων</span> <span class='ocrx_word' id='word_1_632' title='bbox 2550 1576 2797 1646; x_wconf 86' lang='grc' dir='ltr'>κρατεῖν,</span> <span class='ocrx_word' id='word_1_633' title='bbox 2831 1573 2959 1626; x_wconf 77' lang='grc' dir='ltr'>ὅταν</span> <span class='ocrx_word' id='word_1_634' title='bbox 3005 1568 3204 1625; x_wconf 74' lang='grc' dir='ltr'>ἑαυτοῦ</span> <span class='ocrx_word' id='word_1_635' title='bbox 3256 1569 3352 1623; x_wconf 76' lang='grc' dir='ltr'>καὶ</span> <span class='ocrx_word' id='word_1_636' title='bbox 3393 1567 3506 1621; x_wconf 92' lang='grc' dir='ltr'>τῶν</span> 
     </span>
    </p>
   </div>
   <div class='ocr_carea' id='block_1_83' title="bbox 1906 1649 3505 1729">
    <p class='ocr_par' dir='ltr' id='par_1_83' title="bbox 1906 1649 3505 1729">
     <span class='ocr_line' id='line_1_84' title="bbox 1906 1649 3505 1729; baseline -0.005 -19"><span class='ocrx_word' id='word_1_637' title='bbox 1906 1657 2101 1711; x_wconf 77' lang='grc' dir='ltr'>ἑαυτοῦ</span> <span class='ocrx_word' id='word_1_638' title='bbox 2156 1657 2344 1711; x_wconf 86' lang='grc' dir='ltr'>παθῶν</span> <span class='ocrx_word' id='word_1_639' title='bbox 2403 1656 2481 1729; x_wconf 85' lang='grc' dir='ltr'>μὴ</span> <span class='ocrx_word' id='word_1_640' title='bbox 2529 1656 2756 1726; x_wconf 85' lang='grc' dir='ltr'>δύνηται</span> <span class='ocrx_word' id='word_1_641' title='bbox 2806 1652 3227 1727; x_wconf 84' lang='grc' dir='ltr'>περιγενέσθαι;</span> <span class='ocrx_word' id='word_1_642' title='bbox 3270 1651 3411 1705; x_wconf 83' lang='grc' dir='ltr'>’Δλλ’</span> <span class='ocrx_word' id='word_1_643' title='bbox 3438 1649 3505 1703; x_wconf 85' lang='grc' dir='ltr'>ἂν</span> 
     </span>
    </p>
   </div>
   <div class='ocr_carea' id='block_1_84' title="bbox 1908 1735 3502 1812">
    <p class='ocr_par' dir='ltr' id='par_1_84' title="bbox 1908 1735 3502 1812">
     <span class='ocr_line' id='line_1_85' title="bbox 1908 1735 3502 1812; baseline -0.004 -19"><span class='ocrx_word' id='word_1_644' title='bbox 1908 1740 2007 1811; x_wconf 88' lang='grc' dir='ltr'>μὲν</span> <span class='ocrx_word' id='word_1_645' title='bbox 2036 1742 2197 1811; x_wconf 89' lang='grc' dir='ltr'>σῶμα</span> <span class='ocrx_word' id='word_1_646' title='bbox 2219 1740 2420 1812; x_wconf 76' lang='grc' dir='ltr'>ἴδωμεν</span> <span class='ocrx_word' id='word_1_647' title='bbox 2450 1741 2637 1803; x_wconf 89' lang='grc' dir='ltr'>κακῶς</span> <span class='ocrx_word' id='word_1_648' title='bbox 2667 1739 3009 1809; x_wconf 87' lang='grc' dir='ltr'>διακείμενον</span> <span class='ocrx_word' id='word_1_649' title='bbox 3031 1738 3123 1791; x_wconf 77' lang='grc' dir='ltr'>καί</span> <span class='ocrx_word' id='word_1_650' title='bbox 3146 1735 3502 1807; x_wconf 86' lang='grc' dir='ltr'>πυρέττοντα,</span> 
     </span>
    </p>
   </div>
   <div class='ocr_carea' id='block_1_85' title="bbox 1904 1817 3509 1895">
    <p class='ocr_par' dir='ltr' id='par_1_85' title="bbox 1904 1817 3509 1895">
     <span class='ocr_line' id='line_1_86' title="bbox 1904 1817 3509 1895; baseline -0.004 -19"><span class='ocrx_word' id='word_1_651' title='bbox 1904 1823 1938 1892; x_wconf 76' lang='grc' dir='ltr'><strong>ἢ</strong></span> <span class='ocrx_word' id='word_1_652' title='bbox 1989 1822 2274 1895; x_wconf 84' lang='grc' dir='ltr'>ποδαλγίᾳ,</span> <span class='ocrx_word' id='word_1_653' title='bbox 2307 1823 2341 1895; x_wconf 74' lang='grc' dir='ltr'>ἢ</span> <span class='ocrx_word' id='word_1_654' title='bbox 2377 1823 2516 1895; x_wconf 84' lang='grc' dir='ltr'>φθόῃ</span> <span class='ocrx_word' id='word_1_655' title='bbox 2566 1821 2757 1893; x_wconf 75' lang='grc' dir='ltr'>τινί,ἢ</span> <span class='ocrx_word' id='word_1_656' title='bbox 2804 1822 2976 1893; x_wconf 79' lang='grc' dir='ltr'>ἑτέρῳ</span> <span class='ocrx_word' id='word_1_657' title='bbox 3030 1818 3316 1891; x_wconf 82' lang='grc' dir='ltr'>ἀνηκέστῳ</span> <span class='ocrx_word' id='word_1_658' title='bbox 3343 1817 3509 1871; x_wconf 85' lang='grc' dir='ltr'>πάθει</span> 
     </span>
    </p>
   </div>
   <div class='ocr_carea' id='block_1_86' title="bbox 1907 1900 3509 1978">
    <p class='ocr_par' dir='ltr' id='par_1_86' title="bbox 1907 1900 3509 1978">
     <span class='ocr_line' id='line_1_87' title="bbox 1907 1900 3509 1978; baseline -0.001 -22"><span class='ocrx_word' id='word_1_659' title='bbox 1907 1904 2478 1977; x_wconf 86' lang='grc' dir='ltr'>προκατειλημμένον,</span> <span class='ocrx_word' id='word_1_660' title='bbox 2508 1905 2842 1978; x_wconf 84' lang='grc' dir='ltr'>δακρύομεν,</span> <span class='ocrx_word' id='word_1_661' title='bbox 2880 1904 2984 1958; x_wconf 76' lang='grc' dir='ltr'>κᾶν</span> <span class='ocrx_word' id='word_1_662' title='bbox 3014 1904 3233 1959; x_wconf 87' lang='grc' dir='ltr'>πάντων</span> <span class='ocrx_word' id='word_1_663' title='bbox 3262 1900 3509 1973; x_wconf 83' lang='grc' dir='ltr'>εὐπορώ-</span> 
     </span>
    </p>
   </div>
   <div class='ocr_carea' id='block_1_87' title="bbox 1904 1985 3509 2062">
    <p class='ocr_par' dir='ltr' id='par_1_87' title="bbox 1904 1985 3509 2062">
     <span class='ocr_line' id='line_1_88' title="bbox 1904 1985 3509 2062; baseline -0.002 -21"><span class='ocrx_word' id='word_1_664' title='bbox 1904 2004 2065 2061; x_wconf 81' lang='grc' dir='ltr'>τερος</span> <span class='ocrx_word' id='word_1_665' title='bbox 2095 1985 2152 2062; x_wconf 77' lang='grc' dir='ltr'>ᾖ,</span> <span class='ocrx_word' id='word_1_666' title='bbox 2183 1990 2279 2042; x_wconf 73' lang='grc' dir='ltr'>καὶ</span> <span class='ocrx_word' id='word_1_667' title='bbox 2306 1988 2547 2061; x_wconf 88' lang='grc' dir='ltr'>τοσούτῳ</span> <span class='ocrx_word' id='word_1_668' title='bbox 2582 1988 2805 2061; x_wconf 80' lang='grc' dir='ltr'>μᾶλλον,</span> <span class='ocrx_word' id='word_1_669' title='bbox 2840 1988 3061 2058; x_wconf 81' lang='grc' dir='ltr'>ὅσῳπερ</span> <span class='ocrx_word' id='word_1_670' title='bbox 3104 1986 3170 2041; x_wconf 79' lang='grc' dir='ltr'>ἂν</span> <span class='ocrx_word' id='word_1_671' title='bbox 3199 1985 3509 2057; x_wconf 85' lang='grc' dir='ltr'>εὐπορώτε-</span> 
     </span>
    </p>
   </div>
   <div class='ocr_carea' id='block_1_88' title="bbox 1910 2069 3507 2147">
    <p class='ocr_par' dir='ltr' id='par_1_88' title="bbox 1910 2069 3507 2147">
     <span class='ocr_line' id='line_1_89' title="bbox 1910 2069 3507 2147; baseline -0.006 -15"><span class='ocrx_word' id='word_1_672' title='bbox 1910 2070 2076 2147; x_wconf 82' lang='grc' dir='ltr'>ρος</span> <span class='ocrx_word' id='word_1_673' title='bbox 2092 2074 2157 2130; x_wconf 75' lang='grc' dir='ltr'><strong>Ἦ</strong></span> <span class='ocrx_word' id='word_1_674' title='bbox 2179 2073 2290 2145; x_wconf 81' lang='grc' dir='ltr'>γὰρ</span> <span class='ocrx_word' id='word_1_675' title='bbox 2314 2073 2571 2147; x_wconf 76' lang='grc' dir='ltr'>αἴσθησις</span> <span class='ocrx_word' id='word_1_676' title='bbox 2588 2072 2897 2146; x_wconf 87' lang='grc' dir='ltr'>δριμυτέρα</span> <span class='ocrx_word' id='word_1_677' title='bbox 2924 2071 3137 2141; x_wconf 88' lang='grc' dir='ltr'>γίνεται</span> <span class='ocrx_word' id='word_1_678' title='bbox 3161 2070 3270 2125; x_wconf 90' lang='grc' dir='ltr'>τῶν</span> <span class='ocrx_word' id='word_1_679' title='bbox 3293 2069 3507 2133; x_wconf 87' lang='grc' dir='ltr'>δεινῶν,</span> 
     </span>
    </p>
   </div>
   <div class='ocr_carea' id='block_1_89' title="bbox 1906 2150 3510 2229">
    <p class='ocr_par' dir='ltr' id='par_1_89' title="bbox 1906 2150 3510 2229">
     <span class='ocr_line' id='line_1_90' title="bbox 1906 2150 3510 2229; baseline -0.002 -20"><span class='ocrx_word' id='word_1_680' title='bbox 1906 2156 2035 2209; x_wconf 83' lang='grc' dir='ltr'>ὅταν</span> <span class='ocrx_word' id='word_1_681' title='bbox 2081 2156 2141 2209; x_wconf 83' lang='grc' dir='ltr'>ὲν</span> <span class='ocrx_word' id='word_1_682' title='bbox 2183 2156 2418 2229; x_wconf 72' lang='grc' dir='ltr'>ἀφθονίᾳ</span> <span class='ocrx_word' id='word_1_683' title='bbox 2458 2173 2544 2219; x_wconf 88' lang='grc' dir='ltr'>τις</span> <span class='ocrx_word' id='word_1_684' title='bbox 2570 2156 2679 2211; x_wconf 88' lang='grc' dir='ltr'>τῶν</span> <span class='ocrx_word' id='word_1_685' title='bbox 2712 2155 3028 2225; x_wconf 88' lang='grc' dir='ltr'>ἀναγκαίων</span> <span class='ocrx_word' id='word_1_686' title='bbox 3072 2150 3215 2229; x_wconf 81' lang='grc' dir='ltr'>ᾗ.Ὅ</span> <span class='ocrx_word' id='word_1_687' title='bbox 3259 2152 3358 2225; x_wconf 76' lang='grc' dir='ltr'>μὲν</span> <span class='ocrx_word' id='word_1_688' title='bbox 3399 2151 3510 2223; x_wconf 82' lang='grc' dir='ltr'>γάρ</span> 
     </span>
    </p>
   </div>
   <div class='ocr_carea' id='block_1_90' title="bbox 1907 2235 3510 2313">
    <p class='ocr_par' dir='ltr' id='par_1_90' title="bbox 1907 2235 3510 2313">
     <span class='ocr_line' id='line_1_91' title="bbox 1907 2235 3510 2313; baseline -0.002 -21"><span class='ocrx_word' id='word_1_689' title='bbox 1907 2239 2065 2312; x_wconf 87' lang='grc' dir='ltr'>παρά</span> <span class='ocrx_word' id='word_1_690' title='bbox 2107 2238 2298 2294; x_wconf 88' lang='grc' dir='ltr'>πενίαν</span> <span class='ocrx_word' id='word_1_691' title='bbox 2332 2239 2677 2313; x_wconf 87' lang='grc' dir='ltr'>κωλυόμενος</span> <span class='ocrx_word' id='word_1_692' title='bbox 2713 2240 2815 2311; x_wconf 90' lang='grc' dir='ltr'>τῆς</span> <span class='ocrx_word' id='word_1_693' title='bbox 2853 2237 3232 2303; x_wconf 87' lang='grc' dir='ltr'>ἀπολαύσεως,</span> <span class='ocrx_word' id='word_1_694' title='bbox 3268 2236 3381 2307; x_wconf 76' lang='grc' dir='ltr'>ἔχει</span> <span class='ocrx_word' id='word_1_695' title='bbox 3410 2235 3510 2307; x_wconf 73' lang='grc' dir='ltr'>τὴν</span> 
     </span>
    </p>
   </div>
   <div class='ocr_carea' id='block_1_91' title="bbox 1906 2319 3510 2397">
    <p class='ocr_par' dir='ltr' id='par_1_91' title="bbox 1906 2319 3510 2397">
     <span class='ocr_line' id='line_1_92' title="bbox 1906 2319 3510 2397; baseline -0.003 -19"><span class='ocrx_word' id='word_1_696' title='bbox 1906 2323 2155 2396; x_wconf 87' lang='grc' dir='ltr'>ἀνάγκην</span> <span class='ocrx_word' id='word_1_697' title='bbox 2175 2323 2528 2396; x_wconf 88' lang='grc' dir='ltr'>παραμυθίαν</span> <span class='ocrx_word' id='word_1_698' title='bbox 2544 2344 2557 2357; x_wconf 88' lang='grc'><strong>·</strong></span> <span class='ocrx_word' id='word_1_699' title='bbox 2579 2326 2609 2378; x_wconf 87' lang='grc' dir='ltr'>ό</span> <span class='ocrx_word' id='word_1_700' title='bbox 2627 2324 2685 2377; x_wconf 88' lang='grc' dir='ltr'>δὲ</span> <span class='ocrx_word' id='word_1_701' title='bbox 2702 2323 2892 2397; x_wconf 87' lang='grc' dir='ltr'>κύριος</span> <span class='ocrx_word' id='word_1_702' title='bbox 2908 2321 2985 2378; x_wconf 87' lang='grc' dir='ltr'>ῶν</span> <span class='ocrx_word' id='word_1_703' title='bbox 3009 2323 3158 2396; x_wconf 87' lang='grc' dir='ltr'>πάσῃ</span> <span class='ocrx_word' id='word_1_704' title='bbox 3182 2319 3510 2392; x_wconf 86' lang='grc' dir='ltr'>κεχρῆσθαι,</span> 
     </span>
    </p>
   </div>
   <div class='ocr_carea' id='block_1_92' title="bbox 1908 2404 3514 2481">
    <p class='ocr_par' dir='ltr' id='par_1_92' title="bbox 1908 2404 3514 2481">
     <span class='ocr_line' id='line_1_93' title="bbox 1908 2404 3514 2481; baseline -0.003 -19"><span class='ocrx_word' id='word_1_705' title='bbox 1908 2408 2003 2462; x_wconf 78' lang='grc' dir='ltr'>καὶ</span> <span class='ocrx_word' id='word_1_706' title='bbox 2028 2408 2371 2480; x_wconf 85' lang='grc' dir='ltr'>κωλυόμενος</span> <span class='ocrx_word' id='word_1_707' title='bbox 2397 2406 2503 2463; x_wconf 78' lang='grc' dir='ltr'>ὑπὸ</span> <span class='ocrx_word' id='word_1_708' title='bbox 2522 2408 2623 2481; x_wconf 87' lang='grc' dir='ltr'>τῆς</span> <span class='ocrx_word' id='word_1_709' title='bbox 2645 2408 2984 2481; x_wconf 70' lang='grc' dir='ltr'>ἀρρωστίας,</span> <span class='ocrx_word' id='word_1_710' title='bbox 3001 2406 3153 2477; x_wconf 80' lang='grc' dir='ltr'>αὐτῷ</span> <span class='ocrx_word' id='word_1_711' title='bbox 3172 2406 3349 2477; x_wconf 85' lang='grc' dir='ltr'>τούτῳ</span> <span class='ocrx_word' id='word_1_712' title='bbox 3375 2404 3514 2476; x_wconf 80' lang='grc' dir='ltr'>μᾶλ-</span> 
     </span>
    </p>
   </div>
   <div class='ocr_carea' id='block_1_93' title="bbox 1908 2488 3514 2563">
    <p class='ocr_par' dir='ltr' id='par_1_93' title="bbox 1908 2488 3514 2563">
     <span class='ocr_line' id='line_1_94' title="bbox 1908 2488 3514 2563; baseline -0.002 -18"><span class='ocrx_word' id='word_1_713' title='bbox 1908 2491 2000 2546; x_wconf 89' lang='grc' dir='ltr'>λον</span> <span class='ocrx_word' id='word_1_714' title='bbox 2030 2492 2400 2563; x_wconf 76' lang='grc' dir='ltr'>ἐμπίπραται.</span> <span class='ocrx_word' id='word_1_715' title='bbox 2422 2492 2548 2557; x_wconf 88' lang='grc' dir='ltr'>Πῶς</span> <span class='ocrx_word' id='word_1_716' title='bbox 2565 2488 2660 2547; x_wconf 79' lang='grc' dir='ltr'>οὖν</span> <span class='ocrx_word' id='word_1_717' title='bbox 2683 2493 2787 2547; x_wconf 88' lang='grc' dir='ltr'>οὐκ</span> <span class='ocrx_word' id='word_1_718' title='bbox 2812 2492 3015 2547; x_wconf 74' lang='grc' dir='ltr'>ἄτοπον</span> <span class='ocrx_word' id='word_1_719' title='bbox 3039 2492 3088 2545; x_wconf 90' lang='grc' dir='ltr'>εἰ</span> <span class='ocrx_word' id='word_1_720' title='bbox 3115 2490 3215 2562; x_wconf 80' lang='grc' dir='ltr'>μὲν</span> <span class='ocrx_word' id='word_1_721' title='bbox 3243 2490 3514 2561; x_wconf 85' lang='grc' dir='ltr'>νοσήματι</span> 
     </span>
    </p>
   </div>
   <div class='ocr_carea' id='block_1_94' title="bbox 1910 2574 3514 2650">
    <p class='ocr_par' dir='ltr' id='par_1_94' title="bbox 1910 2574 3514 2650">
     <span class='ocr_line' id='line_1_95' title="bbox 1910 2574 3514 2650; baseline -0.003 -19"><span class='ocrx_word' id='word_1_722' title='bbox 1910 2578 2212 2649; x_wconf 87' lang='grc' dir='ltr'>σωματικῷ</span> <span class='ocrx_word' id='word_1_723' title='bbox 2236 2575 2781 2650; x_wconf 79' lang='grc' dir='ltr'>προκατειλημμένον</span> <span class='ocrx_word' id='word_1_724' title='bbox 2812 2578 2910 2632; x_wconf 88' lang='grc' dir='ltr'>ἰδοι</span> <span class='ocrx_word' id='word_1_725' title='bbox 2918 2577 3019 2649; x_wconf 88' lang='grc' dir='ltr'>μέν</span> <span class='ocrx_word' id='word_1_726' title='bbox 3041 2593 3184 2639; x_wconf 91' lang='grc' dir='ltr'>τινα,</span> <span class='ocrx_word' id='word_1_727' title='bbox 3203 2574 3514 2639; x_wconf 88' lang='grc' dir='ltr'>ταλανίζειν</span> 
     </span>
    </p>
   </div>
   <div class='ocr_carea' id='block_1_95' title="bbox 1908 2658 3509 2736">
    <p class='ocr_par' dir='ltr' id='par_1_95' title="bbox 1908 2658 3509 2736">
     <span class='ocr_line' id='line_1_96' title="bbox 1908 2658 3509 2736; baseline -0.002 -21"><span class='ocrx_word' id='word_1_728' title='bbox 1908 2660 2095 2728; x_wconf 82' lang='grc' dir='ltr'>αὐτὸν,</span> <span class='ocrx_word' id='word_1_729' title='bbox 2126 2660 2232 2716; x_wconf 75' lang='grc' dir='ltr'>κᾶν</span> <span class='ocrx_word' id='word_1_730' title='bbox 2256 2658 2492 2731; x_wconf 74' lang='grc' dir='ltr'>εὔπορος</span> <span class='ocrx_word' id='word_1_731' title='bbox 2516 2658 2574 2736; x_wconf 75' lang='grc' dir='ltr'>ᾖ,</span> <span class='ocrx_word' id='word_1_732' title='bbox 2601 2660 2783 2733; x_wconf 77' lang='grc' dir='ltr'>ψυχῆς</span> <span class='ocrx_word' id='word_1_733' title='bbox 2812 2660 2878 2715; x_wconf 78' lang='grc' dir='ltr'>δὲ</span> <span class='ocrx_word' id='word_1_734' title='bbox 2912 2660 3103 2725; x_wconf 82' lang='grc' dir='ltr'>κακῶς</span> <span class='ocrx_word' id='word_1_735' title='bbox 3130 2658 3509 2730; x_wconf 79' lang='grc' dir='ltr'>διακειμένης,</span> 
     </span>
    </p>
   </div>
   <div class='ocr_carea' id='block_1_96' title="bbox 1909 2739 3515 2817">
    <p class='ocr_par' dir='ltr' id='par_1_96' title="bbox 1909 2739 3515 2817">
     <span class='ocr_line' id='line_1_97' title="bbox 1909 2739 3515 2817; baseline 0 -20"><span class='ocrx_word' id='word_1_736' title='bbox 1909 2744 2111 2816; x_wconf 75' lang='grc' dir='ltr'>ψυχῆς,</span> <span class='ocrx_word' id='word_1_737' title='bbox 2145 2739 2215 2817; x_wconf 80' lang='grc' dir='ltr'>ἦς</span> <span class='ocrx_word' id='word_1_738' title='bbox 2245 2746 2380 2816; x_wconf 80' lang='grc' dir='ltr'>ἡμῖν</span> <span class='ocrx_word' id='word_1_739' title='bbox 2409 2746 2523 2799; x_wconf 77' lang='grc' dir='ltr'>ἴσον</span> <span class='ocrx_word' id='word_1_740' title='bbox 2546 2746 2699 2800; x_wconf 84' lang='grc' dir='ltr'>οὐδὲν</span> <span class='ocrx_word' id='word_1_741' title='bbox 2734 2745 2855 2799; x_wconf 68' lang='grc' dir='ltr'>οὐδὲ</span> <span class='ocrx_word' id='word_1_742' title='bbox 2886 2744 3235 2817; x_wconf 81' lang='grc' dir='ltr'>τιμιώτερον,</span> <span class='ocrx_word' id='word_1_743' title='bbox 3270 2744 3515 2816; x_wconf 84' lang='grc' dir='ltr'>μακαρί-</span> 
     </span>
    </p>
   </div>
   <div class='ocr_carea' id='block_1_97' title="bbox 1909 2828 3513 2903">
    <p class='ocr_par' dir='ltr' id='par_1_97' title="bbox 1909 2828 3513 2903">
     <span class='ocr_line' id='line_1_98' title="bbox 1909 2828 3513 2903; baseline 0.001 -21"><span class='ocrx_word' id='word_1_744' title='bbox 1909 2828 2026 2893; x_wconf 87' lang='grc' dir='ltr'>ζειν</span> <span class='ocrx_word' id='word_1_745' title='bbox 2059 2830 2127 2883; x_wconf 81' lang='grc' dir='ltr'>δι’</span> <span class='ocrx_word' id='word_1_746' title='bbox 2148 2829 2305 2898; x_wconf 89' lang='grc' dir='ltr'>όλίγα</span> <span class='ocrx_word' id='word_1_747' title='bbox 2339 2832 2622 2903; x_wconf 86' lang='grc' dir='ltr'>χρήματα,</span> <span class='ocrx_word' id='word_1_748' title='bbox 2650 2829 2684 2902; x_wconf 80' lang='grc' dir='ltr'>ἦ</span> <span class='ocrx_word' id='word_1_749' title='bbox 2738 2829 2827 2885; x_wconf 89' lang='grc' dir='ltr'>διά</span> <span class='ocrx_word' id='word_1_750' title='bbox 2876 2830 3214 2903; x_wconf 80' lang='grc' dir='ltr'>πρόσκαιρον</span> <span class='ocrx_word' id='word_1_751' title='bbox 3257 2829 3447 2900; x_wconf 84' lang='grc' dir='ltr'>τιμὴν,</span> <span class='ocrx_word' id='word_1_752' title='bbox 3478 2829 3513 2899; x_wconf 78' lang='grc' dir='ltr'><strong>ἢ</strong></span> 
     </span>
    </p>
   </div>
   <div class='ocr_carea' id='block_1_98' title="bbox 1907 2912 3516 2985">
    <p class='ocr_par' dir='ltr' id='par_1_98' title="bbox 1907 2912 3516 2985">
     <span class='ocr_line' id='line_1_99' title="bbox 1907 2912 3516 2985; baseline -0.001 -18"><span class='ocrx_word' id='word_1_753' title='bbox 1907 2912 1976 2967; x_wconf 86' lang='grc' dir='ltr'>δι’</span> <span class='ocrx_word' id='word_1_754' title='bbox 1998 2913 2126 2968; x_wconf 83' lang='grc' dir='ltr'>ἄλλο</span> <span class='ocrx_word' id='word_1_755' title='bbox 2168 2914 2280 2968; x_wconf 91' lang='grc' dir='ltr'>τῶν</span> <span class='ocrx_word' id='word_1_756' title='bbox 2309 2913 2564 2969; x_wconf 84' lang='grc' dir='ltr'>-ένταῦθα</span> <span class='ocrx_word' id='word_1_757' title='bbox 2609 2914 2881 2985; x_wconf 88' lang='grc' dir='ltr'>μενόντων</span> <span class='ocrx_word' id='word_1_758' title='bbox 2924 2914 3023 2968; x_wconf 70' lang='grc' dir='ltr'>καὶ</span> <span class='ocrx_word' id='word_1_759' title='bbox 3068 2912 3208 2984; x_wconf 87' lang='grc' dir='ltr'>μετά</span> <span class='ocrx_word' id='word_1_760' title='bbox 3236 2913 3337 2983; x_wconf 86' lang='grc' dir='ltr'>τῆς</span> <span class='ocrx_word' id='word_1_761' title='bbox 3367 2912 3516 2982; x_wconf 90' lang='grc' dir='ltr'>ζωῆς</span> 
     </span>
    </p>
   </div>
   <div class='ocr_carea' id='block_1_99' title="bbox 1911 2994 3513 3070">
    <p class='ocr_par' dir='ltr' id='par_1_99' title="bbox 1911 2994 3513 3070">
     <span class='ocr_line' id='line_1_100' title="bbox 1911 2994 3513 3070; baseline -0.001 -21"><span class='ocrx_word' id='word_1_762' title='bbox 1911 2995 2065 3070; x_wconf 81' lang='lat'>[755]</span> <span class='ocrx_word' id='word_1_763' title='bbox 2095 2996 2322 3067; x_wconf 88' lang='grc' dir='ltr'>ταύτης,</span> <span class='ocrx_word' id='word_1_764' title='bbox 2360 2998 2564 3068; x_wconf 75' lang='grc' dir='ltr'>μᾶλλον</span> <span class='ocrx_word' id='word_1_765' title='bbox 2588 2997 2647 3051; x_wconf 85' lang='grc' dir='ltr'>δὲ</span> <span class='ocrx_word' id='word_1_766' title='bbox 2679 2996 2942 3060; x_wconf 87' lang='grc' dir='ltr'>πολλάκις</span> <span class='ocrx_word' id='word_1_767' title='bbox 2970 2997 3067 3050; x_wconf 76' lang='grc' dir='ltr'>καὶ</span> <span class='ocrx_word' id='word_1_768' title='bbox 3096 2994 3204 3068; x_wconf 75' lang='grc' dir='ltr'>πρὸ</span> <span class='ocrx_word' id='word_1_769' title='bbox 3228 2997 3325 3067; x_wconf 84' lang='grc' dir='ltr'>τῆς</span> <span class='ocrx_word' id='word_1_770' title='bbox 3345 2996 3513 3066; x_wconf 90' lang='grc' dir='ltr'>ζωῆς,</span> 
     </span>
    </p>
   </div>
   <div class='ocr_carea' id='block_1_100' title="bbox 1906 3080 3517 3152">
    <p class='ocr_par' dir='ltr' id='par_1_100' title="bbox 1906 3080 3517 3152">
     <span class='ocr_line' id='line_1_101' title="bbox 1906 3080 3517 3152; baseline 0.001 -20"><span class='ocrx_word' id='word_1_771' title='bbox 1906 3082 2058 3151; x_wconf 73' lang='grc' dir='ltr'>ἡμᾶς</span> <span class='ocrx_word' id='word_1_772' title='bbox 2101 3080 2626 3151; x_wconf 72' lang='grc' dir='ltr'>ἀπολιμπανόντωνς</span> <span class='ocrx_word' id='word_1_773' title='bbox 2680 3081 2795 3152; x_wconf 82' lang='grc' dir='ltr'>Μὴ,</span> <span class='ocrx_word' id='word_1_774' title='bbox 2830 3080 3160 3152; x_wconf 87' lang='grc' dir='ltr'>παρακαλῶ.</span> <span class='ocrx_word' id='word_1_775' title='bbox 3192 3080 3379 3134; x_wconf 88' lang='grc' dir='ltr'>Ταῦτα</span> <span class='ocrx_word' id='word_1_776' title='bbox 3414 3081 3517 3149; x_wconf 89' lang='grc' dir='ltr'>τῆς</span> 
     </span>
    </p>
   </div>
   <div class='ocr_carea' id='block_1_101' title="bbox 1908 3161 3515 3235">
    <p class='ocr_par' dir='ltr' id='par_1_101' title="bbox 1908 3161 3515 3235">
     <span class='ocr_line' id='line_1_102' title="bbox 1908 3161 3515 3235; baseline 0.001 -19"><span class='ocrx_word' id='word_1_777' title='bbox 1908 3164 2156 3235; x_wconf 83' lang='grc' dir='ltr'>ταραχῆς</span> <span class='ocrx_word' id='word_1_778' title='bbox 2202 3166 2338 3235; x_wconf 90' lang='grc' dir='ltr'>ήμῖν</span> <span class='ocrx_word' id='word_1_779' title='bbox 2378 3164 2553 3223; x_wconf 84' lang='grc' dir='ltr'>αῐτια.</span> <span class='ocrx_word' id='word_1_780' title='bbox 2578 3161 2753 3218; x_wconf 89' lang='grc' dir='ltr'>ταῦτα</span> <span class='ocrx_word' id='word_1_781' title='bbox 2789 3162 3044 3235; x_wconf 89' lang='grc' dir='ltr'>θορύϐου.</span> <span class='ocrx_word' id='word_1_782' title='bbox 3078 3163 3179 3217; x_wconf 81' lang='grc' dir='ltr'>Διά</span> <span class='ocrx_word' id='word_1_783' title='bbox 3219 3163 3381 3218; x_wconf 86' lang='grc' dir='ltr'>τοῦτο</span> <span class='ocrx_word' id='word_1_784' title='bbox 3418 3163 3515 3217; x_wconf 88' lang='grc' dir='ltr'>τοῦ</span> 
     </span>
    </p>
   </div>
   <div class='ocr_carea' id='block_1_102' title="bbox 1910 3245 3518 3318">
    <p class='ocr_par' dir='ltr' id='par_1_102' title="bbox 1910 3245 3518 3318">
     <span class='ocr_line' id='line_1_103' title="bbox 1910 3245 3518 3318; baseline 0.002 -20"><span class='ocrx_word' id='word_1_785' title='bbox 1910 3245 2046 3299; x_wconf 81' lang='grc' dir='ltr'>Θεοῦ</span> <span class='ocrx_word' id='word_1_786' title='bbox 2111 3245 2481 3317; x_wconf 86' lang='grc' dir='ltr'>κατηγοροῦσι</span> <span class='ocrx_word' id='word_1_787' title='bbox 2530 3246 2755 3314; x_wconf 79' lang='grc' dir='ltr'>πολλοὶ,</span> <span class='ocrx_word' id='word_1_788' title='bbox 2805 3245 2903 3299; x_wconf 79' lang='grc' dir='ltr'>δεά</span> <span class='ocrx_word' id='word_1_789' title='bbox 2950 3245 3110 3299; x_wconf 90' lang='grc' dir='ltr'>τοῦτο</span> <span class='ocrx_word' id='word_1_790' title='bbox 3158 3246 3250 3301; x_wconf 75' lang='grc' dir='ltr'>τὸν</span> <span class='ocrx_word' id='word_1_791' title='bbox 3308 3247 3518 3318; x_wconf 86' lang='grc' dir='ltr'>κόσμον</span> 
     </span>
    </p>
   </div>
   <div class='ocr_carea' id='block_1_103' title="bbox 1911 3328 3516 3403">
    <p class='ocr_par' dir='ltr' id='par_1_103' title="bbox 1911 3328 3516 3403">
     <span class='ocr_line' id='line_1_104' title="bbox 1911 3328 3516 3403; baseline 0.001 -19"><span class='ocrx_word' id='word_1_792' title='bbox 1911 3331 2247 3403; x_wconf 85' lang='grc' dir='ltr'>ἀπρονόητον</span> <span class='ocrx_word' id='word_1_793' title='bbox 2271 3328 2604 3402; x_wconf 76' lang='grc' dir='ltr'>νομίζουσιν.</span> <span class='ocrx_word' id='word_1_794' title='bbox 2622 3331 2711 3393; x_wconf 82' lang='lat'>&#39;0;</span> <span class='ocrx_word' id='word_1_795' title='bbox 2736 3330 2786 3383; x_wconf 91' lang='grc' dir='ltr'>εἰ</span> <span class='ocrx_word' id='word_1_796' title='bbox 2809 3329 3009 3402; x_wconf 71' lang='grc' dir='ltr'>ᾔδεσαν</span> <span class='ocrx_word' id='word_1_797' title='bbox 3030 3331 3112 3383; x_wconf 83' lang='grc' dir='ltr'>δτι</span> <span class='ocrx_word' id='word_1_798' title='bbox 3135 3331 3286 3384; x_wconf 76' lang='grc' dir='ltr'>οὐδὲν</span> <span class='ocrx_word' id='word_1_799' title='bbox 3312 3331 3516 3400; x_wconf 82' lang='grc' dir='ltr'>ἀγαθὸν</span> 
     </span>
    </p>
   </div>
   <div class='ocr_carea' id='block_1_104' title="bbox 1914 3411 3513 3485">
    <p class='ocr_par' dir='ltr' id='par_1_104' title="bbox 1914 3411 3513 3485">
     <span class='ocr_line' id='line_1_105' title="bbox 1914 3411 3513 3485; baseline 0.001 -19"><span class='ocrx_word' id='word_1_800' title='bbox 1914 3413 1972 3466; x_wconf 80' lang='grc' dir='ltr'>ὲν</span> <span class='ocrx_word' id='word_1_801' title='bbox 2000 3411 2080 3484; x_wconf 81' lang='grc' dir='ltr'>τῷ</span> <span class='ocrx_word' id='word_1_802' title='bbox 2109 3413 2339 3484; x_wconf 89' lang='grc' dir='ltr'>παρόντι</span> <span class='ocrx_word' id='word_1_803' title='bbox 2374 3413 2495 3483; x_wconf 87' lang='grc' dir='ltr'>βίῳ,</span> <span class='ocrx_word' id='word_1_804' title='bbox 2524 3412 2695 3485; x_wconf 82' lang='grc' dir='ltr'>ἀλλ’ἢ</span> <span class='ocrx_word' id='word_1_805' title='bbox 2729 3413 2900 3485; x_wconf 86' lang='grc' dir='ltr'>ἀρετὴ</span> <span class='ocrx_word' id='word_1_806' title='bbox 2950 3414 3133 3484; x_wconf 87' lang='grc' dir='ltr'>μόνον,</span> <span class='ocrx_word' id='word_1_807' title='bbox 3164 3414 3227 3467; x_wconf 91' lang='grc' dir='ltr'>οὐ</span> <span class='ocrx_word' id='word_1_808' title='bbox 3261 3413 3513 3479; x_wconf 81' lang='grc' dir='ltr'>πλοῦτος,</span> 
     </span>
    </p>
   </div>
   <div class='ocr_carea' id='block_1_105' title="bbox 1913 3496 3517 3570">
    <p class='ocr_par' dir='ltr' id='par_1_105' title="bbox 1913 3496 3517 3570">
     <span class='ocr_line' id='line_1_106' title="bbox 1913 3496 3517 3570; baseline 0.001 -20"><span class='ocrx_word' id='word_1_809' title='bbox 1913 3497 1976 3550; x_wconf 80' lang='grc' dir='ltr'>οὐ</span> <span class='ocrx_word' id='word_1_810' title='bbox 2009 3499 2290 3570; x_wconf 84' lang='grc' dir='ltr'>χρήματα,</span> <span class='ocrx_word' id='word_1_811' title='bbox 2326 3497 2429 3567; x_wconf 77' lang='grc' dir='ltr'>οὐχ’</span> <span class='ocrx_word' id='word_1_812' title='bbox 2454 3496 2660 3565; x_wconf 83' lang='grc' dir='ltr'>ύγίεια,</span> <span class='ocrx_word' id='word_1_813' title='bbox 2688 3497 2750 3550; x_wconf 88' lang='grc' dir='ltr'>οὐ</span> <span class='ocrx_word' id='word_1_814' title='bbox 2793 3498 3107 3565; x_wconf 89' lang='grc' dir='ltr'>δυναστεία,</span> <span class='ocrx_word' id='word_1_815' title='bbox 3137 3500 3237 3552; x_wconf 87' lang='grc' dir='ltr'>οὐκ</span> <span class='ocrx_word' id='word_1_816' title='bbox 3268 3498 3398 3553; x_wconf 83' lang='grc' dir='ltr'>ἀλλο</span> <span class='ocrx_word' id='word_1_817' title='bbox 3422 3499 3517 3553; x_wconf 82' lang='grc' dir='ltr'>οὐ-</span> 
     </span>
    </p>
   </div>
   <div class='ocr_carea' id='block_1_106' title="bbox 1912 3577 3515 3656">
    <p class='ocr_par' dir='ltr' id='par_1_106' title="bbox 1912 3577 3515 3656">
     <span class='ocr_line' id='line_1_107' title="bbox 1912 3577 3515 3656; baseline 0.001 -19"><span class='ocrx_word' id='word_1_818' title='bbox 1912 3582 2022 3647; x_wconf 77' lang='grc' dir='ltr'>δὲν,</span> <span class='ocrx_word' id='word_1_819' title='bbox 2054 3577 2150 3637; x_wconf 76' lang='grc' dir='ltr'>καί</span> <span class='ocrx_word' id='word_1_820' title='bbox 2190 3582 2269 3645; x_wconf 82' lang='grc' dir='ltr'>ὡς</span> <span class='ocrx_word' id='word_1_821' title='bbox 2312 3582 2467 3635; x_wconf 82' lang='grc' dir='ltr'>οὐδὲν</span> <span class='ocrx_word' id='word_1_822' title='bbox 2497 3581 2667 3636; x_wconf 77' lang='grc' dir='ltr'>κακὸν</span> <span class='ocrx_word' id='word_1_823' title='bbox 2696 3583 2755 3637; x_wconf 83' lang='grc' dir='ltr'>ὲν</span> <span class='ocrx_word' id='word_1_824' title='bbox 2794 3581 2873 3653; x_wconf 78' lang='grc' dir='ltr'>τῷ</span> <span class='ocrx_word' id='word_1_825' title='bbox 2920 3584 3149 3655; x_wconf 76' lang='grc' dir='ltr'>παρόντι</span> <span class='ocrx_word' id='word_1_826' title='bbox 3182 3582 3303 3655; x_wconf 86' lang='grc' dir='ltr'>βίῳ,</span> <span class='ocrx_word' id='word_1_827' title='bbox 3335 3584 3453 3638; x_wconf 81' lang='grc' dir='ltr'>ἀλλ’</span> <span class='ocrx_word' id='word_1_828' title='bbox 3482 3584 3515 3656; x_wconf 83' lang='grc' dir='ltr'>ἦ</span> 
     </span>
    </p>
   </div>
   <div class='ocr_carea' id='block_1_107' title="bbox 1915 3665 3514 3738">
    <p class='ocr_par' dir='ltr' id='par_1_107' title="bbox 1915 3665 3514 3738">
     <span class='ocr_line' id='line_1_108' title="bbox 1915 3665 3514 3738; baseline 0.001 -18"><span class='ocrx_word' id='word_1_829' title='bbox 1915 3666 2086 3720; x_wconf 90' lang='grc' dir='ltr'>κακία</span> <span class='ocrx_word' id='word_1_830' title='bbox 2124 3666 2287 3737; x_wconf 86' lang='grc' dir='ltr'>μόνον</span> <span class='ocrx_word' id='word_1_831' title='bbox 2332 3665 2429 3720; x_wconf 75' lang='grc' dir='ltr'>καὶ</span> <span class='ocrx_word' id='word_1_832' title='bbox 2461 3665 2699 3738; x_wconf 82' lang='grc' dir='ltr'>πονηρία</span> <span class='ocrx_word' id='word_1_833' title='bbox 2747 3667 2840 3720; x_wconf 76' lang='grc' dir='ltr'>καὶ</span> <span class='ocrx_word' id='word_1_834' title='bbox 2885 3665 3189 3737; x_wconf 74' lang='grc' dir='ltr'>διαστροφὴ</span> <span class='ocrx_word' id='word_1_835' title='bbox 3216 3667 3414 3738; x_wconf 77' lang='grc' dir='ltr'>ψυχῆς,</span> <span class='ocrx_word' id='word_1_836' title='bbox 3451 3670 3514 3721; x_wconf 80' lang='grc' dir='ltr'>οὐ</span> 
     </span>
    </p>
   </div>
   <div class='ocr_carea' id='block_1_108' title="bbox 1916 3748 3523 3821">
    <p class='ocr_par' dir='ltr' id='par_1_108' title="bbox 1916 3748 3523 3821">
     <span class='ocr_line' id='line_1_109' title="bbox 1916 3748 3523 3821; baseline 0.002 -19"><span class='ocrx_word' id='word_1_837' title='bbox 1916 3749 2077 3803; x_wconf 83' lang='grc' dir='ltr'>πενία</span> <span class='ocrx_word' id='word_1_838' title='bbox 2114 3748 2210 3804; x_wconf 76' lang='grc' dir='ltr'>καὶ</span> <span class='ocrx_word' id='word_1_839' title='bbox 2234 3750 2409 3812; x_wconf 88' lang='grc' dir='ltr'>νόσος,</span> <span class='ocrx_word' id='word_1_840' title='bbox 2438 3749 2535 3803; x_wconf 80' lang='grc' dir='ltr'>καί</span> <span class='ocrx_word' id='word_1_841' title='bbox 2578 3750 2835 3821; x_wconf 70' lang='grc' dir='ltr'>ἐπήρεια,</span> <span class='ocrx_word' id='word_1_842' title='bbox 2877 3748 2974 3802; x_wconf 68' lang='grc' dir='ltr'>καὶ</span> <span class='ocrx_word' id='word_1_843' title='bbox 3015 3750 3395 3819; x_wconf 80' lang='grc' dir='ltr'>συκοφαντίαι,</span> <span class='ocrx_word' id='word_1_844' title='bbox 3424 3750 3523 3805; x_wconf 73' lang='grc' dir='ltr'>καὶ</span> 
     </span>
    </p>
   </div>
   <div class='ocr_carea' id='block_1_109' title="bbox 1913 3826 3521 3903">
    <p class='ocr_par' dir='ltr' id='par_1_109' title="bbox 1913 3826 3521 3903">
     <span class='ocr_line' id='line_1_110' title="bbox 1913 3826 3521 3903; baseline 0.003 -17"><span class='ocrx_word' id='word_1_845' title='bbox 1913 3832 1986 3886; x_wconf 84' lang='grc' dir='ltr'>τὰ</span> <span class='ocrx_word' id='word_1_846' title='bbox 2017 3832 2173 3895; x_wconf 83' lang='grc' dir='ltr'>ἀλλα,</span> <span class='ocrx_word' id='word_1_847' title='bbox 2202 3832 2239 3886; x_wconf 84' lang='grc' dir='ltr'>ἀ</span> <span class='ocrx_word' id='word_1_848' title='bbox 2262 3832 2546 3903; x_wconf 75' lang='grc' dir='ltr'>νομίζεται</span> <span class='ocrx_word' id='word_1_849' title='bbox 2575 3826 2718 3885; x_wconf 84' lang='grc' dir='ltr'>εἶναι</span> <span class='ocrx_word' id='word_1_850' title='bbox 2748 3831 2921 3895; x_wconf 85' lang='grc' dir='ltr'>δεινά,</span> <span class='ocrx_word' id='word_1_851' title='bbox 2956 3832 3057 3886; x_wconf 87' lang='grc' dir='ltr'>οὐκ</span> <span class='ocrx_word' id='word_1_852' title='bbox 3086 3832 3153 3887; x_wconf 82' lang='grc' dir='ltr'>ἄν</span> <span class='ocrx_word' id='word_1_853' title='bbox 3186 3849 3319 3887; x_wconf 82' lang='grc' dir='ltr'>ποτε</span> <span class='ocrx_word' id='word_1_854' title='bbox 3346 3834 3521 3891; x_wconf 80' lang='grc' dir='ltr'>ταῦτα</span> 
     </span>
    </p>
   </div>
   <div class='ocr_carea' id='block_1_110' title="bbox 1916 3915 3521 3989">
    <p class='ocr_par' dir='ltr' id='par_1_110' title="bbox 1916 3915 3521 3989">
     <span class='ocr_line' id='line_1_111' title="bbox 1916 3915 3521 3989; baseline 0.002 -20"><span class='ocrx_word' id='word_1_855' title='bbox 1916 3915 2267 3986; x_wconf 64' lang='grc' dir='ltr'>ἐφθέγξαντο,</span> <span class='ocrx_word' id='word_1_856' title='bbox 2295 3916 2440 3988; x_wconf 80' lang='grc' dir='ltr'>ἀπερ</span> <span class='ocrx_word' id='word_1_857' title='bbox 2476 3915 2595 3982; x_wconf 92' lang='grc' dir='ltr'>νῦν,</span> <span class='ocrx_word' id='word_1_858' title='bbox 2626 3916 2728 3969; x_wconf 80' lang='grc' dir='ltr'>οὐκ</span> <span class='ocrx_word' id='word_1_859' title='bbox 2756 3916 2824 3971; x_wconf 82' lang='grc' dir='ltr'>ἄν</span> <span class='ocrx_word' id='word_1_860' title='bbox 2848 3932 2982 3969; x_wconf 87' lang='grc' dir='ltr'>ποτε</span> <span class='ocrx_word' id='word_1_861' title='bbox 3012 3918 3070 3969; x_wconf 79' lang='grc' dir='ltr'>ὲν</span> <span class='ocrx_word' id='word_1_862' title='bbox 3090 3915 3300 3989; x_wconf 80' lang='grc' dir='ltr'>ἀθυμίᾳ</span> <span class='ocrx_word' id='word_1_863' title='bbox 3327 3918 3521 3988; x_wconf 84' lang='grc' dir='ltr'>διήγα-</span> 
     </span>
    </p>
   </div>
   <div class='ocr_carea' id='block_1_111' title="bbox 1916 3997 3517 4072">
    <p class='ocr_par' dir='ltr' id='par_1_111' title="bbox 1916 3997 3517 4072">
     <span class='ocr_line' id='line_1_112' title="bbox 1916 3997 3517 4072; baseline -0.001 -18"><span class='ocrx_word' id='word_1_864' title='bbox 1916 4016 2035 4069; x_wconf 90' lang='grc' dir='ltr'>γον,</span> <span class='ocrx_word' id='word_1_865' title='bbox 2064 4000 2166 4053; x_wconf 88' lang='grc' dir='ltr'>ούκ</span> <span class='ocrx_word' id='word_1_866' title='bbox 2200 3999 2267 4055; x_wconf 87' lang='grc' dir='ltr'>ἀν</span> <span class='ocrx_word' id='word_1_867' title='bbox 2296 4016 2428 4055; x_wconf 82' lang='grc' dir='ltr'>ποτε</span> <span class='ocrx_word' id='word_1_868' title='bbox 2469 4000 2817 4070; x_wconf 75' lang='grc' dir='ltr'>ὲμακάρισαν</span> <span class='ocrx_word' id='word_1_869' title='bbox 2860 3997 2955 4063; x_wconf 86' lang='grc' dir='ltr'>οὒς</span> <span class='ocrx_word' id='word_1_870' title='bbox 2984 3997 3294 4064; x_wconf 89' lang='grc' dir='ltr'>ταλανίζειν</span> <span class='ocrx_word' id='word_1_871' title='bbox 3324 4000 3517 4072; x_wconf 80' lang='grc' dir='ltr'>ἐχρῆν,</span> 
     </span>
    </p>
   </div>
   <div class='ocr_carea' id='block_1_112' title="bbox 1917 4080 3521 4155">
    <p class='ocr_par' dir='ltr' id='par_1_112' title="bbox 1917 4080 3521 4155">
     <span class='ocr_line' id='line_1_113' title="bbox 1917 4080 3521 4155; baseline 0 -17"><span class='ocrx_word' id='word_1_872' title='bbox 1917 4086 2018 4139; x_wconf 90' lang='grc' dir='ltr'>οὐκ</span> <span class='ocrx_word' id='word_1_873' title='bbox 2042 4084 2107 4139; x_wconf 85' lang='grc' dir='ltr'>ἀν</span> <span class='ocrx_word' id='word_1_874' title='bbox 2138 4101 2271 4138; x_wconf 89' lang='grc' dir='ltr'>ποτε</span> <span class='ocrx_word' id='word_1_875' title='bbox 2304 4083 2627 4139; x_wconf 81' lang='grc' dir='ltr'>έταλάνισαν</span> <span class='ocrx_word' id='word_1_876' title='bbox 2656 4082 2757 4147; x_wconf 81' lang='grc' dir='ltr'>οὒς</span> <span class='ocrx_word' id='word_1_877' title='bbox 2791 4080 3122 4155; x_wconf 82' lang='grc' dir='ltr'>μακαρίζειν</span> <span class='ocrx_word' id='word_1_878' title='bbox 3156 4083 3286 4149; x_wconf 64' lang='grc' dir='ltr'>ἔδει,</span> <span class='ocrx_word' id='word_1_879' title='bbox 3320 4084 3423 4138; x_wconf 86' lang='grc' dir='ltr'>οὐκ</span> <span class='ocrx_word' id='word_1_880' title='bbox 3453 4086 3521 4138; x_wconf 88' lang='grc' dir='ltr'>ἂν</span> 
     </span>
    </p>
   </div>
   <div class='ocr_carea' id='block_1_113' title="bbox 1916 4165 3521 4241">
    <p class='ocr_par' dir='ltr' id='par_1_113' title="bbox 1916 4165 3521 4241">
     <span class='ocr_line' id='line_1_114' title="bbox 1916 4165 3521 4241; baseline 0.001 -19"><span class='ocrx_word' id='word_1_881' title='bbox 1916 4168 1995 4232; x_wconf 82' lang='grc' dir='ltr'>ὡς</span> <span class='ocrx_word' id='word_1_882' title='bbox 2022 4168 2151 4239; x_wconf 83' lang='grc' dir='ltr'>περί</span> <span class='ocrx_word' id='word_1_883' title='bbox 2182 4168 2353 4222; x_wconf 81' lang='grc' dir='ltr'>όντων</span> <span class='ocrx_word' id='word_1_884' title='bbox 2383 4166 2493 4220; x_wconf 89' lang='grc' dir='ltr'>τῶν</span> <span class='ocrx_word' id='word_1_885' title='bbox 2530 4165 2837 4237; x_wconf 85' lang='grc' dir='ltr'>ἀνθρώπων</span> <span class='ocrx_word' id='word_1_886' title='bbox 2861 4165 3146 4221; x_wconf 85' lang='grc' dir='ltr'>διέκειντο.</span> <span class='ocrx_word' id='word_1_887' title='bbox 3182 4167 3257 4219; x_wconf 82' lang='grc' dir='ltr'><strong>Τὸ</strong></span> <span class='ocrx_word' id='word_1_888' title='bbox 3289 4167 3398 4241; x_wconf 80' lang='grc' dir='ltr'>γὰρ</span> <span class='ocrx_word' id='word_1_889' title='bbox 3428 4170 3521 4223; x_wconf 72' lang='grc' dir='ltr'>ἐπὶ</span> 
     </span>
    </p>
   </div>
   <div class='ocr_carea' id='block_1_114' title="bbox 1919 4248 3521 4324">
    <p class='ocr_par' dir='ltr' id='par_1_114' title="bbox 1919 4248 3521 4324">
     <span class='ocr_line' id='line_1_115' title="bbox 1919 4248 3521 4324; baseline -0.001 -20"><span class='ocrx_word' id='word_1_890' title='bbox 1919 4251 2281 4324; x_wconf 80' lang='grc' dir='ltr'>πολυσαρκίᾳ,</span> <span class='ocrx_word' id='word_1_891' title='bbox 2309 4251 2403 4304; x_wconf 81' lang='grc' dir='ltr'>καί</span> <span class='ocrx_word' id='word_1_892' title='bbox 2427 4249 2643 4320; x_wconf 76' lang='grc' dir='ltr'>δαψιλεῖ</span> <span class='ocrx_word' id='word_1_893' title='bbox 2671 4250 2869 4321; x_wconf 83' lang='grc' dir='ltr'>φάτνῃ,</span> <span class='ocrx_word' id='word_1_894' title='bbox 2903 4248 2997 4303; x_wconf 77' lang='grc' dir='ltr'>καί</span> <span class='ocrx_word' id='word_1_895' title='bbox 3026 4248 3180 4320; x_wconf 75' lang='grc' dir='ltr'>ὕπνῳ</span> <span class='ocrx_word' id='word_1_896' title='bbox 3211 4250 3393 4322; x_wconf 88' lang='grc' dir='ltr'>πολλῷ</span> <span class='ocrx_word' id='word_1_897' title='bbox 3417 4269 3521 4322; x_wconf 86' lang='grc' dir='ltr'>μα-</span> 
     </span>
    </p>
   </div>
   <div class='ocr_carea' id='block_1_115' title="bbox 1918 4330 3520 4407">
    <p class='ocr_par' dir='ltr' id='par_1_115' title="bbox 1918 4330 3520 4407">
     <span class='ocr_line' id='line_1_116' title="bbox 1918 4330 3520 4407; baseline 0 -18"><span class='ocrx_word' id='word_1_898' title='bbox 1918 4333 2167 4406; x_wconf 86' lang='grc' dir='ltr'>καρίζειν</span> <span class='ocrx_word' id='word_1_899' title='bbox 2214 4332 2539 4406; x_wconf 80' lang='grc' dir='ltr'>ἀνθρώπους</span> <span class='ocrx_word' id='word_1_900' title='bbox 2568 4332 2722 4387; x_wconf 73' lang='grc' dir='ltr'>οὐδὲν</span> <span class='ocrx_word' id='word_1_901' title='bbox 2754 4330 2942 4403; x_wconf 67' lang='grc' dir='ltr'>ἕτερόν</span> <span class='ocrx_word' id='word_1_902' title='bbox 2984 4332 3155 4397; x_wconf 75' lang='grc' dir='ltr'>ἐστιν,</span> <span class='ocrx_word' id='word_1_903' title='bbox 3189 4332 3223 4403; x_wconf 76' lang='grc' dir='ltr'>ἦ</span> <span class='ocrx_word' id='word_1_904' title='bbox 3259 4332 3338 4398; x_wconf 83' lang='grc' dir='ltr'>ὡς</span> <span class='ocrx_word' id='word_1_905' title='bbox 3389 4338 3520 4407; x_wconf 82' lang='grc' dir='ltr'>περὶ</span> 
     </span>
    </p>
   </div>
   <div class='ocr_carea' id='block_1_116' title="bbox 1918 4415 3515 4490">
    <p class='ocr_par' dir='ltr' id='par_1_116' title="bbox 1918 4415 3515 4490">
     <span class='ocr_line' id='line_1_117' title="bbox 1918 4415 3515 4490; baseline -0.001 -17"><span class='ocrx_word' id='word_1_906' title='bbox 1918 4420 2131 4489; x_wconf 88' lang='grc' dir='ltr'>ἀλόγων</span> <span class='ocrx_word' id='word_1_907' title='bbox 2176 4418 2517 4473; x_wconf 78' lang='grc' dir='ltr'>διακεῖσθαι’</span> <span class='ocrx_word' id='word_1_908' title='bbox 2566 4417 2690 4471; x_wconf 71' lang='grc' dir='ltr'>ἐπεὶ</span> <span class='ocrx_word' id='word_1_909' title='bbox 2722 4418 2820 4470; x_wconf 75' lang='grc' dir='ltr'>καὶ</span> <span class='ocrx_word' id='word_1_910' title='bbox 2852 4415 3078 4471; x_wconf 67' lang='grc' dir='ltr'>ἐκείνων</span> <span class='ocrx_word' id='word_1_911' title='bbox 3106 4416 3264 4472; x_wconf 87' lang='grc' dir='ltr'>τοῦτό</span> <span class='ocrx_word' id='word_1_912' title='bbox 3294 4419 3445 4472; x_wconf 70' lang='grc' dir='ltr'>ἐστιν</span> <span class='ocrx_word' id='word_1_913' title='bbox 3482 4425 3515 4490; x_wconf 86' lang='grc' dir='ltr'>ή</span> 
     </span>
    </p>
   </div>
   <div class='ocr_carea' id='block_1_117' title="bbox 1919 4501 3519 4574">
    <p class='ocr_par' dir='ltr' id='par_1_117' title="bbox 1919 4501 3519 4574">
     <span class='ocr_line' id='line_1_118' title="bbox 1919 4501 3519 4574; baseline 0.001 -17"><span class='ocrx_word' id='word_1_914' title='bbox 1919 4504 2214 4573; x_wconf 89' lang='grc' dir='ltr'>εὐπραγία,</span> <span class='ocrx_word' id='word_1_915' title='bbox 2243 4502 2446 4574; x_wconf 79' lang='grc' dir='ltr'>μᾶλλον</span> <span class='ocrx_word' id='word_1_916' title='bbox 2472 4502 2531 4556; x_wconf 69' lang='grc' dir='ltr'>δὲ</span> <span class='ocrx_word' id='word_1_917' title='bbox 2557 4502 2655 4555; x_wconf 79' lang='grc' dir='ltr'>καὶ</span> <span class='ocrx_word' id='word_1_918' title='bbox 2686 4502 2745 4555; x_wconf 76' lang='grc' dir='ltr'>έν</span> <span class='ocrx_word' id='word_1_919' title='bbox 2772 4504 2886 4565; x_wconf 82' lang='grc' dir='ltr'>τοῖς</span> <span class='ocrx_word' id='word_1_920' title='bbox 2913 4501 3133 4570; x_wconf 88' lang='grc' dir='ltr'>ἀλόγοις</span> <span class='ocrx_word' id='word_1_921' title='bbox 3162 4504 3331 4557; x_wconf 89' lang='grc' dir='ltr'>κακία</span> <span class='ocrx_word' id='word_1_922' title='bbox 3359 4504 3519 4558; x_wconf 85' lang='grc' dir='ltr'>τοῦτό</span> 
     </span>
    </p>
   </div>
   <div class='ocr_carea' id='block_1_118' title="bbox 1918 4584 3517 4659">
    <p class='ocr_par' dir='ltr' id='par_1_118' title="bbox 1918 4584 3517 4659">
     <span class='ocr_line' id='line_1_119' title="bbox 1918 4584 3517 4659; baseline 0 -17"><span class='ocrx_word' id='word_1_923' title='bbox 1918 4590 2057 4644; x_wconf 66' lang='grc' dir='ltr'>ἑστι.</span> <span class='ocrx_word' id='word_1_924' title='bbox 2084 4588 2278 4642; x_wconf 72' lang='grc' dir='ltr'>Πολλοὶ</span> <span class='ocrx_word' id='word_1_925' title='bbox 2308 4586 2440 4658; x_wconf 90' lang='grc' dir='ltr'>γοῦν</span> <span class='ocrx_word' id='word_1_926' title='bbox 2476 4586 2571 4640; x_wconf 73' lang='grc' dir='ltr'>καὶ</span> <span class='ocrx_word' id='word_1_927' title='bbox 2593 4584 2704 4639; x_wconf 73' lang='grc' dir='ltr'>ὄνοι</span> <span class='ocrx_word' id='word_1_928' title='bbox 2728 4587 2822 4639; x_wconf 78' lang='grc' dir='ltr'>καί</span> <span class='ocrx_word' id='word_1_929' title='bbox 2848 4586 3007 4640; x_wconf 76' lang='grc' dir='ltr'>ἵπποι</span> <span class='ocrx_word' id='word_1_930' title='bbox 3031 4586 3421 4659; x_wconf 81' lang='grc' dir='ltr'>διεφθάρησαν,</span> <span class='ocrx_word' id='word_1_931' title='bbox 3459 4590 3517 4642; x_wconf 83' lang='grc' dir='ltr'>ὲν</span> 
     </span>
    </p>
   </div>
   <div class='ocr_carea' id='block_1_119' title="bbox 1918 4665 3513 4745">
    <p class='ocr_par' dir='ltr' id='par_1_119' title="bbox 1918 4665 3513 4745">
     <span class='ocr_line' id='line_1_120' title="bbox 1918 4665 3513 4745; baseline -0.001 -19"><span class='ocrx_word' id='word_1_932' title='bbox 1918 4673 2089 4745; x_wconf 81' lang='grc' dir='ltr'>ἀργίᾳ</span> <span class='ocrx_word' id='word_1_933' title='bbox 2116 4673 2211 4727; x_wconf 83' lang='grc' dir='ltr'>καὶ</span> <span class='ocrx_word' id='word_1_934' title='bbox 2240 4668 2521 4741; x_wconf 81' lang='grc' dir='ltr'>ἀδηφαγίᾳ</span> <span class='ocrx_word' id='word_1_935' title='bbox 2558 4668 2781 4733; x_wconf 88' lang='grc' dir='ltr'>ζῶντες.</span> <span class='ocrx_word' id='word_1_936' title='bbox 2813 4665 2967 4735; x_wconf 80' lang='grc' dir='ltr'>Εἶτα,</span> <span class='ocrx_word' id='word_1_937' title='bbox 3000 4670 3092 4722; x_wconf 74' lang='grc' dir='ltr'>ἐπὶ</span> <span class='ocrx_word' id='word_1_938' title='bbox 3121 4670 3222 4741; x_wconf 83' lang='grc' dir='ltr'>μὲν</span> <span class='ocrx_word' id='word_1_939' title='bbox 3249 4674 3357 4725; x_wconf 90' lang='grc' dir='ltr'>τῶν</span> <span class='ocrx_word' id='word_1_940' title='bbox 3386 4672 3513 4726; x_wconf 83' lang='grc' dir='ltr'>ἀλό-</span> 
     </span>
    </p>
   </div>
   <div class='ocr_carea' id='block_1_120' title="bbox 1917 4746 3511 4821">
    <p class='ocr_par' dir='ltr' id='par_1_120' title="bbox 1917 4746 3511 4821">
     <span class='ocr_line' id='line_1_121' title="bbox 1917 4746 3511 4821; baseline 0.013 -36"><span class='ocrx_word' id='word_1_941' title='bbox 1917 4769 2032 4820; x_wconf 77' lang='grc' dir='ltr'>γων</span> <span class='ocrx_word' id='word_1_942' title='bbox 2075 4752 2253 4817; x_wconf 75' lang='grc' dir='ltr'>ζώων,</span> <span class='ocrx_word' id='word_1_943' title='bbox 2288 4746 2371 4814; x_wconf 73' lang='grc' dir='ltr'>οἷς</span> <span class='ocrx_word' id='word_1_944' title='bbox 2416 4752 2451 4821; x_wconf 86' lang='grc' dir='ltr'>ή</span> <span class='ocrx_word' id='word_1_945' title='bbox 2488 4750 2640 4802; x_wconf 81' lang='grc' dir='ltr'>πᾶσα</span> <span class='ocrx_word' id='word_1_946' title='bbox 2690 4748 2861 4821; x_wconf 85' lang='grc' dir='ltr'>ἀρετὴ</span> <span class='ocrx_word' id='word_1_947' title='bbox 2911 4750 2969 4803; x_wconf 80' lang='grc' dir='ltr'>έν</span> <span class='ocrx_word' id='word_1_948' title='bbox 3007 4748 3191 4821; x_wconf 73' lang='grc' dir='ltr'>εὐεξίᾳ</span> <span class='ocrx_word' id='word_1_949' title='bbox 3238 4749 3511 4821; x_wconf 82' lang='grc' dir='ltr'>σώματος,</span> 
     </span>
    </p>
   </div>
   <div class='ocr_carea' id='block_1_121' title="bbox 1921 4830 3513 4907">
    <p class='ocr_par' dir='ltr' id='par_1_121' title="bbox 1921 4830 3513 4907">
     <span class='ocr_line' id='line_1_122' title="bbox 1921 4830 3513 4907; baseline 0.001 -19"><span class='ocrx_word' id='word_1_950' title='bbox 1921 4834 2184 4907; x_wconf 78' lang='grc' dir='ltr'>βλαϐερὸν</span> <span class='ocrx_word' id='word_1_951' title='bbox 2224 4833 2414 4887; x_wconf 75' lang='grc' dir='ltr'>τοῦτο’</span> <span class='ocrx_word' id='word_1_952' title='bbox 2465 4830 2560 4885; x_wconf 75' lang='grc' dir='ltr'>ἐπὶ</span> <span class='ocrx_word' id='word_1_953' title='bbox 2606 4831 2665 4885; x_wconf 86' lang='grc' dir='ltr'>δὲ</span> <span class='ocrx_word' id='word_1_954' title='bbox 2700 4831 2808 4885; x_wconf 92' lang='grc' dir='ltr'>τῶν</span> <span class='ocrx_word' id='word_1_955' title='bbox 2841 4831 3168 4903; x_wconf 79' lang='grc' dir='ltr'>ἀνθρώπων,</span> <span class='ocrx_word' id='word_1_956' title='bbox 3202 4830 3284 4898; x_wconf 78' lang='grc' dir='ltr'>οἷς</span> <span class='ocrx_word' id='word_1_957' title='bbox 3316 4837 3425 4889; x_wconf 83' lang='grc' dir='ltr'>πᾶν</span> <span class='ocrx_word' id='word_1_958' title='bbox 3453 4836 3513 4890; x_wconf 77' lang='grc' dir='ltr'>τὸ</span> 
     </span>
    </p>
   </div>
   <div class='ocr_carea' id='block_1_122' title="bbox 1924 4914 3511 4991">
    <p class='ocr_par' dir='ltr' id='par_1_122' title="bbox 1924 4914 3511 4991">
     <span class='ocr_line' id='line_1_123' title="bbox 1924 4914 3511 4991; baseline -0.007 -17"><span class='ocrx_word' id='word_1_959' title='bbox 1924 4920 2087 4991; x_wconf 74' lang='grc' dir='ltr'>κῦρος</span> <span class='ocrx_word' id='word_1_960' title='bbox 2116 4921 2176 4972; x_wconf 77' lang='grc' dir='ltr'>ἐν</span> <span class='ocrx_word' id='word_1_961' title='bbox 2207 4922 2274 4989; x_wconf 82' lang='grc' dir='ltr'>τῇ</span> <span class='ocrx_word' id='word_1_962' title='bbox 2300 4918 2403 4987; x_wconf 86' lang='grc' dir='ltr'>τῆς</span> <span class='ocrx_word' id='word_1_963' title='bbox 2428 4916 2607 4986; x_wconf 77' lang='grc' dir='ltr'>ψυχῆς</span> <span class='ocrx_word' id='word_1_964' title='bbox 2630 4914 2897 4987; x_wconf 85' lang='grc' dir='ltr'>εὐγενείᾳ,</span> <span class='ocrx_word' id='word_1_965' title='bbox 2924 4916 3128 4987; x_wconf 78' lang='grc' dir='ltr'>ἀρετὴν</span> <span class='ocrx_word' id='word_1_966' title='bbox 3157 4917 3315 4972; x_wconf 90' lang='grc' dir='ltr'>τοῦτο</span> <span class='ocrx_word' id='word_1_967' title='bbox 3344 4920 3511 4991; x_wconf 77' lang='grc' dir='ltr'>θησά..</span> 
     </span>
    </p>
   </div>
   <div class='ocr_carea' id='block_1_123' title="bbox 1923 4998 3512 5077">
    <p class='ocr_par' dir='ltr' id='par_1_123' title="bbox 1923 4998 3512 5077">
     <span class='ocr_line' id='line_1_124' title="bbox 1923 4998 3512 5077; baseline 0 -19"><span class='ocrx_word' id='word_1_968' title='bbox 1923 5006 2083 5077; x_wconf 86' lang='grc' dir='ltr'>μεθα,</span> <span class='ocrx_word' id='word_1_969' title='bbox 2113 5005 2209 5058; x_wconf 75' lang='grc' dir='ltr'>καὶ</span> <span class='ocrx_word' id='word_1_970' title='bbox 2236 5005 2337 5057; x_wconf 89' lang='grc' dir='ltr'>οὐκ</span> <span class='ocrx_word' id='word_1_971' title='bbox 2368 4998 2845 5071; x_wconf 84' lang='grc' dir='ltr'>αἰσχυνθησὸμεθα</span> <span class='ocrx_word' id='word_1_972' title='bbox 2874 4998 2965 5053; x_wconf 78' lang='grc' dir='ltr'>τὸν</span> <span class='ocrx_word' id='word_1_973' title='bbox 2991 5001 3242 5073; x_wconf 82' lang='grc' dir='ltr'>οὐρανὸν,</span> <span class='ocrx_word' id='word_1_974' title='bbox 3266 5004 3360 5057; x_wconf 73' lang='grc' dir='ltr'>καὶ</span> <span class='ocrx_word' id='word_1_975' title='bbox 3384 5007 3512 5070; x_wconf 76' lang='grc' dir='ltr'>τούς</span> 
     </span>
    </p>
   </div>
   <div class='ocr_carea' id='block_1_124' title="bbox 1917 5083 3510 5161">
    <p class='ocr_par' dir='ltr' id='par_1_124' title="bbox 1917 5083 3510 5161">
     <span class='ocr_line' id='line_1_125' title="bbox 1917 5083 3510 5161; baseline -0.017 1"><span class='ocrx_word' id='word_1_976' title='bbox 1917 5090 2017 5161; x_wconf 69' lang='grc' dir='ltr'>τῆς</span> <span class='ocrx_word' id='word_1_977' title='bbox 2050 5088 2230 5160; x_wconf 74' lang='grc' dir='ltr'>ψυχῆς</span> <span class='ocrx_word' id='word_1_978' title='bbox 2267 5087 2425 5159; x_wconf 79' lang='grc' dir='ltr'>ἡμῶν</span> <span class='ocrx_word' id='word_1_979' title='bbox 2460 5087 2743 5153; x_wconf 75' lang='grc' dir='ltr'>συγγενεῖς</span> <span class='ocrx_word' id='word_1_980' title='bbox 2778 5083 3074 5152; x_wconf 57' lang='grc' dir='ltr'>ἀγγέλους</span> <span class='ocrx_word' id='word_1_981' title='bbox 3116 5086 3215 5138; x_wconf 79' lang='grc' dir='ltr'>οὐκ</span> <span class='ocrx_word' id='word_1_982' title='bbox 3254 5086 3510 5160; x_wconf 80' lang='grc' dir='ltr'>ἐρυθριᾷς</span> 
     </span>
    </p>
   </div>
   <div class='ocr_carea' id='block_1_125' title="bbox 1918 5165 3503 5244">
    <p class='ocr_par' dir='ltr' id='par_1_125' title="bbox 1918 5165 3503 5244">
     <span class='ocr_line' id='line_1_126' title="bbox 1918 5165 3503 5244; baseline 0 -17"><span class='ocrx_word' id='word_1_983' title='bbox 1918 5176 2013 5227; x_wconf 76' lang='grc' dir='ltr'>καὶ</span> <span class='ocrx_word' id='word_1_984' title='bbox 2038 5174 2208 5244; x_wconf 81' lang='grc' dir='ltr'>αὐτὴν</span> <span class='ocrx_word' id='word_1_985' title='bbox 2230 5172 2325 5224; x_wconf 88' lang='grc' dir='ltr'>τοῦ</span> <span class='ocrx_word' id='word_1_986' title='bbox 2356 5167 2610 5240; x_wconf 84' lang='grc' dir='ltr'>σώματος</span> <span class='ocrx_word' id='word_1_987' title='bbox 2632 5167 2732 5240; x_wconf 81' lang='grc' dir='ltr'>τὴν</span> <span class='ocrx_word' id='word_1_988' title='bbox 2757 5165 2919 5237; x_wconf 87' lang='grc' dir='ltr'>φύσιν</span> <span class='ocrx_word' id='word_1_989' title='bbox 2941 5168 3037 5219; x_wconf 76' lang='grc' dir='ltr'>καὶ</span> <span class='ocrx_word' id='word_1_990' title='bbox 3066 5167 3163 5239; x_wconf 81' lang='grc' dir='ltr'>τὴν</span> <span class='ocrx_word' id='word_1_991' title='bbox 3188 5168 3503 5240; x_wconf 77' lang='grc' dir='ltr'>διάπλασινς</span> 
     </span>
    </p>
   </div>
   <div class='ocr_carea' id='block_1_126' title="bbox 1917 5250 3506 5329">
    <p class='ocr_par' dir='ltr' id='par_1_126' title="bbox 1917 5250 3506 5329">
     <span class='ocr_line' id='line_1_127' title="bbox 1917 5250 3506 5329; baseline -0.001 -16"><span class='ocrx_word' id='word_1_992' title='bbox 1917 5259 1978 5313; x_wconf 89' lang='grc' dir='ltr'>οὐ</span> <span class='ocrx_word' id='word_1_993' title='bbox 2014 5258 2124 5329; x_wconf 78' lang='grc' dir='ltr'>γὰρ</span> <span class='ocrx_word' id='word_1_994' title='bbox 2153 5256 2343 5326; x_wconf 88' lang='grc' dir='ltr'>ῶσπερ</span> <span class='ocrx_word' id='word_1_995' title='bbox 2369 5257 2483 5317; x_wconf 89' lang='grc' dir='ltr'>τοῖς</span> <span class='ocrx_word' id='word_1_996' title='bbox 2514 5251 2751 5321; x_wconf 88' lang='grc' dir='ltr'>ἀλόγοις,</span> <span class='ocrx_word' id='word_1_997' title='bbox 2790 5250 2935 5304; x_wconf 73' lang='grc' dir='ltr'>οὕτω</span> <span class='ocrx_word' id='word_1_998' title='bbox 2969 5252 3064 5304; x_wconf 73' lang='grc' dir='ltr'>καί⁵</span> <span class='ocrx_word' id='word_1_999' title='bbox 3100 5255 3233 5323; x_wconf 87' lang='grc' dir='ltr'>ήμῖν</span> <span class='ocrx_word' id='word_1_1000' title='bbox 3266 5255 3399 5309; x_wconf 78' lang='grc' dir='ltr'>αὐτὸ</span> <span class='ocrx_word' id='word_1_1001' title='bbox 3428 5258 3506 5311; x_wconf 71' lang='grc' dir='ltr'>διο</span> 
     </span>
    </p>
   </div>
   <div class='ocr_carea' id='block_1_127' title="bbox 1917 5330 3507 5413">
    <p class='ocr_par' dir='ltr' id='par_1_127' title="bbox 1917 5330 3507 5413">
     <span class='ocr_line' id='line_1_128' title="bbox 1917 5330 3507 5413; baseline -0.002 -17"><span class='ocrx_word' id='word_1_1002' title='bbox 1917 5342 2197 5396; x_wconf 82' lang='grc' dir='ltr'>ετύπωσεν</span> <span class='ocrx_word' id='word_1_1003' title='bbox 2250 5342 2279 5392; x_wconf 87' lang='grc' dir='ltr'><strong>ὁ</strong></span> <span class='ocrx_word' id='word_1_1004' title='bbox 2324 5339 2479 5402; x_wconf 79' lang='grc' dir='ltr'>Θεὸς,</span> <span class='ocrx_word' id='word_1_1005' title='bbox 2507 5336 2724 5399; x_wconf 81' lang='grc' dir='ltr'>ἀλλ’ὡς</span> <span class='ocrx_word' id='word_1_1006' title='bbox 2770 5335 2981 5405; x_wconf 80' lang='grc' dir='ltr'>πρέπον</span> <span class='ocrx_word' id='word_1_1007' title='bbox 3025 5330 3095 5407; x_wconf 80' lang='grc' dir='ltr'>ἦν</span> <span class='ocrx_word' id='word_1_1008' title='bbox 3139 5337 3331 5406; x_wconf 85' lang='grc' dir='ltr'>μέλλον</span> <span class='ocrx_word' id='word_1_1009' title='bbox 3359 5338 3507 5413; x_wconf 73' lang='grc' dir='ltr'>ψυχῇ</span> 
     </span>
    </p>
   </div>
   <div class='ocr_carea' id='block_1_128' title="bbox 1916 5419 3509 5498">
    <p class='ocr_par' dir='ltr' id='par_1_128' title="bbox 1916 5419 3509 5498">
     <span class='ocr_line' id='line_1_129' title="bbox 1916 5419 3509 5498; baseline -0.001 -17"><span class='ocrx_word' id='word_1_1010' title='bbox 1916 5427 2107 5498; x_wconf 83' lang='grc' dir='ltr'>λογικῇ</span> <span class='ocrx_word' id='word_1_1011' title='bbox 2136 5426 2232 5480; x_wconf 80' lang='grc' dir='ltr'>καὶ</span> <span class='ocrx_word' id='word_1_1012' title='bbox 2262 5423 2516 5493; x_wconf 85' lang='grc' dir='ltr'>ἀθανάτῳ</span> <span class='ocrx_word' id='word_1_1013' title='bbox 2544 5420 2833 5476; x_wconf 86' lang='grc' dir='ltr'>διακονεῖν.</span> <span class='ocrx_word' id='word_1_1014' title='bbox 2878 5419 2976 5474; x_wconf 85' lang='grc' dir='ltr'>Διά</span> <span class='ocrx_word' id='word_1_1015' title='bbox 3021 5420 3073 5474; x_wconf 90' lang='grc' dir='ltr'>τί</span> <span class='ocrx_word' id='word_1_1016' title='bbox 3111 5421 3219 5492; x_wconf 79' lang='grc' dir='ltr'>γὰρ</span> <span class='ocrx_word' id='word_1_1017' title='bbox 3261 5426 3373 5489; x_wconf 91' lang='grc' dir='ltr'>τοῖς</span> <span class='ocrx_word' id='word_1_1018' title='bbox 3410 5429 3509 5497; x_wconf 79' lang='grc' dir='ltr'>μὲν</span> 
     </span>
    </p>
   </div>
   <div class='ocr_carea' id='block_1_129' title="bbox 1915 5503 3509 5578">
    <p class='ocr_par' dir='ltr' id='par_1_129' title="bbox 1915 5503 3509 5578">
     <span class='ocr_line' id='line_1_130' title="bbox 1915 5503 3509 5578; baseline -0.008 -13"><span class='ocrx_word' id='word_1_1019' title='bbox 1915 5511 2132 5578; x_wconf 85' lang='grc' dir='ltr'>ἀλόγοις</span> <span class='ocrx_word' id='word_1_1020' title='bbox 2159 5510 2293 5562; x_wconf 82' lang='grc' dir='ltr'>πᾶσι</span> <span class='ocrx_word' id='word_1_1021' title='bbox 2324 5506 2477 5560; x_wconf 86' lang='grc' dir='ltr'>κάτω</span> <span class='ocrx_word' id='word_1_1022' title='bbox 2511 5504 2762 5566; x_wconf 83' lang='grc' dir='ltr'>νεύοντας</span> <span class='ocrx_word' id='word_1_1023' title='bbox 2789 5503 3012 5575; x_wconf 66' lang='grc' dir='ltr'>ἑποίησε</span> <span class='ocrx_word' id='word_1_1024' title='bbox 3040 5504 3167 5567; x_wconf 72' lang='grc' dir='ltr'>τοὺς</span> <span class='ocrx_word' id='word_1_1025' title='bbox 3193 5506 3509 5578; x_wconf 68' lang='grc' dir='ltr'>ὀφθαλμοὺς</span> 
     </span>
    </p>
   </div>
   <div class='ocr_carea' id='block_1_130' title="bbox 1914 5588 3509 5663">
    <p class='ocr_par' dir='ltr' id='par_1_130' title="bbox 1914 5588 3509 5663">
     <span class='ocr_line' id='line_1_131' title="bbox 1914 5588 3509 5663; baseline -0.009 -13"><span class='ocrx_word' id='word_1_1026' title='bbox 1914 5598 1943 5650; x_wconf 87' lang='grc' dir='ltr'>ό</span> <span class='ocrx_word' id='word_1_1027' title='bbox 1979 5596 2133 5659; x_wconf 67' lang='grc' dir='ltr'>Θεὸς,</span> <span class='ocrx_word' id='word_1_1028' title='bbox 2166 5594 2252 5647; x_wconf 83' lang='grc' dir='ltr'>σοί</span> <span class='ocrx_word' id='word_1_1029' title='bbox 2281 5593 2339 5646; x_wconf 83' lang='grc' dir='ltr'>δὲ</span> <span class='ocrx_word' id='word_1_1030' title='bbox 2365 5590 2620 5661; x_wconf 87' lang='grc' dir='ltr'>καθάπερ</span> <span class='ocrx_word' id='word_1_1031' title='bbox 2647 5591 2706 5643; x_wconf 86' lang='grc' dir='ltr'>ὲν</span> <span class='ocrx_word' id='word_1_1032' title='bbox 2730 5588 3023 5661; x_wconf 89' lang='grc' dir='ltr'>ἀκροπόλει</span> <span class='ocrx_word' id='word_1_1033' title='bbox 3068 5591 3133 5661; x_wconf 74' lang='grc' dir='ltr'>τῇ</span> <span class='ocrx_word' id='word_1_1034' title='bbox 3164 5591 3376 5663; x_wconf 81' lang='grc' dir='ltr'>κεφαλῇ</span> <span class='ocrx_word' id='word_1_1035' title='bbox 3414 5596 3509 5663; x_wconf 81' lang='grc' dir='ltr'>φέ-</span> 
     </span>
    </p>
   </div>
   <div class='ocr_carea' id='block_1_131' title="bbox 1918 5673 3507 5754">
    <p class='ocr_par' dir='ltr' id='par_1_131' title="bbox 1918 5673 3507 5754">
     <span class='ocr_line' id='line_1_132' title="bbox 1918 5673 3507 5754; baseline -0.001 -21"><span class='ocrx_word' id='word_1_1036' title='bbox 1918 5699 2027 5754; x_wconf 87' lang='grc' dir='ltr'>ρων</span> <span class='ocrx_word' id='word_1_1037' title='bbox 2059 5680 2257 5741; x_wconf 81' lang='grc' dir='ltr'>αὐτοὺς</span> <span class='ocrx_word' id='word_1_1038' title='bbox 2293 5676 2691 5746; x_wconf 74' lang='grc' dir='ltr'>ὲγκατέθηκενς</span> <span class='ocrx_word' id='word_1_1039' title='bbox 2741 5675 2841 5727; x_wconf 86' lang='grc' dir='ltr'>οὐκ</span> <span class='ocrx_word' id='word_1_1040' title='bbox 2891 5673 3079 5745; x_wconf 71' lang='grc' dir='ltr'>ἱπειδὴ</span> <span class='ocrx_word' id='word_1_1041' title='bbox 3127 5676 3357 5740; x_wconf 75' lang='grc' dir='ltr'>ἐκείνοις</span> <span class='ocrx_word' id='word_1_1042' title='bbox 3407 5680 3507 5746; x_wconf 68' lang='grc' dir='ltr'>μὲν</span> 
     </span>
    </p>
   </div>
   <div class='ocr_carea' id='block_1_132' title="bbox 1915 5756 3509 5832">
    <p class='ocr_par' dir='ltr' id='par_1_132' title="bbox 1915 5756 3509 5832">
     <span class='ocr_line' id='line_1_133' title="bbox 1915 5756 3509 5832; baseline -0.001 -16"><span class='ocrx_word' id='word_1_1043' title='bbox 1915 5764 2065 5816; x_wconf 77' lang='grc' dir='ltr'>οὐδὲν</span> <span class='ocrx_word' id='word_1_1044' title='bbox 2091 5762 2228 5832; x_wconf 80' lang='grc' dir='ltr'>πρὸς</span> <span class='ocrx_word' id='word_1_1045' title='bbox 2256 5760 2347 5814; x_wconf 71' lang='grc' dir='ltr'>τὸν</span> <span class='ocrx_word' id='word_1_1046' title='bbox 2376 5759 2604 5831; x_wconf 81' lang='grc' dir='ltr'>οὐρανὸν</span> <span class='ocrx_word' id='word_1_1047' title='bbox 2630 5757 2828 5816; x_wconf 80' lang='grc' dir='ltr'>κοινὸν.</span> <span class='ocrx_word' id='word_1_1048' title='bbox 2862 5757 2943 5811; x_wconf 78' lang='grc' dir='ltr'>σοὶ</span> <span class='ocrx_word' id='word_1_1049' title='bbox 2964 5756 3020 5811; x_wconf 69' lang='grc' dir='ltr'>δὲ</span> <span class='ocrx_word' id='word_1_1050' title='bbox 3046 5756 3279 5828; x_wconf 85' lang='grc' dir='ltr'>μάλιστα</span> <span class='ocrx_word' id='word_1_1051' title='bbox 3300 5758 3366 5813; x_wconf 79' lang='grc' dir='ltr'>τὰ</span> <span class='ocrx_word' id='word_1_1052' title='bbox 3398 5762 3509 5815; x_wconf 66' lang='grc' dir='ltr'>ἄνω</span> 
     </span>
    </p>
   </div>
   <div class='ocr_carea' id='block_1_133' title="bbox 1984 5916 2515 5980">
    <p class='ocr_par' dir='ltr' id='par_1_133' title="bbox 1984 5916 2515 5980">
     <span class='ocr_line' id='line_1_134' title="bbox 1984 5916 2515 5980; baseline -0.017 -10"><span class='ocrx_word' id='word_1_1053' title='bbox 1984 5921 2004 5949; x_wconf 71' lang='grc' dir='ltr'><em>τ</em></span> <span class='ocrx_word' id='word_1_1054' title='bbox 2032 5916 2167 5969; x_wconf 84' lang='lat' dir='ltr'><strong>Colb.</strong></span> <span class='ocrx_word' id='word_1_1055' title='bbox 2197 5916 2515 5980; x_wconf 67' lang='grc' dir='ltr'>ἐξορύττῃ-ται.</span> 
     </span>
    </p>
   </div>
   <div class='ocr_carea' id='block_1_134' title="bbox 3097 5998 3175 6032">
    <p class='ocr_par' dir='ltr' id='par_1_134' title="bbox 3097 5998 3175 6032">
     <span class='ocr_line' id='line_1_135' title="bbox 3097 5998 3175 6032; baseline -0.038 0"><span class='ocrx_word' id='word_1_1056' title='bbox 3097 5998 3175 6032; x_wconf 61' lang='grc' dir='ltr'>απ</span> 
     </span>
    </p>
   </div>
  </div>
