4160 6316
210 417 311 475 753

211 528 422 596 indidit,
457 526 551 584 tibi
581 541 709 584 vero
741 526 792 582 in
820 527 995 598 capite
1024 542 1122 584 ceu
1165 528 1218 584 in
1264 542 1386 585 arce
1430 529 1550 583 illos
1578 527 1808 585 colloca-

213 621 324 676 vit?
366 635 555 697 nonne.
585 620 708 693 quia
739 620 842 676 illis
873 621 1002 676 nihil
1042 619 1327 677 cummaeio
1367 634 1652 676 commune
1671 660 1688 688 ,
1717 619 1812 675 tibi

211 727 339 767 vero
359 722 417 767 ut
436 711 667 783 superna
693 712 1160 782 contemplarcris.
1187 712 1268 767 lex
1297 727 1326 766 a
1357 711 1467 767 Deo
1485 721 1538 767 ct
1563 727 1593 766 a
1623 720 1812 767 natura

212 804 324 872 ipsa
353 802 421 857 ab
449 802 600 858 initio
643 803 812 872 posita
840 802 962 857 est?
998 802 1105 858 Cur
1149 816 1347 874 corpus
1387 811 1533 857 tuum
1573 810 1812 858 erectum

220 891 369 956 fecit;
396 892 499 948 illis
529 907 660 947 vero
691 893 956 962 pronum?
983 909 1162 948 annon
1202 894 1391 951 eadem
1416 893 1485 950 de
1525 909 1687 950 causa
1710 937 1726 961 ,
1751 904 1813 950 ut

214 997 278 1037 cx
309 983 420 1053 ipsa
447 982 767 1039 formatione
794 984 1034 1041 erudiret
1063 993 1135 1049 te,
1167 994 1224 1038 ut
1252 984 1380 1039 nihil
1410 999 1696 1041 commune
1726 984 1815 1039 ha-

218 1075 376 1130 beres
401 1089 524 1130 cum
546 1083 687 1131 terra
712 1117 729 1140 ,
760 1090 934 1145 neque
976 1076 1328 1146 prmsentibus
1373 1077 1532 1132 rebus
1570 1075 1812 1134 adhazre-

215 1168 336 1222 res?
360 1165 437 1223 Ne
467 1167 645 1240 itaque
670 1169 1002 1224 nobilitatem
1028 1168 1315 1239 prodamus
1341 1179 1607 1235 nostram,
1635 1186 1813 1242 neque

215 1257 283 1311 ad
313 1256 590 1313 brutorum
634 1258 1018 1329 ignobilitatem
1058 1260 1391 1327 delabamur,
1435 1278 1503 1317 ne
1548 1262 1616 1321 de
1658 1263 1812 1319 nobis

216 1347 358 1402 dicat
384 1348 552 1404 illud:
581 1348 747 1404 Homo
775 1367 890 1405 cum
916 1354 969 1405 in
1000 1351 1191 1406 honore
1219 1361 1381 1418 esset,
1415 1369 1518 1406 non
1560 1354 1810 1409 intellexit

220 1436 384 1511 (Prol.
412 1441 502 1496 ιε.
533 1441 649 1511 2i).
682 1441 816 1496 Nam
843 1443 1049 1497 deliciis
1070 1485 1085 1509 ,
1117 1442 1348 1507 divitiis,
1380 1443 1814 1514 gloria,pr:csen-

225 1531 474 1603 tibusque
512 1533 676 1588 rebus
706 1531 1015 1590 felicitatem
1044 1536 1168 1589 vita:
1193 1534 1635 1592 circumscribere
1653 1576 1671 1604 ,
1703 1552 1809 1593 non

1353 416 1439 472 DE
1470 413 1652 471 ΡΑτο
1693 413 1780 470 ΕΤ
1818 412 2302 476 PROVIDENTH.
2343 418 2412 476 ll.

3413 428 3514 483 755

1918 540 2004 588 est
2035 530 2310 588 hominum
2353 534 2621 606 propriam
2654 536 2980 594 nobilitatem
3024 539 3514 605 considerantium,

1917 622 2012 678 sed
2044 622 2318 679 hominum
2350 627 2504 696 equis
2540 634 2596 683 et
2623 627 2790 683 asinis
2827 627 3104 683 similium.
3135 628 3330 686 Verum
3373 632 3516 686 absit

1919 721 1978 767 ut
2007 713 2141 770 tales
2169 713 2256 770 hic
2283 715 2461 771 adsint
2492 715 2546 772 in
2573 725 2762 774 sancto
2788 716 2955 773 choro
2996 732 3061 774 ac
3106 719 3316 775 theatro
3354 721 3514 790 spiri-

1921 804 2070 870 tuali,
2101 814 2479 877 conventuque
2518 807 2789 879 religioso.
2814 808 2940 864 Ideo
2984 808 3127 866 enim
3155 793 3393 879 quotidie
3427 811 3515 864 di—

1919 895 2026 951 vini
2060 897 2211 952 verbi
2241 897 2620 967 pmdicatione
2649 897 2896 966 fruimur,
2925 909 2980 953 nt
3010 899 3178 956 verbo
3203 902 3353 970 quasi
3378 901 3513 958 falce

1918 989 2158 1058 pra-cisis
2183 991 2612 1063 sylvescentibus
2637 990 2803 1047 animi
2841 991 3045 1048 morbis
3063 1034 3080 1061 ,
3108 991 3394 1049 fructifera:
3421 1009 3512 1050 ar-

1920 1080 2091 1136 bores
2119 1081 2325 1147 simus,
2367 1081 2708 1155 fructumque
2753 1084 3130 1155 tempestivum
3176 1083 3412 1141 feramus
3463 1086 3514 1144 in

1920 1172 2126 1243 regium
2170 1160 2426 1230 horreum
2472 1173 2849 1246 deponendum
2877 1216 2895 1244 ,
2935 1175 3027 1247 qui
3054 1175 3279 1247 gloriam
3319 1176 3517 1233 referat

1916 1263 2187 1319 communi
2222 1263 2447 1320 Domino
2472 1274 2527 1321 et
2551 1266 2744 1322 cultori
2776 1266 3076 1322 animarum
3102 1277 3430 1332 nostrarum,
3459 1278 3516 1324 ct

1919 1355 2075 1412 nobis
2097 1357 2260 1413 vitam
2290 1367 2569 1427 aeternam,
2602 1373 2762 1429 quam
2787 1373 2888 1414 nos
2914 1373 3104 1415 omnes
3131 1361 3344 1432 assequi
3378 1375 3515 1415 con-

1917 1449 2113 1520 tingat,
2145 1449 2316 1521 gratia
2341 1457 2397 1505 et
2419 1449 2744 1521 benignitate
2781 1449 2996 1506 Domini
3019 1451 3186 1506 nostri
3210 1450 3338 1506 Jesu
3365 1447 3522 1506 Chri-

1917 1541 2006 1604 sti,
2025 1541 2110 1596 cui
2126 1556 2248 1596 cum
2274 1541 2433 1599 Patre
2458 1540 2724 1612 simulque
2747 1549 2936 1598 sancto
2962 1540 3186 1613 Spiritu,
3203 1540 3393 1612 gloria,
3410 1549 3516 1596 etc.

1045 1777 1203 1859 DE
1251 1776 1552 1861 FATO
1600 1776 1751 1859 ET
1784 1772 2630 1862 'PROVIDENTIA.

1511 1949 2238 1992 mm

883 2115 1080 2159 οιιιτιο
1113 2117 1171 2155 Il.

297 2281 543 2353 Magnum
595 2281 784 2335 crimen
815 2278 1158 2349 blasphemia;
1186 2279 1325 2335 varia
1354 2278 1680 2350 blasphemia:
1734 2296 1820 2353 9e-

223 2389 366 2427 κατι.
396 2401 467 2412 -
490 2372 588 2438 Qui
615 2372 865 2426 maledicit
895 2372 1030 2441 patri
1052 2380 1141 2424 aut
1177 2370 1349 2436 matri,
1394 2380 1554 2424 morte
1577 2371 1822 2425 moriatur

229 2463 422 2535 (Exod.
450 2464 540 2520 2i.
573 2465 661 2535 i7)
691 2481 702 2516 :
733 2463 847 2519 haec
875 2465 958 2518 lex
1003 2464 1056 2517 in
1087 2464 1254 2518 veteri
1279 2461 1623 2518 Testamento
1649 2463 1820 2534 posita

224 2565 364 2621 erat,
416 2554 630 2625 quando
675 2571 781 2609 non
827 2570 1020 2625 magna
1054 2564 1171 2610 erat
1204 2553 1391 2624 optimi
1432 2552 1556 2609 vitm
1595 2555 1821 2610 instituti

222 2649 514 2712 accuratio,
543 2647 754 2717 quando
782 2646 996 2701 inducta
1025 2653 1108 2701 est
1145 2645 1413 2714 divinitas,
1444 2646 1659 2717 quando
1685 2661 1820 2718 puc-

225 2737 345 2791 rilia
395 2747 678 2808 prmcepta,
726 2736 940 2805 quando
981 2738 1082 2804 lac,
1117 2736 1454 2808 pzcdagogus,
1488 2735 1726 2802 lucerna,
1757 2737 1820 2790 ti-

222 2843 376 2899 gura,
407 2828 615 2884 umbra.
645 2829 787 2897 Quid
826 2829 934 2898 jam
964 2827 1258 2884 dixerimus
1288 2828 1356 2884 de
1400 2829 1466 2883 iis
1491 2829 1580 2899 qui
1602 2843 1744 2883 nunc
1769 2829 1821 2884 in

224 2930 468 2990 tempore
493 2922 680 2992 gratiae
710 2929 761 2975 et
791 2921 842 2975 in
876 2937 1054 2978 rerum
1082 2921 1305 2977 veritate
1335 2922 1579 2977 viventes
1604 2922 1821 2992 quando

228 3022 373 3068 tanta
397 3014 698 3084 cognitione
717 3011 984 3078 fruuntur,
1015 3015 1115 3083 ipsi
1139 3030 1249 3068 non
1276 3014 1408 3084 patri
1436 3022 1490 3070 et
1516 3013 1696 3081 matri,
1726 3012 1820 3069 sed

231 3105 344 3161 Deo
369 3106 736 3161 universorum
764 3106 1132 3161 maledicunt?
1157 3104 1424 3176 quodnam
1451 3105 1568 3161 illos
1594 3104 1823 3176 excipiet

224 3198 583 3269 supplicium?
625 3198 745 3269 quis
791 3198 1058 3252 cruciatus
1087 3197 1336 3267 nequitia:
1364 3205 1523 3252 tantm
1549 3211 1645 3266 par
1681 3197 1822 3251 erit?

223 3291 348 3361 quis
376 3290 566 3345 ﬂuvius
593 3289 816 3361 igneus?
843 3290 961 3359 quis
985 3289 1184 3344 vermis
1215 3289 1552 3354 immortalis,
1583 3304 1701 3358 qua:
1736 3298 1820 3344 te-

226 3382 409 3438 nebrae
435 3383 749 3448 exteriores,
777 3396 897 3452 qum
923 3381 1154 3446 vincula,
1182 3380 1300 3452 quis
1328 3379 1546 3446 stridor,
1574 3381 1692 3451 quis
1722 3378 1820 3435 tle-

228 3474 353 3528 tus?
378 3472 569 3530 Omnia
614 3483 899 3540 tormenta,
927 3489 1045 3545 qua:
1071 3472 1179 3544 jam
1220 3481 1366 3536 sunt,
1404 3480 1462 3527 et
1501 3487 1620 3542 quae
1647 3472 1822 3528 futura

225 3574 374 3631 sunt,
408 3581 515 3620 non
558 3564 826 3621 sufﬁcient
863 3566 1055 3620 animae
1084 3564 1160 3619 sic
1189 3564 1392 3620 affecta:
1431 3572 1486 3620 et
1526 3564 1578 3620 in
1621 3571 1820 3618 tantam

226 3657 517 3728 nequitiam
548 3656 732 3726 lapsae.
765 3656 1118 3727 Blaspbemim
1144 3667 1321 3711 autem
1370 3657 1513 3712 modi
1556 3657 1708 3712 multi
1734 3673 1825 3710 va-

228 3749 401 3820 riique
427 3757 586 3815 sunt;
612 3764 748 3820 quos
776 3763 998 3804 necesse
1025 3757 1107 3803 est
1136 3747 1294 3804 hodie
1315 3763 1507 3805 omnes
1529 3764 1821 3820 exponere,

225 3849 286 3896 ut
312 3841 365 3896 in
405 3842 607 3896 nullum
653 3857 839 3898 eorum
868 3851 1058 3911 sponte
1089 3843 1349 3907 labamur,
1388 3857 1562 3913 neque
1590 3843 1821 3898 amicum

228 3933 315 3988 vel
343 3933 612 3988 inimicum
639 3934 944 4005 quempiam
974 3935 1222 3990 similiter
1247 3935 1454 4004 lapsum
1473 3935 1822 4006 negligamus.

228 4023 442 4079 Nullum
467 4025 632 4089 enim,
665 4024 870 4079 nullum
901 4023 1082 4096 utique
1117 4031 1202 4079 est
1230 4034 1504 4095 peccatum
1542 4023 1644 4080 hoc
1669 4025 1822 4080 dete-

230 4117 365 4183 rius,
396 4117 599 4173 nullum
620 4117 854 4189 :cquale;
888 4118 982 4174 sed
1001 4117 1417 4173 additamentum
1443 4117 1704 4173 malorum
1720 4126 1822 4184 est,

226 4209 373 4280 quod
414 4212 591 4265 omnia
637 4211 938 4278 confundit,
995 4211 1137 4283 quod
1187 4212 1491 4282 inexpiabili
1531 4222 1586 4268 et
1635 4212 1825 4267 intole-

229 4301 400 4355 rando
426 4301 673 4372 plectitur
697 4303 978 4373 supplicio.
1006 4304 1236 4371 Quinam
1264 4313 1388 4359 sunt
1414 4305 1502 4374 qui
1529 4305 1639 4360 Deo
1662 4308 1827 4361 male-

227 4392 449 4448 dicunt?
466 4394 565 4460 Qui
592 4394 818 4465 sapienti
843 4395 959 4466 ejus
981 4395 1327 4466 providentia:
1349 4395 1436 4450 fati
1457 4396 1825 4450 confusionem

230 4492 288 4537 et
330 4485 702 4541 necessitatem
750 4501 850 4542 ceu
896 4502 1106 4541 murum
1138 4493 1435 4557 opponunt.
1483 4487 1640 4542 Certe
1683 4473 1827 4559 quod

234 4574 500 4643 infideles,
531 4576 619 4646 qui
651 4577 791 4647 ligna
822 4587 877 4634 et
920 4577 1122 4649 lapides
1147 4579 1348 4634 insulse
1376 4579 1635 4634 mirantur
1653 4589 1710 4635 et
1730 4593 1827 4634 co-

230 4665 370 4730 lunt,
401 4667 505 4722 hoc
548 4668 791 4725 laborent
821 4671 1029 4738 morbo,
1066 4670 1196 4725 nihil
1227 4671 1454 4738 mirum;
1482 4671 1624 4741 quod
1648 4685 1826 4726 autem

233 4757 292 4824 ii,
327 4758 415 4828 qui
461 4758 529 4813 ab
568 4758 670 4815 hoc
706 4775 892 4816 errore
934 4772 988 4816 et
1031 4762 1284 4816 servitute
1327 4761 1530 4816 liberati
1561 4769 1704 4830 sunt,
1735 4761 1826 4832 qui

229 4849 540 4919 cognitione
580 4850 676 4908 Dei
701 4851 898 4922 dignati
930 4862 1074 4917 sunt,
1104 4853 1255 4922 quasi
1297 4867 1364 4908 ex
1407 4867 1650 4923 regressu
1695 4869 1830 4920 quo-

234 4941 379 5010 piam
412 4942 462 4996 in
491 4942 630 4998 hanc
654 4944 963 5013 procellam,
1015 4947 1065 5000 in
1104 4946 1246 5001 hunc
1273 4946 1582 5014 cogitatum,
1615 4946 1665 5000 in
1688 4946 1824 5003 hanc

229 5034 524 5088 amentiam
567 5036 890 5099 reciderunt,
933 5037 1060 5092 illud
1089 5049 1171 5091 cst
1196 5037 1589 5106 gravissimum,
1622 5038 1828 5094 multis-

223 5139 343 5194 que
390 5140 518 5181 vere
564 5127 815 5200 lacrymis
857 5129 1173 5199 ﬂetibusque
1222 5128 1440 5198 dignum
1472 5145 1487 5184 :
1516 5128 1727 5200 quando
1769 5129 1823 5194 ii.

231 5216 327 5286 qui
379 5232 439 5273 se
479 5209 750 5274 Christum
795 5222 1020 5275 adorare
1061 5221 1264 5287 dicunt,
1293 5219 1381 5291 qui
1425 5221 1587 5277 tantis
1627 5220 1828 5291 dignati

235 5319 364 5363 sunt
393 5312 678 5382 mysteriis,
713 5312 921 5366 areanis
951 5313 1136 5367 imbuti
1158 5311 1515 5383 dogmatibus,
1539 5322 1593 5368 et
1617 5314 1831 5383 sapien-

238 5399 311 5451 tia
344 5399 430 5453 ilta
460 5415 579 5470 qua:
611 5416 675 5456 ex
714 5403 859 5457 caelis
905 5401 970 5457 ad
1019 5417 1115 5457 nos
1143 5403 1319 5458 delata
1345 5410 1447 5468 est,
1480 5410 1600 5473 post
1627 5412 1828 5458 tantum

235 5488 523 5555 honorem,
553 5507 711 5562 quem
737 5508 766 5545 a
793 5492 905 5548 Deo
929 5503 1277 5563 acceperunt,
1308 5493 1513 5563 seipsos
1532 5493 1831 5564 prmcipites

233 5591 424 5650 agunt.
452 5589 611 5652 atque
638 5597 667 5635 a
695 5583 959 5648 libertate,
986 5598 1144 5654 quam
1174 5584 1303 5655 ipsis
1320 5583 1460 5640 Deus
1486 5583 1705 5654 largitus
1725 5593 1828 5648 est,

236 5685 301 5726 se
321 5671 603 5728 admodum
631 5673 802 5730 insani
824 5674 1100 5745 dejiciunt,
1125 5675 1560 5748 gravissimeque
1583 5692 1642 5731 se
1666 5677 1832 5746 subji-

237 5768 391 5821 ciunt
445 5767 708 5836 servituti,
765 5767 893 5824 dum
941 5769 1263 5824 horrendam
1300 5769 1660 5842 tyrannidem,
1712 5785 1834 5838 qua:

241 5873 537 5929 numquam
567 5857 685 5926 fuit,
717 5861 951 5932 cogitatu
986 5860 1207 5933 fingunt,
1233 5870 1286 5918 ct
1321 5877 1472 5933 spem
1506 5862 1699 5918 bonam
1737 5877 1832 5918 cx-

1927 2097 2196 2163 scindunt,
2231 2113 2531 2169 nervosque
2553 2112 2742 2154 eorum
2762 2142 2776 2165 ,
2803 2098 2894 2171 qui
2936 2099 3117 2154 virtuti
3157 2099 3392 2165 student,
3421 2112 3515 2153 ex-

1924 2191 2169 2249 scindere
2195 2191 2429 2248 student.
2448 2188 2907 2261 Qucmadmodum
2935 2191 2987 2247 in
3003 2191 3145 2249 bello
3165 2191 3359 2248 milites
3382 2198 3520 2246 stre-

1923 2298 2060 2340 nuos
2081 2292 2132 2339 et
2160 2285 2393 2339 animam
2424 2268 2523 2354 pro
2546 2283 2716 2354 patria
2746 2282 3020 2339 etl‘undere
3048 2293 3276 2354 paratos-
3288 2297 3516 2338 cernens

1925 2376 2170 2432 inimicus
2190 2374 2475 2448 quispiam,
2496 2376 2588 2448 qui
2618 2391 2718 2432 nec
2741 2390 2835 2432 eos
2853 2375 2963 2431 alio
2987 2373 3151 2432 modo
3178 2374 3395 2443 laedere,
3421 2389 3520 2431 nc-

1922 2483 2027 2539 que
2045 2481 2077 2522 ι
2108 2467 2287 2524 studio
2315 2483 2442 2539 erga
2472 2482 2652 2538 regem
2677 2482 2925 2536 avocare,
2954 2482 3128 2539 neque
3159 2466 3374 2523 timidos
3397 2467 3522 2523 elli-

1926 2573 2072 2625 ccre,
2106 2574 2281 2630 neque
2303 2558 2567 2614 machinis
2592 2573 2846 2631 superare
2870 2567 3064 2629 potest,
3092 2557 3200 2614 alio
3220 2559 3340 2615 illos
3363 2559 3525 2615 modo

1923 2649 2238 2721 corrumpit,
2268 2649 2600 2720 suadereque
2627 2657 2853 2705 conatur
2893 2650 3084 2706 frustra
3127 2649 3268 2717 illos,
3320 2659 3522 2706 temere

1923 2751 1978 2797 et
2001 2742 2118 2797 sine
2137 2756 2298 2796 causa
2325 2751 2528 2797 tantum
2561 2741 2835 2810 suscipere
2860 2741 3121 2805 laborem.
3150 2742 3222 2797 ita
3248 2750 3308 2796 ut
3333 2752 3522 2797 eorum

1925 2846 2115 2887 manus
2140 2832 2400 2898 debilitet,
2427 2831 2592 2887 robur
2619 2831 2855 2903 dejiciat,
2884 2832 3047 2888 animi
3069 2831 3302 2888 studium
3329 2833 3524 2889 exstin-

1923 2932 2070 2992 guat,
2099 2929 2158 2976 ut
2178 2920 2262 2975 his
2285 2920 2534 2976 omnibus
2554 2936 2584 2975 a
2607 2919 2875 2992 pugnandi
2897 2920 3073 2977 studio
3093 2932 3322 2988 amotos,
3346 2921 3520 2977 nudos

1924 3022 1979 3067 et
2006 3012 2239 3067 inermes
2264 3011 2568 3076 advertens,
2591 3012 2799 3068 vinctos
2827 3011 3043 3068 demum
3075 3012 3128 3067 in
3154 3013 3519 3082 captivitatem

1924 3102 2154 3158 adducat
2181 3121 2194 3158 :
2222 3103 2301 3158 sic
2326 3111 2381 3158 et
2405 3101 2652 3158 diabolus
2674 3101 2819 3158 fecit.
2848 3102 2980 3159 Cum
3011 3103 3214 3160 videret
3234 3106 3521 3159 maximam

1924 3195 2073 3252 orbis
2119 3204 2323 3267 partem
2369 3195 2464 3252 Dei
2508 3196 2674 3267 gratia
2704 3197 2983 3267 gentilium
3009 3213 3246 3254 errorem
3275 3197 3521 3263 irridere,

1927 3289 2155 3359 totisque
2179 3287 2346 3342 animi
2372 3286 2573 3342 viribus
2603 3286 2824 3343 verbum
2852 3302 2993 3343 vera:
3022 3287 3297 3359 religionis
3323 3287 3519 3360 praedi-

1924 3397 2083 3451 care;
2124 3381 2248 3437 hinc
2275 3395 2405 3438 vero
2448 3396 2700 3453 magnum
2743 3380 2953 3437 virtutis
2989 3381 3224 3437 studium
3274 3396 3518 3448 manare,

1927 3473 2264 3544 multumque
2310 3472 2565 3544 nequitia:
2589 3481 2953 3544 contemptum
2980 3489 2995 3527 :
3033 3487 3142 3528 non
3168 3489 3327 3529 ausus
3348 3473 3522 3544 palam

1925 3563 2124 3628 dicere,
2158 3562 2376 3619 Deﬁcite
2401 3578 2433 3617 a
2460 3563 2696 3631 Christo,
2733 3563 2850 3633 ejus
2886 3562 3136 3635 dogmata
3178 3564 3415 3629 irridete,
3446 3563 3524 3618 fa-

1927 3655 2066 3710 bulzc
2092 3663 2216 3710 sunt
2253 3663 2308 3710 et
2335 3669 2568 3722 errores,
2609 3659 2725 3727 ipse
2764 3653 3013 3712 Christus
3049 3655 3322 3727 improbus
3347 3665 3402 3712 et
3440 3655 3524 3710 in-

1927 3748 2195 3804 humanus
2220 3757 2304 3804 est
2330 3765 2343 3803 :
2372 3747 2519 3803 novit
2543 3748 2686 3804 enim
2713 3761 2809 3803 eos
2844 3748 2914 3803 ita
2941 3748 3109 3818 magis
3143 3763 3174 3803 a
3199 3763 3294 3804 sua
3336 3760 3522 3820 tyran-

1927 3841 2052 3896 nide
2091 3854 2419 3907 recessuros,
2448 3849 2503 3896 et
2551 3839 2605 3895 in
2657 3841 2829 3910 majus
2879 3839 2962 3895 sui
3003 3839 3186 3895 odium
3230 3850 3512 3896 venturos.

1929 3931 2158 4003 Ideoque
2199 3947 2304 3986 non
2350 3940 2491 3987 recta
2522 3931 2604 3986 via
2635 3931 3058 3986 criminationem
3089 3929 3265 3994 oil‘ort.
3293 3930 3388 3986 sed
3419 3932 3525 3987 cir-

1926 4024 2159 4079 cuitione
2182 4039 2332 4091 usus,
2361 4023 2536 4094 impia:
2554 4022 2849 4094 disciplina:
2871 4023 3016 4078 virus
3035 4023 3336 4079 clanculum
3369 4038 3524 4092 Spar-

1925 4117 2023 4188 git,
2051 4116 2231 4186 spccie
2256 4114 2471 4186 quidem
2501 4117 2646 4184 ipsos
2675 4115 2726 4170 in
2759 4114 2864 4170 lide
2888 4130 3109 4170 manere
3149 4116 3352 4182 sinens,
3381 4115 3525 4169 radi-

1928 4208 2067 4262 citus
2082 4214 2260 4261 autem
2281 4207 2424 4261 illam
2441 4207 2702 4273 evellens,
2716 4206 3002 4277 omniaque
3018 4205 3256 4261 veritatis
3271 4206 3522 4276 dogmata

1929 4289 2304 4372 pessumdatus,
2334 4310 2494 4372 atque
2523 4301 2576 4356 in
2601 4301 2959 4371 obsequentes
2982 4300 3083 4354 sibi
3119 4299 3365 4355 homines
3408 4315 3524 4352 ma-

1929 4407 2088 4462 gnam
2120 4391 2402 4449 effundéns
2445 4401 2631 4448 contra
2663 4394 2828 4448 Deum
2855 4392 3198 4448 calumniam.
3229 4391 3523 4460 Propterea

1930 4484 1998 4539 ab
2018 4484 2111 4540 illo
2134 4485 2233 4540 hoc
2253 4500 2517 4541 venenum
2551 4495 2606 4541 et
2633 4483 2902 4540 mortifera
2934 4483 3024 4538 fati
3055 4485 3336 4553 pharmaea
3363 4482 3524 4536 ador-

1929 4583 2052 4631 nata
2095 4586 2239 4644 sunt,
2271 4587 2328 4631 ut
2355 4577 2533 4631 omnia
2570 4592 2690 4647 qua:
2740 4576 2849 4630 dixi
2892 4575 3028 4629 clam
3070 4573 3303 4640 invehat,
3359 4581 3521 4643 utque

1929 4668 2224 4725 doctrinam
2265 4669 2526 4740 iidemque
2575 4677 2812 4726 nostram
2853 4683 3042 4722 vanam
3090 4681 3209 4723 esse
3252 4665 3521 4733 ostendat,

1931 4759 2339 4831 hominibusque
2365 4760 2582 4815 suadeat
2610 4761 2807 4815 malum
2828 4759 2896 4814 de
2924 4759 3034 4814 Deo
3076 4757 3218 4813 ferre
3238 4757 3519 4827 judicium.

1929 4851 2083 4919 Quod
2124 4851 2285 4906 etiam
2329 4851 2477 4905 initio
2501 4851 2642 4905 circa
2687 4850 2949 4905 Adamum
2996 4849 3139 4914 fecit,
3167 4849 3331 4904 Deum
3370 4847 3524 4918 quasi

1933 4941 2167 4995 invidum
2198 4942 2524 4996 criminatus.
2556 4940 2689 4996 illud
2723 4941 2865 4995 enim
2889 4956 3026 5011 pene
3051 4938 3324 4994 dixitdnm
3355 4939 3525 4992 horta-

1932 5047 2081 5089 retur
2108 5033 2355 5089 :Seiebat
2376 5034 2537 5101 Deus,
2557 5033 2746 5104 inquit,
2770 5032 2958 5088 oculos
2978 5041 3184 5087 vestros
3208 5031 3523 5101 aperiendos

1932 5139 2074 5192 esse,
2105 5124 2308 5180 sciebat
2334 5139 2430 5181 vos
2454 5125 2607 5194 quasi
2636 5125 2766 5180 deos
2792 5122 2995 5178 futuros
3023 5136 3163 5189 esse,
3188 5121 3377 5176 invidit
3403 5120 3524 5175 huic

1933 5213 2124 5272 honori
2150 5227 2331 5272 vestro
2366 5217 2578 5286 majori.
2629 5215 2851 5270 Etiamsi
2882 5214 3025 5270 enim
3073 5214 3186 5268 lucc
3218 5213 3376 5269 verba
3417 5227 3523 5266 non

1934 5309 2288 5380 subjunxcrit,
2329 5308 2517 5365 eadem
2561 5316 2736 5361 tamen
2781 5322 2849 5363 ex
2895 5305 3162 5376 prioribus
3191 5304 3525 5374 conjicienda

1938 5402 2173 5472 reliquit.
2207 5402 2285 5456 Ac
2319 5400 2441 5455 vide
2479 5400 2791 5469 nequitiam.
2835 5397 3102 5454 Subverso
3146 5396 3236 5452 Dei
3286 5396 3523 5453 decreto.

1938 5501 2217 5564 postquam
2244 5492 2452 5546 dixerat
2477 5506 2666 5562 magna
2694 5490 2798 5545 illis
2827 5489 3117 5543 obventura
3145 5487 3282 5542 bona
3308 5500 3448 5548 esse,
3481 5487 3525 5538 si

1937 5602 2046 5641 non
2085 5585 2161 5640 illi
2188 5585 2642 5656 obtemperarent,
2685 5582 2934 5639 videlicet
2970 5581 3301 5650 apertionem
3343 5578 3527 5632 oculo-

1939 5693 2077 5742 rum,
2110 5675 2468 5747 :equalitatem
2497 5691 2618 5731 cum
2654 5676 2800 5743 Deo,
2830 5683 2884 5730 et
2919 5675 3018 5744 ipsi
3060 5686 3322 5728 annexam
3353 5670 3528 5725 scien-

1941 5771 2096 5834 tiam;
2128 5785 2232 5824 non
2263 5769 2472 5839 adjecit,
2505 5768 2804 5839 improbum
2831 5767 2976 5824 illum
3005 5782 3124 5842 esse
3150 5767 3238 5835 qui
3264 5764 3380 5818 hmc
3401 5778 3528 5831 pro-

1944 5862 2172 5930 hiberet,
2211 5875 2278 5917 ne
2323 5861 2592 5916 videretur
2633 5875 2735 5918 ceu
2759 5859 3021 5916 ‘inimicus
3068 5867 3123 5914 et
3171 5855 3336 5911 ltOslis
3369 5847 3527 5902 verba
