4220 6306
653 386 754 445 755

659 507 861 569 facere;
893 513 983 558 sco
1006 513 1283 570 personam
1310 495 1594 552 consiliarii
1621 503 1675 548 et
1695 491 1953 548 curatoris
1979 485 2231 557 suscepit,

660 609 717 652 ut
741 597 933 652 malam
978 593 1334 648 hortationem
1384 588 1633 644 redderet
1673 584 2063 653 acceptiorem;
2095 578 2237 652 quod

661 691 820 746 etiam
866 687 1077 742 accidit.
1109 685 1246 740 Nihil
1288 683 1428 738 enim
1474 681 1616 734 aliud
1663 680 1744 733 his
1789 677 1943 732 dictis
1984 673 2240 745 perﬁcere

662 779 847 845 voluit,
877 778 977 833 nisi
1021 789 1077 830 ut
1118 773 1416 830 deﬁecretis
1464 787 1493 826 a
1540 772 1650 826 Deo
1683 770 1999 825 conditore:
2032 763 2240 820 Invidus

661 880 744 927 est
774 872 938 937 enim,
974 869 1162 940 inquit,
1203 877 1254 920 ct
1297 866 1462 921 livore
1506 865 1713 935 plenus,
1758 861 2005 917 maximis
2051 857 2242 914 vestris

667 961 869 1017 invidet
905 961 1078 1015 bonis.
1102 962 1170 1014 At
1213 957 1328 1012 haec
1363 957 1523 1012 verba
1562 953 1841 1010 manifeste
1892 968 1995 1006 non
2027 950 2239 1020 posuit:

665 1055 898 1125 alioquin
928 1054 1072 1108 illum
1109 1050 1439 1120 suspicantes
1466 1050 1734 1103 inimicum
1778 1060 1916 1109 csse,
1948 1044 2241 1114 fugissent:

667 1145 752 1200 his
775 1162 899 1214 ergo
923 1143 1293 1215 praetermissis
1312 1150 1364 1196 et
1385 1139 1746 1201 dissimulatis,
1771 1137 1870 1193 hoc
1892 1135 2245 1206 perniciosum

669 1237 876 1292 induxit
917 1233 1217 1288 consilium.
1265 1231 1466 1286 Eodem
1507 1243 1717 1300 quoque
1757 1226 1914 1282 modo
1960 1240 2100 1280 nunc
2139 1238 2247 1279 non

669 1327 817 1392 dicit,
851 1325 1070 1380 Deticite
1100 1339 1128 1377 a
1159 1321 1388 1386 Christo,
1422 1320 1574 1390 quasi
1601 1319 1774 1373 divina
1801 1324 2064 1388 praecnpta
2095 1315 2248 1368 dam-

673 1415 846 1472 nanda
869 1423 1088 1469 essent:
1121 1412 1268 1468 novit
1297 1412 1437 1466 enim
1478 1409 1578 1465 sibi
1624 1407 1899 1464 mentienti
1943 1406 2103 1460 ﬁdem
2143 1419 2249 1459 non

675 1506 971 1562 habendam
1002 1504 1156 1570 fore;
1202 1503 1296 1559 sed
1329 1502 1519 1558 callide
1563 1501 1776 1557 videtur
1817 1514 1915 1554 nos
1949 1499 2002 1552 in
2041 1497 2104 1552 iis
2132 1509 2253 1551 esse

673 1598 870 1662 sinere,
900 1605 955 1653 et
980 1612 1099 1651 cum
1126 1597 1347 1650 veritate
1369 1593 1689 1658 consentire,
1722 1591 1816 1647 sed
1838 1592 1941 1645 alio
1967 1588 2126 1644 modo
2155 1601 2256 1642 nos

677 1688 873 1743 inscios
898 1688 964 1741 ab
994 1687 1090 1741 hac
1119 1695 1316 1741 aeterna
1357 1684 1649 1739 hereditate
1687 1683 1830 1752 ejicit
1860 1699 1875 1738 :
1906 1680 2254 1751 quemadmo-

676 1780 801 1834 dum
827 1779 870 1832 si
893 1778 1010 1848 quis
1037 1792 1257 1848 puerum
1284 1778 1570 1847 ingenuum
1606 1789 1669 1830 ac
1712 1775 1961 1841 liberum,
2003 1770 2098 1827 sed
2124 1769 2257 1826 sim-

679 1863 868 1942 plicetn
899 1878 952 1923 et
981 1870 1248 1924 incautum
1268 1911 1282 1936 ,
1327 1883 1433 1924 non
1474 1866 1686 1937 quidem
1712 1865 1929 1922 dextera
1955 1864 2252 1936 appreth

678 1981 795 2020 sum
818 1963 994 2036 ejiciat
1021 1979 1086 2021 ex
1113 1961 1271 2019 dumo
1295 1970 1532 2031 paterna,
1555 1959 1648 2016 sed
1673 1960 1820 2014 illum
1849 1959 1914 2014 ad
1937 1974 1998 2013 ea
2020 1958 2259 2013 facienda

682 2059 942 2125 hortetur,
971 2060 1162 2129 quibus
1191 2058 1354 2128 gestis
1379 2055 1507 2111 velit
1537 2054 1669 2110 nolit
1694 2069 1723 2108 a
1755 2052 1987 2124 paternis
2014 2051 2267 2108 omnibus

683 2149 836 2204 bonis
859 2149 1085 2204 excidet.
1118 2147 1302 2218 Neque
1329 2153 1469 2203 enim
1510 2145 1624 2201 ﬁeri
1654 2147 1762 2201 ullo
1802 2145 1962 2201 modo
1983 2154 2179 2216 potest,
2206 2151 2262 2197 ut

685 2243 731 2296 is
759 2243 847 2313 qui
899 2243 1005 2296 fato
1055 2241 1241 2308 haeret,
1283 2241 1471 2296 caelum
1512 2248 1907 2310 consequatur;
1956 2239 2062 2293 imo
2103 2239 2262 2293 etiam

687 2333 798 2388 ﬁeri
827 2333 1026 2402 nequit,
1053 2341 1109 2386 ut
1132 2331 1428 2402 gehennam
1458 2340 1506 2386 et
1529 2330 1846 2400 supplicium
1866 2329 2079 2398 ell'ngiat
2103 2345 2116 2382 :
2141 2343 2263 2382 nam

685 2423 878 2478 divinis
926 2423 1200 2492 praeceptis
1229 2422 1494 2478 contraria
1535 2421 1780 2491 imperat.
1825 2421 1960 2476 Dicit
1988 2421 2128 2475 Deus
2158 2438 2172 2474 :
2204 2419 2266 2474 Si

687 2515 959 2577 volueritis,
992 2523 1037 2567 et
1069 2513 1328 2566 audieritis
1364 2528 1462 2577 me,
1512 2512 1643 2566 bona
1689 2520 1836 2566 terra:
1871 2512 2177 2578 comedetis;
2224 2511 2269 2566 si

687 2615 854 2659 autem
887 2605 1163 2667 nolueritis,
1192 2620 1281 2656 nec
1309 2602 1567 2655 audieritis
1595 2618 1693 2670 me,
1736 2603 1939 2672 gladius
1975 2617 2061 2657 vos
2084 2619 2270 2655 consu-

687 2703 806 2749 met.
856 2693 927 2749 0s
953 2695 1085 2749 enim
1121 2693 1324 2749 Domini
1368 2695 1474 2749 lucc
1502 2695 1761 2764 loquutum
1800 2702 1873 2749 est
1899 2691 2049 2767 (Isai.
2081 2694 2133 2748 1.
2176 2692 2265 2748 19.

687 2785 758 2841 so
783 2787 824 2856 ).

763 2875 952 2929 Fatum
981 2893 1046 2928 an
1073 2875 1279 2930 liberum
1309 2876 1568 2930 arbitrium
1592 2875 1850 2946 impediat.
1869 2904 1939 2915 —
1963 2874 2121 2930 Vides
2139 2888 2270 2943 quo-

692 2963 852 3020 modo
882 2966 1021 3021 Deus
1044 2966 1307 3036 loquatur,
1335 2975 1388 3022 et
1409 2968 1551 3038 leges
1569 2973 1765 3035 ponat:
1795 2964 1914 3019 audi
1939 2964 2270 3020 nunciatum

692 3056 960 3126 quomodo
990 3058 1254 3127 loquatur,
1283 3068 1336 3113 et
1363 3059 1629 3129 quomodo
1667 3058 1964 3112 contrarias
1993 3066 2154 3128 ponat
2193 3057 2272 3112 le-

694 3165 824 3219 ges;
856 3161 908 3206 et
937 3151 1083 3208 disce
1119 3152 1203 3205 illa
1227 3153 1438 3222 quidem
1465 3168 1493 3205 a
1521 3153 1702 3207 divino
1731 3151 1930 3221 Spiritu
1964 3151 2102 3206 dicta
2131 3165 2271 3216 esse,

696 3242 811 3298 haec
834 3255 1009 3299 autem
1042 3261 1069 3299 a
1102 3246 1332 3316 maligno
1358 3246 1600 3300 dmmone
1629 3244 1952 3314 immanique
1974 3241 2106 3298 fera.
2133 3243 2275 3298 Dixit

700 3337 858 3403 Deus,
887 3337 942 3392 Si
973 3337 1265 3401 volueritis,
1294 3346 1366 3403 et,
1395 3337 1452 3392 Si
1499 3337 1794 3401 nolueritis,
1830 3337 1882 3391 in
1914 3345 2098 3391 nostro
2127 3335 2265 3390 arbi-

697 3429 799 3483 trio
824 3438 878 3484 et
905 3427 1182 3483 voluntate
1220 3428 1525 3497 relinquens
1557 3427 1803 3482 virtutem
1850 3439 1905 3482 et
1958 3427 2272 3496 improbita-

696 3530 825 3574 tem.
856 3519 946 3575 llle
976 3536 1102 3575 vero
1123 3520 1245 3574 dicit
1277 3539 1290 3574 :
1321 3519 1472 3589 Quod
1495 3519 1600 3574 fato
1621 3520 1963 3575 c0n51itutum
1986 3528 2088 3584 est,
2121 3519 2274 3574 vitari

697 3629 801 3668 non
829 3621 1020 3682 potest,
1044 3613 1269 3667 velimus
1294 3612 1542 3666 nolimus.
1569 3612 1708 3666 Deus
1729 3611 1887 3666 dicit:
1912 3610 1974 3666 Si
1997 3611 2272 3679 volueritis,

700 3705 832 3757 bona
873 3714 1018 3757 terra:
1054 3703 1351 3766 comedetis;
1375 3705 1536 3757 latum
1562 3717 1691 3757 vero
1727 3702 1856 3757 dicit
1889 3701 2277 3770 :Quantumvis

696 3796 1041 3862 voluerimus,
1087 3797 1183 3850 nisi
1229 3797 1380 3852 nobis
1407 3796 1458 3852 id
1487 3797 1664 3851 datum
1695 3797 1872 3858 fuerit,
1904 3797 2044 3850 utilia
2075 3795 2277 3852 utilitas

695 3896 778 3943 est
844 3888 944 3943 hoc
983 3888 1135 3944 velle.
1191 3889 1330 3943 Deus
1371 3889 1498 3944 dicit
1545 3906 1557 3942 :
1602 3889 1664 3944 Si
1706 3884 1968 3942 nolueritis
2023 3889 2278 3942 attendere

696 3978 855 4033 verbis
881 3982 1023 4046 meis,
1051 3981 1253 4053 gladius
1280 3998 1366 4036 vos
1391 3991 1679 4045 consumet;
1706 3979 1868 4035 fatum
1897 3991 2079 4036 contra
2106 3979 2234 4036 dicit
2260 3998 2273 4034 :

701 4070 755 4124 Si
785 4072 1130 4140 uoluerimus,
1163 4074 1341 4128 datum
1376 4079 1503 4129 vero
1530 4075 1680 4130 nobis
1719 4073 1899 4140 fuerit,
1930 4084 2107 4130 tamen
2142 4075 2277 4130 salvi

699 4162 922 4218 erimus.
951 4164 1141 4218 Annon
1173 4167 1272 4220 hoc
1300 4165 1463 4220 fatum
1494 4165 1660 4220 dicit?
1682 4165 1815 4231 Quid
1847 4164 1946 4219 hac
1971 4181 2146 4236 pugna
2165 4166 2280 4220 cla-

697 4254 809 4308 rius
838 4253 1036 4311 fucrit?
1063 4257 1185 4327 quid
1219 4257 1318 4311 hoc
1361 4256 1501 4311 bello
1542 4257 1796 4325 apertius,
1843 4255 1984 4325 quod
2027 4255 2281 4311 adversus

699 4345 876 4400 divina
913 4346 1124 4417 eloquia
1169 4347 1413 4418 nequitiae
1452 4346 1700 4402 doctores
1729 4345 1998 4401 d:cmoncs
2027 4360 2282 4415 suscepe-

700 4436 868 4491 runt?
907 4435 1011 4491 Sed
1044 4447 1098 4491 ut
1120 4438 1230 4506 jam
1260 4438 1386 4503 dixi,
1419 4438 1561 4508 quod
1605 4437 1895 4503 daemones,
1937 4447 1992 4494 et
2038 4439 2282 4495 homines

701 4527 1035 4582 daemonibus
1065 4542 1241 4598 pares,
1283 4543 1470 4598 nempe
1496 4527 1690 4595 Graeci,
1723 4527 1804 4582 his
1835 4529 1991 4583 ﬁdem
2030 4529 2278 4594 habeant,

702 4619 832 4673 nihil
859 4620 1083 4684 mirum;
1124 4620 1262 4689 quod
1284 4628 1459 4676 autem
1489 4635 1583 4673 vos
1612 4627 1718 4674 tam
1743 4618 1936 4674 divinae
1960 4629 2014 4672 et
2037 4621 2283 4675 salutaris

707 4707 964 4763 doctrina:
1003 4710 1306 4777 participes,
1338 4709 1452 4765 ιιωο
1475 4709 1795 4779 despiciatis,
1825 4711 1956 4765 etad
1977 4711 2064 4764 illa
2091 4711 2281 4765 absur-

703 4799 922 4853 dissima
943 4808 1241 4855 commenta
1265 4802 1457 4855 anima:
1480 4801 1775 4871 perniciosa
1794 4800 2131 4871 confugiatis,
2157 4801 2284 4857 illud

705 4890 859 4959 longe
885 4889 1253 4960 gravissimum
1280 4901 1380 4947 est.
1411 4893 1545 4959 Quid
1573 4894 1705 4947 enim
1733 4893 1856 4946 mihi
1888 4902 2114 4947 externos
2131 4893 2283 4962 judi-

705 4996 820 5034 mre
843 4980 918 5053 (l.
947 4979 1063 5035 Cor.
1092 4983 1144 5037 5.
1176 4982 1264 5051 te)
1287 4982 1310 5035 ?
1334 4983 1457 5038 Mihi
1488 4983 1626 5054 apud
1670 4997 1767 5038 vos
1799 4997 1978 5040 sermo
1998 4991 2098 5049 est,
2126 5001 2289 5042 mem-

708 5075 800 5128 bra
827 5074 1042 5140 Christi,
1077 5075 1169 5130 ﬁlii
1213 5077 1486 5143 Ecclesiae,
1517 5077 1606 5148 qui
1637 5077 1688 5132 in
1732 5086 1946 5148 paterna
1974 5079 2136 5137 domo
2159 5095 2286 5135 cru-

707 5166 802 5220 diti
832 5168 980 5233 estis,
1011 5176 1064 5223 et
1105 5168 1403 5224 caelestibus
1441 5169 1732 5240 disciplinis
1775 5170 1983 5235 imbuti,
2013 5172 2101 5240 qui
2141 5179 2288 5225 tanto

711 5257 915 5313 honore
959 5259 1155 5331 dignati
1187 5262 1335 5317 estis.
1377 5261 1502 5320 ideo
1546 5277 1722 5332 gemo,
1775 5263 1896 5320 ideo
1943 5264 2208 5320 lamentor
2235 5273 2290 5318 et

711 5349 858 5418 ploro
889 5367 901 5403 :
932 5365 1052 5404 nam
1097 5352 1346 5422 lacrymis
1375 5353 1530 5424 digna
1579 5362 1701 5408 sunt
1754 5354 1886 5419 haec,
1931 5355 2144 5424 quando
2170 5354 2290 5424 quis

709 5440 761 5495 in
797 5450 1006 5509 peccata
1037 5441 1251 5524 decidit,
1282 5459 1399 5513 quae
1436 5444 1587 5500 venia
1631 5444 1785 5514 digna
1827 5461 1931 5499 non
1974 5455 2097 5500 sunt
2127 5463 2141 5500 :
2171 5460 2290 5515 qua:

711 5534 885 5596 venia,
928 5536 1138 5604 quando
1186 5536 1326 5591 Deus
1367 5541 1682 5594 sententiam
1733 5538 1882 5605 dicit,
1929 5549 1982 5595 et
2009 5539 2290 5598 daemones

712 5627 1100 5695 t-mitradicunt,
1150 5645 1445 5700 eorumque
1482 5632 1619 5687 dicta
1664 5633 1826 5689 etiam
1861 5632 1952 5687 Dei
1983 5631 2289 5689 domesticis

717 5718 820 5772 ﬁde
847 5719 1083 5790 digniora
1124 5722 1408 5777 videntur?
1446 5723 1561 5779 Non
1591 5723 2002 5792 disputationem
2033 5724 2137 5793 iam
2178 5737 2292 5778 mo—

718 5825 924 5881 ventus,
953 5813 1045 5870 sed
1095 5814 1306 5874 interim
1351 5831 1557 5887 eorum,
1599 5819 1687 5886 qui
1729 5817 1855 5886 ipsis
1899 5816 2286 5886 obtemperant.

1459 377 1517 437 8.
1547 376 1824 436 JOANNIS
1859 365 2233 431 CIIRYSOST.
2276 363 2597 421 ARCIIIEP.
2637 357 3180 420 CONSTANTINOP.

3827 348 3934 403 756

2346 477 2730 550 impudentiam
2765 475 3111 534 ostendemus
3143 491 3156 526 :
3189 471 3330 528 Deus
3365 467 3496 526 dicit
3524 483 3543 524 :
3575 465 3806 537 Apposui
3849 465 3935 518 tibi

2341 575 2508 645 ignem
2533 583 2580 627 et
2608 587 2809 641 aquam,
2837 569 2989 623 vitam
3018 576 3063 621 et
3083 573 3292 620 mortem
3315 581 3328 617 :
3356 575 3672 633 quocumque
3693 556 3937 622 uolucris,

2345 665 2556 720 extende
2597 678 2800 717 manum
2841 670 2980 714 tuam
3005 656 3193 729 (Eccli.
3235 656 3321 711 15.
3355 653 3476 725 l7);
3511 651 3723 706 daemon
3761 646 3936 702 dicit:

2345 755 2460 811 Non
2491 764 2574 810 est
2604 755 2657 808 in
2685 761 2739 808 te
2763 752 2922 806 situm
2950 747 3242 804 extendere
3271 758 3510 806 manum,
3557 739 3655 795 sed
3701 736 3942 792 necessi-

2347 857 2457 904 tate
2480 848 2705 918 quadam
2735 860 2796 900 ac
2823 843 2874 897 vi
2909 841 3014 896 hoc
3051 839 3245 910 agitur.
3288 835 3356 890 Et
3397 834 3513 889 haec
3555 830 3648 887 tibi
3691 826 3943 885 videntur

2350 939 2454 994 ﬁde
2485 937 2725 1008 digniora
2764 949 2886 990 esse
2918 949 2932 986 :
2961 945 3134 1002 neque
3172 927 3376 998 cogitas
3405 933 3660 996 quantum
3690 921 3762 977 sit
3804 920 3946 975 inter

2353 1029 2653 1102 hujusmodi
2681 1025 3016 1083 consultores
3041 1019 3400 1084 intervallum,
3424 1013 3565 1086 quod
3585 1013 3673 1069 ille
3687 1013 3759 1068 sit
3781 1011 3944 1074 Deus,

2353 1123 2439 1179 hic
2461 1135 2588 1177 vero
2617 1119 2828 1175 daemon
2855 1135 2870 1171 :
2894 1131 2999 1170 non
3028 1112 3234 1170 consilii
3262 1108 3614 1165 diﬂ'erentiam
3639 1101 3944 1167 examinas,

2351 1214 2497 1286 quod
2530 1212 2657 1268 illud
2685 1211 2917 1266 salutare
2946 1209 3015 1263 sit
3037 1217 3089 1261 et
3114 1205 3183 1260 ad
3207 1204 3456 1258 virtutem
3483 1209 3662 1266 vocet,
3695 1197 3800 1252 hoc
3821 1209 3952 1252 vero

2354 1307 2696 1369 diabolicum,
2719 1302 2786 1358 ad
2809 1301 3100 1372 nequitiam
3138 1307 3192 1353 et
3233 1295 3625 1366 improbitatem
3660 1290 3948 1348 excitans:

2355 1413 2464 1454 non
2493 1395 2822 1461 consideras,
2854 1406 3099 1463 quaenam
3130 1388 3222 1443 tibi
3251 1402 3281 1442 a
3326 1388 3456 1454 Deo,
3487 1395 3544 1442 et
3578 1398 3827 1457 quaenam
3857 1379 3954 1436 tibi

2358 1507 2387 1548 a
2413 1491 2656 1547 daemone
2678 1489 2799 1544 data
2827 1487 2970 1541 sint:
3002 1483 3144 1556 quod
3170 1482 3259 1538 ille
3276 1481 3493 1552 quidem
3515 1479 3586 1534 ita
3608 1487 3659 1534 te
3679 1474 3952 1537 dilexerit,

2360 1596 2419 1642 ut
2447 1595 2499 1642 et
2526 1584 2719 1640 Filium
2747 1596 2899 1636 suum
2925 1576 3257 1647 unigenitum
3286 1588 3384 1643 pro
3409 1582 3462 1627 te
3488 1570 3661 1632 daret,
3685 1583 3794 1640 quo
3819 1565 3954 1621 nihil

2362 1677 2503 1735 Patri
2545 1674 2831 1747 pretiosius
2871 1679 3006 1734 erat,
3048 1677 3209 1739 atque
3238 1667 3398 1721 etiam
3430 1677 3570 1718 nunc
3604 1661 3675 1715 ita
3701 1667 3872 1724 amat,
3898 1666 3957 1710 ut

2365 1780 2417 1827 tc
2446 1784 2539 1840 per
2567 1765 2838 1838 apostolos
2875 1778 2974 1834 pro
3010 1769 3098 1816 tua
3126 1757 3298 1814 salute
3327 1755 3662 1817 cohortatur,
3690 1759 3748 1806 et
3774 1747 3957 1821 omnia

2370 1862 2554 1927 faciat;
2588 1861 2676 1914 ille
2706 1871 2832 1912 vero
2862 1855 2934 1909 ita
2959 1852 3083 1909 odio
3119 1848 3303 1905 habuit
3326 1855 3383 1927 et
3408 1845 3588 1907 habet,
3621 1849 3679 1898 ut
3705 1856 3803 1910 per
3835 1853 3958 1894 om-

2365 1958 2449 2011 nia
2476 1923 2549 2010 tet
2572 1954 2862 2022 impugnet,
2904 1959 3076 2016 neque
3115 1940 3277 1998 modo
3320 1923 3430 1994 non
3467 1936 3560 1992 tibi
3598 1932 3799 2004 aliquid
3829 1929 3958 1986 boni

2367 2049 2582 2112 tribuat,
2610 2043 2706 2101 sed
2747 2043 2907 2098 etiam
2931 2039 2997 2094 ab
3024 2039 3086 2094 iis
3111 2051 3230 2108 quae
3271 2048 3304 2089 a
3347 2033 3458 2088 Deo
3483 2027 3743 2099 accepisti
3783 2036 3837 2081 te
3865 2040 3960 2079 ex-

2367 2140 2581 2196 turbare
2603 2145 2829 2192 conelur
2855 2151 2869 2184 :
2901 2131 2992 2187 ille
3015 2139 3066 2184 te
3092 2127 3292 2198 angelis
3321 2138 3508 2196 parem
3534 2121 3710 2177 facere
3729 2116 3958 2182 studuit,

2369 2229 2456 2285 hic
2477 2242 2604 2284 vero
2634 2225 2782 2280 humi
2822 2220 3132 2293 repentibus
3156 2228 3209 2274 te
3236 2216 3584 2286 abjectiorem
3611 2209 3810 2275 effecit,
3836 2206 3964 2261 tibi-

2368 2336 2472 2392 que
2501 2317 2762 2390 persuasit
2787 2322 2847 2370 ut
2893 2313 2984 2368 illa
3013 2311 3265 2366 adorares
3293 2325 3308 2363 :
3337 2307 3426 2361 ille
3463 2305 3516 2358 in
3547 2315 3770 2372 regnum
3798 2296 3966 2353 caelo-

2370 2389 2487 2468 rum
2515 2411 2754 2479 aliosque
2781 2408 3014 2462 honores
3043 2413 3095 2458 te
3118 2399 3397 2472 pertrahit,
3416 2396 3502 2451 hic
3518 2409 3646 2450 vero
3665 2389 3965 2449 honoribus

2372 2505 2464 2559 tibi
2495 2501 2708 2559 collatis
2755 2497 2965 2564 invidit,
3009 2509 3111 2551 nec
3151 2492 3300 2564 prius
3341 2491 3492 2556 abiit,
3522 2501 3682 2558 quam
3734 2495 3787 2540 te
3835 2481 3968 2538 inde

2373 2594 2610 2667 ejecerit.
2641 2590 2895 2660 Quamvis
2914 2588 3058 2644 enim
3091 2585 3231 2641 illius
3250 2583 3498 2652 dogmata
3521 2579 3829 2650 perspicere
3854 2588 3965 2631 non

2375 2689 2609 2762 possitis,
2633 2684 2841 2742 etiamsi
2869 2681 2987 2738 sole
3006 2680 3238 2736 clariora
3265 2677 3372 2732 sint
3399 2675 3486 2742 iis,
3509 2673 3597 2744 qui
3623 2684 3849 2744 prorsus
3875 2683 3970 2723 su-

2374 2759 2484 2854 pini
2507 2797 2612 2836 non
2649 2787 2816 2834 sunt:
2862 2776 2934 2830 ita
2960 2772 3306 2843 conspicuam
3343 2768 3544 2824 habent
3571 2765 3681 2831 illa,
3712 2777 3832 2833 quae
3869 2759 3969 2816 Dei

2373 2882 2519 2938 sunt,
2551 2873 2801 2926 virtutem
2833 2876 2994 2938 atque
3021 2865 3284 2928 salutem;
3338 2861 3428 2916 illa
3451 2873 3582 2914 vero
3625 2855 3921 2926 nequitiam
3951 2869 3968 2907 :

2375 2976 2610 3023 attamen
2636 2962 2680 3017 si
2704 2977 2809 3016 non
2850 2957 3075 3030 potestis
3113 2955 3181 3009 ad
3221 2953 3308 3008 illa
3351 2951 3640 3020 respicere,
3680 2946 3872 3001 saltem
3902 2938 3974 2996 ab

2376 3060 2462 3124 iis,
2494 3058 2584 3128 qui
2619 3052 2904 3110 consilium
2952 3047 3106 3104 vobis
3139 3045 3286 3108 dant,
3315 3041 3506 3097 discite
3540 3036 3668 3109 quid
3708 3035 3970 3098 salutare,

2377 3126 2753 3222 quidvnoxium
2783 3146 2872 3200 sit.
2919 3139 3199 3208 Quomodo
3232 3136 3372 3192 enim
3395 3130 3683 3188 absurdum
3715 3142 3821 3184 non
3857 3126 3975 3181 fne-

2379 3219 2449 3300 rit
2494 3240 2701 3298 caeteris
2753 3239 2806 3292 in
2841 3236 3001 3292 rebus
3031 3233 3131 3286 hoc
3169 3230 3244 3284 uti
3287 3226 3514 3284 consilio
3541 3265 3557 3290 ,
3595 3229 3654 3278 ut
3703 3221 3750 3276 si
3795 3219 3976 3274 medi-

2378 3349 2473 3391 cus
2515 3333 2692 3388 cibum
2731 3329 2821 3385 det
2859 3326 3058 3393 alicui,
3101 3335 3209 3378 non
3249 3320 3316 3376 de
3366 3333 3434 3374 eo
3478 3317 3569 3371 ille
3620 3313 3836 3369 curiose
3890 3310 3975 3365 in-

2376 3429 2593 3500 quirat,
2648 3423 2743 3478 sed
2786 3431 2844 3477 ut
2896 3417 3110 3475 sanitati
3155 3412 3543 3470 conducentem
3586 3405 3815 3475 accipiat
3854 3420 3870 3469 ;
3921 3401 3970 3456 si

2379 3491 2558 3574 autem
2579 3491 2856 3570 veneﬁcus
2882 3518 2936 3564 et
2969 3505 3341 3579 praestigiator,
3386 3514 3495 3555 non
3526 3497 3751 3552 multum
3783 3491 3966 3562 inqui-

2379 3618 2482 3675 rat,
2510 3603 2606 3662 sed
2631 3604 2782 3676 quasi
2813 3613 3077 3656 venenum
3106 3604 3161 3652 et
3186 3604 3390 3666 pestem
3428 3597 3738 3651 aversetur;
3769 3594 3824 3640 et
3851 3598 3978 3638 cum

2380 3702 2446 3757 de
2504 3700 2612 3754 Deo
2662 3695 2836 3767 agitur
2880 3707 2986 3747 non
3031 3688 3223 3746 eodem
3264 3684 3344 3740 uti
3390 3680 3606 3738 medio?
3648 3689 3978 3749 quamquam

2381 3800 2529 3849 tanto
2556 3791 2727 3858 majus
2755 3783 3091 3841 intervallum
3111 3789 3192 3835 est
3217 3778 3360 3832 inter
3383 3775 3548 3829 Deum
3571 3779 3625 3826 et
3644 3768 3976 3833 daemonem,

2379 3901 2538 3958 quam
2567 3857 2706 3939 inter
2732 3878 2997 3934 medicum
3031 3882 3087 3930 et
3124 3869 3445 3931 veneﬁcum,
3484 3870 3681 3934 quanto
3709 3875 3813 3915 nec
3837 3857 3969 3922 dici.

2383 3949 2484 4035 nec
2500 3983 2679 4032 mente
2699 3971 2786 4026 vel
2809 3982 3058 4026 sermone
3073 3957 3455 4032 comprehendi
3477 3962 3670 4026 potest.
3693 3949 3980 4020 Quomodo

2382 4072 2542 4140 igitur
2567 4081 2670 4120 non
2701 4071 2954 4119 extremae
2981 4055 3138 4112 fuerit
3160 4049 3527 4111 absurditatis,
3566 4044 3655 4100 ubi
3687 4043 3867 4097 minor
3887 4048 3974 4095 est

2383 4129 2533 4218 cibos
2546 4154 2892 4228 praebentium
2908 4146 3227 4211 differentia,
3240 4158 3348 4199 non
3361 4140 3568 4197 curiose
3582 4134 3875 4205 inquirere,
3885 4129 3983 4184 sed

2383 4225 2688 4311 conditione
2731 4259 3080 4320 personarum
3121 4239 3382 4296 universae
3405 4232 3662 4289 doctrinae
3691 4230 3815 4285 loco
3849 4225 3932 4281 uti
3965 4240 3981 4278 :

2385 4346 2472 4401 ubi
2495 4355 2668 4399 autem
2693 4318 3117 4396 consiliariorum
3136 4338 3338 4385 tantum
3359 4334 3443 4383 est
3457 4322 3768 4386 discrimen,
3787 4318 3990 4374 adhor-

2385 4440 2586 4497 tatione
2599 4450 2731 4506 opus
2758 4430 3053 4493 habere,ut
3080 4421 3402 4491 intelligatur
3426 4413 3554 4488 quid
3578 4413 3836 4476 salutare,
3860 4407 3988 4479 quid

2387 4530 2604 4586 noxium
2636 4501 2751 4579 sit?
2798 4521 2894 4586 Ne,
2937 4531 3142 4589 quaeso,
3191 4528 3259 4569 ne
3301 4504 3756 4566 irrationabilibus
3798 4501 3991 4558 bestiis

2389 4615 2862 4676 irrationabiliores
2890 4611 3090 4674 simus;
3135 4603 3230 4661 sed
3258 4600 3580 4663 resiliamus,
3611 4609 3710 4649 nec
3737 4591 3988 4664 praebea-

2390 4728 2508 4769 mus
2535 4723 2734 4765 aures:
2771 4713 2895 4760 n'am
2937 4701 3280 4769 Corrumpunt
3325 4707 3489 4748 mores
3533 4689 3690 4744 bonos
3732 4685 3991 4755 colloquia

2392 4817 2547 4875 prava
2574 4801 2651 4873 (ι.
2682 4793 2803 4855 Cor.
2851 4795 2933 4850 15.
2966 4792 3058 4862 '53)
3093 4806 3109 4844 :
3153 4801 3326 4857 neque
3370 4783 3580 4838 veniam
3631 4786 3993 4875 assequentur

2391 4865 2480 4964 qui
2508 4865 2715 4957 decepti
2742 4892 2884 4941 sunt.
2918 4883 3023 4938 Cur
3051 4879 3192 4935 enim
3220 4876 3265 4933 si
3291 4874 3630 4946 pestilentem
3648 4877 3703 4924 et
3727 4865 3986 4922 infectum

2393 4961 2569 5040 locum
2595 4980 2802 5042 videas,
2821 4977 2929 5032 illic
2948 4973 3243 5030 consistere
3263 4966 3482 5037 refugis,
3505 4961 3712 5020 etiamsi
3733 4968 3988 5016 sexcenta

2393 5086 2446 5130 te
2497 5076 2565 5130 ad
2616 5071 2760 5126 illam
2811 5066 3192 5123 habitationem
3235 5058 3582 5131 pertrahant,
3638 5050 3990 5122 corporisque

2391 5165 2751 5223 valetudinem
2779 5159 2990 5216 caeteris
3027 5155 3277 5212 omnibus
3302 5148 3583 5219 anteponis
3607 5162 3623 5213 ;
3652 5159 3775 5199 cum
3808 5150 3985 5197 autem

2394 5271 2642 5325 sermone
2681 5250 2949 5325 pestilenti
2973 5256 3134 5319 atque
3164 5245 3352 5301 morbo
3381 5239 3595 5312 quidam
3623 5244 3750 5292 sunt
3780 5233 3987 5298 referti,

2393 5366 2512 5422 quae
2542 5364 2646 5404 non
2676 5360 2871 5416 corpus
2901 5351 3129 5407 tantum,
3157 5338 3250 5395 sed
3290 5336 3452 5393 etiam
3477 5331 3707 5387 animam
3735 5325 3988 5398 perdunt,

2395 5457 2620 5511 eamque
2645 5439 2966 5495 deteriorem
3000 5448 3064 5490 ac
3102 5432 3345 5488 viliorem
3385 5425 3635 5490 reddunt,
3675 5437 3783 5477 non
3813 5429 3991 5474 tamen

2397 5533 2609 5590 resilis?
2633 5531 2791 5598 Audi,
2843 5528 3016 5600 inquit
3055 5526 3270 5597 sapiens
3305 5521 3518 5594 quidam
3546 5518 3647 5581 vir,
3681 5530 3748 5569 ne
3772 5511 3987 5570 steteris.

2396 5627 2485 5681 sed
2507 5625 2663 5692 rasili,
2705 5640 2767 5679 ne
2809 5618 3089 5676 tardaveris
3126 5617 3305 5688 (Prov.
3336 5613 3390 5669 9.
3427 5610 3517 5681 18)
3547 5626 3560 5664 :
3589 5605 3674 5662 vel
3713 5604 3990 5658 minimam

2397 5719 2450 5773 in
2475 5717 2556 5773 his
2584 5727 2760 5773 metue
2790 5730 3016 5771 moram.
3041 5711 3166 5767 Haec
3186 5722 3347 5781 porro
3360 5705 3606 5766 dicimus,
3638 5713 3743 5753 non
3766 5695 3986 5765 dogma-

2399 5819 2510 5867 tum
2553 5809 2767 5867 illorum
2812 5809 2919 5867 vim
2959 5801 3390 5869 reformidantes,
3435 5795 3528 5853 sed
3566 5788 3987 5849 imbecillitatem
