4220 6306
286 395 393 451 755

284 504 376 559 δὲν
404 502 511 574 γάρ
539 501 731 574 ἓτερον
772 499 932 571 ἠθελε
982 496 1390 552 κατασκευάσαι
1435 495 1506 549 δι’
1539 489 1615 550 ὧν
1660 496 1870 564 ἐλεγεν,

283 589 401 642 ἀλλ’
447 589 484 660 ἢ
532 589 617 643 δτι
665 586 941 656 ἀπόστητε
985 583 1092 638 τοῦ
1131 580 1270 636 Θεοῦ
1320 581 1417 635 τοῦ
1469 581 1871 652 πεποιηκάτος·

286 675 563 746 βάσκανός
611 677 730 730 ἐστι
779 674 873 728 καὶ
920 671 1211 744 φθονερὸς,
1242 668 1431 740 φθονεῖ
1468 670 1579 723 τῶν
1611 667 1875 740 μειζόνων

283 763 420 834 ὑμῖν
445 763 687 833 ἀγαθῶν.
731 760 893 815 Ἀλλά
937 758 1112 815 ταῦτα
1157 756 1410 830 φανερῶς
1448 757 1548 828 μέν
1575 757 1677 810 οὐκ
1709 756 1874 827 ἔθηκε

283 852 359 904 τά
405 853 643 924 ῥήματα·
683 844 722 922 ἦ
754 849 864 921 γάρ
906 847 994 914 ἀν,
1046 845 1490 908 ὑποπτεύσαντες
1537 843 1700 898 αὑτὸν
1732 839 1873 898 εἶναι

285 937 506 1010 ἐχθρὸν,
543 936 778 1007 ἔφυγον·
819 936 982 1004 ἀφεὶς
1020 933 1079 987 δέ
1131 933 1308 987 εἰπεῖν
1341 931 1528 995 αὐτοῖς
1575 928 1752 984 ταῦτα
1779 928 1876 983 καὶ

282 1023 659 1098 περιστείλας,
685 1024 784 1096 τὴν
815 1023 1067 1094 ὀλεθρίαν
1092 1021 1297 1093 ταύτην
1341 1021 1609 1092 εἰσήγαγε
1638 1017 1876 1090 συμϐου-

282 1115 406 1185 λήν.
442 1112 599 1167 Οὕτω
621 1113 687 1184 δὴ
716 1113 810 1166 καὶ
849 1109 943 1165 νῦν
978 1109 1040 1164 οὐ
1093 1107 1242 1179 λέγει
1288 1109 1409 1180 μὲν,
1463 1106 1741 1178 ἀπόστητε
1777 1103 1874 1158 τοῦ

282 1202 547 1272 Χριστοῦ,
573 1204 651 1264 ώς
678 1199 1146 1270 κατεγνωσμένων
1194 1198 1306 1252 τῶν
1359 1197 1520 1250 θείων
1559 1193 1873 1264 δογμάτων·

282 1285 395 1342 οἶδε
422 1290 530 1360 γάρ
566 1289 648 1342 ὅτι
675 1287 930 1358 ἐψεύδετο
962 1286 1058 1340 καὶ
1085 1287 1187 1340 οὐκ
1212 1283 1530 1340 ἐπιστεύετο
1553 1295 1603 1324 ι·
1635 1280 1876 1353 κακούρ-

281 1393 401 1444 γως
445 1375 504 1429 δέ
549 1376 698 1429 δοκεῖ
748 1374 848 1446 μὶν
894 1375 1045 1444 ἡμᾶς
1100 1372 1319 1442 ἀφεῖναι
1371 1373 1430 1424 ἐν
1478 1369 1724 1432 τούτοις,
1778 1368 1875 1422 καὶ

280 1464 593 1535 συγχωρεῖν
624 1461 760 1535 πρὸς
787 1459 886 1533 τὴν
911 1459 1192 1532 ἀλήθειαν,
1218 1458 1423 1528 ἑτέρως
1449 1457 1507 1510 δέ
1534 1457 1637 1511 οὐκ
1664 1456 1874 1520 εἰδότας

281 1552 488 1613 αὐτοὺς
530 1550 741 1621 ἐξαιρεῖ
785 1549 885 1619 τῆς
941 1547 1158 1602 αἰωνίου
1212 1545 1420 1618 ταύτης
1465 1544 1871 1616 κληρονομίας·

281 1637 476 1708 ῶσπερ
499 1636 573 1690 ἂν
596 1635 652 1689 εῖ
673 1652 760 1700 τις
786 1634 952 1690 παῖδα
978 1635 1202 1705 γνήσιον
1233 1634 1329 1687 καὶ
1372 1630 1526 1704 [758]
1559 1629 1872 1702 ἐλεύθερον,

281 1726 494 1780 ἁπλοῦν
512 1742 636 1780 τινα
658 1725 754 1779 καὶ
778 1724 1079 1796 ἀπόνηρον,
1105 1725 1174 1794 τῇ
1203 1720 1358 1792 δεξιᾷ
1384 1721 1485 1792 μὲν
1503 1718 1771 1789 ,κατέχων
1797 1718 1873 1789 μὴ

281 1812 506 1866 ἐκϐάλοι
532 1811 634 1882 τῆς
655 1811 928 1884 πατρικῆς
945 1810 1146 1873 οίκίας,
1166 1810 1422 1880 παραινοῖ
1440 1806 1499 1861 δὲ
1522 1805 1675 1876 αὐτῷ
1701 1806 1875 1866 ποιεῖν

278 1900 352 1952 δι’
383 1891 460 1952 ὧν
483 1899 579 1952 καὶ
609 1897 752 1951 ἐκὼν
779 1897 875 1951 καὶ
906 1897 1054 1953 ἄκων
1098 1898 1417 1950 δκπεσεῖται
1447 1893 1559 1948 τῶν
1587 1891 1875 1964 πατρικῶν

279 1986 564 2040 ἀπάντων.
617 1986 694 2039 Ού
740 1986 851 2057 γάρ
897 1986 1067 2051 ἐστιν,
1113 1984 1216 2038 οὐκ
1261 1983 1380 2037 ἐστι
1422 1981 1514 2036 τὸν
1559 1981 1876 2054 εἱμαρμένῃ

279 2073 643 2144 προσέχοντα,
667 2072 966 2146 δυνηθῆναι
990 2071 1102 2126 τῶν
1127 2070 1378 2143 οὐρανῶν
1410 2071 1712 2140 ἐπιτυχεῖν,
1737 2068 1878 2139 μᾶλ-

278 2159 376 2213 λον
403 2158 463 2213 δὲ
490 2160 592 2213 οὐκ
617 2159 734 2214 ἐστι
759 2160 1056 2233 δυνηθῆναι
1077 2157 1177 2230 τὴν
1205 2158 1432 2228 γέενναν
1460 2157 1555 2210 καί⁵
1581 2155 1682 2227 τὴν
1709 2155 1872 2209 κόλα-

281 2263 371 2300 σιν
409 2248 688 2316 ἐκφυγεῖν·
712 2247 1043 2309 ἀπεναντίας
1063 2243 1174 2317 γὰρ
1193 2247 1310 2310 τοῖς
1328 2242 1422 2298 τοῦ
1446 2242 1582 2297 Θεοῦ
1605 2241 1874 2314 δόγμασιν

280 2333 535 2398 ἅπαντας
564 2333 851 2389 πείθεσθαι
894 2332 1200 2388 ἐπιτάττει.
1247 2331 1311 2388 '0
1336 2330 1470 2395 Θεὸς
1511 2328 1684 2400 λέγει,
1733 2329 1877 2384 Ἐὰν

278 2419 496 2486 θέλητε
514 2421 615 2474 καί
641 2418 1046 2488 εἰσακούσητέ
1068 2435 1211 2489 μου,
1251 2417 1327 2473 τὰ
1369 2416 1564 2489 ἀγαθὰ
1611 2416 1722 2486 τῆς
1759 2415 1872 2486 τῆς

277 2505 566 2574 φάγεσθε·
593 2506 703 2560 ἐὰν
727 2506 798 2560 δὲ
831 2505 920 2576 μὴ
964 2505 1210 2573 θέλητε,
1262 2504 1423 2576 μηδὲ
1467 2502 1876 2572 εἱσακούσητέ

272 2610 418 2662 μου,
436 2591 704 2662 μάχαιρα
731 2591 888 2663 ὑμᾶς
920 2592 1250 2648 κατέδεται.
1285 2591 1360 2647 T6
1397 2592 1508 2664 γὰρ
1533 2592 1730 2662 στόμα
1755 2594 1874 2646 Κυ-

269 2679 414 2746 ρίου
441 2678 712 2749 έλάλησε
746 2680 955 2735 ταῦτα.
1021 2704 1023 2706 ·

354 2762 509 2831 Εἶδες
536 2767 657 2831 πῶς
683 2767 714 2821 6
743 2767 876 2832 Θεὸς
916 2767 1214 2838 φθέγγεται
1241 2767 1336 2823 καὶ
1356 2767 1547 2832 ποίους
1574 2767 1759 2840 τίθησι
1783 2766 1870 2822 νό-

279 2867 454 2924 μους;
485 2854 752 2908 ’Δκουσον
781 2855 878 2908 κει.)⁸
901 2855 1002 2926 τῆς
1023 2855 1388 2927 εἱμαρμένης,
1405 2855 1523 2918 πῶς
1548 2854 1868 2925 φθέγγεται,

277 2941 376 2993 καὶ
403 2937 524 3002 πῶς
555 2941 834 3006 ἐναντίους
863 2941 1076 3011 εἰσάγει
1131 2941 1391 3012 θεσμοὺς,
1425 2940 1524 2994 καὶ
1556 2940 1720 3012 μάθε,
1750 2940 1870 3006 πῶς

275 3028 470 3080 ἐκεῖνα
497 3027 597 3096 μὲν
623 3027 729 3080 ὑπὸ
756 3026 904 3082 θείου
939 3027 1260 3100 Πνεύματος
1293 3027 1534 3099 εἴρηται,
1567 3027 1713 3082 τάδέ
1734 3027 1869 3083 ταύ-

275 3129 381 3186 της
399 3112 428 3154 δ
451 3114 556 3167 ὑπὸ
569 3114 808 3187 πονηροῦ
828 3115 1085 3186 δαίμονος
1103 3116 1197 3169 καὶ
1220 3113 1386 3186 θηρός
1400 3133 1547 3180 τινος
1566 3117 1866 3189 ἀνημέρου.

277 3195 455 3254 Εἶπεν
479 3203 510 3254 6
533 3200 686 3268 Θεὸς,
729 3203 856 3258 Ἐἀν
889 3203 1104 3276 θέλητε,
1140 3203 1235 3259 καὶ
1278 3205 1373 3258 ἐὰν
1408 3204 1484 3276 μὴ
1527 3203 1740 3277 θέλητε,
1769 3221 1870 3259 κυ-

276 3289 436 3361 ρίους
478 3290 627 3362 ἡμᾶς
673 3292 845 3348 ποιῶν
877 3292 1084 3364 ἀρετῆς
1133 3294 1230 3347 καὶ
1259 3291 1480 3359 κακίας,
1535 3294 1634 3347 καὶ
1659 3293 1756 3346 ἐπὶ
1797 3297 1868 3366 τῇ

274 3375 475 3449 γνώμῃ
505 3380 572 3449 τῇ
606 3377 850 3450 ἡμετέρᾳ
877 3380 1069 3444 τιθείς.
1103 3380 1341 3445 Ἐκεῖνος
1367 3380 1426 3433 δὲ
1443 3380 1497 3433 τί
1521 3397 1722 3452 φησιν;
1746 3381 1869 3436 Ὀτι

272 3464 343 3517 τὸ
367 3464 701 3536 εἱμαρμένον
751 3466 814 3519 οὐ
841 3465 1070 3521 δυνατὸν
1109 3467 1400 3536 ἐκφυγεῖν,
1453 3467 1556 3522 κᾶν
1595 3467 1868 3540 θέλωμεν,

275 3551 387 3606 κᾶν
417 3553 492 3625 μὴ
527 3551 776 3625 θέλωμεν
811 3563 860 3608 α.
896 3555 955 3607 Ὁ
995 3554 1129 3620 Θεὸς
1161 3554 1338 3623 λέγει·
1377 3554 1769 3625 Ἕὰνθέλητε,
1798 3557 1872 3611 τὰ

272 3640 470 3708 ἀγαθὰ
497 3639 608 3709 τῆς
637 3639 753 3710 τῆς
774 3640 1061 3713 βοήσεσθε·
1084 3642 1225 3715 αὐτὴ
1258 3642 1429 3712 λέγει,
1459 3642 1563 3697 κᾶν
1597 3643 1868 3716 θέλωμεν,

275 3724 357 3796 μὴ
442 3725 498 3779 δὲ
532 3727 667 3798 ἡμῖν
709 3727 1016 3799 δεδομένον,
1059 3729 1213 3783 οὐδὲν
1241 3729 1438 3799 ὄφελος
1478 3730 1639 3784 τοῦτο
1666 3731 1866 3788 θέλειν.

285 3814 348 3867 '0
366 3813 501 3875 Θεὸς
519 3813 691 3883 λέγει,
741 3815 884 3870 Ἐὰν
910 3815 999 3886 μὴ
1023 3817 1238 3886 θέλητε
1266 3817 1596 3888 προσέχειν
1621 3819 1747 3886 τοῖς
1765 3821 1871 3876 λό-

273 3918 406 3973 γοις
430 3920 570 3972 μου,
593 3903 859 3974 μάχαιρα
890 3903 1046 3976 ὑμᾶς
1077 3906 1405 3962 κατέδεται·
1428 3908 1569 3982 αὑτὴ
1595 3908 1769 3978 λέγει,
1801 3910 1868 3966 ἂν

275 3988 358 4062 μὴ
381 3989 700 4064 θέλωμεν,
729 3993 787 4046 δὲ
814 3994 948 4066 ημῖν
973 3993 1280 4066 δεδομένον,
1314 3994 1532 4061 πάντως
1555 3997 1863 4070 σωζόμεθα.

273 4079 354 4131 Οὐ
382 4077 555 4132 ταῦτα
593 4081 627 4150 ἡ
672 4080 984 4153 εἱμαρμένη
1024 4082 1188 4154 φησί;
1224 4083 1290 4136 Τί
1318 4083 1528 4153 γένοιτο
1555 4083 1622 4139 ἂν
1652 4082 1746 4140 οὖν
1765 4086 1867 4158 τῆς

274 4164 460 4238 μάχης
485 4166 689 4238 ταύτης
712 4168 1076 4241 σαφέστερον;
1100 4169 1263 4223 τίτοῦ
1295 4169 1534 4242 πολέμου
1557 4171 1868 4245 φανερώτε‹

272 4272 372 4328 ρον
395 4255 608 4324 τούτου,
638 4257 697 4311 ὃν
719 4258 1094 4330 ἀναισχύντως
1126 4258 1269 4314 οὕτω
1292 4259 1429 4334 πρὸς
1466 4260 1535 4315 τά
1568 4260 1689 4317 θεῖα
1709 4262 1868 4332 λόγια

271 4343 480 4400 εἴλοντο
503 4346 553 4398 οἱ
578 4337 690 4416 ⁵τῆς
732 4347 999 4423 πονηρίας
1039 4347 1351 4402 διδάσκαλοι
1388 4349 1675 4420 δαίμονες;
1721 4352 1864 4406 Ἀλλ’

270 4433 413 4505 ὅπερ
444 4433 604 4505 ιφην,
636 4433 700 4486 τὸ
727 4433 829 4503 μὲν
865 4434 1126 4506 δαίμονας
1170 4436 1266 4489 καὶ
1300 4435 1626 4508 ἀνθρώπους
1670 4439 1865 4505 ἄλλους

269 4517 554 4592 δαίμονας,
575 4523 704 4587 τοὺς
731 4522 1002 4594 Ἕλληνας
1022 4524 1187 4593 λέγω,
1205 4524 1378 4579 ταῦτα
1405 4526 1710 4594 πείθεσθαι,
1734 4528 1865 4584 θαυ-

274 4609 485 4681 μαστὸν
517 4607 688 4663 οὐδέν·
735 4609 800 4663 τὸ
839 4609 897 4664 δέ
936 4611 1084 4682 ὑμᾶς
1115 4611 1262 4666 οὓτω
1289 4612 1443 4679 θείας
1470 4616 1566 4670 καὶ
1586 4618 1861 4688 σωτηρίου

267 4696 625 4761 διδασκαλίας
683 4696 1098 4766 ἀπολαύοντας,
1153 4702 1449 4773 ἀτιμάζειν
1503 4705 1603 4776 μὲν
1652 4706 1859 4773 ταῦτα,

269 4781 633 4854 προστρέχειν
660 4783 718 4836 δέ
738 4783 969 4853 ἐκείνοις
997 4787 1111 4848 τοῖς
1137 4785 1520 4854 ἀλογωτάτοις,
1557 4789 1653 4842 καὶ
1679 4789 1861 4863 ψυχῆς

268 4866 548 4922 ἀπώλειαν
576 4867 784 4939 έχουσι,
807 4869 966 4923 τοῦτό
992 4871 1110 4924 ἐστι
1132 4871 1194 4924 τὸ
1213 4871 1434 4927 πάντων
1455 4873 1856 4949 χαλεπώτερον.

272 4956 338 5011 Τί
369 4954 482 5027 γάρ
507 4973 610 5026 μοι
629 4956 729 5010 καί
754 4956 899 5024 τοὺς
922 4956 1039 5023 ἔξω
1065 4959 1297 5028 κρίνειν
1312 4977 1333 5027 ;
1371 4961 1528 5031 Ἐμοὶ
1552 4963 1693 5028 τέως
1718 4965 1859 5037 πρὸς

265 5045 416 5114 ὑμᾶς
444 5047 592 5098 ἐστιν
611 5047 642 5098 6
675 5044 853 5113 λόγος,
885 5045 955 5100 τά
987 5048 1124 5119 μέλη
1171 5048 1267 5104 τοῦ
1297 5048 1558 5122 Χριστοῦ,
1597 5051 1667 5105 τά
1688 5053 1858 5107 τέκνα

262 5131 368 5200 τῆς
393 5132 742 5204 Ἐκκλησίας,
761 5135 887 5198 τοὺς
907 5136 968 5189 ἐν
995 5135 1074 5206 τῷ
1096 5137 1351 5208 πατρικῷ
1378 5139 1512 5209 οῐκῳ
1529 5155 1601 5191 πα
1611 5140 1856 5212 ιδευομέ-

264 5237 414 5283 νους,
455 5221 585 5284 τοὺς
613 5222 881 5293 οὐρανίων
916 5224 1289 5290 ἀπολαύοντας
1321 5226 1686 5298 διδαγμάτων,
1728 5232 1856 5296 τοὺς

262 5307 504 5380 τοσαύτῃ
532 5309 866 5378 τιμηθέντας
885 5314 1039 5382 τιμῇ.
1069 5311 1168 5364 Διά
1184 5312 1343 5365 τοῦτο
1375 5313 1564 5377 στένω,
1587 5314 1677 5368 διά
1694 5313 1855 5371 τοῦτο

261 5395 487 5466 δακρύω
518 5397 611 5449 καὶ
642 5395 848 5468 θρηνῶ·
873 5394 1088 5469 θρήνων
1109 5398 1218 5470 γάρ
1239 5398 1409 5464 ὅντως
1440 5400 1587 5467 ἀξια,
1613 5403 1742 5458 ὅταν
1771 5422 1854 5469 τις

263 5483 404 5555 μηδὲ
443 5483 778 5555 συγγνώμης
820 5485 946 5550 ἄξια
990 5485 1163 5559 πίπτῃ
1207 5486 1499 5558 πτώματα.
1554 5491 1691 5546 Ποία
1719 5491 1849 5563 γάρ,

258 5573 384 5626 εἰπέ
415 5589 530 5643 μοι,
554 5571 876 5645 συγγνώμη,
908 5574 1036 5628 ὅταν
1062 5575 1432 5654 ἀποφαίνηται
1457 5578 1591 5642 Θεὸς
1620 5581 1714 5634 καὶ
1742 5582 1853 5637 δαί-

322 5726 348 5754 ⁶
373 5724 460 5775 Sic
477 5723 614 5776 Colb.
640 5723 696 5773 In
715 5724 889 5775 Morel.
913 5739 1033 5777 vero
1053 5729 1133 5776 καὶ
1153 5729 1242 5777 οὐκ
1262 5728 1535 5779 ἐπιστεύετο
1559 5730 1722 5782 ἀθεεὶ.

319 5786 348 5827 δ
377 5784 444 5835 lla
464 5785 602 5836 Cnlb.
630 5786 685 5834 In
705 5785 853 5836 editis
877 5789 978 5837 haec
1000 5791 1166 5839 vitiata
1188 5797 1346 5838 erant.

318 5855 338 5880 τ’
373 5850 456 5900 Sic
473 5855 616 5900 recte
644 5848 862 5902 Colbert.
897 5850 1025 5901 Edit.
1053 5864 1172 5902 vero
1195 5854 1281 5901 κᾶν
1305 5855 1671 5923 σπουδάσωμεν.

756 6148 794 6170 η

1406 379 1494 435 DE
1531 379 1714 437 ΕΑΤο
1751 379 1840 436 ΕΤ
1881 375 2366 434 ΡιιονιῡΕΝτιΑ.
2409 373 2473 431 11.

3458 379 3562 434 ’ῐϋίὶ

1979 510 2139 563 μονες
2166 490 2660 561 ἀντιφθέγγωνται,
2693 489 2786 542 καὶ
2807 484 3223 556 ἀξιοπιστότερα
3416 485 3568 554 παρά

1974 581 2085 635 τῶν
2123 579 2341 634 οἰκείων
2364 577 2458 632 τοῦ
2481 567 2624 632 Θεοῦ
2642 578 2710 631 τά
2743 577 2872 648 παρ’
2888 575 3112 630 ἐκείνων
3145 572 3450 642 λεγόμενας
3473 572 3567 641 Μὴ

1975 667 2085 739 γὰρ
2105 667 2399 738 λογισμοὺς
2419 666 2678 737 κινοῦμεν
2694 665 2808 728 νῦν,
2828 663 2966 718 ἀλλά
2987 662 3127 727 τέως
3146 661 3246 732 τὴν
3266 658 3572 730 ἰταμότητα

1976 757 2084 812 τῶν
2129 755 2358 819 ἐκείνοις
2397 741 2734 827 πειθομένων
2786 753 3055 825 δείξομεν.
3116 751 3175 803 '0
3217 747 3349 812 Θεὸς
3388 746 3571 814 λέγει,

1976 842 2292 913 Παρέθηκά
2319 856 2420 896 σοι
2463 841 2585 911 πῦρ
2625 840 2727 896 καὶ
2759 841 2938 908 ὕδωρ,
2990 838 3108 907 τὴν
3146 835 3302 903 ᾇυὴν
3332 833 3430 888 καί
3463 833 3573 886 τὸν

1976 932 2260 994 θάνατον,
2290 927 2363 987 οὗ
2387 928 2497 984 ἐὰν
2524 929 2708 998 θέλῃς
2734 928 3008 982 ἔκτεινόν
3032 941 3150 980 σου
3174 922 3290 992 τὴν
3319 923 3507 992 χεῖρα·
3542 920 3571 971 6
3608 991 3630 1006 ἵ

1976 1018 2189 1090 δαίμων
2209 1017 2387 1086 λέγει,
2411 1017 2494 1070 ὅτι
2526 1016 2628 1070 οὐκ
2675 1015 2825 1070 ἔστιν
2861 1016 2920 1068 ἐν
2955 1016 3041 1067 σοὶ
3082 1012 3146 1066 τὸ
3178 1009 3443 1065 ἐκτείνειν
3472 1006 3574 1077 τὴν

1975 1106 2158 1178 χεῖρα.
2186 1105 2302 1159 ἀλλ’
2331 1105 2548 1176 ἀνάγκη
2579 1103 2686 1157 τινὶ
2720 1103 2818 1158 καὶ
2850 1102 2963 1173 βίᾳ.
3003 1100 3116 1154 Καὶ
3151 1095 3575 1165 ἀξιοπιστότερα

1975 1190 2116 1247 εἴναὶ
2148 1210 2230 1247 σοι
2255 1193 2424 1257 δοκεῖ,
2454 1193 2551 1246 καὶ
2575 1192 2636 1245 οὐ
2656 1192 2717 1245 τὸ
2763 1191 2927 1262 μέσον
2953 1189 3060 1244 τῶν
3088 1184 3576 1258 συμϐουλευόντων
3674 1214 3677 1216 -

1976 1284 2139 1344 νοεῖς,
2161 1282 2245 1334 ὅτι
2265 1283 2293 1334 6
2319 1281 2417 1351 μὲν
2443 1279 2598 1344 Θεὸς,
2621 1281 2650 1332 ό
2677 1279 2736 1333 δέ
2777 1278 3009 1348 δαίμων·
3043 1276 3102 1329 ού
3132 1273 3235 1344 τῆς
3261 1290 3324 1326 συ
3335 1270 3577 1342 μϐουλῆς

1975 1368 2039 1422 τὸ
2065 1369 2323 1441 διάφορον
2357 1364 2659 1435 ἐξετάζεις,
2681 1366 2762 1420 ὅτι
2790 1365 2853 1420 τὸ
2885 1365 2984 1435 μέν
3017 1363 3285 1435 σωτήριον
3311 1360 3408 1415 καί⁵
3437 1357 3574 1431 πρὸς

1977 1456 2181 1527 ἀρετὴν
2207 1455 2385 1520 καλεῖ,
2413 1456 2475 1509 τὸ
2517 1455 2576 1510 δέ
2603 1455 2775 1518 δντως
2815 1455 2913 1509 καὶ
2938 1452 3255 1524 δαιμονικὸν
3287 1448 3382 1503 καὶ
3421 1447 3572 1521 [759]

1978 1544 2116 1615 πρὸς
2143 1543 2344 1599 κακίαν
2383 1544 2480 1598 καὶ
2512 1541 2800 1614 πονηρίαν·
2829 1542 2889 1595 οὐ
2915 1540 2986 1595 τά
3012 1540 3167 1610 παρά
3195 1536 3290 1593 τοῦ
3319 1534 3457 1590 Θεοῦ
3491 1551 3574 1587 σοι

1976 1632 2339 1703 γεγενημένα,
2379 1633 2474 1686 καὶ
2502 1631 2569 1686 τὰ
2600 1631 2751 1704 παρά
2791 1630 2886 1685 τοῦ
2920 1630 3178 1700 δαίμονος
3211 1628 3457 1690 σκοπεῖς,
3490 1625 3575 1679 ὅτι

1976 1721 2007 1774 6
2036 1721 2137 1791 μὲν
2153 1720 2297 1775 οὕτω
2325 1736 2386 1774 σε
2413 1719 2693 1791 ἐφίλησεν,
2725 1719 2804 1782 ώς
2841 1717 3053 1772 καὶτὸν
3082 1715 3368 1785 Μονογενῆ
3387 1712 3576 1768 δοῦναι

1978 1807 2120 1878 ὑπὲρ
2155 1807 2274 1871 σοῦ,
2303 1799 2364 1863 οῦ
2386 1805 2717 1878 τιμιώτερον
2740 1804 2896 1860 οὐδὲν
2926 1799 2996 1876 ἦν
3028 1803 3107 1876 τῷ
3136 1803 3336 1874 Πατρί,
3367 1803 3461 1856 καὶ
3489 1801 3572 1854 ἐτι

1977 1895 2145 1966 φιλεῖ,
2178 1895 2255 1960 ώς
2283 1895 2381 1949 καί⁵
2399 1896 2738 1966 παρακαλεῖν
2763 1911 2824 1948 σε
2853 1893 2944 1948 διά
2962 1893 3071 1947 τῶν
3095 1890 3412 1948 ἀποστόλων
3433 1889 3575 1960 ὑπὲρ

1975 1983 2076 2055 τῆς
2108 1984 2209 2054 σῆς
2239 1983 2538 2055 σωτηρίας,
2565 1983 2661 2037 καὶ
2692 1982 2872 2036 πάντα
2908 1982 3072 2034 ποιεῖ·
3109 1980 3138 2033 6
3164 1979 3221 2033 δέ
3245 1978 3417 2043 οῦτως
3447 1977 3574 2048 ἐμί-

1977 2088 2114 2142 σησε
2143 2072 2236 2127 καὶ
2265 2075 2436 2143 μισεῖ,
2472 2072 2550 2136 ώς
2590 2070 2680 2125 διά
2723 2071 2943 2125 πάντων
2971 2086 3055 2122 σοι
3086 2068 3348 2138 πολεμεῖν
3374 2067 3469 2120 καί
3498 2064 3575 2136 μὴ

1979 2160 2141 2230 μόνον
2172 2159 2327 2213 ούδέν
2371 2158 2574 2213 διδόναι
2625 2159 2897 2232 χρηστὸν,
2944 2157 3082 2212 ἀλλά
3125 2156 3220 2210 καί
3257 2147 3332 2209 ὧν
3382 2153 3576 2217 ἔλαϐες

1977 2247 2130 2320 παρά
2158 2246 2254 2301 τοῦ
2293 2246 2450 2314 Θεοῦ,
2486 2247 2582 2302 καὶ
2627 2247 2832 2303 τούτων
2873 2246 3171 2317 πειρᾶσθαι
3212 2242 3516 2298 ἐκϐάλλειν·
3545 2243 3578 2297 6

1980 2335 2080 2407 μὲν
2097 2334 2353 2404 ἀγγέλοις
2377 2352 2436 2389 σε
2461 2335 2576 2389 ῐσον
2598 2336 2822 2407 ποιῆσαι
2847 2334 3202 2398 ἐσπούδασεν,
3223 2333 3251 2386 6
3270 2331 3328 2385 δὲ
3353 2331 3464 2386 τῶν
3485 2347 3578 2402 χα-

1979 2423 2079 2494 μαὶ
2112 2421 2440 2494 βαδιζόντων
2468 2423 2797 2494 ἀτιμότερόν
2826 2440 2886 2476 σε
2908 2423 3268 2494 κατέστησεν,
3286 2418 3487 2483 αὐτούς
3515 2435 3576 2473 τε

1977 2513 2038 2566 σέ
2063 2513 2394 2583 προσκυνεῖν
2438 2512 2779 2566 ἀντέπεισεν·
2815 2513 2845 2566 6
2872 2514 2970 2584 μὲν
2992 2512 3071 2575 εἰς
3099 2509 3380 2583 βασιλείαν
3409 2509 3577 2580 ούρα-

1973 2598 2084 2654 νῶν
2108 2598 2257 2654 ῑλκει
2295 2600 2392 2655 καὶ
2418 2598 2520 2664 τάς
2554 2599 2721 2655 ἄλλας
2751 2599 2936 2670 τιμάς,
2971 2601 3000 2653 6
3017 2599 3074 2652 δὲ
3101 2599 3196 2654 καὶ
3220 2598 3319 2670 τῆς
3342 2595 3578 2651 ἐνταῦθά

1975 2705 2060 2741 σοι
2086 2688 2337 2760 δοθείσης
2365 2687 2665 2758 ἐφθόνησε,
2696 2688 2792 2742 καὶ
2821 2688 2882 2742 οὐ
2907 2688 3175 2759 πρότερον
3203 2684 3574 2756 ἀπέστη,ῑως

1974 2776 2252 2844 ἐξέϐαλεν.
2289 2776 2355 2831 Εἰ
2383 2777 2495 2849 γάρ
2525 2778 2622 2832 καὶ
2645 2777 2717 2832 τά
2745 2777 2994 2848 δόγματα
3027 2777 3087 2830 οὐ
3121 2775 3355 2830 δύνασθε
3398 2774 3572 2830 αὑτοῦ

1975 2868 2230 2938 συνορᾷν,
2249 2866 2428 2919 καίτοι
2453 2867 2608 2937 ἡλίου
2633 2866 2947 2936 σαφέστερα
2973 2867 3087 2929 τοῖς
3117 2864 3191 2936 μὴ
3217 2862 3586 2936 νωθεστέροις-

1972 2953 2143 3007 ἐστίν·
2171 2952 2317 3008 οὕτω
2349 2955 2446 3008 καὶ⁸
2474 2955 2647 3009 ταῦτα
2670 2955 2738 3008 τά
2759 2954 2852 3008 τοῦ
2879 2954 3016 3009 Θεοῦ
3042 2953 3311 3025 πρόδηλον
3339 2952 3450 3025 ἔχει
3473 2952 3573 3022 τὴν

1972 3042 2175 3114 ἀρετὴν
2201 3046 2297 3097 καὶ
2335 3042 2434 3114 τὴν
2469 3044 2768 3116 σωτηρίαν,
2805 3044 3038 3098 κάκεῖνα
3067 3043 3166 3114 τὴν
3200 3042 3422 3097 κακίαν·
3455 3042 3571 3098 ἀλλ’

1971 3130 2124 3200 ὅμως
2158 3131 2207 3183 εἰ
2263 3132 2402 3201 πρὸς
2453 3131 2595 3186 αὑτά
2627 3132 2704 3203 μὴ
2760 3130 2988 3186 δύνασθε
3024 3131 3277 3194 συνιδεῖν,
3323 3129 3426 3184 κᾶν
3464 3130 3573 3184 ἀπὸ

1969 3215 2081 3270 τῶν
2104 3215 2585 3288 συμϐουλευόντων
2625 3218 2826 3289 μάθετε
2851 3219 2913 3272 τὸ
2943 3219 3212 3290 σωτήριον
3239 3218 3416 3273 καὶτὸ
3443 3216 3572 3288 βλα-

1972 3302 2153 3375 ϐερόν.
2183 3303 2309 3369 Πῶς
2328 3304 2440 3377 γάρ
2469 3305 2572 3359 οὒκ
2600 3306 2800 3361 ἄτοπον
2827 3305 2919 3359 ἐπ)⁸
2956 3306 3055 3376 μὲν
3079 3305 3189 3360 τῶν
3218 3305 3393 3360 ἄλλων
3425 3322 3572 3379 πρα-

1972 3392 2203 3462 γμάτων
2236 3393 2407 3466 ταύτῃ
2454 3393 2762 3466 κεχρῆσθαι
2810 3397 2878 3466 τῇ
2923 3395 3139 3467 γνώμῃ,
3187 3394 3294 3450 κάν
3353 3395 3453 3466 μὲν
3486 3396 3571 3449 ἰα-

1971 3480 2102 3550 τρὸς
2127 3477 2275 3555 δώσῃ
2310 3480 2419 3534 τινὶ
2460 3481 2648 3547 σιτίον,
2695 3481 2771 3553 μὴ
2813 3481 3306 3554 περιεργάζεσθαι,
3342 3481 3459 3536 ἀλλ’
3495 3481 3572 3546 ὡς

1974 3567 2189 3636 ὑγιείας
2245 3568 2532 3638 ποιητικὸν
2586 3569 2870 3639 δέχεσθαι,
2921 3570 2988 3624 ἂν
3039 3569 3098 3624 δέ
3150 3563 3444 3642 φαρμακὸς
3472 3571 3572 3624 καὶ⁵

1971 3655 2129 3726 γόης,
2164 3653 2239 3727 μὴ
2291 3656 2794 3728 πολυπραγμονεῖν,
2846 3657 2966 3712 ἀλλ’
2996 3657 3073 3722 ὡς
3108 3656 3439 3730 δηλητήριον
3475 3659 3573 3713 καὶ

1975 3742 2237 3815 βλαϐερὸν
2266 3743 2733 3815 ἀποστρέφεσθαι·
2767 3744 2861 3798 ἐπὶ
2890 3745 2949 3799 δὲ
2969 3745 3066 3799 τοῦ
3100 3744 3238 3800 Θεοῦ
3277 3745 3414 3818 μηδέ
3442 3745 3570 3801 τού-

1968 3847 2050 3900 τῳ
2077 3829 2383 3902 κεχρῆσθαι
2428 3831 2507 3901 τῷ
2537 3832 2724 3904 μέσῳς
2769 3832 2948 3887 καίτοι
3003 3834 3245 3905 τοσούτῳ
3300 3834 3462 3888 πλέον
3508 3834 3570 3888 τὸ

1975 3918 2140 3988 μέσον
2177 3919 2316 3973 Θεοῦ
2352 3919 2446 3973 καὶ
2478 3919 2754 3991 δαίμονος,
2791 3921 2824 3990 ἢ
2877 3920 3065 3994 ἰατροῦ
3107 3922 3204 3976 καὶ
3230 3921 3567 3994 φαρμακοῦ.

1970 4007 2095 4062 ὅσον
2125 4005 2248 4061 οὐδὲ
2295 4005 2506 4073 ἔξεστιν
2539 4009 2736 4072 εἰπεῖν,
2787 4008 2907 4062 οὐδὲ
2951 4007 3029 4080 νῷ
3081 4009 3438 4081 παραστῆσαι
3471 4009 3570 4063 καὶ

1969 4093 2136 4167 λόγῳ.
2165 4095 2291 4161 Πῶς
2315 4093 2407 4151 οῦν
2446 4096 2546 4151 οὐκ
2585 4098 2822 4170 ἐσχάτης
2855 4098 3104 4165 ἀτοπίας,
3149 4099 3279 4154 ἔνθα
3313 4099 3412 4171 μὲν
3439 4099 3567 4153 ἐλά-

1971 4202 2157 4255 χιστον
2203 4185 2266 4239 τὸ
2309 4186 2568 4259 διάφορον
2608 4188 2719 4242 τῶν
2766 4189 3118 4260 παρεχόντων
3146 4188 3216 4241 τά
3271 4186 3439 4252 σιτία,
3489 4190 3564 4260 μὴ

1969 4273 2470 4345 πολυπραγμονεῖν,
2516 4274 2656 4328 ἀλλά
2699 4278 2764 4347 τῇ
2815 4277 3061 4347 ποιότητι
3096 4275 3207 4328 τῶν
3254 4274 3565 4347 προσώπων

1968 4361 2090 4415 ἀντὶ
2123 4360 2304 4433 πάσης
2329 4362 2634 4434 κεχρῆσθαι
2661 4363 3032 4427 διδασκαλίας⁹
3063 4363 3192 4417 ἔνθα
3216 4362 3273 4417 δὲ
3307 4362 3563 4426 τοσοῦτον

1967 4449 2029 4503 τὸ
2058 4450 2223 4520 μέσον
2266 4452 2376 4505 τῶν
2404 4452 2902 4524 συμϐουλευόντων,
2962 4453 3124 4522 λόγου
3185 4453 3378 4526 χρείαν
3417 4453 3563 4523 ἐχειν

1967 4539 2106 4609 πρὸς
2126 4539 2188 4592 τὸ
2220 4539 2532 4610 μαθεῖν,ϐτι
2565 4541 2628 4594 τὸ
2652 4541 2751 4612 μὲν
2779 4542 3066 4612 σωτήριον,
3086 4540 3148 4594 τὸ
3176 4541 3232 4594 δὲ
3257 4541 3560 4613 βλαϐερόνς

1966 4628 2081 4700 Μὴ,
2115 4629 2442 4700 παρακαλῶ,
2488 4630 2562 4702 μὴ
2589 4630 2699 4684 τῶν
2749 4629 2958 4699 ἀλόγων
3009 4624 3160 4702 ὦμεν
3201 4631 3558 4704 ἀλογώτεροι,

1966 4715 2082 4769 ἀλλ’
2113 4716 2505 4788 ἀποπηδῶμεν,
2536 4719 2632 4772 καὶ
2672 4717 2748 4790 μὴ
2802 4718 3171 4790 ἐπικλίνωμεν
3201 4720 3300 4784 τὰς
3349 4721 3520 4786 ἀκοάς
3541 4737 3555 4752 ·

1965 4805 2324 4872 Φθείρσυσιν
2356 4804 2472 4874 ἤθη
2506 4807 2742 4875 χρηστὰ
2775 4808 2999 4876 ὁμιλίαι
3028 4809 3243 4862 κακαί·
3288 4811 3382 4863 καὶ
3421 4827 3556 4880 συγ-

1963 4890 2190 4963 γνώμης
2216 4893 2317 4947 οὺκ
2336 4892 2453 4947 ἐστι
2480 4897 2663 4965 τυχεῖν
2684 4896 2810 4959 τοὺς
2831 4895 3232 4966 ἀπατηθέντας.
3259 4899 3416 4963 Τίνος
3445 4900 3554 4972 γάρ

1963 4980 2172 5048 ἕνεκεν,
2202 4981 2268 5035 ἀν
2297 4982 2396 5052 μὲν
2429 4981 2680 5053 λοιμικὸν
2716 4985 2915 5057 χωρίον
2959 4984 3076 5057 ἴδῃς
3128 4987 3223 5039 καὶ
3269 4987 3551 5053 ἐπίνοσον,

1962 5067 2185 5137 φεύγεις
2211 5068 2308 5140 τὴν
2331 5071 2448 5122 ἐκεῖ
2466 5068 2771 5142 διατριϐὴν,
2795 5071 2897 5124 κᾶν
2932 5073 3102 5144 μυρία
3146 5091 3205 5127 σε
3249 5075 3382 5147 ἕλκῃ
3414 5076 3552 5148 πρὸς

1959 5155 2059 5226 τὴν
2078 5155 2292 5227 οἴκησιν
2314 5156 2549 5227 ἐκείνην,
2569 5157 2786 5212 πάντων
2810 5159 2910 5231 τὴν
2939 5159 3031 5213 τοῦ
3060 5160 3312 5232 σώματος
3340 5165 3552 5234 ὑγίειαν

1960 5241 2256 5311 προτιθείς·
2293 5242 2423 5296 ὅταν
2466 5244 2522 5296 δὲ
2567 5242 2727 5313 λόγου
2754 5244 2847 5298 τοῦ
2886 5245 3186 5318 λοιμώδους
3220 5252 3364 5314 τινὲς
3416 5245 3552 5305 ὦσιν

1958 5329 2546 5401 ἐμπεπλησμένοι,καὶ
2585 5335 2916 5403 νοσήματος,
2952 5335 3070 5404 οὺχὶ
3113 5337 3272 5408 σῶμα
3306 5339 3554 5409 διαφθεί-

1959 5435 2144 5488 ροντος
2176 5418 2356 5488 μόνον,
2383 5418 2520 5473 ἀλλά
2544 5420 2640 5473 καὶ
2658 5419 2840 5493 ψυχὴν
2879 5422 3231 5489 ἀπολλύντος,
3265 5428 3362 5480 καὶ
3384 5428 3550 5499 χείρω

1955 5506 2048 5558 καὶ
2073 5505 2414 5577 φαυλοτέραν
2442 5506 2840 5577 ἐργαζομένου,
2871 5511 2971 5564 οὐκ
2998 5512 3288 5584 ἀποπηδᾷς
3307 5533 3322 5577 ;
3339 5516 3550 5574 Ἀκου-

1951 5606 2090 5658 σον,
2111 5593 2243 5662 φησί
2270 5609 2355 5656 τις
2381 5593 2542 5663 σοφὸς
2569 5595 2732 5667 ἀνὴρ,
2751 5596 2832 5664 μὴ
2859 5599 3124 5667 στήσῃς,
3150 5601 3290 5656 ἀλλ’
3310 5603 3548 5672 diram}-

1950 5677 2168 5747 δησον,
2185 5679 2272 5748 μὴ
2293 5682 2684 5752 ἐγγρονίσῃς,
2708 5686 2803 5738 καὶ
2829 5689 2929 5756 τὴν
2965 5687 3312 5762 βραχυτάτην
3334 5693 3393 5747 ἰν
3418 5695 3545 5748 τού-

1948 5782 2064 5829 τοις
2093 5765 2349 5832 δεδοικὼς
2392 5770 2698 5842 διατριϐήν.
2731 5772 2916 5827 Ταῦτα
2949 5775 3005 5828 δὲ
3044 5778 3276 5849 λέγομεν
3297 5823 3311 5847 ,
3349 5781 3412 5835 ού
3443 5783 3544 5852 τὴν

1957 5854 2109 5926 ἰσχὺν
2136 5856 2243 5912 τῶν
2282 5857 2413 5931 παρ’
2460 5857 2691 5924 ἐκείνοις
2743 5860 3030 5933 δογμάτων
3059 5865 3377 5938 δεδοικότες,
3406 5869 3542 5929 ἀλλὰ
