4220 6306
208 342 306 396 ’ῖῖίἻ

217 469 446 515 vestram
469 465 795 515 metuentes.
828 458 989 515 Nobis
1013 458 1154 513 enim
1187 473 1287 529 per
1314 455 1406 513 Dei
1439 457 1663 528 gratiam
1689 458 1812 513 illo-

220 566 335 607 rum
362 551 491 606 scita
519 566 839 607 aranearum
872 553 990 606 telis
1039 550 1384 606 imbecilliora
1429 549 1694 613 videntur,
1726 549 1815 619 qui

219 657 403 698 sumus
427 643 480 697 in
508 641 616 698 fide
639 642 861 706 fundati,
885 643 1091 696 etiamsi
1115 642 1308 696 millies
1335 640 1401 695 ad
1421 655 1579 696 aures
1603 649 1817 696 nostras

221 732 527 800 deczmtent,
577 741 729 788 tanto
775 733 977 803 majore
1020 733 1131 788 risu
1177 748 1208 788 a
1249 732 1405 788 nobis
1450 731 1809 802 excipiuntur,

218 825 366 893 quasi
395 825 571 881 insani
617 833 668 880 et
699 835 880 882 mente
917 827 1057 896 capti
1092 843 1107 880 :
1147 825 1242 880 sed
1271 824 1690 880 imbecillitatem
1719 839 1814 880 ve-

218 923 383 968 stram
415 914 786 970 formidamus.
813 915 998 986 Neque
1021 916 1302 971 adversum
1322 930 1510 970 omnes
1541 913 1657 970 haec
1674 913 1815 979 dico,

222 1007 315 1062 sed
338 1007 598 1065 adversus
618 1023 712 1064 eos
741 1009 830 1078 qui
864 1007 944 1062 his
975 1007 1192 1063 obnoxii
1213 1005 1816 1078 sunt.Quandoquidem

216 1093 416 1152 Ῥιιιιιιιε
445 1098 536 1170 qui
559 1099 736 1154 omnia
755 1097 989 1164 tenebat,
1021 1113 1126 1152 non
1147 1097 1445 1153 doctrinam
1470 1104 1695 1164 tantum,
1725 1096 1819 1152 sed

219 1189 510 1244 verborum
551 1203 756 1260 pugnas
779 1189 1036 1245 adversus
1078 1198 1363 1245 extraneos
1388 1187 1705 1258 discipulum
1731 1187 1822 1242 Ti-

219 1279 498 1333 motheum
521 1277 743 1344 docens,
774 1294 942 1335 vanos
986 1294 1268 1335 sermones
1309 1277 1674 1334 occludendos
1700 1293 1818 1332 mo-

221 1379 312 1424 uet
343 1371 423 1439 (2.
459 1369 589 1424 Tim.
621 1369 674 1425 Ξ.
716 1371 828 1441 16).
862 1370 1034 1426 Breve
1074 1379 1158 1426 est
1192 1371 1316 1426 vita:
1355 1379 1553 1425 nostra:
1590 1378 1820 1440 tempus,

220 1462 475 1532 exiguum
503 1461 690 1516 salutis
718 1463 1065 1517 curriculum.
1095 1461 1153 1519 Si
1172 1476 1302 1533 ergo
1327 1461 1490 1518 breve
1520 1461 1648 1518 illud
1677 1471 1816 1516 tem-

222 1569 324 1623 pus
353 1552 509 1608 nobis
535 1552 600 1607 ad
629 1553 946 1610 discendum
993 1553 1140 1608 utilia
1182 1567 1521 1618 concessum,
1555 1554 1609 1608 in
1639 1568 1826 1624 super-

224 1657 512 1709 vacaneas,
545 1643 761 1700 inutiles
807 1651 861 1699 et
903 1646 1090 1700 noxias
1125 1643 1430 1716 disciplinas
1469 1645 1823 1713 insumamus,

221 1733 568 1803 quandouam
610 1732 784 1788 aderit
824 1734 966 1789 aliud
1008 1744 1218 1806 tempus
1267 1734 1333 1792 ad
1373 1734 1687 1791 discendum
1738 1751 1823 1804 ea,

221 1839 347 1893 quze
390 1823 694 1879 necessaria
740 1834 865 1879 sunt
907 1833 962 1880 et
1002 1834 1192 1896 urgent
1248 1826 1524 1880 maxime?
1577 1825 1738 1896 Atqui
1782 1826 1829 1880 si

221 1916 387 1970 etiam
413 1915 782 1986 longissimum
800 1926 966 1983 esset,
992 1925 1160 1971 totum
1185 1928 1327 1973 esset
1351 1917 1568 1972 utilibus
1589 1917 1642 1972 in
1670 1917 1828 1972 rebus

225 2009 640 2065 insumendum:
666 2024 787 2065 cum
809 2019 986 2065 autem
1018 2010 1180 2066 breve
1216 2010 1289 2065 sit
1316 2020 1370 2065 et
1397 2010 1666 2082 exiguum,
1696 2025 1830 2080 quo-

225 2099 391 2155 modo
417 2116 522 2155 non
550 2110 809 2158 extrema:
835 2101 1330 2168 dementia-fuerit,
1361 2101 1479 2172 ejus
1508 2101 1828 2157 brevitatem

224 2193 280 2248 in
326 2193 639 2264 disciplinas
671 2195 865 2251 anima:
913 2207 1113 2251 nostra:
1150 2196 1476 2266 perniciosas
1517 2198 1831 2252 insumere?

227 2285 368 2354 Quid
396 2286 658 2341 medicina
690 2295 825 2356 Opus
861 2300 942 2342 est
974 2287 1106 2342 tibi?
1139 2301 1210 2342 ne
1241 2287 1471 2358 accipias
1501 2289 1734 2359 plagam,
1766 2304 1834 2342 ne

228 2389 443 2448 tempus
465 2379 718 2434 absumas
739 2379 791 2432 in
819 2380 881 2434 iis
908 2379 1180 2446 sanandis,
1213 2395 1344 2450 quas
1375 2379 1443 2434 ab
1458 2380 1577 2435 aliis
1597 2382 1828 2450 accipis:

1315 342 1404 398 DE
1447 342 1628 398 FATO
1669 342 1756 398 ΕΤ
1788 342 2271 400 ΡΗΟῪἸΟΕΝΤΙᾹ.
2315 340 2398 397 lli.

3420 341 3528 396 733

1921 473 1950 511 a
1977 456 2172 512 divinis
2200 453 2491 526 Scripturis
2523 455 2804 508 sanitatem
2835 469 3120 523 compara;
3164 454 3207 508 si
3236 457 3532 510 accesserit

1922 549 2110 620 aliquis
2139 549 2312 602 aliena
2341 546 2560 608 docens.
2593 560 2751 601 aures
2787 546 3009 610 obtura;
3037 545 3216 600 statim
3261 543 3425 608 resili,
3461 561 3528 600 ne

1923 640 2211 694 cunetcris.
2245 638 2301 694 Si
2336 647 2522 693 contra
2551 635 2912 707 imperatores
2950 636 3234 698 consilium
3279 635 3524 700 iniretur,

1925 748 2030 786 non
2061 730 2430 786 committeres
2455 739 2511 784 ut
2551 729 2603 783 in
2630 727 2896 798 ejusmodi
2933 742 3190 785 consessu
3221 727 3396 783 locum
3429 726 3526 781 ba-

1925 824 2103 888 bercs,
2135 823 2332 893 quippe
2373 823 2464 893 qui
2494 822 2578 876 vel
2621 837 2685 878 ex
2715 821 2898 876 auditu
2938 837 3140 888 rerum,
3181 820 3390 876 etiamsi
3422 835 3528 876 non

1925 914 2235 969 assentiaris
2256 956 2272 977 ,
2319 913 2372 968 in
2419 913 2714 983 periculum
2767 912 2988 967 omnino
3022 912 3234 968 venires
3267 929 3280 966 :
3313 911 3530 983 quando

1925 1013 2109 1061 contra
2142 1005 2308 1061 Deum
2336 1004 2533 1075 aliquid
2559 1004 2754 1060 dicitur
2777 1003 3114 1075 agitaturque
3138 1003 3330 1075 dogma
3363 1019 3527 1058 accu-

1926 1097 2134 1153 satione
2163 1096 2379 1166 plenum
2405 1095 2662 1152 adversus
2702 1096 2872 1162 illum,
2901 1109 3078 1150 annon
3110 1092 3303 1165 fugies,
3344 1109 3527 1148 annon

1927 1190 2246 1246 maledicam
2276 1191 2508 1261 linguam
2539 1190 2897 1254 aversaberis,
2928 1203 3107 1244 annon
3134 1189 3295 1259 impia
3316 1204 3409 1244 ora
3437 1188 3537 1243 ob-

1929 1281 2169 1338 turabis?
2212 1281 2278 1336 Et
2302 1280 2573 1352 quomodo
2600 1281 2800 1351 poteris
2826 1296 2948 1337 cum
2980 1280 3190 1355 fiducia
3209 1280 3378 1336 Deum
3408 1293 3534 1348 pre-

1928 1374 2060 1438 cari,
2089 1373 2182 1444 qui
2213 1374 2266 1428 in
2315 1388 2436 1428 eum
2468 1373 2786 1442 jactatarum
2831 1373 3219 1428 calumniarum
3263 1371 3534 1440 particeps

1930 1467 2126 1522 fueris?
2152 1466 2247 1531 Ne,
2280 1480 2484 1536 quaeso,
2534 1466 2585 1521 id
2635 1467 2864 1522 eveniat.
2923 1465 3050 1521 Hcce
3101 1481 3132 1521 a
3181 1481 3268 1521 me
3313 1481 3419 1520 non
3466 1464 3534 1519 ad

1929 1565 2224 1627 praesentes
2270 1555 2412 1612 dicta
2468 1566 2640 1622 sunt;
2697 1557 2806 1611 imo
2858 1557 3036 1627 potius
3094 1555 3161 1610 ad
3217 1564 3532 1626 przesentes.

1931 1647 2154 1704 Etiamsi
2180 1649 2322 1704 enim
2352 1664 2446 1705 vos
2467 1649 2688 1716 innoxii,
2717 1649 2760 1704 si
2787 1664 2922 1719 quos
2952 1647 3207 1704 noveritis
3227 1647 3537 1703 lmernorho

1933 1731 2237 1796 laborantes
2258 1781 2273 1808 ,
2331 1741 2414 1796 his
2462 1740 2808 1811 pluribusque
2850 1740 2967 1795 aliis
2992 1740 3301 1795 contendite
3329 1739 3531 1802 verbis,

1935 1841 1992 1887 ut
2035 1832 2233 1886 malum
2282 1833 2535 1889 radicitus
2564 1834 2827 1888 evellatis.
2887 1831 2941 1887 Id
2989 1847 3116 1887 vero
3158 1830 3242 1886 fiat
3290 1830 3538 1900 precibus

1936 1932 2242 1978 sanctorum
2271 1934 2323 1980 et
2351 1925 2644 1981 amicorum
2676 1924 2770 1978 Dei
2802 1942 2814 1977 :
2849 1939 2955 1981 non
2989 1923 3132 1978 enim
3179 1931 3382 1977 tantum
3429 1936 3530 1976 uo-

1937 2026 2045 2071 stra
2095 2017 2255 2072 verba
2309 2017 2533 2084 valent,
2583 2026 2840 2088 quantum
2913 2015 3125 2069 illorum
3180 2004 3536 2084 precationes.

1939 2106 2092 2162 Faxit
2147 2108 2288 2163 Deus
2333 2117 2388 2162 ut
2439 2121 2537 2162 nos
2591 2121 2798 2172 omnes,
2831 2115 2884 2160 et
2925 2111 3186 2174 quotquot
3226 2103 3293 2158 ad
3339 2103 3530 2159 Eccle-

1938 2203 2032 2257 sia:
2096 2200 2483 2270 plenitudinem
2545 2200 2856 2270 pertinent,
2926 2197 3009 2251 his
3061 2197 3271 2251 liberati
3340 2195 3540 2260 malis,

1940 2303 2060 2348 eum
2101 2292 2292 2348 ﬁducia
2330 2301 2532 2348 stemus
2572 2303 2694 2348 ante
2733 2291 2964 2346 tribunal
2994 2290 3217 2354 Christi,
3242 2291 3326 2344 cui
3353 2289 3541 2360 gloria.

1943 2385 2137 2438 Amen.

1097 2617 1258 2700 DE
1313 2617 1616 2702 FATO
1663 2621 1812 2701 ET
1849 2621 2678 2704 PROVIDENTIA.

1637 2778 2143 2859 Mm»-

880 2931 1078 2973 OBATIO
1117 2933 1191 2971 ιιι.

312 3011 444 3067 Νυνί
495 3027 581 3066 me
628 3024 799 3078 nuper
836 3009 976 3078 apud
1023 3019 1251 3063 vestram
1297 3007 1574 3062 caritatem
1619 3007 1684 3063 de
1729 3009 1837 3063 fato

236 3105 405 3161 verba
437 3102 654 3167 fecisse,
685 3101 924 3171 nihilque
953 3101 1203 3174 prohibet
1230 3101 1518 3170 quominus
1547 3101 1613 3155 de
1638 3100 1828 3154 eodem

235 3204 557 3267 argumento
589 3194 752 3248 etiam
796 3193 954 3247 hodie
979 3206 1286 3247 sermonem
1317 3191 1655 3245 instituamus
1687 3209 1699 3243 :
1731 3206 1836 3244 non

238 3287 384 3359 quod
414 3285 634 3341 morbus
660 3285 727 3338 sit
759 3284 828 3338 ita
858 3283 1065 3337 validus
1091 3324 1105 3346 ,
1157 3282 1250 3337 scd
1283 3283 1425 3352 quod
1465 3277 1706 3336 socordia
1738 3296 1841 3334 no-

237 3387 356 3433 stra
391 3378 461 3431 sit
498 3375 859 3446 incredibilis,
905 3389 1026 3444 quis
1070 3373 1153 3428 vel
1201 3373 1450 3426 minimas
1499 3372 1840 3442 aegritudines

241 3483 564 3542 permagnas
612 3467 789 3523 faciat.
844 3466 1116 3537 Siquidem
1164 3474 1219 3521 et
1260 3480 1404 3521 casco
1439 3464 1488 3519 id
1530 3467 1613 3520 vel
1656 3473 1842 3518 natura

239 3561 593 3630 conspicuum
638 3569 754 3624 est,
807 3557 947 3612 fideli
995 3571 1186 3626 nempe
1231 3571 1404 3625 neque
1452 3555 1632 3610 verbis
1672 3571 1844 3624 neque

241 3652 490 3707 doctrina
541 3665 677 3720 opus
716 3664 834 3704 esse
860 3691 874 3716 ,
915 3657 972 3702 ut
1005 3648 1203 3702 malum
1244 3646 1345 3701 hoc
1374 3645 1608 3716 eiTttgiut.
1641 3646 1844 3712 Quem-

243 3745 536 3798 admodum
586 3742 730 3797 enim
781 3741 862 3808 ei,
910 3741 997 3809 qui
1042 3749 1235 3794 terram
1282 3747 1518 3792 nostram
1563 3738 1844 3804 inhabitet,

244 3835 458 3906 legibus
485 3833 682 3887 nostris
711 3840 925 3897 utatur,
973 3830 1191 3900 regibus
1241 3829 1430 3884 iisdem
1476 3837 1690 3899 pareat,
1740 3843 1847 3886 non

248 3942 475 3983 necesse
503 3935 585 3980 est
615 3923 957 3994 persuaderi,
998 3937 1066 3976 ne
1105 3923 1388 3976 Persarum
1441 3921 1678 3974 instituta
1709 3921 1847 3989 apud

248 4035 352 4073 nos
380 4017 623 4079 inducat,
665 4015 760 4070 sed
790 4015 958 4070 semel
988 4013 1263 4084 prohiberi
1294 4023 1498 4068 tantum
1528 4013 1644 4068 :sic
1668 4011 1850 4068 ethoc

250 4112 375 4166 loco
421 4107 743 4163 faciendum.
793 4106 926 4161 Nam
957 4105 1097 4176 quod
1129 4106 1194 4160 ad
1223 4112 1441 4175 peccata
1462 4104 1699 4161 cavenda
1731 4119 1852 4173 per-

251 4203 420 4267 tinet,
471 4199 572 4254 alia
613 4197 827 4269 quidem
877 4207 1004 4252 sunt
1048 4212 1168 4267 qua:
1211 4211 1461 4252 sermone
1498 4195 1851 4264 doctrinaque

249 4301 437 4363 egent,
469 4292 570 4346 alia
597 4306 724 4345 vero
752 4291 819 4343 ita
847 4290 1125 4344 manifesta
1152 4297 1208 4344 et
1229 4289 1392 4354 clara,
1426 4297 1485 4342 ut
1510 4298 1653 4342 metu
1678 4287 1852 4341 solum

249 4401 318 4440 ac
359 4383 620 4454 supplicio
663 4390 1015 4436 coerceantur
1045 4400 1058 4435 :
1091 4381 1241 4451 cujus
1280 4381 1492 4449 generis
1532 4388 1676 4441 sunt,
1706 4377 1852 4433 occi-

249 4478 410 4540 dere,
442 4474 763 4529 adulterium
790 4473 1097 4536 admittere,
1127 4472 1312 4534 furari,
1333 4487 1452 4542 qua:
1476 4471 1718 4526 oratione
1748 4485 1855 4524 non

249 4575 440 4639 egent.
485 4564 847 4632 Quamobrem
891 4563 1164 4634 legislator
1194 4578 1302 4618 non
1341 4563 1641 4618 doctrinam
1683 4563 1859 4631 posuit

251 4673 364 4730 qua
392 4671 552 4711 aures
593 4664 792 4710 nostra:
835 4663 1217 4725 pcrsonarent,
1263 4664 1315 4708 ει
1356 4669 1470 4708 rem
1513 4668 1632 4708 esse
1661 4653 1856 4707 malam

254 4748 589 4806 indicaretur
621 4766 632 4801 :
665 4745 792 4802 illud
840 4747 982 4801 enim
1034 4746 1144 4815 jam
1188 4746 1568 4815 cogitationem
1621 4757 1858 4800 nostram

250 4846 748 4914 prmoccnpaverat;
779 4837 872 4892 sed
899 4837 1069 4892 solum
1092 4835 1378 4908 prohibuit,
1401 4835 1517 4892 Non
1541 4835 1859 4892 adulterium

252 4934 540 5000 admittes,
571 4948 677 4987 non
708 4931 920 4986 occides
947 4929 1124 5002 (Deut.
1157 4931 1212 4985 5.
1242 4931 1331 4984 i7.
1364 4929 1478 5000 i8).
1517 4929 1616 4986 Ubi
1640 4944 1768 4984 vero
1795 4928 1863 4983 de

254 5027 548 5081 viduarum
591 5027 847 5096 deSpectu
874 5069 888 5095 ,
920 5026 1095 5097 deque
1135 5024 1502 5096 depositorum
1533 5027 1722 5081 violata
1760 5027 1863 5081 fide

256 5136 368 5177 nos
393 5119 701 5191 alloquitur,
730 5128 855 5174 tunc
887 5119 1120 5175 rationes
1141 5118 1342 5189 adjicit.
1378 5117 1641 5184 Miserere,
1672 5118 1859 5188 inquit,

254 5215 508 5275 uiduam,
550 5223 597 5267 et
647 5213 944 5265 advenam:
988 5212 1170 5266 etenim
1203 5224 1250 5264 et
1290 5223 1343 5264 tu
1388 5211 1582 5265 advena
1627 5213 1768 5282 fuisti
1813 5213 1866 5265 in

258 5317 406 5362 terra
444 5302 665 5376 χεριαριὶ
696 5302 874 5376 (Deut.
905 5304 990 5358 10.
1023 5304 1135 5374 18).
1196 5303 1476 5359 Sabbatum
1515 5306 1684 5374 requie
1732 5305 1860 5371 cole,

256 5397 445 5468 inquit
491 5395 701 5468 (Exod.
746 5394 838 5450 20.
887 5395 972 5451 10.
1014 5406 1063 5451 et
1097 5396 1187 5452 5i.
1218 5397 1359 5466 i3):
1404 5396 1598 5452 deinde
1649 5412 1867 5452 oausam

259 5488 426 5545 aﬂ'ert
453 5489 492 5542 ‘.

346 5580 537 5636 Fatum
570 5580 775 5635 omnino
800 5579 1166 5635 deputandum.
1193 5612 1264 5621 —
1293 5581 1483 5637 Fatum
1509 5583 1685 5653 itaque
1710 5599 1868 5638 aver-

261 5655 412 5738 gari,
456 5687 563 5728 nou
607 5681 934 5742 praeceptum
962 5681 1044 5727 cst
1068 5671 1211 5743 quod
1240 5673 1518 5729 ratiocinio
1559 5682 1745 5746 egeat,
1774 5674 1868 5732 sed

337 5793 352 5824 ι
388 5786 527 5849 lllud,
554 5785 732 5838 deinde
754 5799 951 5838 causam
974 5781 1133 5851 0min,
1151 5787 1297 5839 deest
1316 5788 1366 5839 in
1388 5787 1522 5839 Coll).

1944 2936 2009 2974 ex
2057 2921 2161 2976 illis
2207 2924 2504 2993 perspicuis
2542 2933 2646 2979 est.
2693 2923 2826 2977 Nam
2872 2923 3323 2994 quemadmodum
3377 2921 3549 2992 palam

1945 3022 2030 3067 est
2054 3013 2257 3068 caedem
2288 3023 2341 3069 et
2368 3015 2689 3069 adulterium
2719 3030 2838 3069 esse
2880 3015 3018 3068 mala
3059 3022 3114 3069 et
3145 3012 3409 3084 prohibita
3434 3054 3449 3077 ,
3479 3012 3550 3065 ita

1948 3105 2292 3188 perspicuum
2321 3114 2402 3160 est
2431 3104 2596 3160 fatum
2626 3107 2786 3160 etiam
2810 3119 2934 3161 esse
2962 3105 3162 3159 malum
3203 3119 3268 3159 ac
3306 3102 3547 3174 prohibi—

1948 3205 2059 3249 tum
2095 3215 2107 3250 :
2139 3211 2311 3266 neque
2340 3197 2483 3250 enim
2513 3211 2581 3252 ex
2625 3211 2692 3250 eo
2732 3197 2874 3265 quod
2916 3196 3076 3266 aliqui
3116 3196 3212 3265 ipsi
3256 3195 3416 3249 fidem
3458 3193 3554 3247 ha-

1949 3287 2144 3353 beant,
2174 3290 2368 3358 putetis
2404 3289 2577 3358 ipsum
2619 3305 2725 3343 non
2753 3303 2875 3344 esse
2907 3298 3020 3344 rem
3051 3289 3293 3343 vetitam.
3337 3287 3550 3342 Etenim
3593 3293 3596 3296 ’

1948 3391 2002 3436 et
2053 3382 2230 3437 ca‘des
2270 3398 2484 3454 quoque
2526 3391 2804 3455 patratur,
2861 3383 2962 3437 etsi
3004 3382 3211 3452 legibus
3252 3379 3551 3450 prohibita;

1948 3473 2210 3530 adulteria
2242 3476 2366 3529 item
2397 3484 2452 3529 et
2479 3476 2680 3546 rupium
2703 3474 3056 3529 admittuntur
3077 3489 3106 3527 a
3133 3473 3338 3539 multis,
3365 3487 3553 3542 quam-

1948 3567 2030 3622 vis
2052 3569 2236 3621 vetita.
2279 3566 2431 3633 Quod
2459 3568 2601 3622 enim
2644 3567 2867 3637 perinde
2896 3577 3059 3637 atque
3086 3566 3262 3622 ciuiles
3283 3607 3296 3630 ,
3335 3564 3554 3635 genesis

1950 3673 2162 3727 quoque
2190 3658 2397 3727 legibus
2416 3658 2724 3714 Grzccorum
2751 3660 2819 3712 sit
2844 3659 3032 3725 vetita,
3054 3658 3179 3712 hinc
3209 3658 3394 3728 liquet,
3414 3657 3556 3726 quod

1952 3751 1994 3803 si
2025 3751 2145 3820 quis
2185 3751 2448 3805 adulterio
2482 3765 2604 3804 cum
2635 3766 2801 3806 uxore
2842 3750 3142 3819 cuiuspiam
3176 3749 3415 3804 admisso
3439 3789 3454 3814 ,
3501 3748 3554 3801 in

1954 3842 2071 3897 foro
2095 3841 2334 3912 judiciali
2357 3852 2638 3898 accusatus
2669 3842 2865 3897 dixerit
2897 3861 2909 3895 :
2944 3841 3062 3896 Non
3091 3856 3221 3911 ego,
3256 3840 3350 3894 sed
3379 3855 3553 3910 gene-

1954 3937 2028 3990 sis
2061 3952 2201 4008 :ego
2228 3938 2426 4008 quippe
2461 3945 2825 4007 temperanter
2847 3951 3011 4006 agere
3049 3937 3316 3998 volebam,
3345 3934 3439 3994 sed
3472 3934 3560 3988 illa

1957 4042 2044 4082 me
2086 4029 2292 4098 impulit
2327 4046 2338 4082 :
2370 4044 2547 4082 annon
2594 4028 2717 4083 ideo
2756 4029 3029 4099 graviores
3057 4027 3208 4082 dabit
3246 4040 3435 4098 pinnas
3457 4068 3470 4091 ,
3505 4035 3564 4079 ut

1957 4119 2048 4189 qui
2077 4118 2143 4173 ad
2177 4119 2455 4174 ridiculam
2485 4117 2854 4174 defensionem
2884 4117 3216 4188 confugerit?
3257 4133 3325 4170 an
3351 4116 3562 4169 veniam

1959 4199 2264 4281 impetrabit
2283 4211 2306 4265 ?
2325 4210 2664 4282 Neutiquam.
2692 4211 2760 4265 At
2783 4209 3080 4266 secundum
3109 4208 3567 4277 illosimpetrasso

1959 4306 2215 4373 Oportuit.
2269 4304 2328 4359 Si
2368 4304 2512 4358 enim
2544 4305 2768 4374 genesi,
2801 4320 2907 4358 non
2937 4303 3162 4358 arbitrio
3210 4311 3396 4355 nostro
3447 4300 3567 4354 hate

1962 4395 2181 4461 fierent,
2211 4396 2354 4449 nulla
2383 4395 2557 4464 aptior
2582 4395 2827 4450 defensio
2857 4401 3027 4449 esset.
3069 4391 3202 4448 Nam
3236 4393 3280 4446 si
3313 4391 3566 4446 voluntas

1963 4498 2145 4543 nostra
2173 4489 2443 4557 potentior
2460 4489 2526 4541 sit
2550 4487 2756 4556 genesi,
2783 4487 2924 4540 nulla
2948 4487 3160 4557 genesis
3182 4486 3315 4540 erit:
3341 4485 3386 4539 si
3414 4499 3566 4548 vero,

1961 4581 2298 4650 quantumvis
2354 4590 2576 4634 conetur
2627 4578 2927 4648 quispiam,
2978 4592 3206 4632 necesse
3261 4576 3332 4631 sit
3360 4591 3422 4630 ea
3449 4591 3571 4645 quae

1962 4671 2149 4741 genesi
2176 4679 2297 4724 sunt
2321 4671 2581 4740 praefinita
2626 4670 2865 4740 impleri;
2896 4669 3095 4724 frustra
3130 4671 3346 4740 punitur
3367 4667 3480 4732 ille,
3515 4677 3572 4722 et

1968 4765 2121 4819 venia
2148 4765 2196 4818 ei
2229 4775 2491 4835 negatur;
2524 4765 2620 4820 sed
2660 4779 2819 4818 nemo
2855 4765 3007 4819 illum
3051 4778 3224 4834 neque
3255 4778 3314 4816 se
3341 4777 3572 4832 purgan-

1969 4865 2076 4912 tem
2105 4871 2280 4928 ueque
2327 4858 2542 4912 veniam
2593 4857 2966 4924 impetrantem
3013 4855 3195 4911 audiet
3239 4874 3252 4910 :
3285 4857 3355 4910 ita
3392 4870 3479 4909 res
3505 4853 3575 4907 ab

1967 4950 2217 5006 omnibus
2259 4950 2482 5018 explosa
2525 4959 2648 5016 est,
2700 4949 3000 5019 fabulzeque
3045 4963 3108 5004 ac
3148 4963 3408 5018 nugarum
3456 4948 3576 5002 loco

1971 5041 2220 5096 habetur.
2259 5040 2406 5096 Multi
2451 5055 2577 5096 vero
2605 5042 2952 5110 magistratus
2984 5040 3227 5110 (tametsi
3257 5041 3326 5095 ab
3356 5038 3578 5093 homine

1971 5135 2220 5204 quopiam
2243 5133 2286 5188 si
2319 5134 2397 5188 vis
2423 5133 2682 5188 inferatur
2701 5176 2715 5200 ,
2755 5132 2807 5188 id
2848 5149 2948 5188 reo
2973 5132 3040 5186 ad
3069 5132 3435 5188 defensionem
3461 5132 3577 5184 suf-

1974 5228 2136 5291 ficiat,
2171 5229 2279 5281 imo
2307 5229 2485 5297 potius
2512 5227 2715 5281 nullum
2740 5242 2861 5282 esse
2877 5227 3080 5282 crimen
3105 5227 3244 5282 ultra
3274 5225 3576 5292 videatur),

1974 5322 2148 5386 multi,
2177 5321 2415 5391 inquam,
2440 5321 2780 5390 magistratus
2804 5321 2872 5375 de
2899 5320 3097 5389 injusta
3135 5317 3284 5373 emde
3319 5317 3576 5378 accusati,

1973 5429 2160 5484 prunas
2185 5413 2447 5468 dederunt
2477 5430 2490 5464 :
2520 5412 2802 5468 carnifices
2839 5429 3001 5478 vero,
3035 5412 3124 5482 qui
3162 5409 3339 5465 cazdes
3381 5425 3576 5480 perpe-

1976 5488 2158 5568 trant,
2200 5519 2404 5575 suaque
2449 5519 2612 5559 manu
2649 5503 2962 5574 perficiunt,
3001 5504 3067 5558 ad
3095 5503 3330 5558 tribunal
3362 5502 3579 5558 trahere

1978 5599 2059 5654 vel
2099 5599 2536 5668 perquisitionem
2586 5599 2761 5670 facere
2792 5614 2950 5655 nemo
2977 5597 3321 5670 aggrediatur
3343 5639 3357 5662 ,
3391 5607 3579 5668 patru—

1976 5691 2190 5744 ciuaute
2213 5692 2566 5756 necessitate,
2618 5693 2961 5762 magistratus
2999 5692 3335 5756 auctoritate,
3368 5702 3423 5748 et
3453 5695 3584 5746 sub-

1974 5784 2223 5854 jeetionis
2263 5784 2474 5840 timore.
2521 5785 2673 5852 Quod
2710 5786 2754 5840 si
2782 5784 2985 5841 homini
3018 5785 3334 5857 ignoscunt,
3367 5787 3489 5857 quia
3515 5787 3582 5840 al;
