4220 6306
307 355 406 412 τθι

309 471 559 542 attinget.
609 467 740 524 Cum
779 480 908 538 ergo
950 463 1148 521 videris
1183 462 1714 536 quempiamprzeter
1737 458 1912 530 digni-

313 574 476 620 tatem
508 563 831 633 locupletem
857 600 872 622 ,
916 575 982 615 ne
1007 559 1219 614 beatum
1245 555 1523 627 praedices,
1558 570 1625 609 ne
1654 552 1912 608 azmulan-

309 657 439 712 dum
465 666 624 728 putes
642 695 658 720 ,
699 667 872 724 neque
899 651 992 707 Dei
1035 648 1424 720 providentiam
1450 646 1676 702 damnes
1694 685 1710 709 ,
1737 659 1912 712 neque

311 757 470 818 putes
497 756 701 802 temere
720 754 775 799 et
799 758 930 798 casu
978 740 1107 796 ferri
1154 755 1242 796 res
1288 746 1614 809 praesentes,
1655 734 1779 806 quia
1818 733 1911 790 ille

310 839 576 908 quispiam
627 843 826 906 praeter
870 832 1118 888 meritum
1170 829 1409 898 locuples
1454 835 1556 883 est.
1603 823 1912 882 Recordare

311 928 499 985 Lazari
543 937 593 982 et
639 925 822 980 divitis
860 921 1012 995 (Luc.
1043 919 1134 993 l6)
1159 938 1172 974 :
1201 928 1258 975 ut
1303 919 1389 974 hic
1417 917 1632 988 quidem
1663 915 1732 970 ad
1757 930 1910 970 sum-

310 1026 457 1066 mam
486 1025 663 1065 rerum
697 1018 752 1063 et
777 1007 1081 1062 divitiarum
1124 1005 1335 1074 copiam
1389 1000 1737 1072 pervenerit,
1787 1013 1908 1052 cum

307 1110 460 1159 esset
487 1100 720 1156 crudelis
738 1140 752 1163 ,
782 1098 926 1154 ferus
951 1106 1007 1153 et
1044 1097 1401 1160 inhumanus,
1429 1093 1663 1164 ipsisque
1688 1090 1912 1147 canibus

308 1194 583 1251 cfl'eratior
622 1210 636 1248 :
674 1191 939 1261 siquidem
981 1189 1057 1244 illi
1101 1202 1407 1259 pauperem
1435 1184 1828 1242 miserabantur
1855 1190 1911 1237 et

309 1287 616 1351 curabant,
663 1298 764 1340 nec
800 1281 1038 1352 segniter
1082 1280 1266 1341 ulcera
1308 1278 1363 1333 in
1404 1285 1517 1332 toto
1543 1276 1660 1348 ejus
1684 1287 1910 1346 corpore

310 1377 624 1447 lingebant;
683 1376 773 1431 ille
818 1389 950 1430 vero
989 1388 1057 1428 ne
1107 1372 1275 1428 micas
1320 1370 1538 1441 quidem
1584 1367 1682 1437 ipsi
1725 1365 1906 1422 dabat.

307 1465 495 1535 Cogita
517 1479 645 1535 ergo
672 1463 943 1535 quomodo
964 1462 1053 1518 hic
1075 1460 1143 1516 ad
1165 1475 1435 1516 summum
1464 1458 1753 1529 opulentiae
1780 1471 1905 1527 per.

307 1556 554 1622 venerit;
587 1555 674 1611 ille
699 1569 829 1610 vero
857 1569 1060 1624 pauper
1078 1594 1092 1616 ,
1133 1551 1229 1608 sed
1257 1551 1433 1621 reipsa
1459 1549 1609 1605 dives
1627 1590 1642 1615 ,
1671 1557 1727 1603 et
1759 1549 1908 1604 locu-

308 1648 448 1717 ples,
480 1651 531 1701 in
559 1657 864 1704 extremam
895 1646 1128 1716 inopiam
1159 1643 1459 1709 deciderit,
1504 1642 1577 1696 ita
1617 1651 1678 1696 ut
1722 1655 1910 1696 neces-

305 1739 452 1794 sario
478 1739 599 1794 cibo
623 1736 1007 1792 destitueretur
1029 1775 1045 1800 ,
1068 1749 1133 1792 ac
1161 1741 1422 1805 perpetuo
1441 1746 1563 1788 cum
1589 1730 1911 1802 aegritudine

306 1838 366 1885 ct
393 1829 533 1885 fame
559 1829 870 1885 luctaretur.
904 1827 973 1882 Et
1000 1826 1087 1881 hic
1115 1824 1335 1897 quidem
1362 1824 1561 1892 minus,
1592 1837 1753 1892 quam
1782 1834 1911 1876 usus

309 1922 463 1983 tulit,
511 1920 775 1985 habebat,
818 1917 910 1974 ille
953 1933 1084 1972 vero
1127 1917 1264 1971 ultra
1295 1913 1512 1970 modum
1545 1928 1725 1970 rerum
1755 1913 1909 1981 copia

306 2013 584 2068 affluebat.
617 2015 870 2066 Attamen
903 2025 1009 2065 non
1036 2009 1263 2063 moleste
1294 2006 1516 2071 ferebat,
1553 2020 1658 2060 non
1687 2005 1907 2074 impium

306 2108 535 2161 verbum
559 2104 868 2176 proferebat
885 2147 900 2170 ,
925 2119 1030 2159 non
1062 2104 1229 2158 Deum
1259 2102 1567 2167 accusabat,
1599 2115 1706 2154 non
1729 2100 1906 2168 provi-

305 2198 545 2252 dentiam
566 2196 970 2260 criminabatur,
995 2209 1099 2250 non
1127 2193 1238 2248 fato
1261 2193 1377 2247 haec
1399 2191 1731 2246 adseribebat
1763 2207 1777 2254 ;
1810 2205 1911 2244 nec

307 2290 541 2358 cuipiam
581 2276 680 2344 nec
723 2289 824 2342 sibi
872 2287 974 2357 ipsi
1018 2299 1270 2356 umquam
1309 2283 1489 2338 dixit:
1523 2283 1632 2352 Ego
1654 2282 1747 2350 qui
1777 2280 1909 2335 nihil

304 2381 584 2451 speciatim
615 2381 633 2411 ι
661 2380 785 2433 mali
829 2379 926 2435 feci
952 2420 968 2444 ,
1010 2379 1142 2434 tales
1172 2389 1358 2446 poenas
1382 2375 1484 2441 do,
1515 2383 1571 2430 et
1597 2383 1900 2429 extremum

304 2473 601 2528 crueiatum
629 2472 904 2538 suStineo,
937 2470 1076 2526 fame
1108 2468 1425 2533 tabescens,
1462 2465 1778 2538 gravissimo
1808 2464 1909 2520 ab-

302 2571 555 2633 sumptus
580 2563 790 2626 morbo,
821 2561 1073 2631 paulatim
1102 2559 1419 2629 absumptus
1447 2568 1502 2613 et
1527 2557 1790 2618 fcedatus;
1820 2554 1909 2612 hic

306 2670 441 2711 vero
468 2655 620 2710 dives
645 2665 728 2710 est
753 2655 1067 2723 deliciisque
1094 2652 1282 2719 affluit,
1307 2652 1496 2707 alienis
1513 2649 1909 2706 calamitatibus

303 2747 594 2815 opulentus
613 2787 628 2813 ,
669 2746 823 2800 malis
852 2745 1116 2799 insultans
1143 2743 1278 2798 meis
1312 2759 1326 2796 :
1357 2751 1414 2796 rt
1451 2743 1596 2798 hunc
1624 2751 1803 2796 tamen
1829 2741 1911 2794 iu-

303 2837 637 2903 humanum,
690 2836 950 2891 immitem
977 2877 992 2901 ,
1047 2834 1319 2889 crudelem
1361 2843 1418 2888 et
1454 2847 1711 2899 saxeum,
1747 2841 1908 2885 tanta:

303 2928 549 2999 pecunia:
578 2927 851 2982 dominum
881 2925 1009 2981 fecit
1041 2925 1214 2991 Deus;
1270 2939 1358 2979 me
1399 2939 1530 2978 vero
1550 2965 1563 2988 ,
1593 2923 1686 2993 qui
1708 2939 1776 2978 ne
1801 2923 1906 2977 mi-

303 3021 454 3075 nimo
480 3020 697 3090 quidem
729 3019 896 3074 verbo
932 3019 1105 3088 ipsum
1133 3017 1418 3088 provocavi
1443 3059 1458 3082 ,
1493 3025 1573 3071 tot
1599 3016 1756 3071 malis
1784 3030 1910 3071 cru:

301 3110 434 3165 ciari
463 3109 704 3180 permisit
731 3127 746 3164 :
773 3109 1043 3178 quomodo
1073 3107 1188 3163 haec
1207 3106 1354 3177 justo
1383 3107 1475 3162 illo
1495 3106 1700 3176 judicio
1724 3148 1739 3164 .
1774 3121 1908 3175 quo-

307 3200 470 3256 modo
500 3201 830 3270 providentia
866 3209 922 3254 et
944 3214 1071 3255 cura
1103 3199 1272 3254 nostri
1304 3198 1464 3270 digna
1497 3197 1734 3253 fuerint?
1765 3199 1907 3254 Nihil

305 3290 498 3346 borum
531 3293 620 3346 ille
660 3291 818 3347 dixit.
874 3290 977 3358 Qui
1023 3291 1184 3360 igitur
1223 3304 1328 3343 non
1378 3289 1670 3345 absurdum
1720 3289 1902 3357 fuerit,

304 3385 523 3455 quando
548 3385 710 3441 iidem
735 3384 835 3454 ipsi
863 3385 949 3455 qui
973 3384 1114 3438 male
1139 3383 1414 3452 patiuntur
1439 3383 1491 3436 in
1512 3382 1765 3437 omnibus
1798 3382 1908 3438 Deo

307 3477 381 3532 ita
413 3475 756 3542 benedicunt,
785 3486 838 3530 te
867 3475 962 3544 qui
991 3483 1139 3529 extra
1161 3473 1462 3529 certamina
1481 3473 1589 3538 sis,
1617 3472 1686 3526 de
1715 3471 1904 3527 iisdem

307 3569 364 3622 iu
407 3568 576 3622 Deum
604 3566 981 3636 blasphemare
1018 3564 1087 3620 de
1125 3563 1320 3635 quibus
1358 3564 1448 3618 alii
1473 3565 1674 3634 gratias
1701 3563 1907 3633 agunt?

304 3657 409 3724 Qui
437 3657 580 3712 enim
603 3657 744 3712 malo
767 3654 1000 3711 afficitur
1018 3697 1034 3722 ,
1067 3654 1276 3710 etiamsi
1301 3653 1518 3724 aliquod
1551 3653 1773 3708 verbum
1803 3654 1907 3708 du-

305 3764 427 3804 rum
455 3748 775 3819 protulerit,
807 3747 1056 3817 quamvis
1093 3761 1202 3802 non
1239 3754 1441 3799 tantam
1465 3753 1719 3815 quantam
1747 3743 1906 3811 alius,

305 3843 540 3912 aliquam
584 3849 763 3895 tamen
807 3839 1074 3893 minorem
1122 3838 1470 3907 consequitur
1517 3836 1773 3890 veniam:
1818 3836 1908 3906 qui

307 3943 489 3989 autem
519 3941 671 3988 extra
712 3931 1043 3987 calamitates
1067 3939 1315 3985 versatur
1337 3969 1354 3995 ,
1388 3937 1444 3983 et
1471 3928 1695 3982 aliarum
1725 3942 1906 3982 rerum

306 4037 469 4078 musa
499 4023 731 4077 animam
762 4037 913 4076 suam
943 4020 1155 4091 perdit,
1187 4033 1291 4089 qua
1317 4018 1472 4073 venia
1496 4017 1687 4088 dignus
1712 4018 1835 4081 erit,
1859 4015 1906 4070 si

307 4115 379 4172 de
405 4115 510 4170 illis
535 4116 587 4169 in
612 4115 780 4169 Deum
821 4113 1190 4182 blasphemet',
1220 4109 1288 4166 de
1316 4109 1510 4181 quibus
1535 4108 1624 4163 ille
1650 4107 1741 4178 qui
1770 4108 1909 4162 mala

310 4207 543 4276 patitur,
572 4204 770 4275 gratias
807 4204 950 4273 agit,
995 4210 1052 4258 et
1095 4202 1244 4257 illum
1281 4200 1503 4256 laudare
1539 4213 1647 4253 non
1674 4196 1911 4254 desinit?

305 4295 442 4352 Cum
465 4295 666 4350 videris
700 4295 905 4366 justum
944 4293 1081 4348 mala
1110 4292 1402 4363 patientem
1424 4331 1438 4357 ,
1467 4292 1571 4345 hoc
1597 4289 1908 4359 exemplum

308 4388 490 4442 animo
520 4395 705 4456 repete
734 4404 749 4441 :
780 4399 956 4455 neque
981 4384 1123 4439 enim
1153 4382 1244 4437 illo
1282 4380 1570 4451 jusdorem
1601 4381 1909 4451 quempiam

312 4494 455 4533 nunc
480 4477 660 4534 dicere
685 4477 901 4548 possis;
931 4475 983 4530 id
1012 4475 1157 4530 enim
1189 4473 1359 4543 liquet
1379 4483 1492 4527 tum
1521 4487 1588 4526 ex
1629 4471 1908 4542 patientia,

309 4579 424 4625 tum
452 4584 516 4627 ex
537 4569 776 4641 praemiis
803 4586 816 4622 :
852 4582 973 4621 nam
994 4567 1228 4638 primum
1251 4565 1340 4621 ille
1367 4564 1567 4635 requiei
1590 4565 1812 4620 sortitus
1827 4571 1914 4619 est

311 4667 487 4721 locum
508 4707 522 4729 ,
571 4678 697 4719 cum
726 4662 1028 4734 patriarcha
1051 4661 1321 4715 Abraham
1364 4657 1662 4714 honoratus
1689 4674 1703 4722 ;
1736 4672 1913 4728 neque

312 4755 479 4811 ullum
509 4755 708 4823 majora
737 4767 951 4822 passum
985 4744 1121 4806 mala
1151 4749 1439 4820 protuleris
1464 4790 1478 4814 ,
1509 4764 1682 4819 neque
1712 4749 1782 4803 ita
1812 4747 1910 4801 de-

309 4844 520 4916 spectui
557 4841 821 4899 habitum'.
873 4841 1011 4911 Quid
1039 4842 1182 4895 enim
1223 4839 1418 4895 afferre
1452 4841 1626 4910 possis
1649 4880 1665 4907 ,
1695 4839 1914 4911 quando

312 4952 385 4994 ne
410 4936 479 4992 de
505 4936 660 4991 micis
687 4934 940 5005 quidem,
991 4949 1110 5004 quae.
1158 4932 1228 4989 de
1277 4948 1463 4988 mensa
1506 4932 1804 4996 cadebant,
1854 4948 1916 4989 se

309 5029 532 5099 explere
561 5029 762 5098 potuit?
785 5026 1011 5096 Quando
1038 5026 1196 5097 igitur
1221 5040 1484 5080 summam
1512 5025 1913 5095 improbitatem

317 5117 518 5173 videris
547 5136 562 5173 :
592 5117 719 5188 quid
763 5118 906 5173 enim
932 5117 1358 5183 erudeliusisto,
1403 5117 1495 5186 qui
1524 5116 1668 5172 hunc
1690 5117 1742 5172 in
1770 5126 1914 5171 tanta

313 5210 619 5265 calamitate
647 5208 1007 5280 prmterierit?
1037 5209 1121 5264 vel
1141 5208 1269 5280 quid
1288 5207 1599 5264 affluentius
1617 5207 1703 5262 illa
1725 5221 1911 5263 mensa

307 5316 439 5358 esse
466 5313 664 5374 potest,
692 5312 784 5357 aut
811 5301 1050 5358 vestibus
1075 5315 1315 5356 summas
1348 5301 1568 5356 delicias
1597 5310 1653 5356 et
1679 5301 1917 5355 fortunas

306 5398 728 5455 indicantibus?
781 5413 970 5452 rursus
1024 5411 1148 5451 cum
1192 5394 1392 5450 videris
1446 5409 1712 5450 summam
1760 5393 1917 5463 justi-

313 5493 476 5547 tiam:
503 5490 630 5561 quid
657 5491 800 5545 enim
823 5489 1126 5560 religiosius
1148 5489 1325 5542 anima
1349 5486 1473 5542 talia
1502 5487 1744 5556 patienti,
1778 5501 1922 5542 sum-

323 5597 543 5653 masque
599 5581 844 5637 miserias
879 5595 1142 5651 generose
1188 5579 1418 5636 ferenti?
1466 5579 1591 5648 quid
1632 5579 1777 5634 enim
1820 5579 1920 5632 mi-

319 5675 495 5733 serius
523 5673 666 5729 fame
692 5684 746 5730 et
779 5675 970 5731 morbo
1000 5683 1108 5732 tam
1139 5672 1464 5730 insanabili?
1493 5680 1675 5743 quam,
1711 5687 1915 5744 quaiso,

387 5808 404 5842 ⁸
441 5805 591 5866 (110).,
615 5805 807 5866 injuste.

1413 344 1501 403 DE
1541 343 1725 403 ΕΔτο
1761 343 1851 402 ET
1893 340 2376 402 PROVIDENTIA.
2417 340 2504 398 ιγ.

3510 336 3615 392 763

2019 457 2232 516 veniam
2273 455 2623 530 impetrabis,
2672 453 2718 510 si
2765 453 2823 509 in
2861 445 2983 510 aliis
3019 451 3332 509 scandalum
3360 452 3622 525 patiaris?

2019 569 2146 610 num
2196 555 2338 609 intra
2387 552 2546 623 hujus
2591 549 2710 606 vita:
2751 547 3014 604 terminos
3061 561 3153 602 res
3198 545 3622 616 circumscripta:

2018 645 2190 702 sunt?

2090 736 2170 792 De
2200 738 2376 810 futuro
2395 730 2990 806 judicio.—Exspecta
3024 729 3208 795 finem,
3238 736 3295 785 et
3313 734 3443 784 tunc
3471 725 3623 781 vide-

2018 830 2101 887 bis
2123 828 2412 899 unicuique
2438 825 2733 883 secundum
2755 824 2876 880 vita:
2903 822 3153 879 meritum
3177 821 3337 876 tribui
3361 837 3376 874 :
3397 832 3472 874 ne
3493 828 3626 872 ante

2017 922 2257 994 prmmia,
2284 936 2353 978 ne
2377 929 2501 976 ante
2529 931 2761 975 coronas
2790 914 3145 986 perturberis.
3177 913 3311 970 Cum
3339 912 3518 981 itaque
3543 911 3618 962 vi-

2015 1015 2162 1071 deris
2187 1014 2374 1070 ambos
2400 1013 2453 1067 in
2475 1010 2734 1081 judicium
2766 1006 2972 1080 ingredi
2993 1048 3010 1073 ,
3042 1015 3096 1061 et
3124 1004 3446 1062 sententiam
3472 1001 3622 1071 judi-

2014 1105 2096 1161 cis
2110 1105 2313 1171 subire,
2337 1112 2464 1160 tunc
2483 1102 2552 1158 de
2573 1110 2803 1170 utroque
2821 1109 2875 1156 et
2903 1107 2958 1154 tu
2981 1095 3242 1168 judicium
3263 1093 3464 1166 profer.
3481 1093 3623 1160 Quot

2015 1213 2159 1256 nunc
2183 1207 2308 1254 sunt
2332 1238 2347 1263 ,
2374 1197 2464 1267 qui
2491 1195 2593 1252 viis
2623 1191 2979 1250 insidiantur?
3003 1197 3135 1260 quot
3158 1188 3248 1258 qui
3281 1199 3467 1240 muros
3493 1182 3624 1236 effo-

2014 1289 2168 1344 diunt
2191 1330 2206 1355 ,
2237 1297 2368 1360 quot
2392 1286 2768 1344 defunctorum
2797 1297 2960 1339 arcas-
2982 1278 3306 1350 elfriognt?
3332 1287 3464 1348 quot
3491 1275 3624 1330 toris

2017 1379 2340 1435 insidiantur
2364 1377 2576 1445 alienis,
2606 1384 2732 1447 quot
2759 1373 3052 1430 mortiferis
3072 1371 3295 1428 venenis
3314 1367 3627 1437 complures

2014 1469 2402 1543 perdiderunt?
2432 1468 2691 1540 numquid
2717 1469 2770 1523 in
2797 1467 2864 1523 iis
2885 1479 3203 1522 accusamus
3223 1456 3460 1533 judicent
3477 1460 3504 1514 Υ
3525 1459 3626 1513 Mi-

2017 1564 2182 1618 nime.
2213 1563 2272 1619 Si
2299 1562 2446 1618 enim
2473 1562 2598 1617 illos
2629 1561 2681 1614 in
2708 1558 2911 1631 judicio
2936 1557 3257 1613 constitutos
3284 1553 3578 1608 dimitteret
3599 1586 3617 1616 ,

2012 1665 2071 1710 et
2085 1670 2208 1709 eum
2223 1654 2314 1724 qui
2334 1653 2472 1707 mala
2495 1667 2683 1722 passus
2697 1661 2840 1708 esset
2859 1651 3139 1721 pleCteret,
3152 1661 3275 1703 eum
3291 1659 3420 1702 vero
3438 1645 3528 1714 qui
3547 1643 3623 1696 in-

2015 1746 2228 1802 tulissrt
2249 1747 2537 1800 honoraret
2552 1753 2606 1798 et
2621 1751 2936 1798 coronatum
2957 1741 3273 1804 dimitteret,
3290 1751 3480 1794 revera
3501 1736 3622 1790 cul-

2016 1838 2224 1908 pandus
2236 1847 2290 1893 et
2303 1839 2679 1893 criminatione
2693 1835 2985 1891 admodum
3001 1834 3194 1904 dignus
3207 1841 3380 1887 esset:
3397 1846 3521 1885 cum
3535 1845 3624 1883 au-

2017 1937 2127 1985 tem
2149 1930 2383 1985 nondum
2408 1930 2584 1984 traditi
2607 1931 2736 1993 sint,
2761 1943 2861 1984 nec
2877 1926 3063 1996 judicii
3088 1936 3300 1994 tempus
3315 1923 3619 1988 advenerit,

2013 2020 2243 2075 necdum
2275 2022 2363 2075 ille
2393 2021 2629 2076 rationes
2657 2028 2906 2088 expetat,
2939 2029 2994 2072 tu
3024 2015 3368 2086 anticipantlo
3410 2015 3615 2068 conde-

2014 2114 2204 2167 mnas?
2229 2114 2388 2183 Atqui
2415 2114 2718 2182 oportebat,
2747 2112 2942 2181 inquit,
2969 2110 3131 2164 etiam
3159 2109 3247 2163 hic
3276 2116 3618 2179 peccatorum

2015 2219 2204 2274 pinnas
2232 2206 2383 2259 dare.
2413 2202 2588 2258 Vitam
2631 2213 2774 2258 tuam
2802 2241 2817 2269 ,
2848 2217 2881 2257 ο
2911 2201 3074 2256 homo
3099 2243 3113 2267 ,
3145 2198 3419 2271 perpende
3438 2239 3454 2263 ,
3485 2206 3540 2253 et
3567 2201 3618 2251 iu

2014 2297 2396 2353 conscientiam
2421 2297 2702 2366 ingredere
2733 2304 2875 2349 tuam
2891 2335 2908 2362 ,
2931 2302 2985 2348 et
3010 2291 3334 2349 sententiam
3355 2289 3617 2355 mutabis,

2013 2403 2120 2442 non
2143 2388 2405 2458 judicium
2433 2387 2562 2440 illud
2587 2386 2849 2452 laudabis,
2883 2384 2976 2440 sed
3004 2383 3219 2454 benigni
3255 2383 3348 2435 Dei
3382 2381 3617 2436 toleran-

2015 2481 2140 2535 tiam
2165 2481 2509 2552 approbabis.
2541 2479 2673 2534 Nam
2703 2480 2748 2534 si
2786 2480 2854 2534 ab
2881 2492 3204 2548 unoquoque
3228 2476 3408 2530 statim
3435 2489 3465 2527 a
3496 2487 3619 2544 pee-

2013 2575 2149 2629 catis
2175 2573 2424 2629 admissis
2451 2587 2609 2643 poena
2649 2571 2870 2627 daretur
2890 2611 2904 2637 ,
2932 2569 3136 2640 jamdiu
3167 2581 3337 2638 genus
3367 2574 3611 2620 nostrum

2013 2666 2080 2722 de
2099 2665 2275 2721 medio
2296 2665 2566 2720 sublatum
2598 2663 2807 2718 fuisset.
2829 2661 2954 2727 Quis
2971 2661 3102 2716 enim
3124 2658 3424 2731 gloriabitur
3444 2674 3499 2711 se
3520 2672 3617 2726 pu—

2013 2775 2128 2812 rum
2149 2759 2332 2812 habere
2352 2772 2460 2821 cor,
2479 2765 2568 2808 aut
2595 2755 2708 2824 quis
2731 2753 3042 2822 conﬁdenter
3068 2751 3198 2805 dicet
3228 2766 3281 2805 se
3306 2765 3490 2820 purum
3510 2765 3620 2803 esse

2011 2867 2044 2903 a
2067 2838 2283 2920 peccantis
2307 2849 2324 2919 (
2349 2846 2506 2902 Prov.
2533 2846 2628 2902 20.
2656 2845 2764 2916 9)?
2785 2844 2889 2902 Sed
2917 2843 3133 2914 quando
3162 2843 3252 2898 Dei
3277 2841 3617 2896 tolerantiam

2013 2957 2155 3013 aegre
2185 2941 2293 2996 fers
2319 2981 2334 3006 ,
2365 2949 2541 2996 tecum
2587 2946 2838 2993 accurate
2883 2945 3071 3006 reputa
3102 2951 3165 2990 ea
3204 2950 3325 3006 qua:
3353 2933 3617 2989 admisisti

2012 3033 2228 3098 delicta,
2256 3041 2309 3088 et
2334 3031 2402 3086 de
2434 3031 2690 3100 patientia
2720 3029 2808 3083 illa
2837 3029 3064 3100 gratiam
3098 3027 3343 3093 habebis,
3375 3026 3618 3080 toleran-

2015 3127 2252 3195 tiamque
2295 3124 2436 3179 illius
2483 3121 2862 3178 admiraberis.
2923 3119 3310 3186 Conturbaris,
3364 3118 3614 3189 angeris,

2012 3217 2194 3273 omnia
2224 3215 2453 3270 tumultu
2478 3215 2678 3285 reples,
2704 3215 2829 3284 quia
2858 3213 2948 3268 ille
2978 3221 3176 3284 praner
3205 3213 3454 3268 meritum
3481 3212 3620 3267 dite-

2011 3311 2133 3374 scit,
2168 3317 2223 3363 et
2250 3308 2499 3362 clientela
2532 3307 2702 3361 multa
2735 3306 2952 3362 fruitur.
2991 3306 3179 3360 Annon
3209 3306 3364 3361 audis
3392 3306 3617 3376 psalmi-

2012 3414 2149 3457 stam
2189 3402 2453 3456 dieentem
2473 3443 2489 3467 ,
2525 3398 2609 3455 Ne
2653 3400 2880 3455 timueris
2906 3441 2920 3463 ,
2950 3415 3064 3452 cum
3103 3399 3242 3454 dives
3272 3401 3438 3472 factus
3467 3399 3619 3470 fuerit

2013 3496 2161 3549 homo
2185 3511 2204 3549 :
2224 3495 2475 3564 quoniam
2491 3509 2604 3546 cum
2631 3493 2898 3559 interierit,
2927 3509 3030 3546 non
3048 3501 3212 3548 sumet
3240 3492 3432 3559 omnia,
3457 3507 3621 3562 neque

2012 3587 2279 3642 descendet
2302 3601 2416 3666 cum
2445 3601 2502 3639 eo
2532 3584 2696 3654 gloria
2725 3586 2836 3655 ejus
2871 3584 2890 3654 (
2916 3582 3060 3637 Psal.
3091 3582 3180 3638 48.
3217 3584 3305 3639 17.
3344 3583 3464 3651 18).
3500 3583 3616 3636 Non

2012 3677 2163 3732 audis
2189 3675 2505 3748 prophetam
2534 3689 2727 3743 magna
2751 3688 2881 3728 voce
2907 3673 3270 3729 clamantem:
3298 3671 3478 3727 Omnis
3497 3688 3618 3724 caro

2013 3771 2202 3842 [mnum
2224 3813 2238 3835 ,
2269 3779 2316 3824 et
2342 3769 2506 3824 omnis
2535 3769 2699 3840 gloria
2729 3769 2837 3839 ejus
2865 3767 3011 3837 quasi
3035 3768 3134 3836 ﬂos
3162 3765 3283 3836 [teni
3322 3764 3493 3839 (lsai.
3525 3765 3614 3820 40.

2012 3863 2046 3919 6
2069 3863 2108 3933 ).
2146 3864 2340 3917 Annon
2367 3861 2518 3916 vides
2543 3873 2663 3915 cum
2694 3858 3079 3929 prophetarum
3112 3857 3344 3911 oraculis
3375 3856 3620 3910 testimo-

2013 3955 2160 4008 nium
2193 3952 2455 4007 fereutem
2494 3965 2675 4006 rerum
2709 3948 3038 4004 veritatem?
3066 3963 3244 4004 annon
3274 3947 3426 4002 vides
3455 3963 3622 4016 expe-

2013 4045 2257 4101 rientiam
2301 4051 2356 4100 et
2393 4044 2595 4097 exitum
2641 4056 2763 4096 cum
2809 4040 2970 4094 dictis
3008 4039 3270 4094 calculum
3317 4037 3573 4094 ferentem
3601 4079 3617 4103 ,

2014 4139 2141 4193 Cum
2167 4136 2408 4190 interierit
2432 4178 2448 4202 ,
2480 4150 2581 4188 non
2625 4136 2785 4188 sumet
2831 4132 3043 4186 omnia?
3082 4130 3219 4184 Audi
3261 4129 3360 4185 Job
3387 4131 3617 4199 idipsum

2013 4229 2280 4285 dicentem
2307 4269 2322 4293 ,
2359 4225 2546 4280 Nudus
2573 4241 2798 4297 egressus
2824 4240 2936 4278 sum
2979 4227 3042 4276 de
3072 4231 3214 4276 utero
3241 4222 3417 4274 matris
3457 4236 3583 4275 utea:
3602 4262 3617 4285 ,

2014 4329 2061 4376 el
2082 4320 2249 4374 nudus
2276 4328 2498 4372 revertar
2523 4317 2644 4371 illuc
2674 4314 2824 4388 (Job.
2857 4317 2908 4369 1.
2937 4314 3004 4368 21
3033 4311 3053 4386 )
3083 4331 3096 4367 :
3122 4313 3364 4384 quoniam
3395 4328 3508 4365 cum
3535 4311 3621 4364 in-

2014 4414 2222 4477 terierit,
2246 4428 2345 4466 non
2371 4419 2532 4465 sumet
2559 4408 2730 4463 omnia
2756 4405 2927 4479 (Psal.
2961 4406 3051 4461 48.
3077 4403 3200 4476 18).
3229 4404 3363 4458 Audi
3396 4403 3620 4458 Paulum

2015 4508 2202 4563 eadem
2233 4506 2344 4576 ipsa
2389 4501 2858 4576 pliilOSOpbantem
2888 4543 2903 4562 ,
2934 4497 3083 4552 Nihil
3112 4497 3376 4550 intulimus
3405 4495 3456 4549 in
3487 4495 3622 4548 hunc

2017 4601 2264 4655 mundum
2288 4641 2304 4663 ,
2335 4597 2472 4651 haud
2505 4596 2714 4649 dubium
2757 4592 2893 4664 quod
2938 4609 3030 4646 nec
3059 4594 3264 4664 auferre
3288 4590 3410 4656 quid
3441 4604 3619 4656 possu-

2017 4708 2130 4747 mus
2157 4691 2246 4764 (i.
2275 4689 2410 4743 Tim.
2437 4687 2490 4742 6.
2521 4686 2614 4757 7).
2641 4683 2721 4740 Tu
2754 4700 2884 4738 vero
2911 4683 3124 4737 beatum
3159 4680 3419 4752 praedicas
3447 4678 3626 4732 homi-

2018 4799 2164 4850 nem,
2198 4784 2288 4854 qui
2318 4781 2449 4835 nihil
2477 4779 2688 4834 auferre
2719 4785 2895 4847 potest
2922 4790 3109 4830 eorum
3135 4816 3150 4840 ,
3183 4789 3301 4844 quae
3330 4771 3623 4842 expediunt

2019 4875 2094 4930 illi
2125 4883 2322 4945 prmsto
2359 4885 2479 4926 esse
2509 4870 2563 4924 in
2603 4869 2692 4924 die
2714 4867 2934 4937 judicii,
2966 4875 3019 4921 et
3049 4881 3167 4936 qua:
3192 4866 3365 4934 major
3389 4863 3626 4918 miserim

2018 4967 2155 5022 ratio
2183 4975 2342 5035 atque
2371 4961 2698 5019 infelicitatis
2722 5003 2736 5025 ,
2770 4960 2858 5015 dic
2893 4959 3062 5025 mihi,
3091 4973 3250 5030 quam
3276 4973 3395 5011 cum
3424 4957 3469 5010 is
3492 4998 3505 5018 ,
3532 4954 3628 5023 qui

2021 5058 2074 5113 in
2101 5057 2306 5112 deliciis
2328 5055 2479 5122 vixit,
2509 5054 2634 5108 hinc
2659 5053 2770 5106 abit
2794 5066 3001 5106 summa
3031 5066 3151 5105 cum
3181 5047 3470 5119 ignominia
3489 5047 3515 5099 Υ
3544 5045 3624 5100 Tu

2019 5165 2150 5206 vero
2177 5150 2219 5205 si
2251 5161 2574 5219 quemquam
2603 5145 2918 5216 opulentum
2961 5153 3016 5196 et
3044 5149 3382 5211 arrogantem
3420 5139 3472 5192 in
3507 5137 3630 5192 foro

2019 5242 2254 5306 videres,
2290 5239 2341 5294 in
2372 5247 2626 5294 extranea
2653 5237 2871 5307 regione
2901 5235 3071 5289 multo
3100 5233 3307 5288 honore
3337 5233 3627 5295 fruentem,

2021 5333 2268 5406 parasitis
2293 5331 2768 5399 adulatoribusque
2798 5329 3053 5398 stipatum
3078 5369 3091 5392 ,
3124 5326 3214 5381 ubi
3245 5335 3422 5379 autem
3451 5323 3504 5377 in
3534 5337 3632 5394 pa-

2025 5429 2177 5482 triam
2207 5426 2428 5492 rediret,
2452 5424 2582 5478 nihil
2611 5438 2794 5479 eorum
2823 5422 3133 5486 habentem,
3167 5419 3262 5475 sed
3291 5419 3514 5485 nudum,
3547 5417 3628 5472 in-

2023 5520 2273 5591 glorium,
2303 5517 2564 5572 mendicis
2602 5515 2930 5586 egentiorem
2973 5528 3036 5567 ac
3066 5511 3308 5567 viliorem
3335 5526 3348 5563 :
3375 5525 3442 5563 an
3487 5509 3630 5563 hunc

2026 5613 2371 5667 armulatione
2418 5609 2636 5680 dignum
2683 5606 2977 5663 censeres?
3026 5619 3204 5658 annon
3263 5602 3437 5672 potius
3481 5603 3632 5656 illum

2026 5705 2284 5758 miserum
2323 5713 2377 5758 et
2416 5703 2680 5757 infelicem
2726 5698 2975 5756 diceres?
3018 5699 3248 5767 ldipsum
3291 5712 3416 5766 erga
3440 5696 3635 5750 divites

2032 5794 2207 5849 facito.
2241 5797 2307 5848 At
2342 5793 2742 5865 quidam-sunt,
2777 5792 2864 5864 qui
2912 5798 3190 5863 postquam
3233 5789 3329 5845 ltus
3360 5787 3430 5845 de
3461 5786 3634 5859 philo—
