4160 6316
634 356 741 412 763

639 468 828 536 sophia
847 483 1120 525 sermones
1131 471 1475 539 moverimus,
1492 485 1642 526 suum
1663 471 2034 544 hireorumque
2053 471 2218 526 instar

629 559 902 614 abdomini
931 559 1160 626 addicti,
1193 560 1456 631 rebusque
1508 562 1861 630 prmaentibus
1900 563 2216 630 servientes,

637 650 772 704 nihil
804 659 920 720 post
946 650 1226 708 decessum
1256 667 1535 723 superesse
1576 655 1902 711 arbitrantur
1929 671 1944 708 :
1975 655 2064 711 alii
2091 669 2219 711 vero

637 754 918 810 superesse
941 742 1156 812 quidem
1182 743 1355 815 aliqua
1379 753 1584 814 putant,
1609 747 1703 802 sed
1731 745 2009 817 praesentia
2029 746 2219 804 futuris

642 840 990 900 anteponunt.
1030 831 1224 888 Contra
1265 849 1360 889 eos
1398 843 1576 891 autem
1599 878 1612 901 ,
1645 837 1733 908 qui
1774 837 1904 892 nihil
1935 852 2218 907 superesse

634 927 841 989 putant,
859 921 951 978 sed
972 924 1282 979 exstinctam
1303 927 1535 981 animam
1553 928 1750 982 nullam
1765 927 2088 983 reddituram
2099 943 2220 986 esse

633 1011 893 1066 rationem
917 1055 931 1076 ,
961 1027 1059 1068 nec
1103 1028 1312 1083 pinnam
1361 1017 1654 1073 subituram
1695 1033 1814 1074 esse
1851 1018 2214 1085 arbitrantur,

635 1109 816 1170 utpote
837 1111 1020 1157 contra
1046 1104 1262 1160 insanos
1277 1114 1334 1160 et
1351 1105 1598 1172 furiosos,
1617 1107 1898 1164 ridiculum
1921 1108 2057 1165 forte
2075 1120 2218 1165 esset

632 1189 834 1246 dicere.
865 1192 1048 1264 Neque
1073 1198 1216 1250 enim
1261 1195 1307 1251 si
1337 1197 1455 1264 quis
1485 1197 1537 1251 in
1581 1197 1670 1254 die
1705 1199 1908 1256 dubitet
1950 1217 2074 1254 num
2102 1201 2218 1255 dies

635 1281 741 1345 sit,
774 1289 827 1338 et
854 1281 923 1338 de
949 1284 1196 1340 omnibus
1220 1301 1338 1355 qua:
1369 1287 1422 1341 in
1448 1287 1695 1345 confesso
1723 1291 2215 1360 suntqumstionem

637 1382 867 1439 moveat,
899 1389 930 1430 e
955 1391 1014 1431 re
1044 1375 1201 1432 fuerit
1239 1377 1316 1432 illi
1347 1380 1524 1434 verbis
1551 1381 1890 1450 persuadere,
1921 1390 1977 1439 et
2004 1399 2124 1438 cum
2149 1385 2216 1440 ad

635 1464 952 1519 sententiam
981 1465 1267 1523 adducere.
1295 1469 1541 1525 Attamen
1580 1471 1815 1526 caritatis
1842 1483 2031 1528 vestrze
2054 1489 2216 1530 causa

634 1567 756 1607 cum
784 1553 875 1610 illo
899 1569 1112 1627 quoque
1135 1557 1522 1626 disputabimus
1544 1601 1560 1627 ,
1586 1562 2033 1631 quemadmodum
2062 1566 2217 1621 nobis

636 1644 730 1699 Dei
751 1646 920 1715 gratia
955 1647 1179 1702 dederit.
1205 1647 1345 1716 Quid
1373 1649 1536 1718 dicis,
1564 1650 1744 1719 homo,
1774 1653 1902 1709 nihil
1931 1664 2052 1724 post
2079 1657 2218 1714 hanc

632 1734 795 1789 vitam
809 1750 927 1791 esse
949 1737 1136 1805 putas?
1159 1738 1211 1792 Id
1229 1741 1368 1794 enim
1390 1756 1611 1798 necesse
1630 1752 1712 1798 est
1728 1743 1930 1812 dicere,
1948 1749 2218 1816 quomodo

635 1838 732 1881 ceu
764 1826 1022 1882 malorum
1064 1830 1412 1899 quorumdam
1451 1834 1702 1903 gradibus
1724 1875 1742 1901 ,
1772 1850 1893 1891 eum
1919 1837 2010 1907 qui
2049 1838 2216 1895 semel

631 1928 662 1968 a
685 1917 924 1972 veritatis
945 1920 1152 1976 tramite
1172 1921 1411 1990 dejl-etus
1439 1922 1616 1992 fuerit,
1646 1925 1700 1980 in
1723 1924 2043 1983 deteriorem
2070 1943 2217 1985 aem-

637 2021 738 2076 per
763 2011 1080 2066 sententiam
1111 2012 1323 2082 projicit
1344 2014 1605 2072 diabolus.
1635 2016 2010 2075 Animadverte
2033 2021 2174 2076 enim
2198 2037 2214 2076 :

637 2100 903 2166 persuasit
931 2104 1355 2174 temperantiam,
1378 2107 1679 2177 :equitatem
1703 2121 2032 2182 ceterasque
2055 2114 2221 2169 virtu-

636 2196 718 2243 tes
739 2190 1026 2261 negligere,
1050 2194 1290 2262 improbe
1312 2197 1490 2252 vivere
1513 2195 1658 2266 fecit,
1679 2214 1742 2254 ac
1768 2199 1837 2256 de
1865 2203 2071 2272 reliquo
2099 2204 2219 2260 illos

634 2292 811 2347 prava:
847 2283 1187 2338 conscientia:
1233 2284 1551 2352 assuefecit,
1592 2288 1840 2360 ipsosque
1883 2291 2129 2361 induxit,
2161 2301 2219 2348 ut

636 2382 858 2425 suorum
899 2370 1194 2428 facinorum
1221 2390 1434 2444 pennam
1465 2375 1516 2431 in
1548 2377 1681 2433 alios
1711 2379 2002 2436 transferre
2029 2383 2216 2438 stude-

635 2469 778 2527 rent,
807 2475 928 2516 cum
954 2464 1276 2532 Oportnisset
1303 2481 1334 2520 a
1362 2466 1592 2534 nequitia
1621 2469 1895 2525 recedere.
1923 2472 1991 2525 At
2016 2471 2089 2526 illi
2115 2475 2218 2528 hoc

633 2551 854 2607 minime
885 2554 1154 2620 fecerunt;
1195 2556 1288 2611 sed
1331 2557 1631 2627 improbum
1662 2559 1852 2630 dogma
1877 2603 1892 2629 ,
1924 2563 2218 2619 innumeris

632 2650 847 2697 scatens
877 2644 1053 2710 malis,
1081 2648 1367 2701 commenti
1408 2657 1566 2714 sunt,
1601 2647 1692 2703 fati
1724 2651 1986 2707 videlicet.
2013 2653 2218 2710 Deinde

633 2731 687 2784 in
734 2730 836 2785 hoc
873 2731 1129 2788 confutati
1174 2744 1229 2790 et
1268 2735 1422 2792 fateri
1467 2738 1680 2794 tandem
1724 2742 1891 2796 coacti
1935 2746 2217 2812 praesentia

632 2821 762 2876 nihil
791 2837 933 2890 esse,
965 2823 1135 2880 futura
1166 2825 1497 2896 subvertunt,
1529 2843 1584 2886 et
1604 2833 1915 2887 sententiam
1941 2834 2006 2889 de
2035 2850 2218 2894 resur-

633 2915 870 2969 rectione
902 2915 1111 2970 tollunt.
1139 2915 1210 2972 Et
1239 2918 1284 2972 si
1315 2919 1434 2974 illos
1463 2920 1514 2974 in
1544 2919 1646 2976 hoc
1669 2924 1828 2978 etiam
1856 2924 2212 2992 confutemus,

632 3006 688 3060 in
723 3006 880 3060 aliam
927 3007 1142 3078 impiam
1185 3009 1479 3065 doctrinam
1521 3011 1820 3069 decidunt:
1863 3031 1960 3071 nos
2000 3018 2215 3074 interim

629 3098 773 3168 quod
812 3099 867 3154 in
906 3099 1149 3156 manibus
1183 3111 1270 3157 est
1308 3102 1662 3160 confutemus.
1692 3105 1905 3163 Nihilne
1933 3119 2051 3178 post
2081 3109 2218 3165 hanc

630 3191 790 3244 vitam
823 3192 946 3260 erit,
973 3207 1006 3248 ο
1033 3192 1210 3259 homo,
1246 3202 1301 3249 et
1328 3203 1383 3249 tu
1411 3194 1546 3251 hanc
1567 3199 1883 3253 sententiam
1909 3200 2219 3270 oppugnas?

631 3280 804 3336 (ἰτωεί
833 3283 924 3351 qui
953 3290 1030 3337 tot
1057 3282 1111 3337 in
1155 3284 1316 3340 rebus
1353 3286 1646 3342 delirarunt
1669 3327 1687 3353 ,
1719 3287 1878 3357 hujus
1915 3298 2089 3345 tamen
2115 3291 2216 3346 do-

630 3373 820 3441 gmatis
846 3373 1052 3428 veritati
1077 3389 1183 3429 non
1213 3375 1540 3431 restiterunt.
1571 3377 1720 3445 Quod
1741 3379 1786 3433 si
1813 3379 1930 3435 illos
1955 3381 2215 3451 sequaris,

631 3464 864 3533 aliquam
891 3474 1038 3520 certe
1065 3465 1140 3520 illi
1168 3466 1328 3521 vitam
1360 3477 1480 3537 post
1509 3467 1646 3523 hanc
1665 3483 1785 3524 esse
1810 3481 2213 3538 concesserunt,

631 3565 687 3611 et
706 3557 939 3612 rationes
963 3557 1284 3624 reddendas,
1309 3569 1363 3614 et
1383 3559 1582 3630 judicia
1609 3561 1747 3632 apud
1771 3563 1993 3631 inferos,
2022 3574 2077 3621 et
2099 3582 2219 3636 sup-

631 3646 810 3714 plicia,
840 3645 1092 3715 honores,
1115 3649 1348 3704 calculos
1376 3660 1533 3720 atque
1557 3650 1776 3721 judicia.
1807 3653 1861 3708 Si
1890 3653 2104 3712 Judazos
2131 3657 2217 3711 in-

633 3747 873 3807 terroges
896 3777 910 3803 ,
939 3746 1032 3792 aut
1059 3739 1335 3795 hatreticos
1354 3780 1371 3806 ,
1395 3742 1440 3795 si
1478 3743 1719 3812 quemvis
1747 3743 2038 3810 hominem,
2067 3763 2218 3802 reve-

633 3827 837 3882 rebitur
869 3828 959 3885 ille
1002 3830 1160 3900 hujus
1196 3831 1459 3902 dogmatis
1483 3835 1811 3890 Veritatem':
1842 3846 1898 3892 et
1942 3839 1986 3893 si
2018 3841 2069 3894 in
2097 3840 2216 3897 aliis

630 3917 877 3972 differant
896 3920 1138 3978 homines
1155 3921 1249 3986 illi,
1270 3922 1324 3977 in
1348 3923 1448 3978 hoc
1474 3933 1648 3980 tamen
1670 3940 1858 3982 omnes
1872 3929 2213 4001 conveniunt,

631 4017 685 4061 et
705 4006 908 4073 dicunt,
931 4023 1117 4064 eorum
1145 4026 1265 4080 quae
1289 4011 1374 4066 hic
1393 4021 1541 4082 gesta
1569 4024 1694 4070 sunt
1712 4016 1974 4072 rationem
2003 4019 2072 4073 ibi
2094 4020 2218 4075 red-

632 4097 861 4153 dendam
885 4113 1026 4156 esse.
1058 4100 1130 4155 At
1154 4109 1208 4155 tu
1233 4103 1362 4157 nulli
1391 4103 1580 4158 horum
1605 4103 1978 4176 obtemperare
1998 4109 2097 4174 vis,
2121 4110 2215 4165 sed

631 4189 798 4244 semel
827 4189 996 4244 errori
1027 4188 1242 4246 deditus
1271 4190 1609 4261 impudenter
1632 4195 1768 4265 agis.
1797 4194 1979 4265 Itaque
1999 4206 2219 4268 propter

630 4294 757 4344 eos,
787 4280 878 4350 qui
905 4280 1196 4336 etiamnum
1246 4283 1491 4353 sapiunt,
1526 4282 1627 4340 hac
1661 4283 1730 4340 de
1770 4299 1831 4340 re
1859 4299 2036 4341 sermo
2062 4287 2216 4342 insti-

633 4369 859 4425 tuendus
883 4379 984 4426 est.
1007 4371 1141 4426 Eum
1166 4373 1308 4428 enim
1339 4376 1427 4444 qui
1451 4374 1584 4429 nihil
1609 4383 1730 4445 post
1755 4373 1892 4431 hanc
1912 4377 2074 4432 vitam
2095 4391 2216 4435 esse

633 4461 963 4532 profiteatur,
988 4478 1162 4534 neque
1187 4466 1348 4522 Deum
1373 4467 1532 4522 etiam
1556 4481 1675 4524 esse
1694 4467 1848 4524 fateri
1869 4484 2090 4527 necesse
2108 4481 2210 4527 est.

636 4552 837 4617 Viden’,
869 4553 1317 4623 quemadmodum
1342 4555 1449 4612 dixi
1476 4599 1491 4621 ,
1521 4569 1908 4628 consequentes
1935 4562 2215 4631 opiniones

632 4642 897 4711 prioribus
921 4659 1135 4715 semper
1153 4644 1448 4701 deteriores
1471 4647 1731 4718 gradatim
1757 4650 1825 4705 ab
1849 4650 1952 4705 illis
1971 4651 2213 4707 admitti?

629 4736 688 4790 Si
716 4735 857 4790 enim
888 4746 1006 4806 post
1032 4738 1172 4794 hanc
1193 4739 1352 4793 vitam
1379 4739 1510 4794 nihil
1541 4741 1648 4796 illic
1677 4741 1948 4798 residuum
1978 4752 2083 4812 est,
2113 4759 2214 4801 nec

633 4827 776 4882 Deus
797 4829 958 4883 etiam
982 4838 1082 4884 est.
1104 4828 1238 4884 Nam
1269 4832 1313 4885 si
1342 4830 1484 4886 Deus
1506 4833 1594 4898 sit,
1618 4831 1793 4902 justus
1813 4843 1922 4900 est;
1949 4836 1992 4890 si
2014 4835 2210 4906 justus,

633 4918 918 4988 unicuique
957 4936 1054 4989 pro
1097 4923 1290 4976 merito
1329 4922 1593 4978 retribuit.
1624 4923 1680 4978 Si
1723 4938 1888 4993 porro
1932 4926 2064 4982 nihil
2095 4937 2215 4998 post

631 5009 770 5062 hanc
796 5011 954 5064 vitam
979 5020 1081 5076 est,
1110 5012 1322 5067 ubinam
1357 5029 1454 5084 pro
1480 5014 1670 5070 merito
1695 5015 1920 5086 quisque
1947 5018 2212 5087 recipiet?

631 5102 1040 5159 Animadvertas
1068 5105 1224 5159 velim
1259 5122 1272 5157 :
1302 5106 1454 5161 multi
1487 5117 1680 5176 praeter
1705 5110 1952 5164 meritum
1977 5149 1992 5174 ,
2027 5118 2083 5164 ut
2111 5111 2211 5180 ipsi

624 5193 734 5261 jam
757 5193 984 5249 confessi
1012 5206 1153 5260 sunt,
1175 5194 1329 5251 bonis
1357 5197 1749 5268 honoribusque
1774 5200 2019 5255 fruuntur
2039 5202 2090 5256 in
2112 5201 2211 5257 hac

627 5285 767 5351 vita;
798 5285 886 5340 alii
919 5301 1047 5342 vero
1071 5328 1085 5352 ,
1115 5288 1202 5357 qui
1230 5289 1282 5343 in
1305 5288 1510 5357 justitia
1537 5299 1763 5359 vivunt,
1796 5295 2119 5348 cruciantur.
2152 5296 2210 5351 Si

631 5393 758 5448 ergo
787 5379 988 5433 nullum
1019 5381 1086 5434 sit
1111 5391 1296 5450 postea
1334 5391 1573 5454 tempus,
1608 5384 1787 5455 inique
1814 5389 2015 5456 accepti
2037 5387 2204 5454 justi,

630 5481 825 5537 praeter
852 5471 1100 5526 meritum
1131 5471 1269 5528 bene
1299 5473 1464 5528 habiti
1498 5475 1679 5545 injusti
1704 5475 2001 5532 discedent.
2032 5476 2087 5534 Si
2116 5495 2210 5534 au-

631 5570 734 5613 tem
764 5575 849 5615 res
887 5562 955 5615 ita
988 5577 1046 5617 se
1078 5563 1269 5618 habeat
1291 5606 1307 5631 ,
1335 5565 1602 5636 quomodo
1629 5581 1749 5622 esse
1775 5566 1977 5636 justitia
2006 5570 2209 5638 possit?

629 5649 860 5707 Necesse
887 5655 1027 5707 enim
1056 5661 1134 5709 est
1162 5697 1177 5722 ,
1209 5669 1330 5711 esse
1353 5657 1565 5728 aliquod
1595 5666 1801 5728 tempus
1827 5669 1948 5728 post
1977 5659 2112 5714 hanc
2131 5660 2217 5713 vi-

631 5749 760 5812 tam,
782 5741 837 5800 in
855 5758 961 5813 quo
985 5743 1210 5816 singulis
1242 5761 1341 5818 pro
1364 5747 1554 5805 merito
1577 5749 1834 5806 tribuatur
1860 5765 1872 5802 :
1899 5750 1950 5806 in
1979 5749 2075 5806 hac
2099 5749 2204 5806 vita

1425 357 1484 416 S.
1523 357 1800 416 JOANNIS
1835 351 2313 417 CllRYSOSTOMl
2350 353 2668 413 ARClIlEP.
2707 351 3235 412 CONSTANTINOP.

3811 359 3914 414 16‘

2331 466 2482 522 enim
2503 464 2604 522 hoc
2628 479 2733 522 non
2761 465 3045 522 invenitur.
3071 463 3164 521 Sin
3190 464 3294 522 tale
3313 474 3523 537 tempus
3547 483 3651 524 non
3676 470 3768 534 sit,
3787 487 3911 540 quo-

2327 555 2488 612 modo
2511 557 2741 628 quisque
2766 571 2861 627 pro
2885 557 3075 612 merito
3098 556 3362 628 recipiet?
3385 558 3431 613 si
3459 574 3588 615 vero
3611 561 3790 615 nullus
3816 578 3911 630 pro

2327 650 2520 703 merito
2539 648 2746 718 recipit,
2768 663 2898 719 ergo
2922 649 3060 705 Deus
3084 649 3378 705 secundum
3398 660 3453 706 te
3469 650 3650 722 justus
3667 667 3776 707 noa
3795 666 3874 707 est
3891 673 3907 720 ;

2327 740 2370 794 si
2401 739 2540 795 Deus
2558 740 2736 810 justus
2759 755 2867 794 non
2893 748 2994 806 est,
3018 755 3191 810 neque
3220 740 3361 796 Deus
3389 750 3492 797 est.
3521 741 3628 797 Sed
3656 741 3908 812 blasphe-

2325 831 2433 886 mia
2462 833 2514 884 in
2540 841 2697 900 caput
2718 845 2928 897 eorum,
2955 832 3043 900 qui
3073 845 3171 885 nos
3196 831 3263 885 ad
3291 831 3408 886 hare
3436 832 3661 888 dicenda
3689 848 3905 903 compu~

2326 921 2519 986 lerunt,
2546 929 2936 990 retorqueatur.
2961 920 3148 977 Videte
3171 922 3224 975 in
3245 931 3498 990 quantam
3520 922 3908 994 blasphemiam

2325 1012 2495 1066 oratio
2521 1021 2768 1081 provecta
2810 1013 2898 1066 sit.
2933 1011 3126 1066 Verum
3169 1012 3312 1083 quod
3357 1013 3496 1069 Deus
3534 1015 3640 1083 sit,
3668 1029 3758 1072 res
3785 1017 3911 1086 ipsa

2324 1103 2596 1158 clamant:
2629 1112 2684 1158 et
2726 1112 3118 1175 consequenter
3157 1105 3246 1160 ille
3285 1105 3463 1175 justus
3498 1116 3582 1161 est
3609 1124 3623 1159 :
3652 1107 3699 1162 si
3734 1109 3912 1178 justus

2324 1193 2394 1247 sit
2415 1233 2434 1259 ,
2465 1193 2749 1263 unicuique
2778 1208 2874 1262 pro
2909 1194 3100 1248 merito
3124 1195 3372 1249 retribuit
3400 1212 3413 1248 :
3437 1196 3482 1249 si
3508 1196 3793 1267 unicuique
3813 1214 3910 1267 pro

2324 1284 2516 1339 merito
2540 1287 2807 1351 retribuit,
2833 1300 3054 1342 necesse
3077 1294 3161 1342 est
3187 1297 3304 1356 post
3331 1287 3446 1342 haec
3469 1287 3615 1344 aliud
3639 1289 3908 1359 quoddam

2324 1389 2443 1430 esse
2471 1384 2702 1446 tempus,
2729 1389 2835 1446 quo
2855 1377 3220 1447 unusquisque
3248 1393 3343 1448 pro
3370 1379 3560 1433 merito
3583 1380 3832 1451 accipiet,
3855 1392 3910 1436 ct

2324 1479 2424 1533 pro
2443 1466 2605 1534 gestis
2629 1467 2741 1520 suis
2765 1466 2848 1521 vel
2876 1481 3062 1534 pennas
3087 1465 3252 1534 dabit,
3276 1467 3360 1523 vel
3387 1469 3666 1538 pra-mium
3686 1472 3910 1542 accipiet

2325 1553 2489 1628 (Gen.
2518 1557 2572 1610 ι.
2606 1555 2699 1627 7).
2731 1555 2908 1612 Sobrii
2945 1557 3113 1612 simus
3135 1598 3152 1623 ,
3182 1557 3362 1614 dilecti
3394 1577 3408 1611 :
3437 1560 3653 1628 quidam
3684 1562 3738 1616 in
3760 1562 3909 1630 igno-

2323 1645 2495 1700 rantia
2532 1645 2624 1701 Dei
2656 1655 2966 1712 versnntur,
3004 1661 3104 1702 nos
3131 1662 3261 1702 vero
3293 1649 3459 1704 sobrii
3489 1650 3690 1718 simus,
3721 1653 3907 1724 vigile-

2291 1773 2293 1775 ι
2323 1748 2462 1789 mus.
2505 1734 2764 1802 Peccasti,
2789 1751 2857 1792 ne
2888 1735 3053 1791 addas
3095 1738 3284 1793 iterum
3319 1755 3333 1793 :
3367 1741 3617 1807 peccasti,
3643 1742 3900 1812 quiesce:

2323 1829 2593 1897 peccasti,
2627 1843 2696 1884 ne
2724 1838 3011 1884 connectas
3049 1830 3132 1885 bis
3177 1840 3415 1900 peccata.
3454 1832 3565 1889 Nos
3591 1851 3723 1891 vero
3749 1838 3906 1908 tripla

2326 1928 2377 1975 et
2413 1920 2706 1991 quadrupla
2748 1922 3118 1978 connectimus
3141 1965 3158 1988 ,
3191 1924 3372 1978 talium
3400 1925 3713 1995 opinionum
3743 1943 3908 1986 onere

2323 2012 2592 2068 mentibus
2621 2013 2820 2068 nostris
2857 2014 3128 2084 imposito.
3159 2013 3398 2071 Peccasti
3421 2057 3438 2083 ,
3467 2031 3698 2087 agnosce
3725 2019 3906 2074 Domi-

2323 2118 2450 2158 num
2492 2104 2891 2160 misericordem
2916 2146 2933 2171 ,
2968 2105 3256 2177 benignum
3280 2147 3295 2170 ,
3337 2107 3533 2163 bonum
3554 2151 3569 2173 ,
3602 2110 3868 2166 medicum
3889 2153 3906 2179 ,

2323 2192 2740 2262 condonantem,
2769 2193 3117 2261 exorabilem,
3146 2195 3483 2265 placabilem.
3505 2198 3697 2253 Annon
3717 2199 3909 2255 audisti

2321 2282 2465 2353 quod
2500 2283 2686 2339 decem
2727 2284 2894 2339 millia
2940 2286 3136 2340 talenta
3181 2285 3394 2356 quidam
3437 2286 3911 2368 cum.devorasaet

2328 2371 2549 2440 (Matth.
2584 2374 2670 2428 18.
2707 2373 2834 2445 id),
2864 2384 2918 2429 et
2959 2374 3149 2430 herilia
3195 2375 3374 2430 omnia
3416 2377 3556 2432 bona
3587 2379 3909 2447 perdidisset

2323 2479 2386 2518 ac
2405 2463 2790 2534 dissipavisset,
2813 2480 2934 2521 eum
2957 2475 3173 2536 paratus
3193 2477 3333 2522 esset
3354 2467 3419 2522 ad
3445 2469 3724 2525 mulierem
3750 2470 3912 2526 tilica-

2323 2571 2426 2627 qne
2451 2557 2781 2622 vendendas,
2811 2567 2872 2612 ut
2895 2557 3041 2612 ﬂevit
3070 2558 3266 2624 solum,
3300 2567 3356 2612 ut
3385 2559 3550 2628 pedes
3577 2558 3693 2614 heri
3721 2561 3908 2630 attigit,

2323 2649 2559 2702 universi
2587 2648 2726 2702 illius
2752 2647 2918 2703 debiti
2958 2648 3332 2703 remissionem
3360 2648 3605 2704 invenit?
3643 2649 3738 2706 Sin
3766 2651 3911 2705 dicas

2323 2739 2469 2793 illum
2502 2748 2684 2808 postea
2713 2738 3005 2794 tortoribus
3031 2738 3284 2792 traditum
3319 2755 3331 2791 :
3365 2749 3563 2794 norunt
3588 2754 3804 2795 causam
3837 2742 3909 2806 ii,

2321 2833 2408 2900 qui
2439 2831 2716 2885 historiam
2755 2831 2933 2886 sciunt
2960 2847 2976 2884 :
3003 2830 3148 2886 aliud
3189 2831 3320 2886 mihi
3350 2846 3537 2888 narras
3566 2832 3912 2890 humanitatis

2321 2931 2715 2992 argumentum.
2737 2921 2870 2976 Nam
2899 2931 2954 2976 et
2977 2931 3103 2978 tunc
3128 2921 3276 2976 illum
3307 2925 3590 2979 miseratus
3611 2925 3834 2989 dimisit,
3857 2934 3912 2981 et

2321 3027 2507 3068 rursus
2527 3013 2688 3068 alium
2715 3013 3001 3068 miseratus
3025 3028 3145 3066 eum
3175 3013 3228 3066 in
3256 3027 3524 3069 carcerem
3547 3015 3914 3086 conjeeitzsic-

2323 3117 2382 3162 ut
2440 3103 2564 3158 huic
2603 3113 2727 3159 tunc
2752 3118 2908 3174 opem
2947 3104 3100 3170 tulit,
3130 3104 3202 3158 ita
3233 3119 3375 3158 nunc
3404 3104 3480 3159 illi
3509 3105 3749 3162 subsidio
3777 3105 3909 3175 fuit;

2323 3191 2464 3247 hunc
2494 3193 2563 3247 ita
2593 3194 2830 3263 accepit,
2861 3201 2919 3248 ut
2945 3193 3182 3249 erudiret
3211 3209 3280 3248 ne
3315 3194 3546 3250 crudelis
3568 3205 3624 3251 et
3649 3197 3904 3252 inhuma-

2323 3299 2424 3338 nus
2451 3292 2621 3348 esset;
2655 3284 2804 3338 illum
2832 3298 2992 3348 vero,
3033 3283 3092 3338 ut
3119 3299 3151 3338 a
3175 3284 3226 3338 vi
3251 3293 3306 3339 et
3334 3283 3666 3340 immanitate
3692 3287 3914 3342 alterius

2322 3373 2596 3428 liberaret.
2631 3373 2848 3438 Videte,
2879 3373 3057 3428 dilecti
3083 3389 3099 3427 :
3128 3374 3267 3430 bene
3303 3375 3434 3429 mihi
3465 3376 3604 3430 inter
3624 3375 3912 3431 dicendum

2322 3466 2467 3521 venit
2495 3465 2546 3519 in
2577 3473 2811 3520 mentem
2846 3464 2964 3519 haec
2989 3464 3245 3535 cogitatio
3275 3483 3290 3520 ε
3319 3465 3590 3535 quomodo
3619 3481 3725 3522 non
3751 3467 3913 3523 modo

2321 3556 2587 3627 cupiditas
2611 3556 2806 3622 alieni,
2837 3563 2892 3610 ct
2919 3556 3182 3610 bonorum
3208 3555 3442 3626 direptio
3463 3596 3479 3621 ,
3525 3571 3715 3612 verum
3743 3559 3908 3614 etiam

2324 3646 2707 3702 misericordiae
2738 3645 2982 3701 defectus
3004 3687 3021 3713 ,
3065 3645 3363 3716 gehennam
3403 3645 3559 3700 nobis
3597 3648 3786 3716 pariat.
3815 3647 3913 3723 Hic

2317 3737 2518 3807 quippe
2538 3777 2552 3802 ,
2597 3751 2703 3790 non
2729 3735 2870 3805 quod
2895 3736 3068 3791 aliena
3097 3736 3293 3804 injuste
3320 3737 3616 3805 rapuisset,
3647 3735 3746 3793 sed
3764 3736 3910 3806 quod

2321 3843 2414 3882 sua
2442 3827 2731 3882 inhumane
2756 3835 3044 3897 repeteret,
3077 3827 3366 3883 tortoribus
3395 3827 3620 3883 traditus
3644 3838 3748 3884 est.
3775 3828 3911 3886 Nam

2321 3918 2545 3983 dicitur,
2579 3918 2728 3972 illum
2765 3918 3046 3984 debuisse;
3079 3933 3266 3974 verum
3292 3919 3502 3974 etiamsi
3532 3918 3625 3974 ille
3646 3919 3908 3990 deberet,

2324 4019 2374 4065 et
2406 4019 2459 4063 tu
2485 4024 2696 4080 quoque
2717 4008 2858 4063 idem
2887 4009 3058 4077 ipsum
3089 4007 3353 4074 debebas,
3380 4018 3436 4063 et
3467 4009 3657 4065 eadem
3687 4011 3910 4080 :equitas

2323 4104 2375 4157 in
2406 4103 2641 4172 utrisque
2669 4101 2927 4156 servanda
2953 4110 3090 4158 erat.
3120 4100 3244 4157 Ideo
3269 4100 3471 4157 dimisit
3504 4101 3633 4168 tibi,
3667 4113 3725 4157 ut
3755 4117 3909 4159 suam

2322 4192 2416 4246 tibi
2455 4191 2762 4248 ostenderet
2799 4192 3179 4262 benignitatem
3203 4233 3220 4259 ,
3256 4200 3414 4262 teque
3442 4192 3733 4249 Dominicae
3761 4210 3910 4249 man—

2322 4282 2615 4338 suetudinis
2635 4281 3000 4337 semulatorem
3023 4281 3292 4338 redderet.
3324 4282 3586 4348 Quoniam
3618 4297 3748 4339 vero
3771 4284 3910 4341 bene

2321 4383 2590 4445 acceptus,
2620 4387 2730 4430 non
2758 4373 2950 4428 melior
2970 4372 3192 4428 effectus
3221 4388 3301 4440 es,
3327 4372 3502 4428 altero
3531 4382 3586 4430 te
3610 4375 3772 4430 modo
3790 4390 3909 4431 cor-

2321 4465 2464 4535 rigit,
2493 4463 2753 4533 supplicio
2783 4462 2989 4518 scilicet
3013 4470 3173 4532 atque
3196 4461 3468 4518 cruciatu:
3495 4462 3674 4534 itaque
3699 4471 3756 4519 et
3778 4464 3906 4521 illud

2319 4555 2562 4611 beneﬁcii
2591 4555 2832 4624 quaedam
2860 4555 3069 4624 species
3087 4563 3190 4609 est.
3222 4553 3462 4609 Tradidit
3487 4555 3782 4612 tortoribus
3805 4599 3821 4619 .
3853 4566 3910 4611 ut

2319 4661 2419 4702 ceu
2444 4647 2680 4702 medicus
2703 4646 2939 4716 optimus
2967 4645 3259 4715 nequitiam
3299 4645 3461 4700 animi
3501 4646 3731 4702 tolleret.
3775 4645 3904 4702 Leni

2320 4737 2596 4793 medicina:
2625 4753 2738 4794 non
2773 4750 3053 4800 cesseras,
3090 4735 3233 4792 ferro
3261 4736 3358 4791 tibi
3395 4737 3648 4805 deinceps
3686 4746 3743 4792 et
3787 4737 3908 4808 igne

2319 4845 2457 4900 opus
2488 4839 2589 4885 est.
2621 4830 2778 4885 Novit
2805 4829 2892 4885 ille
2921 4830 3010 4899 qni
3037 4830 3223 4886 decem
3248 4829 3411 4884 millia
3443 4829 3640 4884 talenta
3669 4830 3905 4897 dimisit,

2321 4929 2372 4976 te
2397 4919 2664 4976 crudelem
2707 4928 2762 4975 et
2801 4918 3149 4974 inhumanum
3177 4932 3333 4984 esse;
3365 4917 3460 4973 sed
3486 4919 3819 4988 exspectavit
3852 4931 3909 4974 nt

2319 5029 2386 5068 ex
2414 5027 2591 5066 rerum
2622 5017 2816 5065 eventu
2845 5023 2964 5064 sese
3003 5008 3142 5078 apud
3180 5017 3230 5064 te
3261 5024 3489 5079 purgare
3520 5019 3732 5079 posset,
3760 5011 3905 5082 quod

2319 5106 2632 5177 plerumque
2653 5102 2811 5170 facit,
2841 5102 2964 5157 licet
2997 5104 3130 5157 sciat
3152 5115 3212 5156 se
3236 5102 3378 5173 juste
3406 5116 3588 5172 agere.
3615 5101 3906 5172 Postquam

2319 5213 2440 5255 sese
2478 5197 2616 5267 apud
2652 5207 2706 5252 te
2741 5195 3018 5267 purgavit,
3051 5194 3153 5249 hoc
3177 5193 3338 5261 facit,
3385 5193 3530 5265 quod
3557 5203 3612 5249 et
3639 5210 3763 5265 erga
3809 5195 3908 5252 So-

2318 5293 2545 5348 domitas
2585 5290 2855 5346 faciebat:
2887 5305 2995 5343 non
3038 5290 3218 5343 statim
3253 5287 3434 5357 injecit
3478 5289 3688 5358 ignem,
3731 5304 3906 5359 neque

2317 5385 2478 5440 urbes
2505 5383 2622 5438 illas
2645 5382 2874 5437 vastavit
2900 5399 2915 5436 :
2945 5380 3038 5436 sed
3061 5381 3185 5450 quid
3202 5388 3226 5435 1'
3257 5379 3463 5435 Clamor
3489 5379 3836 5435 Sodomorum
3859 5389 3904 5434 et

2321 5475 2722 5530 Gomorrhorum
2749 5474 2901 5545 (Gen.
2937 5472 3023 5528 18.
3051 5472 3180 5540 20);
3209 5487 3382 5543 neque
3407 5471 3458 5526 id
3491 5480 3697 5527 tantum
3719 5515 3736 5539 ,
3763 5471 3856 5528 sed
3882 5513 3899 5539 .

2316 5567 2640 5621 Descendens
2675 5566 2852 5621 videbo
2903 5563 3009 5636 (Ib.
3037 5581 3087 5619 υ.
3114 5562 3227 5636 2i).
3268 5563 3452 5632 Neque
3500 5563 3587 5617 hic
3625 5565 3896 5627 constitit,

2314 5656 2408 5712 sed
2448 5657 2587 5712 misit
2617 5658 2857 5728 angelos,
2889 5654 2978 5726 qui
3010 5654 3100 5710 tibi
3133 5654 3424 5710 incolarum
3451 5653 3682 5709 civitatis
3707 5655 3895 5725 nequi-

2317 5750 2443 5806 tiam
2487 5750 2830 5808 ostenderent
2849 5791 2865 5815 ,
2912 5755 3064 5805 utne
3091 5746 3307 5820 quidem
3339 5744 3726 5825 impudentiam
3755 5744 3897 5820 quis-
