4220 6306
330 382 437 438 763

332 491 512 548 Τοῦτο
561 491 655 546 καί⁵
698 491 793 546 ὲπί
830 488 940 544 τῶν
984 487 1363 544 πλουτούντων
1413 487 1578 540 ποίει.
1627 487 1771 540 Ἀλλ’
1816 484 1923 538 εἰσί

331 593 504 639 τινες,
534 574 586 629 οἳ
614 574 834 628 ἐπειδάν
857 571 1080 636 τούτους
1103 571 1203 643 τῆς
1235 570 1555 640 φιλοσοφίας
1581 571 1707 634 τοὺς
1735 568 1928 636 λόγους

335 660 677 731 κινήσωμεν,
719 656 829 711 ὑῶν
857 656 954 710 καὶ
979 654 1200 726 τράγων
1233 654 1390 725 δίκην
1419 656 1488 725 τῇ
1519 652 1718 723 γαστρὶ
1753 667 1927 722 προσ·-

333 742 630 814 ηλωμένοι.
669 740 764 794 καὶ
792 741 907 802 τοῖς
945 737 1180 810 παροῦσι
1203 736 1549 799 δουλεύοντες
1581 735 1924 806 πράγμασιν,

334 826 496 880 οὐδὲν
548 820 689 877 εἶναι
741 821 883 893 μετά
923 821 1022 893 τὴν
1073 820 1323 875 ἐντεῦθεν
1371 819 1683 888 νομίζουσιν
1732 816 1930 885 ἀποδη-

341 910 475 980 μίαν
497 925 510 939 ο
549 908 727 978 ἕτεροι
752 907 810 960 δὲ
841 902 985 960 εἶναι
1017 906 1116 976 μέν
1146 920 1267 958 τινα
1306 902 1609 974 νομίζουσι,
1638 900 1928 972 προτιθέα-

343 1011 398 1047 σι
433 992 492 1046 δὲ
515 991 585 1045 τά
614 990 858 1062 παρόντα
878 987 989 1042 τῶν
1017 987 1340 1058 μελλόντων.
1369 986 1513 1057 Πρὸς
1544 984 1645 1054 μὲν
1677 983 1771 1037 05v
1802 982 1929 1047 τοὺς

344 1076 514 1148 μηδὲν
570 1070 710 1129 εῖναι
743 1071 1093 1144 νομίζοντας,
1139 1069 1255 1123 ἀλλ’
1287 1066 1720 1123 ἀποσϐεσθεῖσαν
1749 1077 1776 1107 ι
1826 1065 1928 1148 τὴν

338 1146 521 1229 ψυχὴν
563 1157 661 1230 τήν
698 1157 1006 1228 ἡμετέραν,
1069 1153 1276 1225 μηδένα
1315 1151 1516 1206 διδόναι
1553 1149 1745 1218 λόγον,
1790 1146 1929 1218 μηδὲ

341 1241 576 1305 εὐθύνας
617 1241 841 1310 ὑπέχειν
869 1236 1167 1309 οἰομένους,
1214 1235 1356 1306 τάχα
1385 1235 1478 1287 καὶ
1508 1231 1716 1301 γελοῖον
1746 1231 1924 1283 ἀντει-

341 1330 489 1389 πεῖν,
515 1324 704 1394 ῶσπερ
736 1321 873 1393 πρὸς
893 1322 1022 1386 τοὺς
1045 1318 1406 1392 μαινομένους
1437 1316 1678 1378 καὶτοὺς
1706 1313 1931 1383 ἐξεστη-

341 1410 529 1472 κότας.
558 1406 694 1461 οὐδὲ
725 1405 834 1476 γὰρ
867 1403 922 1458 εί
948 1421 1034 1468 τις
1059 1405 1118 1458 ὲν
1143 1401 1328 1474 ἡμέρα
1358 1396 1690 1470 ἀμφιϐάλλοι
1711 1395 1928 1468 ἡμέραν

345 1493 424 1565 μὴ
457 1486 618 1554 εῖναι,
660 1488 909 1559 καὶπερὶ
936 1486 1047 1540 τῶν
1076 1486 1242 1539 πᾶσιν
1275 1480 1724 1565 ὁμολογουμένων
1757 1480 1931 1565 ἀμφι-

344 1560 596 1646 σϐητοίη,
646 1570 839 1642 καιρὸς
882 1570 949 1626 ἀν
985 1567 1072 1640 εἴη
1116 1568 1259 1639 λόγῳ
1291 1567 1382 1621 τὸν
1415 1563 1658 1618 τοιοῦτον
1697 1560 1926 1646 πείθειν,

339 1645 446 1712 καὶ
471 1657 769 1729 προσάγειν
800 1652 879 1724 τῷ
903 1652 1163 1723 δόγματι·
1219 1649 1360 1719 πλήν
1388 1647 1526 1703 ἀλλά
1552 1646 1641 1700 διά
1671 1646 1771 1718 τὴν
1797 1645 1932 1717 ὑμε-

338 1741 510 1814 τέραν
542 1741 794 1810 ἀγάπην,
834 1737 928 1791 καὶ
957 1735 1093 1808 πρὸς
1132 1735 1340 1788 ἐκεῖνον
1371 1730 1753 1801 διαλεξόμεθα,
1783 1729 1930 1814 άπερ

341 1813 417 1880 ἀν
439 1824 515 1896 δῷ
545 1826 580 1895 ὴ
611 1823 710 1878 τοῦ
742 1820 880 1876 Θεοῦ
908 1820 1089 1892 χάρις.
1137 1818 1202 1874 Τί
1234 1818 1437 1887 λέγεις,
1470 1816 1746 1888 ἄνθρωπε,
1777 1813 1929 1868 οὐδὲν

339 1906 485 1964 εἶναι
506 1907 747 1979 νομίζεις
776 1903 846 1958 τά
881 1903 1020 1974 μετά
1048 1901 1258 1969 ταῦτα;
1295 1901 1468 1955 Τοῦτο
1499 1901 1611 1971 7&9
1633 1900 1930 1968 ἀναγκαῖον

338 1993 549 2056 εἰπεῖν,
595 1989 714 2054 πῶς
742 1987 993 2059 καθάπερ
1021 1985 1204 2041 κακῶν
1240 2002 1403 2039 τινων
1430 1982 1661 2056 ὁρμαθῷ
1689 1984 1775 2036 ἀεὶ
1806 1982 1931 2035 δυσ-

343 2074 655 2146 σεϐεστέρῳ
682 2072 946 2143 δόγματι,
989 2070 1082 2124 τὸν
1113 2069 1262 2135 ἀπαξ
1291 2067 1638 2140 ἐκτραπέντα
1667 2066 1768 2137 τῆς
1801 2065 1932 2136 ἀλη-

342 2159 498 2222 θείας
532 2155 900 2228 παραδίδωσιν
941 2155 970 2208 ό
1013 2150 1279 2216 διάϐολος.
1332 2151 1471 2222 Ὅρα
1518 2150 1661 2222 γάρ’
1715 2149 1932 2202 ἔπεισεν

339 2243 618 2314 ἀμελῆσαι
651 2239 1005 2312 σωφροσύνης
1025 2277 1041 2304 ,
1090 2235 1390 2296 ἐπιεικείας
1415 2275 1428 2301 ,
1476 2235 1575 2306 τῆς
1607 2233 1773 2304 ἄλλης
1803 2233 1934 2304 ἀρε·

338 2329 464 2401 τῆς,
497 2319 723 2397 ἐποίησε
758 2325 996 2397 φαύλους
1026 2322 1170 2378 κατὰ
1195 2321 1289 2374 τὸν
1318 2320 1451 2392 βίον,
1481 2317 1704 2390 πονηρῷ
1735 2316 1935 2381 συζῶν-

339 2430 442 2477 τας
483 2411 744 2466 συνειδότι
787 2410 1008 2474 λοιπὸν,
1064 2407 1158 2462 καὶ
1186 2405 1286 2479 τὴν
1327 2404 1560 2476 ἀμοιϐὴν
1613 2403 1721 2457 τῶν
1749 2403 1934 2466 αὐτοῖς

340 2494 751 2568 ἡμαρτημένων
807 2494 1017 2565 ἑτέροις
1069 2491 1383 2563 μεταθεῖναι
1434 2488 1764 2560 ζητοῦντας,
1813 2487 1933 2541 δέον

343 2577 780 2650 μεταϐάλλεσθαι
804 2579 903 2647 τῆς
930 2577 1150 2640 κακίας.
1176 2573 1349 2629 Τοῦτο
1383 2574 1482 2644 μὲν
1517 2575 1619 2627 οὐκ
1647 2573 1930 2642 ἐποίησαν,

339 2662 656 2717 ἀνέπλασαν
691 2661 750 2715 δὲ
795 2660 976 2731 δόγμα
1031 2659 1269 2730 πονηρὸν
1289 2700 1303 2722 ,
1355 2659 1451 2710 καὶ
1504 2656 1714 2729 μυρίων
1762 2657 1933 2725 γέμον

340 2745 556 2812 κακῶν,
585 2745 649 2798 τὸ
679 2744 780 2814 τῆς
808 2743 1170 2815 εἱμαρμένης.
1208 2736 1343 2795 Εῐτα
1372 2740 1516 2809 ὑπὲρ
1545 2739 1737 2792 τούτου
1769 2738 1934 2792 πάλιν

341 2830 718 2903 ἐλεγχόμενοι,
760 2829 856 2882 καὶ
883 2826 1264 2896 συνομολογεῖν
1302 2823 1736 2895 ἀναγκαζόμενοι
1767 2822 1934 2894 μηδὲν

340 2911 484 2969 εἶναι
527 2912 598 2966 τά
626 2912 904 2984 παρόντα,
948 2911 1012 2964 τὸ
1042 2909 1235 2980 μέλλον
1260 2908 1627 2976 ἀνατρέπουσι
1651 2945 1666 2966 .
1720 2908 1813 2960 καὶ
1841 2907 1933 2960 τὸν

343 2997 477 3070 περὶ
509 2995 862 3058 ἀναστάσεως
894 2991 1178 3064 ἀναιροῦσι
1199 2991 1378 3060 λόγον.
1422 2990 1543 3044 Κᾶν
1577 2988 1739 3043 τοῦτο
1768 2989 1932 3044 πάλιν

338 3079 726 3150 διελέγξωμεν,
754 3078 834 3141 εἰς
864 3076 1053 3147 ἕτερον
1076 3075 1406 3138 ἐκπεσόντες
1432 3073 1611 3145 δόγμα
1634 3072 1932 3126 δυσσεϐοῦοο

344 3183 400 3218 σι
417 3181 431 3196 ⁸
475 3164 614 3235 πλὴν
643 3163 780 3224 τέως
803 3161 867 3214 τὸ
892 3161 950 3213 ὲν
980 3160 1138 3231 χερσί
1165 3156 1547 3229 διελέγξωμεν.
1575 3157 1740 3211 Οὐδέν
1763 3161 1929 3222 ἐστιν,

340 3248 635 3319 ἄνθρωπε,
688 3245 828 3317 μετὰ
855 3244 1060 3311 ταῦτα,
1097 3243 1195 3297 καὶ
1233 3242 1370 3314 πρὸς
1399 3242 1574 3297 ταῦτα
1614 3243 1835 3297 ίστασαι
1865 3243 1934 3297 τά

341 3332 625 3402 δόγματα;
663 3327 930 3383 Τοσαῦτα
964 3327 1242 3399 ὲλήρησαν
1276 3325 1570 3394 Ἕλληνες,
1633 3325 1748 3380 ἀλλ’
1782 3326 1933 3396 ὅμως

341 3413 485 3484 πρὸς
519 3413 620 3484 τὴν
649 3411 744 3465 τοῦ
774 3410 1045 3481 δόγματος
1071 3409 1266 3462 τούτου
1295 3409 1395 3463 οὐκ
1428 3409 1767 3477 ἀντέστησαν
1799 3409 1936 3481 ἀλή-

345 3497 497 3551 θειαν
522 3514 537 3528 ο
588 3495 706 3550 ἀλλ’
735 3497 784 3549 εἰ
831 3495 926 3549 καὶ
951 3494 1134 3557 αὐτοῖς
1160 3492 1552 3563 ἀκολουθήσεις
1575 3531 1591 3557 ,
1623 3493 1774 3564 ὅμως
1803 3493 1936 3547 ἔδω-

342 3581 449 3636 κάν
470 3597 595 3635 τινα
639 3578 781 3650 μετά
806 3577 981 3632 ταῦτα
1028 3576 1172 3648 βίον,
1221 3577 1317 3632 καὶ
1351 3576 1600 3640 εὐθύνας,
1651 3578 1748 3631 καὶ
1775 3577 1934 3631 δικα-

347 3665 545 3734 στήρια
565 3664 624 3717 ὲν
651 3662 800 3734 ᾅδου,
822 3662 920 3716 καὶ
945 3660 1217 3724 κολάσεις,
1244 3660 1341 3714 καὶ
1363 3660 1550 3731 τιμὰς,
1576 3660 1672 3714 καὶ
1697 3660 1932 3730 ψήφους,

343 3746 444 3801 καὶ
477 3744 711 3817 κρίσεις.
754 3744 872 3800 Κάν
907 3744 1195 3807 Ἰουδαίους
1231 3744 1539 3816 ἐρωτήσῃς,
1575 3744 1680 3798 κᾶν
1725 3745 1935 3815 αἱρετι-

343 3828 500 3895 εοὺς,
535 3828 644 3883 κᾶν
692 3827 876 3881 ὅντινα
908 3826 1224 3899 ἄνθρωπον,
1271 3826 1694 3898 αἰσχυνθήσεται
1718 3827 1815 3880 τοῦ
1852 3826 1938 3880 δό-

340 3933 558 3989 γματος
585 3916 687 3988 τὴν
712 3916 992 3986 ἀλήθειαν,
1030 3917 1124 3969 καὶ
1151 3916 1201 3968 εἰ
1231 3916 1328 3969 καὶ
1351 3917 1410 3969 ὲν
1435 3915 1616 3978 ἀλλοις
1649 3915 1936 3987 διαφέρον·-

340 4019 458 4066 ται,
488 4000 608 4055 ἀλλ’
639 4001 698 4053 ἑν
726 3999 904 4070 τούτῳ
933 3999 1135 4063 πάντες
1159 3999 1510 4069 συμφωνοῦσι
1541 4001 1636 4053 καὶ
1661 3999 1935 4069 λέγουσιν,

342 4083 485 4140 εἶναι
517 4084 631 4140 τῶν
669 4083 906 4138 ἐνταῦθα
938 4083 1326 4153 γεγενημένων
1365 4082 1596 4146 εὐθύνας
1619 4085 1755 4137 ἐκεῖ.
1795 4083 1936 4137 Ἀλλ’

340 4170 524 4224 οὐδενί
564 4168 744 4240 βούλει
775 4167 1340 4232 πείθεσθαιντούτων,
1394 4167 1510 4221 ἀλλ’
1561 4167 1937 4238 ἀναισχυντεῖς

340 4252 606 4318 καθάπαξ
639 4248 878 4315 ἐκδιδοὺς
915 4251 1111 4305 σαυτὸν
1135 4253 1200 4322 τῇ
1237 4250 1434 4322 πλάνῃ.
1463 4249 1673 4305 Οὐκοῦν
1704 4250 1792 4305 διὰ
1811 4252 1939 4314 τοὺς

344 4335 428 4390 ἔτι
461 4337 763 4405 νήφοντας,
811 4335 1110 4402 ἀναγκαῖον
1151 4335 1280 4397 τοὺς
1311 4335 1441 4405 περὶ
1483 4332 1690 4387 τούτων
1719 4335 1938 4406 κινῆσαι

342 4418 560 4486 λόγους.
599 4416 691 4488 Τῷ
715 4416 823 4488 γάρ
861 4417 1028 4488 μηδὲν
1062 4415 1216 4488 [767]
1249 4415 1601 4487 ὁμολογοῦντι
1631 4411 1771 4470 εἶναι
1799 4415 1938 4486 μετὰ

342 4500 542 4564 ταῦτα,
574 4501 791 4570 ἀνάγκη
825 4501 959 4570 μηδὲ
999 4499 1133 4553 Θεὸν
1169 4493 1312 4552 εἶναι
1338 4499 1692 4569 ὁμολογῆσαι.
1750 4500 1935 4571 Ὁρᾷς,

342 4585 485 4656 ὅπερ
519 4585 696 4649 εἷπον,
739 4585 823 4638 ὅτι
866 4584 955 4638 ἀεὶ
997 4583 1104 4637 τῶν
1132 4581 1482 4654 φαυλοτέρων
1527 4586 1646 4638 ἐστὶ
1691 4585 1828 4655 μετὰ
1867 4584 1939 4638 τά

347 4668 544 4740 πρῶτα
574 4669 822 4739 δόγματα
849 4668 919 4721 τά
949 4667 1174 4737 ὕστερα,
1201 4666 1346 4737 ἀπερ
1375 4667 1576 4730 αὐτοὺς
1599 4668 1934 4736 διαδέξεται;

346 4753 412 4806 Εἰ
437 4751 546 4823 7&9
574 4751 742 4822 μηδέν
761 4753 912 4806 ἐστιν
939 4752 1056 4804 ἐκεῖ
1084 4751 1223 4822 μετά
1248 4750 1438 4813 ταῦτα,
1467 4751 1587 4805 οὐδὲ
1606 4751 1739 4816 Θεὸς
1765 4753 1935 4810 ἔστιν.

348 4837 414 4891 Εἰ
442 4833 552 4906 7&9
584 4834 699 4888 ἔστι
731 4833 884 4898 Θεὸς,
919 4834 1126 4898 δίκαιός
1157 4836 1306 4887 ἐστιν
1332 4850 1346 4863 ⁸
1384 4836 1432 4887 εἰ
1475 4834 1532 4887 δὲ
1560 4835 1766 4900 δίκαιός
1795 4839 1933 4904 ἐστι,

323 4918 410 4972 τὸ
452 4919 574 4972 κατ’
612 4916 768 4982 ἀξίαν
817 4918 1082 4988 ἀπονέμει
1127 4917 1377 4988 ἑκάστῳ·
1430 4920 1479 4970 εἰ
1524 4919 1583 4971 δὲ
1624 4919 1777 4972 οὐδέν
1819 4922 1936 4974 ἐστι

351 4999 491 5070 μετά
515 4999 712 5066 ταῦτα,
742 4998 845 5054 ποῦ
877 4999 938 5053 τὸ
967 5003 1083 5054 κατ’
1111 4999 1269 5065 ἀξίαν
1313 5002 1651 5074 ἀπολήψεται
1673 5004 1934 5072 ἓκαστοςς

348 5083 595 5156 Πρόσεχε
628 5085 738 5156 γάρ
756 5100 770 5114 ο
809 5085 994 5138 πολλοί
1017 5087 1149 5154 παρ’
1179 5084 1357 5151 ἀξίαν,
1397 5086 1473 5150 ῶς
1500 5089 1594 5140 καὶ
1626 5089 1781 5142 αὐτοί
1805 5107 1939 5161 προ-

355 5167 607 5231 λαϐόντες
656 5167 1048 5239 ὡμολόγησαν,
1101 5166 1160 5223 εὖ
1215 5171 1516 5240 πάσχουσιν
1559 5171 1795 5226 ἐνταῦθα
1842 5176 1937 5228 καὶ

349 5250 640 5322 τιμῶνται,
669 5252 844 5322 ἕτεροι
863 5252 920 5305 δὲ
943 5253 1260 5318 κολάζονται
1289 5256 1348 5307 ὲν
1374 5254 1687 5330 δικαιοσύνῃ
1711 5257 1932 5323 ζῶντες.

351 5333 412 5387 Εἰ
443 5335 623 5388 τοίνυν
645 5334 824 5398 οὐδείς
844 5337 960 5388 ἐστι
988 5337 1178 5405 καιρὸς
1202 5338 1341 5406 μετά
1363 5337 1561 5402 ταῦτα,
1606 5340 1938 5396 ἀπελεύσον-

346 5433 439 5471 ται
472 5415 825 5486 ἀδικηθέντες
852 5419 900 5471 οἰ
933 5417 1155 5484 δίκαιοι,
1177 5420 1274 5472 καὶ
1301 5423 1433 5491 παρ’
1459 5421 1612 5488 ἀξίαν
1641 5419 1700 5477 εὖ
1735 5425 1916 5480 παθόν-

351 5514 440 5562 τες
468 5500 517 5553 οἰ
540 5498 713 5552 ἄδικοι
738 5515 753 5531 ο
795 5501 843 5552 εἰ
876 5499 930 5554 δὲ
960 5502 1134 5554 ταῦτα
1170 5502 1244 5573 μή
1271 5502 1445 5568 ἔσται,
1475 5504 1593 5569 πῶς
1638 5505 1705 5561 ἂν
1749 5509 1833 5581 εἴη
1873 5511 1934 5564 τὸ

348 5581 586 5648 δίκαιον;
615 5582 852 5653 Ἀνάγκη
877 5584 987 5655 7&9
1013 5585 1045 5656 ἢ
1071 5581 1208 5640 εἶναί
1235 5603 1356 5639 τινα
1383 5587 1573 5658 καιρὸν
1597 5589 1737 5659 μετά
1759 5592 1934 5648 ταῦτα

347 5663 444 5720 τὸν
472 5663 535 5718 τὸ
559 5662 681 5718 κατ’
709 5665 866 5731 ἀξίαν
895 5669 1236 5740 ἀπονέμοντα
1263 5669 1478 5744 ἑκάστῳ
1496 5687 1510 5702 ·
1565 5673 1800 5729 ἐνταῦθα
1823 5675 1933 5748 7&9

408 5795 437 5826 ⁸
459 5795 593 5848 Colb.
617 5797 1026 5864 ἀποσπασθεῖσαν,
1051 5802 1215 5853 minus
1238 5811 1395 5856 recte.

1417 373 1508 430 DE
1547 372 1728 429 ΡΑΤο
1764 372 1850 429 ET
1893 369 2381 432 PROVIDENTM.
2425 377 2512 434 IV.

3523 384 3628 441 761

2029 487 2164 541 αὐτὸ
2214 489 2312 560 οὐχ
2350 489 2714 560 εὑρίσκομεν·
2766 491 2819 544 εἴ
2859 507 2922 560 γε
2957 491 3032 564 μή
3090 493 3207 545 ἐστι
3246 494 3475 565 καιρὸς,
3511 497 3628 560 πῶς

2026 567 2089 621 τὸ
2118 570 2240 623 κατ’
2267 572 2425 648 ἀξίαν
2453 573 2701 644 ἀπολάϐῃ
2727 573 2958 638 ἕκαστος
2985 591 3000 638 ;
3036 576 3086 627 εἰ
3115 575 3173 628 δὲ
3198 577 3386 648 μηδεὶς
3412 578 3474 632 τὸ
3509 582 3630 633 κατ’

2027 653 2185 719 ἀξίαν
2213 656 2593 727 ἀπολαμϐάνει
2610 699 2622 718 ,
2663 656 2788 711 οὐτε
2815 658 2947 722 Θεὸς
2971 661 3089 712 ἐστι
3118 660 3258 713 κατά
3286 659 3346 712 σὲ
3373 660 3584 724 δίκαιος
3612 678 3627 693 ⁶

2028 738 2079 789 εἰ
2105 739 2162 790 δὲ
2193 739 2293 791 οὐκ
2322 740 2439 793 ἔστι
2462 742 2670 804 δίκαιος
2703 743 2732 794 ό
2755 741 2907 805 Θεὸς,
2938 743 3060 795 οὐδὲ
3082 743 3215 806 Θεὸς
3248 744 3315 796 ἃν
3337 743 3444 814 εἴη.
3486 745 3630 799 Ἀλλ’

2029 824 2062 892 ὴ
2097 822 2415 894 βλασφημία
2440 826 2518 889 εἰς
2544 825 2644 897 τὴν
2670 826 2910 897 κεφαλὴν
2932 826 3040 878 τῶν
3067 825 3243 880 ταῦτα
3282 829 3431 898 ἡμᾶς
3467 830 3632 896 ἀναγ-

2029 905 2304 971 καζόντων
2335 908 2723 980 περιτραπείη.
2743 909 2939 980 Ὁρᾶτε
2966 909 3101 979 πρὸς
3128 910 3262 980 ὅσην
3279 910 3632 983 βλασφημίαν

2029 991 2058 1042 ὁ
2109 989 2267 1059 λόγος
2320 990 2691 1062 ἐξενήνεκται.
2740 992 2900 1045 Ἀλλά
2955 992 3062 1064 μὴν
3112 994 3195 1046 ὅτι
3239 993 3373 1057 Θεός
3413 996 3630 1050 ἐστιτὰ

2028 1074 2332 1145 πράγματα
2365 1074 2495 1147 βοᾷ·
2540 1075 2736 1129 οὐκοῦν
2769 1078 2861 1131 καὶ
2905 1075 3116 1139 δίκαιός
3142 1076 3316 1131 ἐστιν·
3381 1079 3430 1131 εί
3461 1078 3518 1131 δὲ
3549 1079 3633 1133 δί-

2029 1157 2181 1220 καιός
2214 1160 2352 1222 ἐστι,
2385 1160 2447 1212 τὸ
2476 1161 2599 1212 κατ’
2631 1159 2788 1224 ἀξίαν
2817 1161 3084 1230 ἀπονέμει
3111 1161 3329 1232 ἑκάστῳ
3351 1175 3365 1190 ’
3412 1164 3462 1215 εἰ
3491 1162 3550 1215 δὲ
3571 1161 3635 1216 τὸ

2030 1240 2152 1293 κατ’
2184 1240 2344 1305 ἀξίαν
2371 1241 2635 1314 ἀπονέμει
2668 1244 2907 1313 ἑκάστῳ,
2952 1243 3168 1313 ἀνάγκη
3201 1243 3325 1297 τινά
3359 1239 3505 1297 εἶναι
3533 1263 3632 1316 με-

2029 1322 2098 1376 τά
2125 1323 2296 1378 ταῦτα
2323 1325 2536 1396 καιρὸν,
2568 1326 2691 1380 καθ’
2721 1327 2779 1380 δν
2807 1326 2869 1379 τὸ
2896 1327 3018 1380 κατ’
3051 1325 3208 1392 ἀξίαν
3239 1327 3470 1390 ἕκαστος
3493 1330 3632 1382 ἀπο-

2029 1406 2283 1479 λήψεται,
2305 1408 2402 1464 καί
2432 1408 2596 1462 δώσει
2626 1408 2809 1480 δίκην,
2837 1411 2933 1463 καὶ
2959 1409 3327 1481 τιμηθήσεται
3355 1410 3498 1481 ὑπὲρ
3519 1411 3634 1465 τῶν

2030 1491 2481 1563 κατωρθωμένων
2498 1493 2666 1564 αὐτῷ.
2684 1494 3095 1564 Ἀνανήψωμεν,
3120 1493 3396 1565 ἀγαπητοί
3416 1512 3430 1525 ·
3453 1495 3634 1560 ἀγνω-

2033 1575 2155 1628 σίαν
2189 1575 2325 1630 Θεοῦ
2358 1577 2502 1641 τινὲς
2547 1576 2797 1647 έχουσινο
2844 1575 3230 1646 ἀνανήψωμεν,
3266 1578 3634 1649 γρηγορήσω-

2035 1675 2153 1728 μεν.
2197 1660 2514 1730 Ἤμαρτες,
2567 1660 2641 1730 μή
2666 1661 2911 1732 προσθῇς
2942 1659 3063 1718 En?
3097 1661 3346 1730 ἥμαρτες
3367 1702 3381 1724 ,
3419 1659 3631 1733 ἡσύχα-

2034 1758 2125 1795 σον
2150 1757 2165 1774 ⁸
2207 1743 2475 1813 ἥμαρτες,
2508 1743 2582 1814 μὴ
2612 1743 2931 1816 καταδήσῃς
2980 1743 3062 1806 δὶς
3095 1743 3391 1813 ἁμαρτίας.
3440 1744 3632 1814 Ἡμεῖς

2031 1823 2089 1878 δὲ
2115 1825 2349 1897 τριπλᾶς
2385 1827 2480 1879 καὶ
2503 1826 2817 1897 τετραπλᾶς
2845 1825 3325 1896 καταδεσμοῦμεν.
3371 1827 3632 1881 τοιούτων

2032 1908 2320 1980 δογμάτων
2343 1910 2542 1982 φόρτον
2564 1911 2645 1973 εἰς
2666 1909 2766 1974 τὰς
2784 1910 3065 1982 ἡμετέρας
3089 1909 3270 1979 ψυχάς
3293 1909 3628 1978 εἰσάγοντες.

2036 1991 2343 2066 Ἦμαρτες,
2365 1993 2626 2063 ὲπίγνωθι
2657 1993 2747 2048 τὸν
2773 1996 3074 2066 Δεσπότην,
3105 1994 3198 2047 τὸν
3224 1994 3514 2064 ἐλεήμονα,
3537 1993 3632 2048 τὸν

2035 2076 2438 2147 φιλάνθρωπον,
2466 2077 2559 2130 τὸν
2585 2077 2808 2145 ἀγαθὸν,
2837 2077 2929 2130 τὸν
2957 2075 3159 2148 ἰατρὸν,
3183 2077 3276 2130 τὸν
3308 2093 3634 2147 συγγνωμο-

2033 2161 2204 2226 νικὸν,
2228 2162 2320 2214 τὸν
2342 2160 2773 2233 εὐπαραίτητον,
2789 2159 2882 2213 τὸν
2909 2160 3224 2224 εύαξίωτιν.
3247 2161 3361 2214 Οὐκ
3391 2160 3634 2231 ἤκουσας

2033 2242 2116 2296 ὅτι
2146 2244 2315 2315 μυρία
2341 2245 2584 2298 τάλαντά
2613 2261 2696 2308 τις
2728 2242 3138 2314 κατεδηδοκὼς,
3194 2243 3291 2297 καὶ⁵
3311 2243 3413 2314 τὴν
3441 2241 3634 2296 οὐσίαν

2033 2330 2217 2383 πᾶσαν
2255 2330 2355 2400 τὴν
2417 2328 2746 2400 δεσποτικὴν
2806 2328 3080 2390 ἀπολέσας
3133 2327 3229 2380 καὶ
3297 2326 3631 2390 διασπάσας,

2033 2412 2252 2484 ἕτοιμος
2279 2411 2354 2466 ὢν
2370 2414 2463 2467 καὶ
2483 2413 2583 2482 τὴν
2609 2414 2843 2479 γυναῖκα
2863 2409 3160 2465 ἀποδόσθαι
3194 2409 3289 2463 καὶ
3314 2409 3385 2462 τά
3415 2407 3632 2474 παιδία,

2035 2497 2224 2569 ἐπειδὴ
2265 2497 2428 2567 μόνον
2455 2496 2742 2564 ἔκλαυσεν,
2777 2495 2967 2566 ἐπειδὴ
3006 2496 3168 2566 μόνον
3191 2494 3299 2549 τῶν
3325 2493 3503 2546 ποδῶν
3534 2495 3634 2547 αὐ-

2033 2581 2129 2635 τοῦ
2161 2581 2372 2654 ἥψατο,
2423 2580 2622 2645 παντὸς
2669 2580 2878 2633 ἐκείνου
2927 2579 3024 2633 τοῦ
3072 2579 3437 2650 όφειλήματος
3479 2576 3634 2630 λύσιν

2033 2665 2242 2736 ηὕρατο
2267 2667 2362 2718 καὶ
2379 2664 2604 2734 ἀφεσιν;
2630 2664 2692 2717 Εἰ
2712 2664 2770 2717 δὲ
2791 2663 2990 2732 λέγοις,
3008 2664 3091 2715 ὃτι
3116 2662 3254 2733 μετὰ
3274 2661 3446 2715 ταῦτα
3468 2660 3634 2713 αὐτὸν

2035 2748 2319 2820 παρέδωκε
2339 2751 2451 2811 τοῖς
2474 2747 2846 2818 βασανισταῖς,
2868 2747 3048 2800 ἴσασιν
3077 2747 3124 2798 οἰ
3146 2744 3348 2807 εἰδότες
3370 2743 3466 2814 τὴν
3489 2744 3634 2796 ἱστο-

2039 2833 2188 2904 ρίαν·
2216 2832 2410 2904 ἑτέρας
2439 2849 2530 2902 μοι
2556 2832 2738 2900 λέγεις
2766 2829 3178 2901 φιλανθρωπίας
3204 2826 3481 2881 ὑπόθεσιν.
3520 2827 3633 2880 Καὶ

2033 2918 2147 2987 7&9
2180 2918 2276 2970 καὶ
2302 2915 2426 2969 τότε
2456 2915 2620 2969 αὐτὸν
2650 2914 2883 2986 ἐλεήσας
2904 2913 3088 2983 ἀφῆκε
3109 2951 3123 2976 ,
3165 2911 3258 2965 καὶ
3293 2909 3454 2966 πάλιν
3483 2912 3600 2963 ἐκεῖ
3621 2942 3632 2952 -

2033 3016 2123 3052 νον
2159 2999 2391 3070 ἐλεήσας
2443 2997 2731 3052 ἐνέϐαλεν·
2785 2996 2975 3066 ὥσπερ
3025 2996 3146 3048 τότε
3191 2992 3371 3065 τούτῳ
3419 2993 3631 3064 βοηθῶν

2034 3083 2331 3153 ἐποίησεν,
2375 3081 2518 3134 οὕτω
2549 3081 2645 3134 καὶ
2681 3080 2776 3134 νῦν
2815 3079 3008 3150 ἐκείνῳ
3057 3076 3266 3148 βοηθῶν
3300 3077 3628 3147 ἀνέπραττε,

2033 3163 2222 3218 τοῦτον
2253 3165 2352 3236 μὲν
2380 3166 2469 3219 ἵνα
2495 3161 2764 3235 παιδεύσῃ
2794 3162 2869 3233 μὴ
2907 3156 3050 3216 εἶναι
3084 3160 3258 3231 ὠμὸν,
3293 3160 3430 3232 μηδὲ
3456 3159 3633 3214 ἀπάν-

2035 3250 2272 3323 θρωπον,
2300 3251 2505 3302 ὲκεῐνον
2538 3249 2594 3302 δὲ
2625 3249 2712 3301 ἵνα
2747 3248 2841 3301 καὶ
2865 3245 3153 3318 ἀπαλλάξῃ
3189 3244 3309 3315 βίας
3337 3244 3434 3297 καὶ
3456 3245 3632 3299 ἁπαν·

2036 3333 2302 3406 θρωπίας.
2321 3333 2538 3403 Ὁρᾶτε,
2571 3328 3066 3400 ἀγαπητοίοκαλῶς
3085 3329 3196 3399 γάρ
3222 3344 3285 3397 με
3313 3326 3517 3397 μεταξὺ
3544 3326 3633 3380 λέ-

2034 3435 2201 3487 γοντα
2223 3417 2382 3472 τοῦτο
2409 3416 2626 3488 εἰσῆλθε
2642 3416 2702 3468 τὸ
2728 3416 2930 3485 νόημα,
2949 3413 3067 3476 πῶς
3084 3413 3145 3466 οὐ
3178 3411 3339 3482 μόνον
3367 3411 3428 3463 τὸ
3449 3409 3632 3464 πλεον-

2037 3505 2217 3560 εκτετν
2249 3501 2346 3555 καὶ
2381 3499 2670 3574 ἁρπάζειν,
2709 3498 2847 3553 ἀλλά
2883 3498 2976 3552 καὶ
3009 3498 3070 3550 τὸ
3101 3497 3176 3568 μὴ
3206 3495 3376 3550 ἐλεεῖν
3405 3495 3630 3567 γεέννης

2039 3586 2190 3659 [768]
2217 3589 2348 3657 ἡμῖν
2376 3585 2635 3657 πρόξενον
2653 3583 2931 3654 γίγνεται.
2982 3576 3152 3645 Οὗτος
3181 3581 3312 3652 γάρ,
3347 3581 3450 3636 οὐκ
3480 3583 3630 3634 ἐπει-

2034 3668 2100 3740 δὴ
2136 3669 2206 3722 τά
2231 3668 2488 3744 ἀλλότρια
2517 3667 2708 3722 ἐλαϐεν
2740 3667 2972 3731 ἀδίκως,
3023 3666 3141 3720 ἀλλ’
3182 3663 3372 3737 ἐπειδὴ
3417 3664 3486 3718 τὰ
3527 3664 3633 3717 αὐ-

2034 3752 2130 3807 τοῦ
2152 3755 2350 3826 ἀπῄτει
2373 3750 2777 3824 ἀπανθρώπως,
2804 3751 3078 3822 παρεδόθη
3105 3753 3219 3813 τοῖς
3245 3749 3597 3819 βασανισταῖς
3613 3763 3626 3776 ·

2037 3838 2134 3891 καὶ
2161 3837 2272 3909 7&9
2303 3839 2518 3908 εἴρηται
2537 3876 2551 3901 ,
2596 3836 2678 3889 δτι
2731 3834 2965 3903 ὤφειλεν
3013 3835 3220 3896 ἐκεῖνος
3248 3849 3264 3863 ο
3292 3833 3411 3885 ἀλλ’
3455 3835 3505 3886 εἰ
3533 3835 3630 3886 καὶ

2039 3922 2247 3984 ἐκεῖνος
2294 3919 2559 3990 ὤφειλεν,
2602 3917 2836 3988 ῶφειλες
2866 3918 2960 3970 καὶ
3002 3918 3067 3969 σὺ
3102 3916 3164 3969 τὸ
3207 3916 3342 3969 αὐτὸ
3379 3915 3628 3986 δφλημα,

2041 4005 2135 4058 καὶ
2166 4005 2229 4058 τὸ
2273 4003 2405 4057 αὐτὸ
2446 4002 2655 4057 δίκαιον
2695 4003 2782 4054 ἐπ’
2832 4000 3212 4072 ἀμφοτέρωνδ
3264 3999 3630 4068 φυλάττεσθαι

2039 4092 2230 4164 ἐχρῆν.
2269 4091 2367 4145 Διά
2411 4091 2572 4146 τοῦτό
2617 4108 2700 4145 σοι
2742 4091 2989 4162 ἀφῆκεν,
3048 4091 3136 4144 ῖνα
3183 4091 3284 4160 τὴν
3329 4089 3493 4143 αὐτοῦ
3547 4105 3628 4142 σοι

2040 4182 2206 4256 δείξῃ·
2230 4183 2662 4256 φιλανθρωπίαν,
2692 4184 2780 4237 ίνα
2806 4182 3051 4254 ζηλωτήν
3081 4198 3140 4235 σε
3173 4181 3274 4253 τῆς
3298 4181 3628 4252 δεσππικῆς

2041 4272 2381 4344 ἡμερότητος
2401 4272 2728 4344 ἐργάσηται.
2768 4270 2988 4340 Ἐπειδὴ
3019 4269 3076 4324 δὲ
3103 4267 3294 4323 παθὼν
3311 4264 3371 4322 εὖ
3389 4269 3488 4323 οὐκ
3514 4269 3627 4337 ὲγέο

2041 4381 2135 4418 νου
2166 4362 2408 4434 βελτίων,
2436 4363 2612 4435 ἑτέρῳ
2637 4380 2696 4416 σε
2729 4361 3034 4434 διορθοῦται
3059 4361 3270 4434 τρόπῳ,
3300 4360 3381 4433 τῷ
3405 4362 3503 4432 τῆς
3537 4379 3631 4415 κο-

2041 4455 2272 4522 λάσεως,
2314 4455 2392 4526 τῷ
2437 4459 2538 4527 τῆς
2570 4456 2872 4526 τιμωρίας·
2907 4453 3047 4508 ὥστε
3089 4455 3183 4508 καὶ
3215 4453 3374 4507 τοῦτο
3403 4455 3626 4526 εὐεργε-

2043 4545 2163 4610 σίας
2193 4541 2334 4608 εἷδός
2361 4547 2500 4599 ἐστι.
2538 4544 2831 4612 Παρέδωκε
2859 4547 2974 4608 τοῖς
3001 4543 3373 4614 βασανισταῖς,
3409 4543 3498 4597 ἵνα
3527 4561 3628 4597 κα-

2041 4639 2167 4691 κίαν
2227 4637 2384 4709 ἐξέλῃ
2421 4635 2640 4706 ψυχῆς,
2683 4635 2937 4707 καθάπερ
2983 4636 3168 4707 ἰατρὸς
3217 4635 3458 4708 ἀριστος.
3511 4637 3628 4691 Οὐκ

2039 4723 2188 4794 εἴξας
2223 4729 2504 4800 φαρμάκῳ
2543 4728 2824 4798 προσηνεῖ,
2868 4727 3086 4798 σιδήρου
3115 4743 3200 4780 σοι
3220 4727 3300 4780 δεῖ
3320 4727 3414 4780 καὶ
3457 4727 3628 4798 πυρὸς

2039 4817 2244 4871 λοιπόν.
2273 4818 2429 4891 ᾜδει
2457 4818 2628 4890 μυρία
2657 4817 2897 4871 τάλαντα
2921 4817 3080 4886 ἀφεὶς
3103 4817 3185 4871 δτι
3208 4817 3359 4889 ὠμός
3387 4820 3504 4872 ἐστι
3531 4819 3629 4872 καὶ

2039 4910 2427 4983 ἀπάνθρωπος,
2463 4910 2577 4963 ἀλλ’
2609 4909 2863 4981 ἀνέμεινε
2893 4909 2980 4963 διά
3017 4909 3116 4980 τῆς
3141 4909 3251 4963 τῶν
3282 4911 3630 4980 πραγμάτων

2039 5002 2316 5065 ἐκϐάσεως
2335 5001 2778 5072 ἀπολογήσασθαί
2802 5018 2903 5067 σοι,
2929 5000 2958 5054 δ
2979 5000 3246 5070 πολλαχοῦ
3276 5003 3440 5064 ποιεῖ,
3471 5000 3626 5064 εἰδὼς

2038 5090 2121 5143 δτι
2147 5089 2374 5154 δικαίως
2411 5093 2575 5144 ποιεῖ.
2608 5092 2765 5145 Μετά
2791 5091 2854 5144 τὸ
2881 5089 3328 5161 ἀπολογήσασθαί
3359 5106 3443 5142 σοι.
3470 5089 3626 5144 τοῦτο

2038 5185 2211 5236 ποιεῖ’
2237 5175 2349 5236 οἷον
2366 5182 2459 5235 ἐπὶ
2477 5181 2587 5236 τῶν
2602 5182 2852 5254 Σοδόμων
2877 5182 2974 5252 οὐχ
3000 5180 3189 5244 ἀπλῶς
3206 5180 3387 5250 ἀφῆκε
3412 5180 3474 5234 τὸ
3492 5180 3623 5251 πῦρ,

2035 5274 2157 5328 οὐδὲ
2178 5273 2277 5337 τὰς
2293 5273 2477 5338 πόλεις
2501 5275 2714 5338 ὲκείνας
2740 5276 3077 5346 ἀνήρπασεν,
3109 5275 3245 5328 ἀλλά
3269 5274 3321 5326 τί
3341 5290 3355 5338 ;
3378 5274 3623 5342 Κραυγὴ

2037 5365 2320 5435 Σοδόμων
2379 5367 2478 5420 καί
2515 5368 2854 5436 Γομόῤῥων,
2904 5367 2997 5422 καὶ
3032 5367 3153 5421 οὐδὲ
3205 5367 3364 5439 μέχρι
3395 5366 3624 5433 τούτου,

2035 5457 2194 5519 ἀλλά,
2244 5459 2519 5524 Καταϐὰς
2556 5457 2799 5528 ὄψομαι.
2843 5459 2954 5514 Καὶ
3009 5459 3128 5512 οὐδὲ
3179 5459 3412 5513 ἐνταῦθα
3453 5459 3624 5532 ἔστη,

2034 5548 2170 5603 ἀλλά
2198 5549 2407 5620 πέμπει
2442 5551 2569 5615 τοὺς
2599 5552 2869 5620 ἀγγέλους
2903 5551 3358 5617 ὐποδεικνύοντάς
3391 5570 3472 5607 σοι
3514 5566 3622 5634 τὴν

2034 5640 2234 5695 κακίαν
2278 5640 2387 5695 τῶν
2437 5641 2789 5698 ἐνοικούντων
2832 5642 2932 5716 τὴν
2985 5643 3161 5711 πόλιν,
3191 5644 3280 5699 ἵνα
3338 5645 3474 5716 μηδὲ
3498 5648 3616 5703 τῶν

2094 5811 2124 5853 δ
2147 5811 2283 5864 Colb.
2308 5814 2381 5862 έπ’
2400 5815 2696 5880 ἀμφοτέροις.
