4160 6316
658 492 1031 564 ἀναιοχύντων
1075 492 1264 564 μηδεὶς
1309 492 1406 565 ἔχῃ
1450 493 1792 564 βλασφημεῖν
1834 493 1930 548 τὸν
1972 493 2106 547 Θεὸν
2150 495 2231 549 ὅτι

656 588 784 650 τοὺς
817 585 1036 650 ἀξένους
1056 628 1070 650 ,
1104 585 1186 637 ὅτι
1218 581 1343 650 τοὺς
1372 585 1803 658 ἀπανθρώπους,
1841 586 1923 640 δτι
1968 587 2093 650 τοὺς
2123 603 2232 641 πα-

661 679 947 750 ρανόμους,
979 678 1074 732 καὶ
1101 677 1170 732 τά
1215 680 1313 751 τῆς
1337 678 1690 750 δικαιοσύνης
1737 680 2117 749 ἀγνοήσαντας
2149 678 2232 732 δί-

658 785 819 830 καια,
854 769 950 822 καὶ
985 769 1113 831 τοὺς
1157 769 1366 832 κοινοὺς
1410 769 1511 839 τῆς
1564 768 1781 838 φύσεως
1824 768 2232 841 ἀνατρέψαντας

656 859 858 928 νόμους
880 899 894 922 ,
933 858 1028 911 καὶ
1074 858 1202 920 τοὺς
1236 856 1404 929 κακίᾳ
1438 857 1902 930 πεπληρωμένους
1932 854 2233 910 ἀπολέσθαι

652 948 784 1002 ἔδει.
818 947 881 1001 Τί
913 949 1026 1002 ῖσον
1069 946 1162 1001 τοῦ
1204 946 1345 1002 οὕτω
1377 947 1756 1020 φιλανθρώπου
1794 947 1888 1001 καὶ
1929 945 2233 1019 προσηνοῦς

655 1042 793 1095 Θεοῦ
820 1060 834 1106 ;
872 1041 1064 1094 Καίτοι
1085 1057 1148 1108 γε
1171 1042 1333 1111 ήμεῖς
1363 1039 1705 1104 κολάζοντες,
1732 1039 1832 1093 οὐκ
1853 1037 2112 1110 ἀξιοῦμεν
2133 1038 2234 1104 τάς

656 1132 834 1196 αἰτίας
864 1132 1042 1201 λέγειν
1070 1131 1331 1191 πολλάκις
1351 1147 1364 1160 ·
1401 1131 1565 1195 αὐτὸς
1587 1131 1646 1184 δὲ
1675 1129 1740 1184 ἀν
1771 1131 1844 1200 μὴ
1877 1129 2142 1202 πρότερόν
2172 1147 2232 1184 σε

656 1223 862 1293 διδάξῃ,
897 1222 959 1277 ἂν
992 1223 1068 1293 μή
1097 1221 1374 1294 ’πρότερόν
1409 1236 1468 1273 σε
1503 1220 1688 1295 πείσῃ,
1720 1222 1815 1276 καὶ
1831 1222 1931 1293 τὴν
1955 1220 2106 1293 παρὰ
2131 1221 2228 1275 σοῦ

655 1311 794 1384 λάϐῃ
820 1312 1020 1381 ψῆφον,
1049 1313 1131 1364 ὅτι
1156 1313 1379 1376 δικαίως
1410 1312 1608 1380 ἐπάγει
1646 1313 1747 1383 τὴν
1769 1313 2014 1376 κόλασιν,
2053 1312 2116 1366 οὐ
2146 1329 2230 1366 τι-

660 1408 926 1475 μωρεῖται
959 1404 1087 1467 τοὺς
1109 1403 1278 1456 πάλαι
1310 1404 1586 1469 κολάσεως
1613 1405 1707 1458 καὶ
1727 1406 1996 1476 τιμωρίας
2022 1405 2226 1472 ἀξίους,

654 1497 748 1549 καὶ
781 1495 1009 1560 εὐθύνας
1038 1512 1118 1569 σοι
1155 1495 1418 1565 πολλαχοῦ
1447 1497 1706 1566 παρέχειν
1728 1497 1945 1567 έτοιμός
1973 1499 2110 1558 ἐστι,
2134 1497 2229 1551 καὶ

654 1588 898 1657 κρίνεται
943 1588 1077 1660 πρός
1125 1603 1184 1640 σε
1235 1588 1330 1641 καὶ
1358 1584 1674 1649 δικάζεσθαι
1714 1587 1816 1641 οὐκ
1850 1588 2017 1642 ὀκνεῖ.
2063 1589 2228 1660 Ὁρᾷς

653 1682 778 1741 τοὺς
809 1679 1094 1750 προφήτας
1123 1679 1329 1732 τούτων
1361 1677 1851 1749 ἐμπεπλησμένους
1879 1678 1987 1732 τῶν
2019 1678 2222 1748 λόγων·

652 1768 927 1840 πανταχοῦ
982 1770 1309 1840 δικαστήρια
1353 1769 1490 1822 Θεοῦ
1540 1770 1678 1840 πρὸς
1722 1768 2065 1841 ἀνθρώπους.
2121 1771 2235 1826 Καὶ

652 1859 909 1924 πολλάκις
924 1860 1020 1932 μὲν
1036 1860 1232 1925 αὐτοὺς
1247 1859 1562 1924 δικάζοντας
1575 1861 1699 1924 τοὺς
1715 1859 2042 1930 ἠδικηκότας
2057 1860 2234 1927 καλεῖ,

653 1953 909 2016 πολλάκις
941 1953 999 2006 δέ
1044 1954 1142 2025 τὴν
1173 1953 1349 2007 κτίσιν
1400 1953 1719 2024 καθημένην
1760 1952 1853 2006 ἐπὶ
1896 1953 1998 2024 τῆς
2030 1954 2234 2026 ψήφου,

650 2045 863 2108 δεικνὺς
881 2045 980 2114 τὴν
1013 2045 1367 2116 περιφάνειαν
1397 2043 1508 2097 τῶν
1533 2043 1920 2115 δικαιωμάτων
1945 2060 1959 2074 ·
1981 2044 2105 2098 οὔτε
2138 2045 2238 2098 αὑ-

649 2135 744 2189 τὸν
783 2135 872 2189 τὸν
898 2127 1200 2199 ἀντίδικον,
1230 2136 1352 2190 οὔτε
1403 2136 1472 2189 τά
1525 2134 1826 2206 ἀναίσθητα
1887 2137 2239 2208 παραιτεῖται

649 2230 729 2291 εἰς
755 2229 932 2297 κρίσιν
958 2227 1141 2281 καλεῖν
1172 2230 1200 2282 ὁ
1227 2229 1357 2291 Θεός
1379 2243 1388 2256 ·
1415 2229 1550 2299 ὅπερ
1577 2229 1708 2299 ἡμῖν
1733 2227 1854 2292 έθος
1880 2228 1996 2280 ἐστί
2027 2231 2222 2296 ποιεῖν,

653 2320 783 2372 ὃταν
825 2317 1117 2391 θαρρῶμεν
1150 2321 1263 2383 τοῖς
1301 2320 1524 2383 οἱκείοις
1557 2320 1810 2382 δικαίοις.
1872 2319 2216 2387 Ἀκούσατε,

1278 2745 1470 2814 Λόγος
1506 2749 1566 2798 ε’.
1650 2771 1655 2775 -

709 2839 883 2895 υῦδέν
913 2839 1061 2891 ἐστιν
1099 2834 1270 2897 ὅντως
1301 2835 1477 2905 δόγμα
1523 2834 1778 2906 πονηρὸν,
1822 2834 2094 2905 ἀγαπητὴ
2129 2835 2221 2888 καί

647 2925 938 2997 σηπεδόνος
967 2920 1184 2974 ἀνιάτου
1214 2917 1404 2988 γέμον,
1439 2917 1515 2980 ὼς
1537 2917 1596 2971 τὸ
1628 2918 1726 2988 τῆς
1758 2919 2098 2989 εἱμαρμένης
2126 2919 2220 2972 καὶ

644 3014 913 3083 γενέσεως
939 3009 1135 3079 δόγμα.
1159 3005 1314 3060 Μετά
1338 3005 1446 3074 γάρ
1471 3003 1562 3057 τοῦ
1587 3003 1744 3069 δόξαν
1776 3003 2094 3074 βλάσφημον
2125 3007 2221 3059 καὶ

646 3098 817 3167 ἀσεῦῆ
850 3096 941 3150 καὶ
972 3092 1225 3164 ὀλεθρίαν
1257 3091 1521 3144 ἐντιθέναι
1547 3093 1668 3154 ταῖς
1714 3091 1822 3143 τῶν
1852 3091 2220 3160 ἠπατημένων

643 3186 864 3256 ψυχαῖς,
885 3181 979 3236 καὶ
1008 3179 1212 3234 πείθειν
1237 3177 1460 3231 τοιαῦτα
1488 3175 1667 3243 λέγειν
1687 3175 1817 3248 περὶ
1841 3175 2000 3240 Θεοῦ,
2029 3176 2064 3230 ἀ
2087 3176 2220 3247 μηδὲ

645 3274 775 3345 περὶ
813 3268 1081 3340 δαιμόνων
1131 3282 1214 3327 τις
1247 3265 1412 3328 εῖποι,
1457 3262 1551 3316 καὶ
1593 3261 1683 3316 τὸν
1733 3263 1847 3332 βίον
1881 3267 2073 3333 συγχεῖ
2126 3266 2215 3318 τὸν

638 3361 934 3431 ἡμέτερον,
973 3355 1148 3409 πάντα
1181 3351 1410 3423 θο-ρύσου
1434 3351 1527 3404 καὶ
1556 3349 1756 3420 πολλῆς
1790 3351 2094 3422 ἐμπίπλησι
2120 3352 2220 3422 τῆς

641 3445 918 3519 ταραχῆς·
953 3442 1048 3497 καὶ
1079 3443 1180 3496 ὅσα
1218 3440 1355 3511 πρὸς
1395 3437 1747 3492 διδασκαλίαν
1796 3437 1892 3491 καὶ
1933 3437 2220 3509 διόρθωσιν

645 3533 799 3606 παρὰ
840 3529 934 3586 τοῦ
980 3528 1115 3584 Θεοῦ
1147 3527 1244 3582 καὶ
1274 3528 1371 3595 τῆς
1414 3525 1647 3593 φύσεως.
1684 3524 1777 3578 καὶ
1807 3524 1896 3578 διὰ
1925 3525 2218 3595 προφητῶν

643 3617 1016 3685 εἰσενήνεκται
1054 3612 1149 3665 καὶ
1189 3608 1278 3663 διά
1309 3609 1478 3676 ἀγίων
1521 3607 1753 3678 ἀνδρῶν,
1795 3607 2090 3678 ἀνατρέπει
2124 3609 2218 3662 καὶ

645 3701 923 3764 καταλύει,
964 3698 1056 3751 καὶ
1094 3695 1335 3750 δείκνυσι
1379 3693 1630 3764 περιττά.
1667 3694 1778 3746 Καὶ
1822 3695 1970 3746 ποιεῖ
2000 3695 2213 3761 ταύτὸν,

644 3783 754 3841 οἷον
783 3786 848 3838 ἂν
879 3784 932 3837 εῖ
950 3800 1034 3846 τις
1066 3781 1224 3850 σῶμα
1257 3777 1547 3849 νενοσηκὸς
1570 3776 1663 3831 καί
1696 3776 2000 3849 φαρμάκων
2025 3777 2218 3849 δεόμεο

644 3887 755 3931 νον,
787 3867 1069 3938 παρόντων
1111 3861 1310 3933 ἰατρῶν
1340 3862 1432 3913 καὶ
1465 3860 1529 3913 τό
1555 3859 1846 3931 φάρμακον
1873 3876 2215 3913 κατασκευα-

645 3956 864 4018 ζόντων,
889 3949 1064 4003 πείθοι
1091 3948 1276 4019 μηδενὶ
1299 3947 1501 3999 τούτων
1529 3946 1848 4017 κεχρῆσθαι,
1880 3945 2012 4017 μηδέ
2038 3947 2214 4000 ἀπαλ-

643 4038 930 4095 λάττεσθαι
960 4037 1051 4090 τοῦ
1080 4035 1403 4105 νοσήματος,
1445 4032 1562 4086 ἀλλ’
1594 4033 1824 4105 ἀμελείᾳ
1846 4033 1940 4087 καὶ
1973 4033 2217 4106 ῥᾳθυμία

645 4124 858 4176 ἐνδόντα
891 4120 958 4173 τά
985 4117 1106 4171 καθ’
1137 4116 1349 4178 ἑαυτὸν,
1385 4117 1484 4187 τὴν
1514 4115 1888 4184 ἐλεεινοτάτην
1927 4115 2219 4185 ἀναμένειν

643 4205 935 4260 ἀπώλειαν.
966 4202 1035 4255 Ἦ
1059 4200 1177 4270 οὐχὶ
1199 4198 1375 4253 ταῦτά
1398 4215 1562 4269 φησιν
1589 4200 1622 4269 ή
1651 4196 1961 4268 εἱμαρμένη
1986 4198 2221 4268 ςΜηδεὶς

645 4287 976 4358 παραινείτω
1006 4301 1058 4338 τι
1085 4284 1192 4336 τῶν
1230 4282 1538 4354 χρησίμων,
1583 4281 1772 4350 μηδεὶς
1807 4280 2052 4334 ἀκουέτω
2081 4297 2221 4352 παρ-

644 4371 920 4431 αινοῦντος
949 4366 1134 4437 ἐτέρου
1159 4381 1171 4396 ’
1211 4367 1386 4436 μάτην
1417 4364 1556 4418 εἰσὶν
1582 4366 1632 4417 οί
1661 4363 1817 4433 νόμοι
1853 4363 1946 4417 καὶ
1971 4364 2020 4415 οἱ
2066 4363 2221 4416 δικα-

647 4456 790 4512 σταὶ,
830 4452 1008 4520 μάτην
1037 4447 1352 4515 ἐπιπλήξεις
1382 4448 1478 4501 καὶ
1510 4445 1803 4507 νουθεσίαι,
1840 4447 2014 4515 μάτην
2048 4460 2218 4515 τιμωο

645 4537 768 4606 ρίας
797 4533 994 4607 φόϐος,
1028 4531 1203 4603 μάτην
1234 4529 1390 4601 τιμαὶ
1423 4531 1518 4583 καὶ
1555 4528 1697 4598 γέρα
1733 4529 1823 4580 καὶ
1864 4526 2073 4580 ἔπαθλα
2106 4529 2218 4590 τοῖς

647 4615 1017 4687 κατορθοῦσιν.
1055 4614 1192 4668 Οῠτε
1236 4614 1328 4667 ἐάν
1364 4612 1691 4684 σπουδάσῃς,
1736 4609 1927 4679 ὄφελός
1970 4627 2057 4674 τι,
2089 4608 2215 4660 οὗτε

647 4701 741 4755 ἐὰν
765 4699 1041 4769 ἀμελήσῃς
1063 4737 1076 4760 ,
1114 4696 1307 4766 βλάϐος
1334 4712 1388 4747 τι
1417 4696 1728 4764 γενήσεται.
1766 4694 1919 4762 Μήτε
1948 4692 2039 4743 ἐπὶ
2071 4691 2216 4744 διδα-

643 4787 892 4841 σκαλεῖον
924 4781 1137 4834 παιδίον
1164 4779 1238 4832 ῶν
1269 4778 1554 4849 βαδιςέτω,
1588 4778 1725 4848 μήτε
1758 4775 1896 4847 ἀνὴρ
1927 4774 2214 4844 γενόμενος

643 4869 886 4923 ἀκουέτω
916 4864 1114 4933 νόμων,
1151 4862 1226 4932 μὴ
1252 4861 1566 4930 προσεχέτω
1599 4859 1929 4930 συμϐουλαῖς
1969 4857 2059 4910 καὶ
2089 4874 2213 4910 νου-

639 4951 850 5013 θεσίαις
893 4947 1202 5018 χρησίμοις.
1243 4944 1308 4996 Τί
1345 4944 1630 5014 δυνήσεται
1672 4943 1913 5010 ἐνεγκεῖν
1947 4941 1975 4992 ὁ
2005 4940 2169 5003 κόπος
2199 4957 2213 5005 ;

642 5035 852 5102 Ὠσπερ
881 5029 1278 5100 ἀνερμάτιστον
1313 5027 1518 5088 πλοῖον,
1547 5026 1641 5080 καὶ
1663 5024 1872 5079 ναυτῶν
1904 5023 1997 5076 καὶ
2018 5022 2215 5092 κυόερ-

641 5114 816 5185 νητῶν
870 5113 1094 5183 ἔρημον,
1139 5114 1204 5180 τῇ
1254 5109 1346 5162 τοῦ
1387 5108 1658 5179 χειμῶνος
1703 5108 1845 5178 φορᾷ
1888 5105 2102 5169 ἐπιδοὺς
2144 5104 2212 5157 τά

583 5249 585 5251 ,
643 5197 874 5269 πηδάλια
904 5196 1003 5264 τῆς
1049 5193 1314 5256 διανοίας,
1347 5193 1491 5246 οὕτω
1535 5191 1801 5261 φερέσθω.
1832 5189 2040 5251 Θέλεις,
2087 5187 2208 5240 εἰπέ

643 5298 756 5350 μοι,
791 5275 1230 5348 πεισθησώμεθα,
1261 5276 1355 5328 καὶ
1378 5275 1526 5327 οὐδὲν
1553 5274 1917 5344 ἐνεργήσομεν
1937 5271 2044 5324 τῶν
2078 5269 2214 5339 πρὸς

644 5328 1360 5433 ,ἡμετέρας
1406 5358 1584 5426 ζωῆς;
1821 5328 1932 5426 λάρ
1969 5328 2213 5420 ἀφείέθώ

1376 379 1434 436 S.
1472 377 1758 437 JOANNIS
1795 372 2280 436 CIIRYSOSTOMI
2320 373 2641 435 ARCIHEP.
2678 371 3229 433 CONSTANHNOP.

1315 2538 1574 2623 ΠΕΡΙ
1628 2537 2344 2622 ΕΙΜΑΡΜΕΝΗΣ
2400 2540 2593 2623 ΚΑΙ
2647 2541 3232 2627 ΠΡΟΝΟΙΑΣ.

3816 371 3914 428 τεο

2335 491 2660 564 φάραγγες,
2698 492 2939 562 θεμέλια
2986 487 3092 558 τῆς
3125 487 3260 558 γῆς,
3314 485 3402 541 ὅτι
3437 488 3636 556 κρίσις
3679 486 3761 552 τῷ
3802 490 3915 541 Κυ-

2327 586 2444 654 ρίῳ
2465 599 2478 613 ’
2503 586 2596 639 καὶ
2621 583 2798 648 πάλιν,
2825 584 3062 643 Ἄκουε,
3083 578 3320 648 οὐρανέ,
3363 578 3462 631 καί
3488 575 3784 641 ἐνωτίζου,
3811 577 3911 646 τῆ,

2335 674 2425 730 ὅτι
2452 675 2668 744 Κύριος
2698 673 2984 741 ἐλάλησα.
3019 671 3285 736 Πολλάκις
3325 671 3382 724 δὲ
3420 672 3621 734 αὐτοὺς
3649 670 3911 736 ἐκείνους,

2335 770 2494 835 Λαός
2509 787 2651 838 μου,
2679 766 2738 822 τί
2764 765 3024 835 ἐποίησά
3050 780 3166 830 σοι,
3199 763 3238 832 ἢ
3260 766 3315 817 τί
3333 763 3600 832 ἠδίκησά
3617 779 3727 829 σος
3749 762 3858 816 Καὶ
3884 764 3913 816 ό

2346 859 2613 932 Ἱερεμίας
2636 900 2651 925 ,
2709 861 2771 914 Τί
2797 860 3056 930 εῦρεσαν
3081 859 3152 912 ἐν
3187 857 3315 928 ἐμοί
3356 861 3412 913 Ol
3450 856 3705 926 πατέρες
3746 854 3913 925 ὑμῶν

2333 952 2773 1022 πλημμέλημα;
2819 951 2893 1004 Ού
2925 952 3072 1005 ποιεῖ
3115 950 3173 1003 δὲ
3217 949 3352 1003 αὐτὸ
3396 948 3539 1002 κατά
3585 949 3774 1016 πόλεις
3817 950 3912 1003 καὶ

2332 1044 2461 1114 ἔθνη
2492 1043 2671 1114 μόνον.
2706 1043 2841 1097 ἀλλά
2869 1043 2967 1098 καὶ
3012 1043 3154 1096 κατά
3179 1040 3276 1095 ἐνα
3305 1038 3568 1104 πολλάκις
3598 1039 3908 1110 ἄνθρωπον.

2335 1135 2479 1206 Πρὸς
2513 1134 2610 1188 τὸν
2644 1134 2810 1188 Δαυὶδ
2839 1133 3081 1205 κρίνεται
3116 1133 3204 1186 διά
3241 1133 3336 1187 τοῦ
3373 1134 3678 1206 προφήτου,
3710 1134 3912 1205 καὶτῷ

2345 1227 2497 1297 Ἰωνᾷ
2517 1226 2943 1297 παραιτουμένῳ
2957 1223 3192 1297 κηρῦξαι
3205 1225 3536 1288 Νινευῖταις,
3559 1224 3911 1292 ἀπολογεῖται

2331 1317 2419 1371 διά
2443 1318 2544 1387 τῆς
2574 1318 2904 1386 κολοκύνθης
2925 1335 2938 1348 ·
2969 1319 3038 1372 Εἰ
3065 1317 3147 1372 σὺ
3175 1316 3396 1387 ἐφείσω
3420 1316 3573 1386 ὑπὲρ
3601 1316 3714 1383 τῆς
3736 1320 3912 1371 κολο-

2332 1408 2590 1474 κύνθης,
2641 1407 2755 1478 ἐγὼ
2804 1410 2876 1462 οὐ
2924 1409 3206 1477 φείσομαι
3255 1406 3408 1475 ὑπὲρ
3452 1407 3747 1476 Νινευῆςς
3799 1409 3910 1463 Καὶ

2333 1498 2544 1554 πολλῶν
2583 1500 2839 1554 τοιούτων
2885 1501 3136 1573 εὑρήσεις
3183 1499 3460 1571 γεμούσας
3512 1499 3612 1564 τάς
3659 1501 3921 1574 Γραφάς..

2333 1591 2499 1645 Ταῦτ’
2539 1587 2634 1646 οὖν
2667 1594 2892 1656 εἰδότες,
2934 1590 3329 1665 προσκυνῶμεν
3368 1589 3515 1664 [769]
3545 1591 3734 1654 αὑτὸν,
3775 1592 3906 1645 θαυ-

2334 1684 2617 1756 μάζωμεν,
2649 1683 3063 1756 θεραπεύωμεν,
3103 1678 3186 1748 ὡς’
3218 1683 3444 1738 δυνατὸν
3477 1685 3638 1754 ήμῖν·
3681 1683 3758 1747 ὡς
3799 1683 3906 1755 γάρ

2329 1776 2478 1841 ἄξιον
2497 1777 2557 1830 ού
2578 1776 2822 1831 δυνατόν.
2859 1774 3279 1847 Ἐπιμελώμεθα
3298 1775 3398 1847 τῆς
3423 1773 3707 1847 παρούσης
3737 1775 3904 1846 ζωῆς,

2329 1870 2425 1922 καὶ
2467 1867 2827 1940 πειθώμεθα,
2873 1869 2957 1923 δτι
2999 1867 3132 1932 Θεὸς
3172 1867 3474 1939 ἐφέστηκε,
3531 1867 3627 1921 καὶ
3679 1866 3908 1939 πρόνοια

2331 1960 2514 2014 πάντα
2541 1959 2802 2031 κυϐερνᾷ,
2829 1960 2924 2014 καὶ
2955 1960 3092 2030 μετά
3121 1958 3298 2013 ταῦτα
3319 1958 3498 2015 πάντα
3525 1959 3673 2013 ἐστιν
3703 1960 3906 2032 ἀποδηο

2337 2050 2616 2120 μήσαντας
2665 2053 2848 2120 τυχεῖν
2898 2050 3010 2105 τῶν
3057 2050 3483 2122 ἐπηγγελμένων
3532 2050 3756 2117 ἀγαθῶν
3776 2067 3793 2082 ·
3831 2045 3904 2104 ὧν

2329 2141 2542 2209 γένοιτο
2575 2141 2788 2207 πάντας
2825 2145 2972 2214 ἡμᾶς
3021 2144 3319 2214 ἐπιτυχεῖν,
3353 2143 3537 2215 χάριτι
3567 2143 3828 2216 Χριστοῦ,

2332 2233 2366 2302 ή
2399 2229 2525 2298 δόξα
2555 2233 2634 2295 εἰς
2662 2233 2788 2297 τοὺς
2813 2233 3017 2297 αἰῶνας
3042 2233 3149 2287 τῶν
3180 2234 3413 2289 αἰώνων.
3464 2235 3658 2292 ’Δαίν

2993 2454 3306 2465 _—.—__

2331 2746 2454 2800 σθαι
2475 2785 2489 2809 ,
2515 2748 2574 2801 ἐν
2649 2745 2795 2817 ἔργῳ
2827 2747 2926 2817 τὴν
2957 2747 3205 2819 ὀλεθρίαν
3256 2751 3459 2818 ταύτην
3502 2750 3596 2803 καὶ
3631 2749 3902 2822 ἐπιϐλαδῆ

2325 2829 2644 2883 διδάσκαλον
2687 2830 2793 2882 τῶν
2839 2831 3027 2884 κακῶν
3071 2827 3336 2903 δυνηθῆτε
3380 2834 3635 2888 συνιδεῖν.
3689 2834 3750 2886 Εἰ
3795 2834 3904 2906 γὰρ

2326 2913 2538 2984 ἀνάγκη
2568 2912 2786 2975 πάντως
2812 2912 2882 2965 τά
2910 2915 3222 2985 εἱμαρμένα
3248 2916 3522 2983 γενέσθαι,
3551 2917 3646 2970 καὶ
3670 2918 3903 2972 σπουδα-

2326 2993 2525 3059 ζόντων
2568 2995 2663 3049 καὶ
2701 2993 3091 3061 καθευδόντων,
3124 2997 3311 3068 μηδεὶς
3349 3001 3595 3070 γεωργὸς
3623 2998 3904 3068 ζευγνύτω

2327 3077 2472 3147 βοῦς,
2506 3078 2643 3149 μηδέ
2676 3078 2902 3148 ἄροτρον
2932 3078 3169 3145 ἐλκέτω,
3213 3081 3352 3151 μήτε
3387 3079 3602 3134 αῠλακα
3632 3084 3900 3153 τεμνέτω,

2329 3161 2462 3233 μηδὲ
2495 3161 2880 3215 καταϐαλλέτω
2911 3163 3223 3233 σπέρματα,
3262 3165 3401 3234 μήτε
3427 3163 3576 3235 ὥραν
3601 3165 3758 3228 ἔτους
3779 3167 3902 3218 ἐπι-

2325 3246 2559 3317 τηρείτω
2609 3245 2939 3316 ἐπιτηδείαν,
2996 3247 3132 3317 μηδὲ
3180 3248 3458 3318 άνεχέσθω
3501 3248 3737 3318 κρυμοῦ,
3805 3251 3900 3302 καὶ

2321 3328 2600 3400 διηνεκοῦς
2636 3328 2814 3392 ὑετοῦ,
2845 3331 2933 3384 καί
2976 3330 3370 3401 ταλαιπωρίας,
3404 3332 3497 3385 καὶ
3523 3331 3740 3403 μόχθων
3764 3335 3902 3403 πρὶς

2321 3413 2827 3485 διαμεμετρημένον
2876 3414 2937 3468 τὸ
2985 3413 3136 3480 ἐτος,
3194 3414 3267 3486 μὴ
3309 3415 3527 3485 θηγέτω
3573 3416 3888 3487 δρεπάνην,

2327 3495 2458 3566 μηδέ
2487 3496 2683 3566 ἀμάτω
2728 3496 2897 3566 λήϊον,
2943 3497 3017 3568 μὴ
3056 3497 3292 3568 τριδέτω
3325 3496 3473 3570 [Πθ]
3514 3499 3776 3569 ἀστάχυς,
3828 3501 3900 3571 μή

2322 3579 2618 3645 φυτευέτω,
2651 3578 2786 3650 μηδέ
2813 3577 3167 3649 θεραπευέτω
3196 3580 3358 3648 φυτά,
3385 3583 3566 3634 πᾶσαν
3591 3583 3780 3646 ἀπλῶς
3801 3583 3900 3652 τῆς

2321 3661 2593 3733 γεωργίας
2639 3661 2801 3732 ῥίψας
2843 3662 2943 3734 τὴν
2979 3661 3324 3736 ἐπιμέλειαν,
3363 3665 3503 3719 οἴκοι
3551 3664 3898 3732 καθεζέσθω,

2319 3745 2415 3798 καὶ
2435 3745 2610 3798 πάντα
2641 3745 2946 3799 καθευδέτω
2977 3746 3068 3800 τὸν
3100 3747 3322 3818 χρόνονο
3353 3748 3572 3811 πάντως
3602 3749 3667 3802 ἂν
3700 3749 3899 3820 εἱμαρ-

2321 3827 2480 3898 μένον
2509 3826 2659 3897 αύτῷ
2701 3827 2795 3882 καὶ
2823 3828 3204 3899 κεκλωσμένον
3231 3827 3299 3903 ᾖ,
3346 3832 3628 3902 αὐτόματα
3677 3833 3758 3894 εἰς
3802 3834 3899 3903 τὴν

2315 3910 2492 3964 οἱκίαν
2519 3909 2640 3982 ἥξει
2676 3909 2745 3964 τά
2773 3911 2980 3978 ἀγαθάο
3013 3911 3108 3965 ἐὰν
3134 3911 3192 3966 δέ
3229 3916 3311 3977 εἰς
3339 3915 3652 3968 τούναντίον
3688 3917 3899 3989 στρέιζςῃ

2316 3994 2410 4049 τὸν
2434 3994 2704 4067 ἄτρακτον
2727 3996 2765 4065 ή
2787 3993 3015 4058 Κλωθὼ,
3034 3995 3138 4050 κᾶν
3163 3997 3423 4069 μυριάκις
3444 3998 3700 4067 πονῆται,
3727 3999 3899 4069 πέρας

2317 4077 2470 4131 οὐδὲν
2493 4075 2643 4148 αὐτῷ
2685 4075 2794 4130 τῶν
2844 4077 3022 4133 πόνων
3065 4073 3221 4132 ἔσται
3276 4082 3372 4134 καὶ
3435 4081 3696 4152 ἱδρώτων.
3742 4083 3897 4147 Τίνος

2318 4156 2413 4215 οὖν
2444 4161 2630 4214 ἕνεκεν
2655 4159 2780 4214 οὔτε
2811 4164 3123 4234 παραινεῐτε
3143 4164 3314 4218 ταῦτα
3335 4167 3527 4230 ποιεῖν,
3556 4165 3611 4217 εί
3632 4182 3697 4233 γε
3726 4166 3896 4229 ὅντως

2318 4244 2625 4318 εἱμαρμένῃ
2653 4243 2968 4312 πιστεύετες
2987 4245 3132 4310 τίνος
3154 4246 3342 4301 ἕνεκεν
3368 4248 3430 4301 οὐ
3449 4252 3792 4319 παραινεῖτε,
3827 4251 3894 4302 ἰν*

2317 4329 2486 4390 δντως
2509 4328 2657 4398 ἔργῳ
2689 4327 2896 4398 μάθητε
2923 4329 2991 4383 τά
3013 4330 3108 4401 τῆς
3135 4331 3478 4403 εἱμαρμένης
3505 4332 3669 4393 καλάς
3707 4332 3892 4386 Βούλει

2322 4428 2412 4481 μοι
2443 4410 2612 4476 δεῖξαι
2647 4410 2700 4464 τί
2730 4412 2900 4476 ὅντως
2923 4413 3210 4490 εῖμαρτςιι;
3241 4415 3557 4470 Κατάλυσον
3596 4418 3890 4486 γεωργίαν,

2317 4494 2472 4548 ἄνελε
2501 4494 2796 4560 ναυτιλίαν,
2831 4495 3029 4549 ἔκϐαλε
3059 4496 3237 4560 πάσας
3261 4497 3455 4568 τέχνας
3486 4498 3767 4568 βιωτικάς,
3800 4501 3891 4554 καὶ

2321 4582 2456 4651 μήτε
2487 4579 2786 4649 οἰκοδόμος,
2841 4581 2978 4652 μήτε
3029 4581 3406 4650 χαλκοτύπος,
3445 4585 3582 4652 μήτε
3628 4583 3888 4652 ὑφάντης,

2320 4665 2454 4734 μήτε
2492 4663 2648 4727 ἄλλος
2677 4680 2762 4727 τις
2794 4663 2902 4716 τῶν
2941 4665 3020 4726 εἰς
3062 4663 3160 4734 τὴν
3186 4664 3460 4735 ἡμετέραν
3491 4668 3891 4722 συντελούντων

2317 4747 2461 4817 ζωὴν
2490 4746 2912 4817 μεταχειριζέτω
2937 4747 3036 4819 τὴν
3060 4746 3225 4800 αὑτοῦ
3254 4746 3471 4820 τέχνην,
3500 4751 3595 4803 καὶ
3624 4751 3743 4804 τότε
3766 4752 3887 4820 δίψει

2317 4829 2515 4894 καλῶς,
2548 4823 2636 4883 οἷα
2668 4829 2769 4897 τῆς
2806 4829 3148 4902 εἱμαρμένης
3169 4830 3236 4883 τά
3258 4831 3531 4902 ἐπίχειρα,
3561 4832 3681 4885 τότε
3718 4835 3888 4904 αὐτῆς

2315 4915 2547 4984 αἰσθήσῃ
2588 4914 2799 4977 καλῶς.
2837 4914 2958 4967 τότε
2999 4913 3169 4983 αὐτῆς
3201 4914 3263 4968 τὸ
3301 4915 3704 4986 ἀπερίτρεπτον
3745 4917 3884 4986 ὕψει.

2314 4997 2425 5052 Καὶ
2449 4999 2502 5051 τί
2529 4998 2670 5066 λέγω
2699 4997 2916 5066 τέχνας,
2941 4998 2998 5051 αἶ
3027 4997 3125 5068 τὴν
3149 4998 3294 5068 ζωὴν
3321 4999 3608 5067 συνέχουσι
3637 5000 3736 5072 τὴν
3759 5002 3892 5070 ήμε-

2312 5080 2510 5152 τέραν;
2547 5080 2831 5134 Ἔστωσαν
2855 5081 3059 5150 τέχναι.
3091 5081 3185 5134 καὶ
3222 5079 3357 5152 μηδέ
3388 5081 3533 5150 μίαν.
3551 5082 3882 5155 καταλύσῃς,

2314 5163 2448 5216 ἀλλά
2477 5163 2698 5216 πάντων
2723 5162 2992 5233 μενόντων
3012 5163 3106 5217 ἐπὶ
3120 5163 3217 5231 τῆς
3232 5163 3438 5227 οἰκείας
3462 5164 3690 5228 τάξεως,
3717 5169 3746 5219 ὁ
3769 5167 3886 5219 καθ’

2314 5246 2544 5300 ἕκαστον
2575 5245 2741 5317 μηδὲν
2778 5245 3094 5316 μεριμνάτω
3122 5245 3232 5298 τῶν
3275 5246 3461 5307 αὑτοῦ.
3501 5247 3634 5318 μηδὲ
3669 5266 3886 5318 φροντι-

2501 5331 2609 5383 τῶν
2663 5329 2805 5382 κατά
2855 5329 2955 5399 τὴν
3004 5329 3200 5389 οἰκίαν,
3253 5329 3368 5382 ἀλλ’
3419 5331 3770 5401 ἐπιτρεψάτω
3821 5333 3885 5404 τῇ

641 5410 716 5499 ξιξ
1341 5410 1468 5511 λεὼ
1626 5410 2073 5509 παροζςσῆξςωςξς
2107 5434 2215 5486 δια,
2309 5412 2616 5514 εἱμαρμένῃ
2663 5410 2910 5514 τάᾼκατά
2939 5410 3516 5514 Δαύτὸνῌοὶκονομῆσαι
3559 5417 3774 5514 πάντα,
3795 5417 3886 5469 καὶ

641 5527 945 5599 λεγώμεθα.
977 5524 1282 5594 Πειθόμεθα
1309 5527 1374 5594 τῇ
1407 5523 1717 5594 εἱμαρμένῃ
1745 5520 1919 5575 ταῦτα
1955 5517 2209 5588 λεγούσῃ,

2306 5508 2429 5561 τότε
2457 5507 2661 5560 εἵσεται
2701 5506 2871 5578 αὐτῆς
2903 5507 3001 5578 τὴν
3030 5508 3320 5576 ὠφέλειαν,
3353 5510 3483 5563 ὅταν
3513 5510 3881 5582 στρεϐλούμε-

642 5584 736 5668 καλ.
781 5584 902 5664 οὔτε
950 5584 1167 5671 οἰκέτας
1227 5584 1638 5677 ἁμαρτάνοντας
1686 5584 2037 5674 κολάσομεν,
2087 5584 2212 5653 οὔτε
2308 5607 2399 5677 νος
2421 5590 2538 5677 ἐκαὶ
2575 5589 2966 5677 ιξᾳστιζόμενος
3010 5584 3308 5677 ἀπαιτᾉῆται
3341 5593 3438 5677 μὲν
3476 5593 3574 5677 τὰς
3603 5594 3882 5666 εἰσφοράς,

641 5695 948 5762 ἀσελγείαις
982 5691 1410 5762 διεφθαρμένους
1449 5689 1867 5762 ἐπιστρέψομεν,
1901 5685 2036 5739 ὀὗτε
2083 5685 2207 5746 τοὺς

641 5776 955 5839 ἀδικοῦντας
991 5776 1071 5837 εἱς
1100 5772 1446 5843 δικαστήριον
1477 5771 1697 5842 ἄξομεν,
1730 5771 1830 5823 οὐκ
1861 5764 2203 5836 ἀκουσόμεθα

644 5862 754 5915 τῶν
777 5861 952 5934 νόμων
973 5876 990 5926 ;
1028 5854 1356 5926 Ἐϐουλόμην
1379 5853 1482 5908 κάν
1507 5854 1642 5926 πρὸς
1673 5853 1844 5926 βραχὺ
1872 5850 2030 5905 τοῦτο
2053 5848 2203 5917 γενέ-

2315 5673 2390 5744 μὴ
2416 5673 2553 5742 ἔχων
2585 5673 2641 5726 δέ
2674 5673 3012 5742 καταφεύγει
3041 5674 3139 5745 μὲν
3172 5675 3265 5727 ἐπὶ
3305 5674 3404 5745 τὴν
3451 5673 3667 5747 ἐκείνης
3692 5677 3887 5731 ἀπολο-

2313 5757 2457 5828 γίαν,
2489 5755 2744 5826 προσέχει
2785 5757 2842 5809 δὲ
2875 5754 3026 5826 αὐτῷ
3057 5755 3266 5827 μηδείς.
3307 5758 3483 5828 Μέχρι
3522 5758 3655 5812 πότε
3695 5759 3881 5816 παιδία

2314 5837 2479 5911 ἐσμὲν
2507 5840 2626 5902 ταῖς
2652 5839 2811 5909 φρεσί
2834 5857 2847 5906 ;
2877 5837 3036 5910 μέχρι
3065 5838 3206 5904 τίνος
3227 5840 3289 5894 ού
3314 5839 3633 5910 παυσόμεθα
3659 5841 3880 5916 ληροῦν-
