4220 6306
306 493 447 560 piam
491 496 674 558 posset
721 487 886 544 Deum
955 484 1227 541 criminari
1254 525 1269 550 ,
1315 483 1457 553 quod
1511 482 1894 550 inhospitales,

306 578 450 650 quod
478 578 821 645 inhumanos,
852 576 992 647 quod
1023 577 1235 644 iniquos
1260 613 1274 637 ,
1306 573 1446 643 quod
1477 573 1744 642 mquitatis
1777 571 1897 641 jura

305 671 654 740 ignorantes,
705 668 850 739 quod
876 681 1005 732 eos,
1045 667 1136 736 qui
1166 677 1482 720 communes
1523 670 1726 716 natura:
1756 663 1900 732 leges

303 770 648 827 everterent,
679 760 877 816 malitia
903 758 1089 829 plenos
1115 756 1280 812 deleri
1308 763 1596 825 oporteret.
1623 751 1760 820 Quid
1792 761 1897 806 tam

303 853 535 923 benigno
561 863 616 907 et
644 861 925 907 mansueto
952 850 1061 904 Deo
1102 863 1198 918 par
1222 843 1419 901 fuerit?
1446 843 1605 914 Atqui
1645 858 1743 897 nos
1770 843 1897 897 dum

301 943 649 1013 castigamus,
691 957 759 996 ne
799 955 1016 995 causam
1045 937 1262 1009 quidem
1308 951 1454 1007 saepe
1493 937 1776 1007 dignamur
1817 935 1900 990 di-

301 1046 424 1087 cere
453 1048 470 1086 :
497 1031 590 1086 ille
622 1045 752 1086 vero
781 1029 882 1084 nisi
908 1030 1057 1100 prius
1098 1036 1151 1082 te
1182 1027 1454 1092 docuerit,
1483 1025 1586 1080 nisi
1621 1025 1770 1095 prius
1798 1024 1896 1078 tibi

305 1125 667 1195 persuaserit,
700 1122 800 1178 nisi
829 1131 976 1176 tuum
1003 1119 1208 1190 ceperit
1240 1117 1545 1188 sutl‘ragium
1568 1155 1592 1182 ,_
1609 1115 1749 1188 quod
1775 1117 1897 1186 jure

298 1218 623 1288 supplicium
651 1216 1013 1288 inﬂigathnon
1041 1217 1264 1283 castigat
1283 1223 1398 1276 eos,
1427 1210 1519 1279 qui
1539 1207 1746 1278 jamdiu
1775 1223 1897 1278 sup-

300 1311 462 1382 plicio
485 1319 539 1366 et
563 1307 1027 1364 animadversione
1055 1304 1201 1375 digni
1231 1310 1406 1365 erant,
1440 1310 1599 1370 atque
1631 1300 1891 1355 rationem

298 1417 446 1470 stepe
479 1401 572 1456 tibi
602 1400 827 1456 reddere
852 1406 1067 1469 paratus
1092 1404 1196 1462 est,
1228 1405 1282 1450 et
1307 1395 1359 1449 in
1381 1393 1637 1462 judicium
1665 1391 1894 1447 descen-

296 1494 430 1548 dere
470 1501 754 1560 tecumque
785 1489 1088 1558 disceptare
1112 1502 1217 1541 non
1256 1494 1526 1555 gravatur.
1564 1480 1728 1537 Vides
1770 1496 1892 1551 pro-

298 1584 488 1655 phetas
529 1583 610 1638 his
653 1581 991 1638 sermonibus
1037 1580 1223 1649 plenos
1262 1593 1278 1632 :
1323 1577 1517 1646 ubique
1553 1573 1750 1644 judicia
1796 1573 1891 1628 Dei

294 1691 419 1730 cum
451 1673 776 1728 hominibus.
803 1674 881 1727 Ac
910 1672 1227 1741 plerumque
1267 1667 1448 1736 inique
1486 1673 1706 1735 agentes
1747 1662 1892 1732 ipsos

296 1767 350 1820 in
375 1763 585 1835 iudices
611 1763 833 1818 advocat
870 1778 886 1816 ε
919 1776 1064 1831 εωρθ
1093 1761 1254 1815 etiam
1284 1757 1592 1812 universum
1615 1754 1800 1809 orbem
1821 1752 1888 1808 ad

291 1856 561 1911 calculum
596 1852 877 1910 ferendum
899 1851 1090 1908 sedere
1111 1850 1284 1920 jubet,
1316 1858 1374 1903 ut
1402 1845 1726 1917 judiciorum
1757 1858 1889 1898 con-

291 1949 633 2018 spicuitatem
654 1945 904 2001 ostendat
929 1961 946 2000 :
974 1959 1043 2000 ne
1068 1943 1243 2013 ipsum
1263 1939 1476 2010 quidem
1499 1936 1884 2000 adversarium,

292 2052 394 2094 nec
443 2039 605 2094 etiam
656 2037 926 2093 insensilia
957 2035 1024 2090 ad
1065 2034 1329 2105 judicium
1375 2031 1640 2085 advocare
1677 2034 1890 2082 recusat

289 2130 437 2184 Deus
465 2146 482 2185 :
509 2128 653 2201 quod
685 2128 910 2183 nobisin
939 2141 1089 2182 more
1116 2134 1196 2180 est
1225 2124 1418 2185 facere,
1451 2119 1666 2190 quando
1690 2119 1741 2172 in
1767 2119 1886 2187 jure

287 2228 478 2275 nostro
503 2220 844 2276 confidimus.
874 2219 1058 2272 Audite
1076 2258 1090 2285 ,
1120 2217 1297 2281 valles,
1327 2213 1660 2283 fundamenta
1691 2221 1841 2264 terra
1865 2245 1882 2273 ,

1368 372 1457 427 DE
1496 371 1676 428 FATO
1716 370 1804 426 ET
1844 371 2327 462 PROVIDENTIA.
2363 375 2427 430 ν.

3503 387 3605 446 766

2003 488 2241 554 quoniam
2272 489 2528 558 judicium
2560 488 2778 546 Domino
2825 493 3013 564 (Micli.
3044 496 3095 551 6.
3118 497 3175 569 2)
3207 515 3221 553 :
3251 508 3305 554 et
3333 515 3565 560 rursum
3589 547 3605 570 ,

2004 578 2161 645 Audi,
2187 581 2388 647 cadum,
2417 591 2464 634 et
2486 583 2692 638 auribus
2721 586 2956 657 percipe,
2986 596 3119 643 terra
3139 631 3154 654 ,
3187 593 3310 660 quia
3338 592 3605 650 Dominus

2003 668 2240 738 loquimur
2263 681 2337 724 est
2376 669 2528 740 (hei.
2572 673 2624 728 l.
2649 673 2732 743 2).
2761 675 2918 746 Satpe
2946 692 3076 733 vero
3103 679 3221 736 illos
3251 682 3394 752 ipsos
3424 681 3598 750 reos',

2003 757 2204 830 Papule
2227 764 2296 815 mi
2313 803 2327 829 ,
2354 764 2476 835 quid
2503 767 2602 836 feci
2631 767 2718 821 tibi
2738 808 2753 834 ,
2783 778 2872 822 aut
2895 771 2948 823 in
2975 773 3210 846 quojltrsi
3247 784 3294 827 te
3321 769 3508 846 (.iliclt.
3543 780 3576 833 6

2002 851 2098 921 δη
2124 851 2192 906 Et
2217 852 2499 919 Jeremias,
2532 857 2682 924 Quod
2705 859 3000 914 invenerunt
3038 844 3109 915 in‘
3125 880 3208 917 me
3232 844 3469 922 delictum
3503 885 3595 938 pa-

2002 950 2100 995 tres
2129 944 2278 996 vestri
2317 943 2530 1015 (Jerem.
2554 947 2607 1001 2.
2640 948 2742 1019 5)?
2769 948 2953 1020 Neque
2983 951 3085 1008 hoc
3115 953 3287 1009 solum
3313 956 3364 1010 in
3395 957 3592 1011 civita-

2003 1031 2142 1086 tibus
2169 1042 2224 1087 et
2259 1035 2560 1090 nationibus
2585 1038 2745 1105 facit,
2782 1040 2876 1095 sed
2903 1042 3061 1096 etiam
3103 1043 3155 1097 in
3186 1059 3295 1099 uno
3318 1060 3460 1116 saepe
3488 1047 3588 1101 ltu-

1999 1122 2162 1175 mine.
2190 1122 2320 1193 Cqm
2348 1124 2544 1180 Davide
2573 1125 2835 1198 diseeptat
2860 1144 2956 1199 per
2973 1133 3288 1202 prephetam
3315 1151 3330 1190 :
3358 1146 3412 1191 et
3434 1134 3586 1192 Jonas

1999 1215 2266 1271 recusanti
2293 1215 2544 1273 Ninivitis
2577 1220 2900 1289 praedicare,
2933 1237 2992 1277 se
3021 1224 3161 1278 Deus
3203 1240 3298 1294 per
3332 1211 3595 1283 cucurbi-r

2001 1313 2105 1358 tam
2122 1314 2341 1362 excusat
2366 1325 2380 1361 :
2414 1306 2549 1362 Situ
2571 1311 2813 1379 ponebas
2835 1327 2989 1383 super
3009 1317 3343 1383 cucurbitum,
3371 1334 3463 1389 ego
3483 1337 3584 1375 non

1996 1412 2203 1466 parcam
2229 1414 2382 1467 super
2411 1398 2630 1454 Niniveu
2657 1401 2806 1470 (Jan.
2838 1404 2890 1458 4.
2927 1405 3013 1460 l0.
3047 1405 3174 1477 li)?
3196 1408 3260 1462 Et
3291 1411 3580 1466 multorum

1996 1484 2300 1554 hujusutodi
2344 1488 2644 1558 Scripturas
2694 1493 2878 1560 plenas
2926 1496 3182 1551 invenies.
3230 1498 3356 1553 llaec
3403 1499 3581 1568 itaque

1996 1590 2117 1629 cum
2145 1577 2409 1645 sciamus,
2444 1581 2615 1648 ipsum
2645 1582 2945 1649 adoremus,
2971 1585 3316 1653 admiremur,
3346 1590 3584 1647 colamus

1993 1676 2249 1732 quantum
2291 1667 2345 1722 in
2392 1670 2546 1725 nobis
2570 1672 2718 1726 erit:
2751 1673 2908 1743 digne
2951 1676 3092 1730 enim
3129 1692 3237 1732 non
3279 1695 3580 1748 possumus.

1993 1755 2186 1812 Curam
2230 1758 2522 1816 habeamus
2562 1765 2843 1832 pmseutis
2869 1766 2992 1820 vitae
3014 1807 3029 1831 ,
3063 1777 3117 1821 et
3147 1783 3457 1836 persuasum
3488 1776 3583 1826 ha-

1993 1843 2214 1900 beamus
2253 1847 2418 1903 Deum
2459 1865 2721 1918 praeesse,
2766 1862 2818 1908 et
2860 1855 3242 1922 providentiam
3270 1860 3451 1914 omnia
3475 1878 3582 1932 gu-

1995 1936 2227 1993 bernare
2254 1957 2268 1993 :
2298 1950 2354 1994 et
2381 1951 2502 2010 post
2528 1941 2642 1998 haec
2666 1946 2845 1998 omnia
2873 1949 3126 2018 consequi
3152 1952 3414 2020 promissa
3442 1951 3581 2009 bona

1994 2030 2290 2098 poterimus
2319 2048 2333 2084 :
2363 2033 2554 2102 quibus
2584 2050 2682 2089 nos
2709 2051 2898 2093 omnes
2927 2040 3081 2108 potiri
3111 2041 3384 2112 contingat
3411 2047 3581 2113 gratia

1990 2119 2208 2188 Christi,
2239 2124 2323 2178 cui
2352 2125 2518 2195 gloria
2548 2126 2602 2182 in
2628 2130 2823 2185 saecula
2853 2134 3188 2188 surculorum.
3219 2135 3413 2191 Amen.

1619 2335 3580 2368 _________.____._._____________________

1103 2432 1264 2514 DE
1337 2426 1637 2511 FATO
1701 2423 1852 2507 ET
1915 2418 2744 2509 PROVIDENTIA.

1257 2583 1262 2590 ’
1732 2598 2120 2672 εςοεο»

949 2771 1146 2814 οιιΑτιο
1175 2769 1228 2809 ν.

363 2852 518 2911 Nulla
545 2859 630 2908 est
657 2849 875 2906 omnino
904 2857 1008 2904 tam
1037 2846 1326 2917 depravata
1350 2837 1618 2902 doctrina,
1651 2835 1848 2889 dilecte
1865 2874 1882 2900 ,

290 2963 472 3018 neque
513 2954 619 3000 tam
652 2941 932 2999 ineurabili
968 2939 1117 2996 sanie
1149 2938 1298 3008 plena
1319 2974 1335 3001 ,
1365 2948 1522 3004 quam
1555 2939 1637 2986 est
1675 2929 1790 2983 hzcc
1815 2927 1885 2982 de

290 3039 405 3095 fato
428 3047 483 3094 et
501 3036 569 3092 de
587 3035 791 3106 genesi.
814 3032 945 3088 Nam
969 3041 1320 3100 prmterquam
1347 3022 1488 3094 quod
1518 3020 1880 3090 blasphemam

289 3139 349 3186 et
373 3129 588 3198 impiam
628 3124 925 3180 doctrinam
971 3121 1026 3175 in
1066 3117 1259 3173 animis
1302 3130 1489 3170 eorum
1534 3111 1760 3174 inserit,
1793 3108 1882 3178 qui

285 3220 659 3293 decipiuntur,
691 3224 746 3272 et
775 3215 840 3271 ad
873 3213 995 3269 talia
1026 3211 1094 3267 de
1126 3211 1234 3266 Deo
1261 3204 1485 3263 dicenda
1516 3202 1736 3267 inducit,
1754 3215 1881 3293 qua:

289 3329 362 3367 ne
403 3291 471 3367 de
511 3308 844 3365 dmmonibus
870 3305 1086 3376 quidem
1128 3298 1390 3372 quispiam
1434 3294 1668 3360 dixerit,
1714 3291 1879 3346 vitam

287 3401 452 3458 etiam
489 3397 768 3455 confundit
805 3403 1041 3450 nostram
1067 3433 1082 3459 ,
1129 3389 1307 3446 omnia
1347 3385 1571 3442 tumultu
1611 3382 1881 3451 multaque

290 3489 690 3562 perturbatione
722 3487 925 3556 replet;
952 3499 1016 3538 ac
1042 3493 1393 3553 quaecumque
1419 3476 1486 3531 ad
1509 3474 1806 3530 doctrinam
1827 3481 1880 3526 et

293 3582 723 3639 emendationem
745 3594 774 3632 a
799 3579 910 3633 Deo
928 3585 982 3632 et
1001 3591 1029 3628 a
1050 3584 1258 3639 natura,
1288 3584 1488 3642 perque
1517 3566 1800 3638 prophetas
1827 3575 1881 3621 et

287 3681 507 3728 sanctos
534 3672 681 3726 viros
707 3669 917 3724 inducta
945 3674 1102 3730 sunt,
1131 3663 1324 3720 evertit
1343 3703 1357 3726 ,
1390 3659 1675 3717 labefactat
1703 3668 1758 3713 et
1785 3673 1876 3711 su-

286 3776 621 3835 pervacanea
665 3759 1019 3815 demonstrat.
1059 3757 1136 3810 Ac
1177 3751 1397 3822 perinde
1435 3749 1561 3805 facit
1587 3764 1652 3803 ac
1676 3749 1719 3803 si
1759 3747 1880 3818 quis

287 3867 518 3924 corpore
547 3849 813 3907 infirmum
835 3889 851 3915 ,
895 3862 959 3902 ac
985 3845 1248 3900 medicina
1276 3851 1519 3913 egentem
1544 3881 1559 3906 ,
1598 3839 1879 3909 prmsenti-

285 3944 390 4000 bus
417 3959 482 3999 ac
507 3941 742 3998 remedia
767 3939 1076 4012 penatibus
1105 3936 1349 4001 medicis,
1380 3928 1621 3989 ho’rtetur
1649 3940 1706 3987 ut
1731 3931 1879 3986 nullo

287 4045 473 4091 utatur
497 4049 686 4089 eorum
708 4073 722 4096 ,
753 4045 854 4085 nec
881 4029 1138 4083 liberetur
1166 4041 1193 4079 a
1225 4024 1412 4080 morbo
1436 4065 1453 4092 ,
1493 4021 1594 4087 sed.
1615 4021 1878 4078 socordia:

287 4123 734 4195 negligentimque
756 4137 814 4176 se
834 4119 1058 4183 dedens,
1091 4117 1447 4171 miserrimam
1468 4122 1744 4184 exspectet
1765 4128 1877 4182 per-

287 4215 503 4270 niciem.
553 4213 746 4268 Annon
797 4211 912 4265 haec
955 4209 1119 4263 fatum
1163 4206 1333 4261 dicit?
1377 4204 1545 4259 Nemo
1587 4203 1873 4274 quidquam

285 4306 418 4360 utile
461 4303 769 4374 praecipiat;
816 4315 976 4355 nemo
1020 4298 1200 4353 audiat
1247 4298 1412 4352 alium
1457 4295 1874 4351 cohortantem:

285 4396 483 4451 frustra
512 4396 657 4466 leges
682 4405 738 4450 et
763 4393 973 4464 judices
993 4433 1007 4457 ,
1051 4391 1246 4445 frustra
1283 4389 1440 4444 mina:
1469 4396 1524 4442 et
1552 4386 1874 4442 admonitio-

285 4504 421 4556 nes,
453 4489 650 4543 flustra
690 4486 935 4556 supplicii
968 4493 1142 4539 metus
1165 4523 1180 4550 ,
1211 4479 1407 4536 frustra
1445 4481 1713 4545 honores,
1742 4492 1882 4548 pra:-

283 4582 392 4637 rnia
413 4622 429 4649 ,
461 4581 653 4652 palmae
690 4580 828 4635 bene
853 4578 1150 4648 agentibus.
1184 4574 1240 4630 Si
1271 4589 1452 4629 curam
1481 4573 1677 4627 habeas
1697 4613 1711 4637 ,
1743 4570 1876 4626 nihil

285 4673 415 4729 hinc
444 4670 826 4735 emolumenti;
854 4669 898 4723 si
926 4668 1183 4738 negligas,
1216 4665 1346 4720 nihil
1370 4663 1572 4718 damni.
1602 4662 1677 4716 Ne
1701 4661 1769 4715 ad
1790 4662 1876 4715 lu—

283 4766 414 4821 dLm
449 4779 579 4835 puer
607 4774 812 4834 pergat,
845 4779 913 4818 ne
934 4763 1018 4823 vir,
1037 4761 1249 4815 adultus
1276 4761 1418 4829 leges
1444 4758 1645 4821 audiat,
1673 4772 1740 4812 ne
1761 4759 1877 4812 aui-

287 4873 434 4914 mum
469 4857 718 4912 adhibeat
755 4856 991 4910 consiliis
1033 4862 1086 4908 et
1115 4849 1587 4906 admonitionibus.
1616 4848 1753 4916 Quid
1782 4864 1875 4919 po-

285 4948 412 5004 terit
435 4947 629 5002 afferre
661 4945 844 5001 labor?
868 4944 1026 5012 Quasi
1055 4959 1161 4998 non
1192 4942 1468 4998 salmrrata
1498 4942 1667 5006 navis,
1701 4941 1875 4995 nautis

283 5046 341 5094 et
381 5036 826 5110 gubernatoribus
880 5033 1174 5099 destituta,
1233 5031 1563 5101 tempestatis
1608 5030 1876 5085 violentize

287 5128 453 5183 misso
482 5126 679 5182 mentis
702 5124 1083 5196 gubernaculo,
1110 5123 1188 5178 sic
1212 5122 1430 5178 feratur.
1455 5121 1638 5189 Visne,
1668 5137 1871 5192 qumso,

286 5219 725 5287 obtemperemus
743 5257 759 5282 ,
790 5214 1033 5284 nihilque
1054 5213 1321 5269 faciamus
1359 5213 1504 5284 quod
1532 5213 1597 5267 ad
1626 5216 1748 5269 vita:
1774 5229 1874 5267 no-

287 5320 414 5366 stra:
444 5309 670 5364 salutem
711 5308 1011 5378 pertineat?
1043 5307 1259 5361 Interim
1301 5307 1775 5376 prtetermittantur
1811 5322 1874 5362 ea

285 5417 407 5471 qum
435 5401 500 5455 ad
528 5399 760 5454 animam
787 5406 1059 5468 spectant,
1097 5397 1165 5452 de
1202 5397 1449 5467 praesenti
1492 5399 1599 5452 vita
1636 5397 1873 5452 dissera-

288 5507 430 5548 mus.
461 5491 1032 5561 Obtemperahimusue
1070 5488 1181 5543 fato
1223 5489 1294 5543 ita
1337 5488 1564 5555 dicenti,
1591 5505 1763 5559 neque
1789 5488 1873 5544 fa-

288 5581 467 5638 mulos
491 5581 863 5650 delinquentes
891 5579 1169 5649 puniemus
1192 5620 1207 5645 ,
1237 5593 1410 5648 neque
1435 5579 1649 5634 lascivia
1686 5594 1873 5635 corru-

289 5683 410 5747 ptos
437 5672 775 5738 redueemus,
801 5686 974 5742 neque
1004 5671 1213 5741 iniquos
1237 5671 1303 5727 ad
1327 5670 1585 5741 judicium
1615 5687 1831 5742 agemus
1855 5715 1871 5738 ,

289 5780 464 5839 neque
503 5766 650 5837 leges
692 5764 1008 5822 audiemus?
1055 5762 1260 5821 Vellem
1306 5763 1553 5835 equidem
1595 5765 1662 5821 ad
1710 5765 1874 5824 breve

1994 2745 2203 2810 tempus
2233 2741 2347 2800 haec
2375 2745 2509 2814 fieri,
2542 2759 2598 2804 ut
2624 2767 2682 2807 re
2707 2763 2760 2807 et
2784 2767 2947 2822 Opere
2977 2757 3326 2826 perniciosam
3358 2759 3495 2817 hanc
3522 2774 3578 2818 et

1991 2832 2268 2889 exitiosam
2295 2839 2557 2895 malorum
2579 2845 2886 2914 magistram
2915 2849 3219 2917 perspicere
3242 2855 3486 2921 possetis.
3518 2855 3575 2911 Si

1989 2922 2132 2975 enim
2169 2940 2390 3003 necesse
2425 2939 2508 2984 est
2546 2936 2765 2988 omnino
2791 2976 2807 3001 ,
2838 2947 2895 2990 ut
2923 2953 3042 3007 qua:
3073 2940 3124 2992 in
3164 2939 3279 2996 fato
3298 2952 3421 2998 sunt
3448 2961 3578 3001 eve-

1989 3015 2167 3081 niant,
2214 3024 2326 3072 tum
2369 3019 2735 3079 laborantibus
2760 3026 2917 3081 nobis
2944 3068 2958 3091 ,
3001 3039 3109 3082 tum
3149 3031 3575 3104 dormientibus,

1988 3104 2163 3158 nullus
2191 3109 2419 3176 agricola
2451 3110 2616 3167 boves
2635 3113 2826 3185 jungat
2846 3155 2861 3181 ,
2893 3119 2975 3172 vel
3005 3131 3241 3175 aratrum
3271 3124 3478 3192 trahat,
3509 3143 3576 3183 ne

1986 3195 2194 3251 sulcum
2221 3199 2450 3266 scindat,
2485 3217 2658 3274 neque
2686 3208 2890 3261 semina
2911 3208 3096 3278 jaeiat,
3124 3227 3192 3266 ne
3215 3216 3338 3268 anui
3367 3224 3578 3287 tempus

1944 3327 1948 3332 .
1986 3297 2346 3356 opportunum
2371 3291 2658 3370 observet,
2688 3311 2757 3350 ne
2799 3297 2918 3366 gelu
2963 3307 3017 3352 et
3045 3301 3311 3357 assiduam
3343 3305 3574 3372 pluviam

1987 3378 2214 3443 toleret,
2247 3394 2316 3435 ne
2345 3381 2590 3439 miserias
2617 3394 2673 3439 et
2709 3386 2920 3443 labores
2947 3390 3240 3446 secundum
3281 3396 3404 3449 anni
3446 3411 3573 3466 spa-

1987 3471 2115 3525 tium
2139 3488 2152 3536 ;
2188 3471 2375 3528 falcem
2407 3490 2475 3529 ne
2502 3484 2675 3543 acuat,
2716 3494 2784 3534 ne
2812 3491 3048 3550 segetem
3073 3483 3331 3552 demetat,
3366 3504 3434 3544 ne
3460 3491 3572 3560 spi-

1985 3576 2077 3616 eas
2103 3572 2268 3630 terat,
2308 3580 2376 3619 ne
2401 3567 2630 3637 plantet,
2657 3585 2723 3624 ne
2749 3571 2955 3639 plantas
2984 3574 3159 3640 colat;
3189 3592 3402 3633 onmem
3434 3581 3577 3650 agri-

1983 3652 2205 3708 cultura:
2230 3669 2416 3710 curam
2445 3658 2679 3728 abjiciat,
2700 3660 2844 3716 domi
2864 3664 3070 3733 sedeat,
3106 3682 3426 3740 semperque
3450 3672 3578 3727 tior-

1983 3745 2136 3812 miat,
2170 3746 2214 3801 si
2241 3749 2420 3803 omnia
2451 3750 2549 3820 ipsi
2573 3766 2604 3806 e
2628 3750 2738 3808 fato
2757 3755 3047 3822 pendeant,
3071 3772 3166 3812 sua
3188 3747 3378 3830 sponte
3398 3769 3574 3821 omnia

1982 3834 2120 3891 bona
2159 3838 2374 3894 domum
2415 3843 2631 3898 venient
2671 3860 2684 3896 :
2719 3845 2766 3900 si
2809 3857 2985 3901 autem
3025 3849 3078 3903 in
3117 3855 3442 3921 contrarium
3490 3855 3576 3911 fu-

1982 3944 2099 3982 sum
2137 3932 2355 3985 verterit
2400 3931 2626 4000 Clotho,
2681 3938 2923 4005 quamvis
2974 3943 3276 3997 sexcenties
3325 3944 3565 4012 laboret,

1982 4022 2160 4077 nullus
2188 4023 2288 4093 ipsi
2335 4025 2457 4080 linis
2497 4026 2735 4081 laborum
2770 4029 3136 4101 sudorumque
3181 4034 3302 4089 erit.
3333 4036 3440 4090 Cur
3470 4038 3571 4091 ita-

1982 4129 2085 4179 que
2112 4132 2219 4170 non
2259 4115 2373 4172 haec
2407 4118 2714 4188 prmcipitis,
2741 4121 2788 4174 si
2825 4137 3009 4177 revera
3055 4124 3161 4178 fato
3189 4126 3446 4181 creditis?
3473 4145 3573 4184 cur

1982 4222 2088 4262 nou
2137 4208 2445 4272 hortamini.
2493 4219 2551 4265 ut
2595 4227 2780 4267 revera
2821 4213 3039 4269 discatis
3072 4233 3192 4285 quae
3227 4218 3363 4273 bona
3403 4219 3570 4275 fatum

1983 4301 2197 4371 pariat?
2226 4303 2315 4357 Vis
2345 4303 2476 4360 mihi
2505 4305 2790 4361 ostendere
2822 4307 2948 4376 quid
2972 4323 3094 4363 vere
3122 4310 3194 4364 sit
3232 4309 3344 4366 fato
3369 4315 3571 4366 consti-

1983 4396 2192 4450 tutum?
2215 4396 2375 4452 Solve
2396 4397 2802 4466 agriculturam,
2839 4400 2970 4454 tolle
2991 4403 3279 4467 nauticam,
3308 4406 3460 4459 mitte
3487 4421 3573 4458 ar-

1985 4495 2065 4541 tes
2087 4501 2309 4553 omnes,
2352 4503 2472 4558 qua:
2511 4489 2576 4543 ad
2608 4489 2768 4543 vitam
2812 4492 3114 4558 pertinent,
3146 4508 3216 4548 ne
3239 4495 3309 4548 sit
3341 4495 3574 4550 archite-

1980 4589 2116 4643 etus,
2151 4595 2257 4632 non
2287 4580 2526 4646 :rrarius,
2561 4597 2666 4635 non
2699 4590 2891 4647 textor,
2925 4597 2993 4638 ne
3023 4583 3158 4637 alius
3185 4585 3446 4655 quispiam
3475 4603 3572 4640 ar-

1983 4679 2090 4726 tem
2135 4672 2424 4741 quamlibet
2467 4681 2657 4728 tractet
2694 4673 2760 4728 ad
2806 4675 2966 4729 vitam
3011 4687 3248 4729 nostram
3291 4678 3572 4732 conferen-

1982 4772 2087 4818 tem
2108 4807 2122 4828 ,
2155 4774 2208 4819 et
2240 4775 2364 4819 tunc
2391 4765 2533 4820 clare
2561 4767 2768 4821 videbis
2792 4806 2807 4831 ,
2836 4766 3012 4836 qualia
3052 4767 3160 4822 sint
3191 4767 3281 4822 fati
3313 4769 3530 4838 pignora
3553 4814 3574 4835 ,

1981 4865 2106 4910 tunc
2136 4854 2259 4909 illud
2287 4856 2509 4926 pulchre
2538 4858 2756 4922 senties,
2790 4867 2915 4913 tunc
2945 4860 3063 4927 ejus
3088 4857 3576 4915 immntabilitalem

1981 4945 2288 5016 perspicies.
2320 4946 2424 5003 Sed
2459 4947 2585 5018 quid
2611 4957 2755 5004 artes
2783 4948 2938 5015 dico,
2967 4965 3088 5019 quae
3122 4951 3284 5004 vitam
3331 4963 3574 5006 nostram

1979 5037 2289 5093 continent?
2341 5037 2498 5093 Stent
2539 5047 2723 5104 artes,
2773 5039 3085 5110 nullamque
3139 5040 3424 5111 repudies;
3474 5044 3576 5098 sed

1979 5130 2228 5184 omnibus
2271 5145 2372 5186 suo
2411 5130 2470 5184 in
2511 5129 2698 5185 ordine
2735 5131 3110 5195 manentibus,
3167 5133 3391 5202 quisque
3437 5134 3571 5190 nihil

1979 5235 2198 5274 suorum
2229 5218 2404 5286 curet,
2435 5235 2534 5275 nee
2559 5219 2626 5275 de
2654 5236 2712 5276 re
2741 5221 3034 5276 domestica
3063 5223 3132 5277 sit
3159 5225 3446 5288 sollicitus,
3475 5226 3571 5280 sed

1978 5311 2153 5364 omnia
2177 5308 2285 5365 fato
2308 5311 2726 5365 administranda
2754 5313 3070 5377 committat,
3099 5323 3152 5368 et
3173 5312 3309 5369 hanc
3331 5315 3448 5384 ejus
3473 5319 3575 5370 uti—

1980 5401 2185 5456 litatem
2214 5401 2368 5465 sciet,
2401 5400 2615 5471 quando
2643 5391 2815 5456 tortus
2839 5410 2895 5457 et
2933 5402 3112 5473 ﬂagris
3139 5419 3312 5460 etesus
3344 5407 3576 5476 vectigal

1979 5493 2186 5547 solvere
2217 5499 2458 5562 cogetur,
2491 5503 2689 5546 etcum
2719 5501 2970 5562 nequeat,
2997 5493 3065 5548 ad
3093 5492 3182 5547 fati
3203 5493 3575 5550 defensionem

1979 5581 2282 5653 confugiet,
2321 5582 2606 5651 nullusque
2639 5581 2738 5652 ipsi
2768 5582 3030 5637 attendet.
3075 5583 3363 5654 Quousque
3393 5596 3574 5641 mente

1979 5675 2130 5745 pueri
2172 5674 2414 5730 erimus?
2456 5687 2736 5744 quousque
2769 5673 3033 5728 deliraudi
3066 5675 3226 5729 finem
3254 5689 3361 5729 non
3401 5675 3567 5731 facie-

1983 5764 2146 5821 mus?
2175 5779 2451 5837 quousque
2490 5773 2595 5821 non
2621 5779 2974 5836 agnoscemus
3003 5779 3344 5822 communem
3383 5764 3568 5823 Domi-
