  <div class='ocr_page' id='page_1' title='image "/cluster/home/n/w/nwhite01/storage/ocr_20150623/50/pst.000005712496/363.png"; bbox 0 0 4160 6316; ppageno 0'>
   <div class='ocr_carea' id='block_1_1' title="bbox 613 340 723 396">
    <p class='ocr_par' dir='ltr' id='par_1_1' title="bbox 613 340 723 396">
     <span class='ocr_line' id='line_1_1' title="bbox 613 340 723 396; baseline 0 -1"><span class='ocrx_word' id='word_1_1' title='bbox 613 340 723 396; x_wconf 72' lang='grc' dir='ltr'><strong>ἿϐἺ</strong></span> 
     </span>
    </p>
   </div>
   <div class='ocr_carea' id='block_1_2' title="bbox 621 437 2195 511">
    <p class='ocr_par' dir='ltr' id='par_1_2' title="bbox 621 437 2195 511">
     <span class='ocr_line' id='line_1_2' title="bbox 621 437 2195 511; baseline -0.011 -2"><span class='ocrx_word' id='word_1_2' title='bbox 621 451 786 510; x_wconf 86' lang='lat' dir='ltr'><strong>num?</strong></span> <span class='ocrx_word' id='word_1_3' title='bbox 811 450 868 508; x_wconf 87' lang='lat' dir='ltr'><strong>Si</strong></span> <span class='ocrx_word' id='word_1_4' title='bbox 890 449 1060 505; x_wconf 84' lang='lat' dir='ltr'><strong>bonos</strong></span> <span class='ocrx_word' id='word_1_5' title='bbox 1081 462 1141 502; x_wconf 85' lang='lat' dir='ltr'><strong>ac</strong></span> <span class='ocrx_word' id='word_1_6' title='bbox 1171 446 1338 506; x_wconf 87' lang='lat' dir='ltr'><strong>malos</strong></span> <span class='ocrx_word' id='word_1_7' title='bbox 1365 444 1529 500; x_wconf 85' lang='lat' dir='ltr'><strong>fatum</strong></span> <span class='ocrx_word' id='word_1_8' title='bbox 1557 443 1705 510; x_wconf 94' lang='lat' dir='ltr'><strong>facit,</strong></span> <span class='ocrx_word' id='word_1_9' title='bbox 1734 457 1830 498; x_wconf 94' lang='lat' dir='ltr'><strong>cur</strong></span> <span class='ocrx_word' id='word_1_10' title='bbox 1852 455 2073 511; x_wconf 90' lang='lat' dir='ltr'><strong>puerum</strong></span> <span class='ocrx_word' id='word_1_11' title='bbox 2099 437 2195 493; x_wconf 86' lang='lat' dir='ltr'><strong>ad-</strong></span> 
     </span>
    </p>
   </div>
   <div class='ocr_carea' id='block_1_3' title="bbox 625 529 2201 611">
    <p class='ocr_par' dir='ltr' id='par_1_3' title="bbox 625 529 2201 611">
     <span class='ocr_line' id='line_1_3' title="bbox 625 529 2201 611; baseline -0.012 -9"><span class='ocrx_word' id='word_1_12' title='bbox 625 561 833 611; x_wconf 86' lang='lat' dir='ltr'><strong>mones,</strong></span> <span class='ocrx_word' id='word_1_13' title='bbox 854 559 950 599; x_wconf 92' lang='lat' dir='ltr'><strong>cur</strong></span> <span class='ocrx_word' id='word_1_14' title='bbox 971 538 1242 596; x_wconf 85' lang='lat' dir='ltr'><strong>hortaris?</strong></span> <span class='ocrx_word' id='word_1_15' title='bbox 1269 539 1456 594; x_wconf 80' lang='lat' dir='ltr'><strong>Omnia</strong></span> <span class='ocrx_word' id='word_1_16' title='bbox 1486 546 1687 593; x_wconf 90' lang='lat' dir='ltr'><strong>temere</strong></span> <span class='ocrx_word' id='word_1_17' title='bbox 1710 547 1764 590; x_wconf 90' lang='lat' dir='ltr'><strong>et</strong></span> <span class='ocrx_word' id='word_1_18' title='bbox 1791 535 2007 589; x_wconf 88' lang='lat' dir='ltr'><strong>frustra.</strong></span> <span class='ocrx_word' id='word_1_19' title='bbox 2034 531 2087 586; x_wconf 90' lang='lat' dir='ltr'><strong>Si</strong></span> <span class='ocrx_word' id='word_1_20' title='bbox 2115 529 2201 584; x_wconf 87' lang='lat' dir='ltr'><strong>di-</strong></span> 
     </span>
    </p>
   </div>
   <div class='ocr_carea' id='block_1_4' title="bbox 625 619 2224 702">
    <p class='ocr_par' dir='ltr' id='par_1_4' title="bbox 625 619 2224 702">
     <span class='ocr_line' id='line_1_4' title="bbox 625 619 2224 702; baseline -0.011 -13"><span class='ocrx_word' id='word_1_21' title='bbox 625 640 758 692; x_wconf 83' lang='lat' dir='ltr'><strong>vites</strong></span> <span class='ocrx_word' id='word_1_22' title='bbox 781 645 835 690; x_wconf 88' lang='lat' dir='ltr'><strong>et</strong></span> <span class='ocrx_word' id='word_1_23' title='bbox 858 647 1115 702; x_wconf 82' lang='lat' dir='ltr'><strong>pauperes</strong></span> <span class='ocrx_word' id='word_1_24' title='bbox 1136 630 1280 695; x_wconf 89' lang='lat' dir='ltr'><strong>facit,</strong></span> <span class='ocrx_word' id='word_1_25' title='bbox 1307 645 1375 684; x_wconf 90' lang='lat' dir='ltr'><strong>ne</strong></span> <span class='ocrx_word' id='word_1_26' title='bbox 1395 629 1575 682; x_wconf 84' lang='lat' dir='ltr'><strong>mittas</strong></span> <span class='ocrx_word' id='word_1_27' title='bbox 1595 630 1660 681; x_wconf 89' lang='lat' dir='ltr'><strong>ad</strong></span> <span class='ocrx_word' id='word_1_28' title='bbox 1683 626 1864 682; x_wconf 90' lang='lat' dir='ltr'><strong>ludum</strong></span> <span class='ocrx_word' id='word_1_29' title='bbox 1889 619 2224 682; x_wconf 82' lang='lat' dir='ltr'><strong>litterarium,</strong></span> 
     </span>
    </p>
   </div>
   <div class='ocr_carea' id='block_1_5' title="bbox 624 710 2204 796">
    <p class='ocr_par' dir='ltr' id='par_1_5' title="bbox 624 710 2204 796">
     <span class='ocr_line' id='line_1_5' title="bbox 624 710 2204 796; baseline -0.012 -13"><span class='ocrx_word' id='word_1_30' title='bbox 624 744 691 784; x_wconf 91' lang='lat' dir='ltr'><strong>ne</strong></span> <span class='ocrx_word' id='word_1_31' title='bbox 731 725 1007 796; x_wconf 84' lang='lat' dir='ltr'><strong>pecuniam</strong></span> <span class='ocrx_word' id='word_1_32' title='bbox 1048 721 1354 791; x_wconf 89' lang='lat' dir='ltr'><strong>suppedites</strong></span> <span class='ocrx_word' id='word_1_33' title='bbox 1379 761 1395 787; x_wconf 90' lang='lat'><strong>,</strong></span> <span class='ocrx_word' id='word_1_34' title='bbox 1447 735 1516 774; x_wconf 90' lang='lat' dir='ltr'><strong>ne</strong></span> <span class='ocrx_word' id='word_1_35' title='bbox 1553 717 1823 788; x_wconf 79' lang='lat' dir='ltr'><strong>quidpiam</strong></span> <span class='ocrx_word' id='word_1_36' title='bbox 1867 712 2031 769; x_wconf 81' lang='lat' dir='ltr'><strong>facias</strong></span> <span class='ocrx_word' id='word_1_37' title='bbox 2064 710 2204 780; x_wconf 91' lang='lat' dir='ltr'><strong>quod</strong></span> 
     </span>
    </p>
   </div>
   <div class='ocr_carea' id='block_1_6' title="bbox 624 797 2208 889">
    <p class='ocr_par' dir='ltr' id='par_1_6' title="bbox 624 797 2208 889">
     <span class='ocr_line' id='line_1_6' title="bbox 624 797 2208 889; baseline -0.009 -18"><span class='ocrx_word' id='word_1_38' title='bbox 624 819 901 889; x_wconf 79' lang='lat' dir='ltr'><strong>opes,ejus</strong></span> <span class='ocrx_word' id='word_1_39' title='bbox 928 830 1124 884; x_wconf 86' lang='lat' dir='ltr'><strong>augere</strong></span> <span class='ocrx_word' id='word_1_40' title='bbox 1152 797 1312 883; x_wconf 90' lang='lat' dir='ltr'><strong>possit</strong></span> <span class='ocrx_word' id='word_1_41' title='bbox 1338 828 1354 878; x_wconf 88' lang='lat'>;</span> <span class='ocrx_word' id='word_1_42' title='bbox 1383 811 1478 866; x_wconf 89' lang='lat' dir='ltr'><strong>sed</strong></span> <span class='ocrx_word' id='word_1_43' title='bbox 1498 824 1587 866; x_wconf 86' lang='lat' dir='ltr'><strong>res</strong></span> <span class='ocrx_word' id='word_1_44' title='bbox 1605 810 1719 880; x_wconf 88' lang='lat' dir='ltr'><strong>ejus</strong></span> <span class='ocrx_word' id='word_1_45' title='bbox 1744 821 1929 863; x_wconf 85' lang='lat' dir='ltr'><strong>omnes</strong></span> <span class='ocrx_word' id='word_1_46' title='bbox 1955 804 2065 860; x_wconf 89' lang='lat' dir='ltr'><strong>fato</strong></span> <span class='ocrx_word' id='word_1_47' title='bbox 2088 817 2208 873; x_wconf 85' lang='lat' dir='ltr'><strong>per-</strong></span> 
     </span>
    </p>
   </div>
   <div class='ocr_carea' id='block_1_7' title="bbox 626 895 2206 974">
    <p class='ocr_par' dir='ltr' id='par_1_7' title="bbox 626 895 2206 974">
     <span class='ocr_line' id='line_1_7' title="bbox 626 895 2206 974; baseline -0.012 -8"><span class='ocrx_word' id='word_1_48' title='bbox 626 911 798 966; x_wconf 87' lang='lat' dir='ltr'><strong>mitte.</strong></span> <span class='ocrx_word' id='word_1_49' title='bbox 833 908 988 974; x_wconf 82' lang='lat' dir='ltr'><strong>Atqui</strong></span> <span class='ocrx_word' id='word_1_50' title='bbox 1021 906 1074 961; x_wconf 88' lang='lat' dir='ltr'><strong>id</strong></span> <span class='ocrx_word' id='word_1_51' title='bbox 1103 921 1209 960; x_wconf 88' lang='lat' dir='ltr'><strong>non</strong></span> <span class='ocrx_word' id='word_1_52' title='bbox 1244 903 1430 960; x_wconf 81' lang='lat' dir='ltr'><strong>audes.</strong></span> <span class='ocrx_word' id='word_1_53' title='bbox 1462 902 1626 956; x_wconf 80' lang='lat' dir='ltr'><strong>Vides</strong></span> <span class='ocrx_word' id='word_1_54' title='bbox 1653 907 1712 956; x_wconf 87' lang='lat' dir='ltr'><strong>ut</strong></span> <span class='ocrx_word' id='word_1_55' title='bbox 1733 899 1858 953; x_wconf 89' lang='lat' dir='ltr'><strong>dum</strong></span> <span class='ocrx_word' id='word_1_56' title='bbox 1887 898 1940 952; x_wconf 89' lang='lat' dir='ltr'><strong>in</strong></span> <span class='ocrx_word' id='word_1_57' title='bbox 1977 895 2206 950; x_wconf 90' lang='lat' dir='ltr'><strong>minori-</strong></span> 
     </span>
    </p>
   </div>
   <div class='ocr_carea' id='block_1_8' title="bbox 627 989 2210 1070">
    <p class='ocr_par' dir='ltr' id='par_1_8' title="bbox 627 989 2210 1070">
     <span class='ocr_line' id='line_1_8' title="bbox 627 989 2210 1070; baseline -0.009 -12"><span class='ocrx_word' id='word_1_58' title='bbox 627 1003 725 1058; x_wconf 86' lang='lat' dir='ltr'><strong>bus</strong></span> <span class='ocrx_word' id='word_1_59' title='bbox 746 1002 861 1070; x_wconf 91' lang='lat' dir='ltr'><strong>ejus</strong></span> <span class='ocrx_word' id='word_1_60' title='bbox 887 1001 1137 1070; x_wconf 83' lang='lat' dir='ltr'><strong>potestati</strong></span> <span class='ocrx_word' id='word_1_61' title='bbox 1163 1012 1268 1053; x_wconf 92' lang='lat' dir='ltr'><strong>non</strong></span> <span class='ocrx_word' id='word_1_62' title='bbox 1292 995 1519 1051; x_wconf 82' lang='lat' dir='ltr'><strong>confidis</strong></span> <span class='ocrx_word' id='word_1_63' title='bbox 1535 1035 1551 1059; x_wconf 90' lang='lat'><strong>,</strong></span> <span class='ocrx_word' id='word_1_64' title='bbox 1576 995 1630 1048; x_wconf 91' lang='lat' dir='ltr'><strong>in</strong></span> <span class='ocrx_word' id='word_1_65' title='bbox 1656 992 1945 1062; x_wconf 85' lang='lat' dir='ltr'><strong>majoribus</strong></span> <span class='ocrx_word' id='word_1_66' title='bbox 1971 989 2071 1060; x_wconf 81' lang='lat' dir='ltr'><strong>ipsi</strong></span> <span class='ocrx_word' id='word_1_67' title='bbox 2091 1003 2210 1044; x_wconf 90' lang='lat' dir='ltr'><strong>cre-</strong></span> 
     </span>
    </p>
   </div>
   <div class='ocr_carea' id='block_1_9' title="bbox 623 1085 2212 1154">
    <p class='ocr_par' dir='ltr' id='par_1_9' title="bbox 623 1085 2212 1154">
     <span class='ocr_line' id='line_1_9' title="bbox 623 1085 2212 1154; baseline -0.01 -4"><span class='ocrx_word' id='word_1_68' title='bbox 623 1093 752 1150; x_wconf 89' lang='lat' dir='ltr'><strong>dis?</strong></span> <span class='ocrx_word' id='word_1_69' title='bbox 777 1092 908 1147; x_wconf 85' lang='lat' dir='ltr'><strong>Nam</strong></span> <span class='ocrx_word' id='word_1_70' title='bbox 940 1092 984 1146; x_wconf 90' lang='lat' dir='ltr'><strong>si</strong></span> <span class='ocrx_word' id='word_1_71' title='bbox 1011 1090 1229 1145; x_wconf 84' lang='lat' dir='ltr'><strong>omnino</strong></span> <span class='ocrx_word' id='word_1_72' title='bbox 1253 1088 1416 1142; x_wconf 92' lang='lat' dir='ltr'><strong>fatum</strong></span> <span class='ocrx_word' id='word_1_73' title='bbox 1437 1093 1539 1152; x_wconf 90' lang='lat' dir='ltr'><strong>est,</strong></span> <span class='ocrx_word' id='word_1_74' title='bbox 1573 1085 1818 1154; x_wconf 82' lang='lat' dir='ltr'><strong>permitte</strong></span> <span class='ocrx_word' id='word_1_75' title='bbox 1848 1098 2068 1152; x_wconf 90' lang='lat' dir='ltr'><strong>puerum</strong></span> <span class='ocrx_word' id='word_1_76' title='bbox 2088 1096 2212 1135; x_wconf 90' lang='lat' dir='ltr'><strong>cum</strong></span> 
     </span>
    </p>
   </div>
   <div class='ocr_carea' id='block_1_10' title="bbox 628 1173 2213 1253">
    <p class='ocr_par' dir='ltr' id='par_1_10' title="bbox 628 1173 2213 1253">
     <span class='ocr_line' id='line_1_10' title="bbox 628 1173 2213 1253; baseline -0.008 -15"><span class='ocrx_word' id='word_1_77' title='bbox 628 1184 885 1253; x_wconf 85' lang='lat' dir='ltr'><strong>improbis</strong></span> <span class='ocrx_word' id='word_1_78' title='bbox 911 1181 1210 1236; x_wconf 90' lang='lat' dir='ltr'><strong>hominibus</strong></span> <span class='ocrx_word' id='word_1_79' title='bbox 1231 1179 1449 1240; x_wconf 90' lang='lat' dir='ltr'><strong>versari,</strong></span> <span class='ocrx_word' id='word_1_80' title='bbox 1466 1186 1662 1231; x_wconf 88' lang='lat' dir='ltr'><strong>etcum</strong></span> <span class='ocrx_word' id='word_1_81' title='bbox 1691 1175 1996 1244; x_wconf 88' lang='lat' dir='ltr'><strong>depravatis</strong></span> <span class='ocrx_word' id='word_1_82' title='bbox 2023 1173 2213 1241; x_wconf 85' lang='lat' dir='ltr'><strong>depra-</strong></span> 
     </span>
    </p>
   </div>
   <div class='ocr_carea' id='block_1_11' title="bbox 627 1263 2211 1343">
    <p class='ocr_par' dir='ltr' id='par_1_11' title="bbox 627 1263 2211 1343">
     <span class='ocr_line' id='line_1_11' title="bbox 627 1263 2211 1343; baseline -0.007 -14"><span class='ocrx_word' id='word_1_83' title='bbox 627 1276 745 1329; x_wconf 85' lang='lat' dir='ltr'><strong>vari</strong></span> <span class='ocrx_word' id='word_1_84' title='bbox 779 1291 792 1327; x_wconf 89' lang='lat'><strong>:</strong></span> <span class='ocrx_word' id='word_1_85' title='bbox 824 1274 984 1343; x_wconf 80' lang='lat' dir='ltr'><strong>plane</strong></span> <span class='ocrx_word' id='word_1_86' title='bbox 1008 1271 1055 1327; x_wconf 82' lang='lat' dir='ltr'><strong>si</strong></span> <span class='ocrx_word' id='word_1_87' title='bbox 1087 1271 1140 1325; x_wconf 89' lang='lat' dir='ltr'><strong>id</strong></span> <span class='ocrx_word' id='word_1_88' title='bbox 1169 1269 1282 1326; x_wconf 84' lang='lat' dir='ltr'><strong>fato</strong></span> <span class='ocrx_word' id='word_1_89' title='bbox 1319 1267 1666 1324; x_wconf 83' lang='lat' dir='ltr'><strong>constitutum</strong></span> <span class='ocrx_word' id='word_1_90' title='bbox 1696 1268 1785 1330; x_wconf 90' lang='lat' dir='ltr'><strong>sit,</strong></span> <span class='ocrx_word' id='word_1_91' title='bbox 1814 1274 1870 1321; x_wconf 86' lang='lat' dir='ltr'><strong>et</strong></span> <span class='ocrx_word' id='word_1_92' title='bbox 1893 1265 1987 1321; x_wconf 90' lang='lat' dir='ltr'><strong>tibi</strong></span> <span class='ocrx_word' id='word_1_93' title='bbox 2019 1263 2211 1334; x_wconf 86' lang='lat' dir='ltr'><strong>prode-</strong></span> 
     </span>
    </p>
   </div>
   <div class='ocr_carea' id='block_1_12' title="bbox 629 1356 2217 1430">
    <p class='ocr_par' dir='ltr' id='par_1_12' title="bbox 629 1356 2217 1430">
     <span class='ocr_line' id='line_1_12' title="bbox 629 1356 2217 1430; baseline -0.008 -11"><span class='ocrx_word' id='word_1_94' title='bbox 629 1365 722 1420; x_wconf 85' lang='lat' dir='ltr'><strong>rit.</strong></span> <span class='ocrx_word' id='word_1_95' title='bbox 755 1363 966 1418; x_wconf 85' lang='lat' dir='ltr'><strong>Etenim</strong></span> <span class='ocrx_word' id='word_1_96' title='bbox 992 1375 1143 1424; x_wconf 82' lang='lat' dir='ltr'><strong>vere,</strong></span> <span class='ocrx_word' id='word_1_97' title='bbox 1171 1360 1364 1430; x_wconf 89' lang='lat' dir='ltr'><strong>inquit,</strong></span> <span class='ocrx_word' id='word_1_98' title='bbox 1397 1374 1520 1415; x_wconf 92' lang='lat' dir='ltr'><strong>vere</strong></span> <span class='ocrx_word' id='word_1_99' title='bbox 1545 1358 1712 1412; x_wconf 92' lang='lat' dir='ltr'><strong>fatum</strong></span> <span class='ocrx_word' id='word_1_100' title='bbox 1742 1364 1845 1412; x_wconf 90' lang='lat' dir='ltr'><strong>est.</strong></span> <span class='ocrx_word' id='word_1_101' title='bbox 1873 1356 1981 1412; x_wconf 90' lang='lat' dir='ltr'><strong>Cur</strong></span> <span class='ocrx_word' id='word_1_102' title='bbox 2006 1369 2132 1424; x_wconf 85' lang='lat' dir='ltr'><strong>ergo</strong></span> <span class='ocrx_word' id='word_1_103' title='bbox 2161 1361 2217 1408; x_wconf 89' lang='lat' dir='ltr'><strong>et</strong></span> 
     </span>
    </p>
   </div>
   <div class='ocr_carea' id='block_1_13' title="bbox 626 1445 2213 1520">
    <p class='ocr_par' dir='ltr' id='par_1_13' title="bbox 626 1445 2213 1520">
     <span class='ocr_line' id='line_1_13' title="bbox 626 1445 2213 1520; baseline -0.008 -11"><span class='ocrx_word' id='word_1_104' title='bbox 626 1454 725 1510; x_wconf 79' lang='lat' dir='ltr'><strong>tibi</strong></span> <span class='ocrx_word' id='word_1_105' title='bbox 751 1462 804 1508; x_wconf 90' lang='lat' dir='ltr'><strong>et</strong></span> <span class='ocrx_word' id='word_1_106' title='bbox 827 1452 980 1507; x_wconf 86' lang='lat' dir='ltr'><strong>alteri</strong></span> <span class='ocrx_word' id='word_1_107' title='bbox 1011 1451 1216 1520; x_wconf 87' lang='lat' dir='ltr'><strong>negotia</strong></span> <span class='ocrx_word' id='word_1_108' title='bbox 1264 1449 1520 1504; x_wconf 85' lang='lat' dir='ltr'><strong>lacessis?</strong></span> <span class='ocrx_word' id='word_1_109' title='bbox 1549 1447 1752 1518; x_wconf 83' lang='lat' dir='ltr'><strong>Ecquid</strong></span> <span class='ocrx_word' id='word_1_110' title='bbox 1777 1447 1845 1502; x_wconf 90' lang='lat' dir='ltr'><strong>de</strong></span> <span class='ocrx_word' id='word_1_111' title='bbox 1865 1446 1984 1500; x_wconf 84' lang='lat' dir='ltr'><strong>filiis</strong></span> <span class='ocrx_word' id='word_1_112' title='bbox 2004 1445 2213 1514; x_wconf 87' lang='lat' dir='ltr'><strong>loquor,</strong></span> 
     </span>
    </p>
   </div>
   <div class='ocr_carea' id='block_1_14' title="bbox 637 1534 2217 1614">
    <p class='ocr_par' dir='ltr' id='par_1_14' title="bbox 637 1534 2217 1614">
     <span class='ocr_line' id='line_1_14' title="bbox 637 1534 2217 1614; baseline -0.006 -16"><span class='ocrx_word' id='word_1_113' title='bbox 637 1543 852 1614; x_wconf 88' lang='lat' dir='ltr'><strong>quando</strong></span> <span class='ocrx_word' id='word_1_114' title='bbox 884 1559 951 1598; x_wconf 89' lang='lat' dir='ltr'><strong>ne</strong></span> <span class='ocrx_word' id='word_1_115' title='bbox 981 1557 1106 1612; x_wconf 86' lang='lat' dir='ltr'><strong>erga</strong></span> <span class='ocrx_word' id='word_1_116' title='bbox 1131 1556 1316 1597; x_wconf 85' lang='lat' dir='ltr'><strong>servos</strong></span> <span class='ocrx_word' id='word_1_117' title='bbox 1338 1540 1553 1610; x_wconf 86' lang='lat' dir='ltr'><strong>quidem</strong></span> <span class='ocrx_word' id='word_1_118' title='bbox 1584 1540 1662 1594; x_wconf 88' lang='lat' dir='ltr'><strong>sic</strong></span> <span class='ocrx_word' id='word_1_119' title='bbox 1687 1553 1846 1609; x_wconf 82' lang='lat' dir='ltr'><strong>agere</strong></span> <span class='ocrx_word' id='word_1_120' title='bbox 1881 1536 2079 1600; x_wconf 81' lang='lat' dir='ltr'><strong>audes;</strong></span> <span class='ocrx_word' id='word_1_121' title='bbox 2122 1534 2217 1590; x_wconf 88' lang='lat' dir='ltr'><strong>sed</strong></span> 
     </span>
    </p>
   </div>
   <div class='ocr_carea' id='block_1_15' title="bbox 635 1634 2220 1706">
    <p class='ocr_par' dir='ltr' id='par_1_15' title="bbox 635 1634 2220 1706">
     <span class='ocr_line' id='line_1_15' title="bbox 635 1634 2220 1706; baseline -0.003 -11"><span class='ocrx_word' id='word_1_122' title='bbox 635 1649 691 1695; x_wconf 90' lang='lat' dir='ltr'><strong>et</strong></span> <span class='ocrx_word' id='word_1_123' title='bbox 717 1641 953 1704; x_wconf 81' lang='lat' dir='ltr'><strong>minaris,</strong></span> <span class='ocrx_word' id='word_1_124' title='bbox 987 1647 1038 1692; x_wconf 92' lang='lat' dir='ltr'><strong>et</strong></span> <span class='ocrx_word' id='word_1_125' title='bbox 1068 1635 1472 1706; x_wconf 89' lang='lat' dir='ltr'><strong>perterrefacis,</strong></span> <span class='ocrx_word' id='word_1_126' title='bbox 1500 1636 1811 1706; x_wconf 90' lang='lat' dir='ltr'><strong>nullumque</strong></span> <span class='ocrx_word' id='word_1_127' title='bbox 1849 1649 1956 1690; x_wconf 93' lang='lat' dir='ltr'><strong>non</strong></span> <span class='ocrx_word' id='word_1_128' title='bbox 1987 1634 2220 1705; x_wconf 86' lang='lat' dir='ltr'><strong>lapidem</strong></span> 
     </span>
    </p>
   </div>
   <div class='ocr_carea' id='block_1_16' title="bbox 632 1725 2220 1799">
    <p class='ocr_par' dir='ltr' id='par_1_16' title="bbox 632 1725 2220 1799">
     <span class='ocr_line' id='line_1_16' title="bbox 632 1725 2220 1799; baseline -0.005 -12"><span class='ocrx_word' id='word_1_129' title='bbox 632 1744 822 1787; x_wconf 92' lang='lat' dir='ltr'><strong>moves</strong></span> <span class='ocrx_word' id='word_1_130' title='bbox 847 1737 904 1784; x_wconf 91' lang='lat' dir='ltr'><strong>ut</strong></span> <span class='ocrx_word' id='word_1_131' title='bbox 929 1729 999 1783; x_wconf 88' lang='lat' dir='ltr'><strong>sit</strong></span> <span class='ocrx_word' id='word_1_132' title='bbox 1024 1728 1116 1782; x_wconf 87' lang='lat' dir='ltr'><strong>tibi</strong></span> <span class='ocrx_word' id='word_1_133' title='bbox 1143 1727 1341 1799; x_wconf 90' lang='lat' dir='ltr'><strong>probus</strong></span> <span class='ocrx_word' id='word_1_134' title='bbox 1368 1726 1617 1794; x_wconf 86' lang='lat' dir='ltr'><strong>famulus,</strong></span> <span class='ocrx_word' id='word_1_135' title='bbox 1649 1742 1822 1796; x_wconf 83' lang='lat' dir='ltr'><strong>neque</strong></span> <span class='ocrx_word' id='word_1_136' title='bbox 1843 1727 2024 1794; x_wconf 87' lang='lat' dir='ltr'><strong>genesi</strong></span> <span class='ocrx_word' id='word_1_137' title='bbox 2053 1725 2220 1782; x_wconf 80' lang='lat' dir='ltr'><strong>conli-</strong></span> 
     </span>
    </p>
   </div>
   <div class='ocr_carea' id='block_1_17' title="bbox 634 1820 2220 1891">
    <p class='ocr_par' dir='ltr' id='par_1_17' title="bbox 634 1820 2220 1891">
     <span class='ocr_line' id='line_1_17' title="bbox 634 1820 2220 1891; baseline -0.003 -13"><span class='ocrx_word' id='word_1_138' title='bbox 634 1823 755 1879; x_wconf 85' lang='lat' dir='ltr'><strong>dis?</strong></span> <span class='ocrx_word' id='word_1_139' title='bbox 782 1822 893 1878; x_wconf 88' lang='lat' dir='ltr'><strong>Cur</strong></span> <span class='ocrx_word' id='word_1_140' title='bbox 915 1837 1074 1891; x_wconf 87' lang='lat' dir='ltr'><strong>ergo,</strong></span> <span class='ocrx_word' id='word_1_141' title='bbox 1103 1821 1148 1876; x_wconf 89' lang='lat' dir='ltr'><strong>si</strong></span> <span class='ocrx_word' id='word_1_142' title='bbox 1176 1821 1245 1876; x_wconf 90' lang='lat' dir='ltr'><strong>sit</strong></span> <span class='ocrx_word' id='word_1_143' title='bbox 1283 1821 1590 1890; x_wconf 88' lang='lat' dir='ltr'><strong>improbus,</strong></span> <span class='ocrx_word' id='word_1_144' title='bbox 1621 1820 1912 1876; x_wconf 81' lang='lat' dir='ltr'><strong>verberas?</strong></span> <span class='ocrx_word' id='word_1_145' title='bbox 1941 1834 2046 1874; x_wconf 90' lang='lat' dir='ltr'><strong>non</strong></span> <span class='ocrx_word' id='word_1_146' title='bbox 2077 1821 2220 1875; x_wconf 87' lang='lat' dir='ltr'><strong>enim</strong></span> 
     </span>
    </p>
   </div>
   <div class='ocr_carea' id='block_1_18' title="bbox 638 1910 2222 1982">
    <p class='ocr_par' dir='ltr' id='par_1_18' title="bbox 638 1910 2222 1982">
     <span class='ocr_line' id='line_1_18' title="bbox 638 1910 2222 1982; baseline -0.001 -14"><span class='ocrx_word' id='word_1_147' title='bbox 638 1914 757 1982; x_wconf 78' lang='lat' dir='ltr'><strong>ejus</strong></span> <span class='ocrx_word' id='word_1_148' title='bbox 785 1922 1061 1982; x_wconf 86' lang='lat' dir='ltr'><strong>peccatum</strong></span> <span class='ocrx_word' id='word_1_149' title='bbox 1100 1920 1218 1973; x_wconf 87' lang='lat' dir='ltr'><strong>est,</strong></span> <span class='ocrx_word' id='word_1_150' title='bbox 1249 1910 1343 1966; x_wconf 92' lang='lat' dir='ltr'><strong>sed</strong></span> <span class='ocrx_word' id='word_1_151' title='bbox 1374 1910 1617 1980; x_wconf 84' lang='lat' dir='ltr'><strong>pellentis</strong></span> <span class='ocrx_word' id='word_1_152' title='bbox 1648 1925 1928 1981; x_wconf 87' lang='lat' dir='ltr'><strong>geneseos.</strong></span> <span class='ocrx_word' id='word_1_153' title='bbox 1966 1910 2076 1966; x_wconf 87' lang='lat' dir='ltr'><strong>Cur</strong></span> <span class='ocrx_word' id='word_1_154' title='bbox 2099 1926 2222 1966; x_wconf 90' lang='lat' dir='ltr'><strong>eum</strong></span> 
     </span>
    </p>
   </div>
   <div class='ocr_carea' id='block_1_19' title="bbox 640 2001 2221 2074">
    <p class='ocr_par' dir='ltr' id='par_1_19' title="bbox 640 2001 2221 2074">
     <span class='ocr_line' id='line_1_19' title="bbox 640 2001 2221 2074; baseline -0.003 -14"><span class='ocrx_word' id='word_1_155' title='bbox 640 2005 688 2060; x_wconf 81' lang='lat' dir='ltr'><strong>si</strong></span> <span class='ocrx_word' id='word_1_156' title='bbox 719 2004 916 2074; x_wconf 86' lang='lat' dir='ltr'><strong>probus</strong></span> <span class='ocrx_word' id='word_1_157' title='bbox 941 2004 1010 2058; x_wconf 88' lang='lat' dir='ltr'><strong>sit</strong></span> <span class='ocrx_word' id='word_1_158' title='bbox 1048 2001 1272 2057; x_wconf 85' lang='lat' dir='ltr'><strong>laudas?</strong></span> <span class='ocrx_word' id='word_1_159' title='bbox 1299 2002 1497 2057; x_wconf 90' lang='lat' dir='ltr'><strong>bonum</strong></span> <span class='ocrx_word' id='word_1_160' title='bbox 1533 2003 1674 2057; x_wconf 85' lang='lat' dir='ltr'><strong>enim</strong></span> <span class='ocrx_word' id='word_1_161' title='bbox 1705 2015 1874 2072; x_wconf 89' lang='lat' dir='ltr'><strong>opus,</strong></span> <span class='ocrx_word' id='word_1_162' title='bbox 1914 2016 2020 2057; x_wconf 91' lang='lat' dir='ltr'><strong>non</strong></span> <span class='ocrx_word' id='word_1_163' title='bbox 2048 2002 2221 2070; x_wconf 91' lang='lat' dir='ltr'><strong>illius,</strong></span> 
     </span>
    </p>
   </div>
   <div class='ocr_carea' id='block_1_20' title="bbox 636 2093 2222 2165">
    <p class='ocr_par' dir='ltr' id='par_1_20' title="bbox 636 2093 2222 2165">
     <span class='ocr_line' id='line_1_20' title="bbox 636 2093 2222 2165; baseline -0.003 -14"><span class='ocrx_word' id='word_1_164' title='bbox 636 2095 738 2151; x_wconf 83' lang='lat' dir='ltr'><strong>sed</strong></span> <span class='ocrx_word' id='word_1_165' title='bbox 779 2110 1038 2165; x_wconf 87' lang='lat' dir='ltr'><strong>geneseos</strong></span> <span class='ocrx_word' id='word_1_166' title='bbox 1065 2106 1147 2150; x_wconf 89' lang='lat' dir='ltr'><strong>est</strong></span> <span class='ocrx_word' id='word_1_167' title='bbox 1176 2111 1190 2148; x_wconf 90' lang='lat'><strong>:</strong></span> <span class='ocrx_word' id='word_1_168' title='bbox 1221 2095 1328 2148; x_wconf 91' lang='lat' dir='ltr'><strong>imo</strong></span> <span class='ocrx_word' id='word_1_169' title='bbox 1363 2094 1539 2163; x_wconf 88' lang='lat' dir='ltr'><strong>potius</strong></span> <span class='ocrx_word' id='word_1_170' title='bbox 1566 2107 1666 2150; x_wconf 90' lang='lat' dir='ltr'><strong>nec</strong></span> <span class='ocrx_word' id='word_1_171' title='bbox 1693 2093 1890 2163; x_wconf 86' lang='lat' dir='ltr'><strong>probus</strong></span> <span class='ocrx_word' id='word_1_172' title='bbox 1921 2094 2180 2163; x_wconf 84' lang='lat' dir='ltr'><strong>quispiam</strong></span> <span class='ocrx_word' id='word_1_173' title='bbox 2205 2136 2222 2160; x_wconf 92' lang='lat'><strong>,</strong></span> 
     </span>
    </p>
   </div>
   <div class='ocr_carea' id='block_1_21' title="bbox 643 2183 2220 2254">
    <p class='ocr_par' dir='ltr' id='par_1_21' title="bbox 643 2183 2220 2254">
     <span class='ocr_line' id='line_1_21' title="bbox 643 2183 2220 2254; baseline -0.003 -13"><span class='ocrx_word' id='word_1_174' title='bbox 643 2201 745 2242; x_wconf 83' lang='lat' dir='ltr'><strong>nec</strong></span> <span class='ocrx_word' id='word_1_175' title='bbox 771 2187 1043 2254; x_wconf 78' lang='lat' dir='ltr'><strong>improbus</strong></span> <span class='ocrx_word' id='word_1_176' title='bbox 1071 2186 1192 2240; x_wconf 83' lang='lat' dir='ltr'><strong>erit.</strong></span> <span class='ocrx_word' id='word_1_177' title='bbox 1224 2186 1322 2251; x_wconf 85' lang='lat' dir='ltr'><strong>Qui</strong></span> <span class='ocrx_word' id='word_1_178' title='bbox 1354 2186 1496 2240; x_wconf 91' lang='lat' dir='ltr'><strong>enim</strong></span> <span class='ocrx_word' id='word_1_179' title='bbox 1527 2200 1619 2254; x_wconf 89' lang='lat' dir='ltr'><strong>per</strong></span> <span class='ocrx_word' id='word_1_180' title='bbox 1657 2199 1716 2240; x_wconf 87' lang='lat' dir='ltr'><strong>se</strong></span> <span class='ocrx_word' id='word_1_181' title='bbox 1760 2185 1890 2239; x_wconf 87' lang='lat' dir='ltr'><strong>nihil</strong></span> <span class='ocrx_word' id='word_1_182' title='bbox 1929 2185 2117 2239; x_wconf 92' lang='lat' dir='ltr'><strong>horum</strong></span> <span class='ocrx_word' id='word_1_183' title='bbox 2144 2183 2220 2237; x_wconf 84' lang='lat' dir='ltr'><strong>fa-</strong></span> 
     </span>
    </p>
   </div>
   <div class='ocr_carea' id='block_1_22' title="bbox 642 2273 2228 2344">
    <p class='ocr_par' dir='ltr' id='par_1_22' title="bbox 642 2273 2228 2344">
     <span class='ocr_line' id='line_1_22' title="bbox 642 2273 2228 2344; baseline -0.004 -10"><span class='ocrx_word' id='word_1_184' title='bbox 642 2279 736 2344; x_wconf 89' lang='lat' dir='ltr'><strong>cit,</strong></span> <span class='ocrx_word' id='word_1_185' title='bbox 759 2278 852 2332; x_wconf 89' lang='lat' dir='ltr'><strong>sed</strong></span> <span class='ocrx_word' id='word_1_186' title='bbox 873 2275 1087 2332; x_wconf 89' lang='lat' dir='ltr'><strong>aliunde</strong></span> <span class='ocrx_word' id='word_1_187' title='bbox 1112 2275 1428 2330; x_wconf 83' lang='lat' dir='ltr'><strong>necessitate</strong></span> <span class='ocrx_word' id='word_1_188' title='bbox 1449 2274 1680 2344; x_wconf 88' lang='lat' dir='ltr'><strong>pellitur,</strong></span> <span class='ocrx_word' id='word_1_189' title='bbox 1712 2289 1885 2344; x_wconf 89' lang='lat' dir='ltr'><strong>neque</strong></span> <span class='ocrx_word' id='word_1_190' title='bbox 1905 2273 2027 2340; x_wconf 91' lang='lat' dir='ltr'><strong>hoc,</strong></span> <span class='ocrx_word' id='word_1_191' title='bbox 2053 2287 2228 2342; x_wconf 89' lang='lat' dir='ltr'><strong>neque</strong></span> 
     </span>
    </p>
   </div>
   <div class='ocr_carea' id='block_1_23' title="bbox 646 2365 2222 2437">
    <p class='ocr_par' dir='ltr' id='par_1_23' title="bbox 646 2365 2222 2437">
     <span class='ocr_line' id='line_1_23' title="bbox 646 2365 2222 2437; baseline -0.004 -13"><span class='ocrx_word' id='word_1_192' title='bbox 646 2369 774 2425; x_wconf 88' lang='lat' dir='ltr'><strong>illud</strong></span> <span class='ocrx_word' id='word_1_193' title='bbox 816 2370 938 2424; x_wconf 92' lang='lat' dir='ltr'><strong>erit.</strong></span> <span class='ocrx_word' id='word_1_194' title='bbox 979 2368 1090 2424; x_wconf 87' lang='lat' dir='ltr'><strong>Cur</strong></span> <span class='ocrx_word' id='word_1_195' title='bbox 1131 2382 1259 2437; x_wconf 88' lang='lat' dir='ltr'><strong>ergo</strong></span> <span class='ocrx_word' id='word_1_196' title='bbox 1294 2367 1438 2420; x_wconf 91' lang='lat' dir='ltr'><strong>viros</strong></span> <span class='ocrx_word' id='word_1_197' title='bbox 1483 2365 1799 2420; x_wconf 85' lang='lat' dir='ltr'><strong>laudamus?</strong></span> <span class='ocrx_word' id='word_1_198' title='bbox 1827 2380 1924 2419; x_wconf 93' lang='lat' dir='ltr'><strong>cur</strong></span> <span class='ocrx_word' id='word_1_199' title='bbox 1953 2365 2222 2432; x_wconf 85' lang='lat' dir='ltr'><strong>vitupera-</strong></span> 
     </span>
    </p>
   </div>
   <div class='ocr_carea' id='block_1_24' title="bbox 645 2454 2225 2527">
    <p class='ocr_par' dir='ltr' id='par_1_24' title="bbox 645 2454 2225 2527">
     <span class='ocr_line' id='line_1_24' title="bbox 645 2454 2225 2527; baseline -0.006 -8"><span class='ocrx_word' id='word_1_200' title='bbox 645 2463 809 2519; x_wconf 79' lang='lat' dir='ltr'><strong>mus?</strong></span> <span class='ocrx_word' id='word_1_201' title='bbox 835 2476 931 2517; x_wconf 90' lang='lat' dir='ltr'><strong>cur</strong></span> <span class='ocrx_word' id='word_1_202' title='bbox 959 2459 1341 2516; x_wconf 81' lang='lat' dir='ltr'><strong>exsecramur?</strong></span> <span class='ocrx_word' id='word_1_203' title='bbox 1369 2473 1464 2513; x_wconf 88' lang='lat' dir='ltr'><strong>cur</strong></span> <span class='ocrx_word' id='word_1_204' title='bbox 1483 2458 1602 2512; x_wconf 89' lang='lat' dir='ltr'><strong>aliis</strong></span> <span class='ocrx_word' id='word_1_205' title='bbox 1629 2457 1767 2513; x_wconf 88' lang='lat' dir='ltr'><strong>bene</strong></span> <span class='ocrx_word' id='word_1_206' title='bbox 1793 2456 2111 2527; x_wconf 88' lang='lat' dir='ltr'><strong>precamur?</strong></span> <span class='ocrx_word' id='word_1_207' title='bbox 2132 2454 2225 2510; x_wconf 81' lang='lat' dir='ltr'><strong>Vi-</strong></span> 
     </span>
    </p>
   </div>
   <div class='ocr_carea' id='block_1_25' title="bbox 645 2545 2227 2622">
    <p class='ocr_par' dir='ltr' id='par_1_25' title="bbox 645 2545 2227 2622">
     <span class='ocr_line' id='line_1_25' title="bbox 645 2545 2227 2622; baseline -0.004 -15"><span class='ocrx_word' id='word_1_208' title='bbox 645 2552 744 2607; x_wconf 91' lang='lat' dir='ltr'><strong>des</strong></span> <span class='ocrx_word' id='word_1_209' title='bbox 771 2553 823 2606; x_wconf 92' lang='lat' dir='ltr'><strong>in</strong></span> <span class='ocrx_word' id='word_1_210' title='bbox 848 2559 1100 2622; x_wconf 87' lang='lat' dir='ltr'><strong>quantam</strong></span> <span class='ocrx_word' id='word_1_211' title='bbox 1129 2565 1228 2604; x_wconf 89' lang='lat' dir='ltr'><strong>nos</strong></span> <span class='ocrx_word' id='word_1_212' title='bbox 1267 2547 1648 2604; x_wconf 88' lang='lat' dir='ltr'><strong>absurditatem</strong></span> <span class='ocrx_word' id='word_1_213' title='bbox 1691 2548 1780 2600; x_wconf 91' lang='lat' dir='ltr'><strong>lati</strong></span> <span class='ocrx_word' id='word_1_214' title='bbox 1818 2547 1952 2601; x_wconf 86' lang='lat' dir='ltr'><strong>ratio</strong></span> <span class='ocrx_word' id='word_1_215' title='bbox 1979 2545 2227 2600; x_wconf 76' lang='lat' dir='ltr'><strong>duxerit?</strong></span> 
     </span>
    </p>
   </div>
   <div class='ocr_carea' id='block_1_26' title="bbox 645 2636 2231 2710">
    <p class='ocr_par' dir='ltr' id='par_1_26' title="bbox 645 2636 2231 2710">
     <span class='ocr_line' id='line_1_26' title="bbox 645 2636 2231 2710; baseline -0.005 -11"><span class='ocrx_word' id='word_1_216' title='bbox 645 2642 833 2699; x_wconf 82' lang='lat' dir='ltr'><strong>Nullus</strong></span> <span class='ocrx_word' id='word_1_217' title='bbox 855 2651 937 2696; x_wconf 89' lang='lat' dir='ltr'><strong>est</strong></span> <span class='ocrx_word' id='word_1_218' title='bbox 961 2651 1281 2710; x_wconf 89' lang='lat' dir='ltr'><strong>temperans,</strong></span> <span class='ocrx_word' id='word_1_219' title='bbox 1306 2638 1483 2692; x_wconf 91' lang='lat' dir='ltr'><strong>nullus</strong></span> <span class='ocrx_word' id='word_1_220' title='bbox 1504 2639 1882 2707; x_wconf 89' lang='lat' dir='ltr'><strong>intemperans,</strong></span> <span class='ocrx_word' id='word_1_221' title='bbox 1905 2636 2080 2690; x_wconf 91' lang='lat' dir='ltr'><strong>nullus</strong></span> <span class='ocrx_word' id='word_1_222' title='bbox 2108 2651 2231 2691; x_wconf 86' lang='lat' dir='ltr'><strong>ava-</strong></span> 
     </span>
    </p>
   </div>
   <div class='ocr_carea' id='block_1_27' title="bbox 648 2729 2232 2802">
    <p class='ocr_par' dir='ltr' id='par_1_27' title="bbox 648 2729 2232 2802">
     <span class='ocr_line' id='line_1_27' title="bbox 648 2729 2232 2802; baseline -0.003 -14"><span class='ocrx_word' id='word_1_223' title='bbox 648 2751 740 2790; x_wconf 91' lang='lat' dir='ltr'><strong>rus</strong></span> <span class='ocrx_word' id='word_1_224' title='bbox 759 2733 976 2801; x_wconf 74' lang='lat' dir='ltr'><strong>,.nullus</strong></span> <span class='ocrx_word' id='word_1_225' title='bbox 1007 2731 1186 2802; x_wconf 85' lang='lat' dir='ltr'><strong>justus</strong></span> <span class='ocrx_word' id='word_1_226' title='bbox 1213 2747 1226 2784; x_wconf 89' lang='lat'><strong>:</strong></span> <span class='ocrx_word' id='word_1_227' title='bbox 1259 2730 1464 2784; x_wconf 88' lang='lat' dir='ltr'><strong>sublata</strong></span> <span class='ocrx_word' id='word_1_228' title='bbox 1492 2738 1577 2782; x_wconf 90' lang='lat' dir='ltr'><strong>est</strong></span> <span class='ocrx_word' id='word_1_229' title='bbox 1600 2729 1766 2784; x_wconf 89' lang='lat' dir='ltr'><strong>virtus</strong></span> <span class='ocrx_word' id='word_1_230' title='bbox 1786 2739 1840 2784; x_wconf 89' lang='lat' dir='ltr'><strong>et</strong></span> <span class='ocrx_word' id='word_1_231' title='bbox 1864 2731 2095 2801; x_wconf 88' lang='lat' dir='ltr'><strong>nequitia</strong></span> <span class='ocrx_word' id='word_1_232' title='bbox 2124 2749 2137 2784; x_wconf 92' lang='lat'><strong>:</strong></span> <span class='ocrx_word' id='word_1_233' title='bbox 2169 2745 2232 2785; x_wconf 89' lang='lat' dir='ltr'><strong>ac</strong></span> 
     </span>
    </p>
   </div>
   <div class='ocr_carea' id='block_1_28' title="bbox 650 2822 2232 2895">
    <p class='ocr_par' dir='ltr' id='par_1_28' title="bbox 650 2822 2232 2895">
     <span class='ocr_line' id='line_1_28' title="bbox 650 2822 2232 2895; baseline -0.002 -14"><span class='ocrx_word' id='word_1_234' title='bbox 650 2827 848 2881; x_wconf 81' lang='lat' dir='ltr'><strong>frustra</strong></span> <span class='ocrx_word' id='word_1_235' title='bbox 877 2825 930 2878; x_wconf 92' lang='lat' dir='ltr'><strong>in</strong></span> <span class='ocrx_word' id='word_1_236' title='bbox 956 2832 1275 2895; x_wconf 72' lang='lat' dir='ltr'><strong>prmsentem</strong></span> <span class='ocrx_word' id='word_1_237' title='bbox 1304 2823 1468 2875; x_wconf 91' lang='lat' dir='ltr'><strong>vitam</strong></span> <span class='ocrx_word' id='word_1_238' title='bbox 1493 2822 1705 2876; x_wconf 88' lang='lat' dir='ltr'><strong>deducti</strong></span> <span class='ocrx_word' id='word_1_239' title='bbox 1728 2836 1940 2888; x_wconf 90' lang='lat' dir='ltr'><strong>sumus;</strong></span> <span class='ocrx_word' id='word_1_240' title='bbox 1970 2824 2078 2877; x_wconf 91' lang='lat' dir='ltr'><strong>imo</strong></span> <span class='ocrx_word' id='word_1_241' title='bbox 2103 2837 2232 2878; x_wconf 90' lang='lat' dir='ltr'><strong>vero</strong></span> 
     </span>
    </p>
   </div>
   <div class='ocr_carea' id='block_1_29' title="bbox 651 2912 2231 2982">
    <p class='ocr_par' dir='ltr' id='par_1_29' title="bbox 651 2912 2231 2982">
     <span class='ocr_line' id='line_1_29' title="bbox 651 2912 2231 2982; baseline -0.004 -11"><span class='ocrx_word' id='word_1_242' title='bbox 651 2932 757 2971; x_wconf 91' lang='lat' dir='ltr'><strong>non</strong></span> <span class='ocrx_word' id='word_1_243' title='bbox 786 2916 1000 2978; x_wconf 79' lang='lat' dir='ltr'><strong>frustra,</strong></span> <span class='ocrx_word' id='word_1_244' title='bbox 1028 2913 1121 2968; x_wconf 89' lang='lat' dir='ltr'><strong>sed</strong></span> <span class='ocrx_word' id='word_1_245' title='bbox 1152 2915 1204 2967; x_wconf 92' lang='lat' dir='ltr'><strong>in</strong></span> <span class='ocrx_word' id='word_1_246' title='bbox 1237 2912 1432 2967; x_wconf 91' lang='lat' dir='ltr'><strong>malum</strong></span> <span class='ocrx_word' id='word_1_247' title='bbox 1463 2925 1723 2967; x_wconf 89' lang='lat' dir='ltr'><strong>nostrum.</strong></span> <span class='ocrx_word' id='word_1_248' title='bbox 1747 2912 1864 2980; x_wconf 85' lang='lat' dir='ltr'><strong>Qui,</strong></span> <span class='ocrx_word' id='word_1_249' title='bbox 1897 2927 2100 2982; x_wconf 67' lang='lat' dir='ltr'><strong>quaeso,</strong></span> <span class='ocrx_word' id='word_1_250' title='bbox 2123 2927 2231 2966; x_wconf 91' lang='lat' dir='ltr'><strong>non</strong></span> 
     </span>
    </p>
   </div>
   <div class='ocr_carea' id='block_1_30' title="bbox 652 3004 2232 3074">
    <p class='ocr_par' dir='ltr' id='par_1_30' title="bbox 652 3004 2232 3074">
     <span class='ocr_line' id='line_1_30' title="bbox 652 3004 2232 3074; baseline -0.003 -11"><span class='ocrx_word' id='word_1_251' title='bbox 652 3008 941 3064; x_wconf 87' lang='lat' dir='ltr'><strong>absurdum</strong></span> <span class='ocrx_word' id='word_1_252' title='bbox 981 3005 1141 3061; x_wconf 91' lang='lat' dir='ltr'><strong>fuerit</strong></span> <span class='ocrx_word' id='word_1_253' title='bbox 1164 3020 1192 3057; x_wconf 91' lang='lat' dir='ltr'><strong>a</strong></span> <span class='ocrx_word' id='word_1_254' title='bbox 1221 3019 1479 3074; x_wconf 86' lang='lat' dir='ltr'><strong>geneseos</strong></span> <span class='ocrx_word' id='word_1_255' title='bbox 1519 3004 1832 3058; x_wconf 86' lang='lat' dir='ltr'><strong>necessitate</strong></span> <span class='ocrx_word' id='word_1_256' title='bbox 1863 3004 1913 3058; x_wconf 92' lang='lat' dir='ltr'><strong>in</strong></span> <span class='ocrx_word' id='word_1_257' title='bbox 1942 3004 2232 3074; x_wconf 86' lang='lat' dir='ltr'><strong>nequitiam</strong></span> 
     </span>
    </p>
   </div>
   <div class='ocr_carea' id='block_1_31' title="bbox 654 3097 2234 3172">
    <p class='ocr_par' dir='ltr' id='par_1_31' title="bbox 654 3097 2234 3172">
     <span class='ocr_line' id='line_1_31' title="bbox 654 3097 2234 3172; baseline -0.001 -18"><span class='ocrx_word' id='word_1_258' title='bbox 654 3101 856 3172; x_wconf 84' lang='lat' dir='ltr'><strong>impelli</strong></span> <span class='ocrx_word' id='word_1_259' title='bbox 882 3117 897 3164; x_wconf 87' lang='lat'><strong>;</strong></span> <span class='ocrx_word' id='word_1_260' title='bbox 929 3109 1088 3168; x_wconf 90' lang='lat' dir='ltr'><strong>atque</strong></span> <span class='ocrx_word' id='word_1_261' title='bbox 1112 3098 1304 3152; x_wconf 88' lang='lat' dir='ltr'><strong>iterum</strong></span> <span class='ocrx_word' id='word_1_262' title='bbox 1332 3097 1519 3152; x_wconf 89' lang='lat' dir='ltr'><strong>eadem</strong></span> <span class='ocrx_word' id='word_1_263' title='bbox 1543 3097 1815 3162; x_wconf 87' lang='lat' dir='ltr'><strong>violentia,</strong></span> <span class='ocrx_word' id='word_1_264' title='bbox 1841 3106 2111 3152; x_wconf 88' lang='lat' dir='ltr'><strong>extremas</strong></span> <span class='ocrx_word' id='word_1_265' title='bbox 2137 3099 2234 3152; x_wconf 84' lang='lat' dir='ltr'><strong>im-</strong></span> 
     </span>
    </p>
   </div>
   <div class='ocr_carea' id='block_1_32' title="bbox 653 3188 2235 3262">
    <p class='ocr_par' dir='ltr' id='par_1_32' title="bbox 653 3188 2235 3262">
     <span class='ocr_line' id='line_1_32' title="bbox 653 3188 2235 3262; baseline -0.001 -18"><span class='ocrx_word' id='word_1_266' title='bbox 653 3190 930 3262; x_wconf 85' lang='lat' dir='ltr'><strong>probitatis</strong></span> <span class='ocrx_word' id='word_1_267' title='bbox 959 3203 1142 3259; x_wconf 64' lang='lat' dir='ltr'><strong>poenas</strong></span> <span class='ocrx_word' id='word_1_268' title='bbox 1168 3188 1317 3253; x_wconf 89' lang='lat' dir='ltr'><strong>dare,</strong></span> <span class='ocrx_word' id='word_1_269' title='bbox 1347 3202 1468 3242; x_wconf 93' lang='lat' dir='ltr'><strong>cum</strong></span> <span class='ocrx_word' id='word_1_270' title='bbox 1499 3188 1961 3243; x_wconf 86' lang='lat' dir='ltr'><strong>commiseratione</strong></span> <span class='ocrx_word' id='word_1_271' title='bbox 1989 3188 2162 3256; x_wconf 84' lang='lat' dir='ltr'><strong>petius</strong></span> <span class='ocrx_word' id='word_1_272' title='bbox 2182 3198 2235 3244; x_wconf 91' lang='lat' dir='ltr'><strong>et</strong></span> 
     </span>
    </p>
   </div>
   <div class='ocr_carea' id='block_1_33' title="bbox 655 3280 2237 3350">
    <p class='ocr_par' dir='ltr' id='par_1_33' title="bbox 655 3280 2237 3350">
     <span class='ocr_line' id='line_1_33' title="bbox 655 3280 2237 3350; baseline -0.002 -12"><span class='ocrx_word' id='word_1_273' title='bbox 655 3281 1019 3338; x_wconf 86' lang='lat' dir='ltr'><strong>misericordia</strong></span> <span class='ocrx_word' id='word_1_274' title='bbox 1045 3281 1189 3350; x_wconf 80' lang='lat' dir='ltr'><strong>digni</strong></span> <span class='ocrx_word' id='word_1_275' title='bbox 1211 3295 1473 3345; x_wconf 89' lang='lat' dir='ltr'><strong>essemus,</strong></span> <span class='ocrx_word' id='word_1_276' title='bbox 1502 3280 1624 3335; x_wconf 88' lang='lat' dir='ltr'><strong>odio</strong></span> <span class='ocrx_word' id='word_1_277' title='bbox 1648 3280 1923 3347; x_wconf 83' lang='lat' dir='ltr'><strong>habemur,</strong></span> <span class='ocrx_word' id='word_1_278' title='bbox 1953 3288 2006 3335; x_wconf 90' lang='lat' dir='ltr'><strong>et</strong></span> <span class='ocrx_word' id='word_1_279' title='bbox 2035 3281 2237 3349; x_wconf 84' lang='lat' dir='ltr'><strong>suppli-</strong></span> 
     </span>
    </p>
   </div>
   <div class='ocr_carea' id='block_1_34' title="bbox 654 3371 2234 3438">
    <p class='ocr_par' dir='ltr' id='par_1_34' title="bbox 654 3371 2234 3438">
     <span class='ocr_line' id='line_1_34' title="bbox 654 3371 2234 3438; baseline -0.002 -10"><span class='ocrx_word' id='word_1_280' title='bbox 654 3376 740 3428; x_wconf 90' lang='lat' dir='ltr'><strong>cio</strong></span> <span class='ocrx_word' id='word_1_281' title='bbox 764 3373 1026 3427; x_wconf 84' lang='lat' dir='ltr'><strong>allicimur</strong></span> <span class='ocrx_word' id='word_1_282' title='bbox 1047 3414 1062 3438; x_wconf 92' lang='lat'><strong>,</strong></span> <span class='ocrx_word' id='word_1_283' title='bbox 1088 3372 1176 3426; x_wconf 91' lang='lat' dir='ltr'><strong>ubi</strong></span> <span class='ocrx_word' id='word_1_284' title='bbox 1207 3372 1408 3427; x_wconf 88' lang='lat' dir='ltr'><strong>honore</strong></span> <span class='ocrx_word' id='word_1_285' title='bbox 1437 3371 1704 3427; x_wconf 72' lang='lat' dir='ltr'><strong>alliciendi</strong></span> <span class='ocrx_word' id='word_1_286' title='bbox 1738 3374 1986 3427; x_wconf 87' lang='lat' dir='ltr'><strong>eramus?</strong></span> <span class='ocrx_word' id='word_1_287' title='bbox 2017 3373 2064 3427; x_wconf 90' lang='lat' dir='ltr'><strong>ls</strong></span> <span class='ocrx_word' id='word_1_288' title='bbox 2091 3373 2234 3428; x_wconf 90' lang='lat' dir='ltr'><strong>enim</strong></span> 
     </span>
    </p>
   </div>
   <div class='ocr_carea' id='block_1_35' title="bbox 657 3463 2234 3536">
    <p class='ocr_par' dir='ltr' id='par_1_35' title="bbox 657 3463 2234 3536">
     <span class='ocr_line' id='line_1_35' title="bbox 657 3463 2234 3536; baseline -0.001 -17"><span class='ocrx_word' id='word_1_289' title='bbox 657 3467 868 3536; x_wconf 90' lang='lat' dir='ltr'><strong>quicum</strong></span> <span class='ocrx_word' id='word_1_290' title='bbox 898 3464 1092 3533; x_wconf 88' lang='lat' dir='ltr'><strong>injuste</strong></span> <span class='ocrx_word' id='word_1_291' title='bbox 1121 3472 1174 3517; x_wconf 89' lang='lat' dir='ltr'><strong>et</strong></span> <span class='ocrx_word' id='word_1_292' title='bbox 1195 3463 1450 3517; x_wconf 83' lang='lat' dir='ltr'><strong>violenter</strong></span> <span class='ocrx_word' id='word_1_293' title='bbox 1474 3463 1670 3531; x_wconf 86' lang='lat' dir='ltr'><strong>agitur,</strong></span> <span class='ocrx_word' id='word_1_294' title='bbox 1702 3478 1806 3518; x_wconf 91' lang='lat' dir='ltr'><strong>non</strong></span> <span class='ocrx_word' id='word_1_295' title='bbox 1837 3463 2116 3535; x_wconf 90' lang='lat' dir='ltr'><strong>supplicio,</strong></span> <span class='ocrx_word' id='word_1_296' title='bbox 2141 3463 2234 3517; x_wconf 89' lang='lat' dir='ltr'><strong>sed</strong></span> 
     </span>
    </p>
   </div>
   <div class='ocr_carea' id='block_1_36' title="bbox 660 3552 2238 3624">
    <p class='ocr_par' dir='ltr' id='par_1_36' title="bbox 660 3552 2238 3624">
     <span class='ocr_line' id='line_1_36' title="bbox 660 3552 2238 3624; baseline 0.001 -16"><span class='ocrx_word' id='word_1_297' title='bbox 660 3555 864 3609; x_wconf 91' lang='lat' dir='ltr'><strong>honore</strong></span> <span class='ocrx_word' id='word_1_298' title='bbox 885 3563 967 3609; x_wconf 90' lang='lat' dir='ltr'><strong>est</strong></span> <span class='ocrx_word' id='word_1_299' title='bbox 990 3552 1299 3607; x_wconf 77' lang='lat' dir='ltr'><strong>afficiendus</strong></span> <span class='ocrx_word' id='word_1_300' title='bbox 1330 3570 1344 3606; x_wconf 93' lang='lat'>:</span> <span class='ocrx_word' id='word_1_301' title='bbox 1375 3567 1473 3607; x_wconf 88' lang='lat' dir='ltr'><strong>nos</strong></span> <span class='ocrx_word' id='word_1_302' title='bbox 1501 3562 1678 3608; x_wconf 87' lang='lat' dir='ltr'><strong>autem</strong></span> <span class='ocrx_word' id='word_1_303' title='bbox 1705 3563 1758 3608; x_wconf 90' lang='lat' dir='ltr'><strong>et</strong></span> <span class='ocrx_word' id='word_1_304' title='bbox 1787 3554 1976 3624; x_wconf 88' lang='lat' dir='ltr'><strong>injuria</strong></span> <span class='ocrx_word' id='word_1_305' title='bbox 2003 3555 2158 3609; x_wconf 88' lang='lat' dir='ltr'><strong>simul</strong></span> <span class='ocrx_word' id='word_1_306' title='bbox 2185 3563 2238 3609; x_wconf 86' lang='lat' dir='ltr'><strong>et</strong></span> 
     </span>
    </p>
   </div>
   <div class='ocr_carea' id='block_1_37' title="bbox 658 3643 2238 3717">
    <p class='ocr_par' dir='ltr' id='par_1_37' title="bbox 658 3643 2238 3717">
     <span class='ocr_line' id='line_1_37' title="bbox 658 3643 2238 3717; baseline -0.001 -15"><span class='ocrx_word' id='word_1_307' title='bbox 658 3645 922 3717; x_wconf 82' lang='lat' dir='ltr'><strong>supplicio</strong></span> <span class='ocrx_word' id='word_1_308' title='bbox 962 3645 1259 3714; x_wconf 88' lang='lat' dir='ltr'><strong>plectimur.</strong></span> <span class='ocrx_word' id='word_1_309' title='bbox 1317 3644 1453 3712; x_wconf 88' lang='lat' dir='ltr'><strong>Quid</strong></span> <span class='ocrx_word' id='word_1_310' title='bbox 1499 3643 1603 3699; x_wconf 86' lang='lat' dir='ltr'><strong>hoc</strong></span> <span class='ocrx_word' id='word_1_311' title='bbox 1650 3645 2066 3700; x_wconf 68' lang='lat' dir='ltr'><strong>irt‘ationahilius</strong></span> <span class='ocrx_word' id='word_1_312' title='bbox 2119 3660 2238 3702; x_wconf 58' lang='lat' dir='ltr'><strong>esse</strong></span> 
     </span>
    </p>
   </div>
   <div class='ocr_carea' id='block_1_38' title="bbox 660 3735 2236 3808">
    <p class='ocr_par' dir='ltr' id='par_1_38' title="bbox 660 3735 2236 3808">
     <span class='ocr_line' id='line_1_38' title="bbox 660 3735 2236 3808; baseline 0.003 -21"><span class='ocrx_word' id='word_1_313' title='bbox 660 3738 829 3807; x_wconf 77' lang='lat' dir='ltr'><strong>possit</strong></span> <span class='ocrx_word' id='word_1_314' title='bbox 859 3754 871 3789; x_wconf 92' lang='lat'>:</span> <span class='ocrx_word' id='word_1_315' title='bbox 904 3736 1044 3806; x_wconf 92' lang='lat' dir='ltr'><strong>quod</strong></span> <span class='ocrx_word' id='word_1_316' title='bbox 1087 3750 1206 3790; x_wconf 91' lang='lat' dir='ltr'><strong>cum</strong></span> <span class='ocrx_word' id='word_1_317' title='bbox 1238 3735 1378 3790; x_wconf 91' lang='lat' dir='ltr'><strong>male</strong></span> <span class='ocrx_word' id='word_1_318' title='bbox 1409 3736 1669 3806; x_wconf 86' lang='lat' dir='ltr'><strong>patiamur</strong></span> <span class='ocrx_word' id='word_1_319' title='bbox 1695 3779 1709 3802; x_wconf 91' lang='lat'><strong>,</strong></span> <span class='ocrx_word' id='word_1_320' title='bbox 1745 3738 1905 3807; x_wconf 89' lang='lat' dir='ltr'><strong>inque</strong></span> <span class='ocrx_word' id='word_1_321' title='bbox 1948 3738 2236 3808; x_wconf 85' lang='lat' dir='ltr'><strong>nequitiam</strong></span> 
     </span>
    </p>
   </div>
   <div class='ocr_carea' id='block_1_39' title="bbox 664 3827 2238 3900">
    <p class='ocr_par' dir='ltr' id='par_1_39' title="bbox 664 3827 2238 3900">
     <span class='ocr_line' id='line_1_39' title="bbox 664 3827 2238 3900; baseline 0.001 -16"><span class='ocrx_word' id='word_1_322' title='bbox 664 3829 1036 3900; x_wconf 88' lang='lat' dir='ltr'><strong>impellamur.</strong></span> <span class='ocrx_word' id='word_1_323' title='bbox 1069 3828 1189 3884; x_wconf 91' lang='lat' dir='ltr'><strong>ideo</strong></span> <span class='ocrx_word' id='word_1_324' title='bbox 1220 3843 1406 3898; x_wconf 66' lang='lat' dir='ltr'><strong>petras</strong></span> <span class='ocrx_word' id='word_1_325' title='bbox 1449 3827 1668 3884; x_wconf 89' lang='lat' dir='ltr'><strong>demus?</strong></span> <span class='ocrx_word' id='word_1_326' title='bbox 1700 3830 2027 3886; x_wconf 88' lang='lat' dir='ltr'><strong>Homicidam</strong></span> <span class='ocrx_word' id='word_1_327' title='bbox 2073 3829 2238 3885; x_wconf 89' lang='lat' dir='ltr'><strong>fatum</strong></span> 
     </span>
    </p>
   </div>
   <div class='ocr_carea' id='block_1_40' title="bbox 667 3921 2240 3992">
    <p class='ocr_par' dir='ltr' id='par_1_40' title="bbox 667 3921 2240 3992">
     <span class='ocr_line' id='line_1_40' title="bbox 667 3921 2240 3992; baseline 0.003 -19"><span class='ocrx_word' id='word_1_328' title='bbox 667 3921 808 3984; x_wconf 87' lang='lat' dir='ltr'><strong>fecit,</strong></span> <span class='ocrx_word' id='word_1_329' title='bbox 859 3929 913 3975; x_wconf 88' lang='lat' dir='ltr'><strong>et</strong></span> <span class='ocrx_word' id='word_1_330' title='bbox 958 3933 1128 3976; x_wconf 90' lang='lat' dir='ltr'><strong>morte</strong></span> <span class='ocrx_word' id='word_1_331' title='bbox 1174 3921 1392 3974; x_wconf 90' lang='lat' dir='ltr'><strong>mulctat</strong></span> <span class='ocrx_word' id='word_1_332' title='bbox 1442 3936 1588 3987; x_wconf 91' lang='lat' dir='ltr'><strong>eum,</strong></span> <span class='ocrx_word' id='word_1_333' title='bbox 1641 3923 1732 3991; x_wconf 84' lang='lat' dir='ltr'><strong>qui</strong></span> <span class='ocrx_word' id='word_1_334' title='bbox 1771 3922 1870 3978; x_wconf 87' lang='lat' dir='ltr'><strong>sibi</strong></span> <span class='ocrx_word' id='word_1_335' title='bbox 1913 3924 2240 3992; x_wconf 86' lang='lat' dir='ltr'><strong>obsequutus</strong></span> 
     </span>
    </p>
   </div>
   <div class='ocr_carea' id='block_1_41' title="bbox 665 4012 2242 4086">
    <p class='ocr_par' dir='ltr' id='par_1_41' title="bbox 665 4012 2242 4086">
     <span class='ocr_line' id='line_1_41' title="bbox 665 4012 2242 4086; baseline 0.001 -18"><span class='ocrx_word' id='word_1_336' title='bbox 665 4024 786 4069; x_wconf 90' lang='lat' dir='ltr'><strong>est:</strong></span> <span class='ocrx_word' id='word_1_337' title='bbox 813 4012 940 4083; x_wconf 88' lang='lat' dir='ltr'><strong>quid</strong></span> <span class='ocrx_word' id='word_1_338' title='bbox 966 4012 1068 4068; x_wconf 90' lang='lat' dir='ltr'><strong>hoc</strong></span> <span class='ocrx_word' id='word_1_339' title='bbox 1105 4012 1452 4082; x_wconf 76' lang='lat' dir='ltr'><strong>perniciosius</strong></span> <span class='ocrx_word' id='word_1_340' title='bbox 1480 4013 1729 4082; x_wconf 81' lang='lat' dir='ltr'><strong>dogmate</strong></span> <span class='ocrx_word' id='word_1_341' title='bbox 1767 4030 2011 4086; x_wconf 89' lang='lat' dir='ltr'><strong>umquam</strong></span> <span class='ocrx_word' id='word_1_342' title='bbox 2045 4015 2242 4070; x_wconf 88' lang='lat' dir='ltr'><strong>fuerit?</strong></span> 
     </span>
    </p>
   </div>
   <div class='ocr_carea' id='block_1_42' title="bbox 664 4103 2244 4176">
    <p class='ocr_par' dir='ltr' id='par_1_42' title="bbox 664 4103 2244 4176">
     <span class='ocr_line' id='line_1_42' title="bbox 664 4103 2244 4176; baseline 0.004 -19"><span class='ocrx_word' id='word_1_343' title='bbox 664 4103 1126 4171; x_wconf 87' lang='lat' dir='ltr'><strong>Quemadmodum</strong></span> <span class='ocrx_word' id='word_1_344' title='bbox 1174 4104 1218 4158; x_wconf 88' lang='lat' dir='ltr'><strong>si</strong></span> <span class='ocrx_word' id='word_1_345' title='bbox 1257 4105 1376 4173; x_wconf 88' lang='lat' dir='ltr'><strong>quis</strong></span> <span class='ocrx_word' id='word_1_346' title='bbox 1424 4104 1476 4158; x_wconf 92' lang='lat' dir='ltr'><strong>in</strong></span> <span class='ocrx_word' id='word_1_347' title='bbox 1523 4104 1833 4160; x_wconf 87' lang='lat' dir='ltr'><strong>barathrum</strong></span> <span class='ocrx_word' id='word_1_348' title='bbox 1877 4106 2143 4176; x_wconf 85' lang='lat' dir='ltr'><strong>impulerit</strong></span> <span class='ocrx_word' id='word_1_349' title='bbox 2189 4117 2244 4164; x_wconf 92' lang='lat' dir='ltr'><strong>et</strong></span> 
     </span>
    </p>
   </div>
   <div class='ocr_carea' id='block_1_43' title="bbox 667 4195 2240 4267">
    <p class='ocr_par' dir='ltr' id='par_1_43' title="bbox 667 4195 2240 4267">
     <span class='ocr_line' id='line_1_43' title="bbox 667 4195 2240 4267; baseline 0.004 -20"><span class='ocrx_word' id='word_1_350' title='bbox 667 4195 994 4264; x_wconf 61' lang='lat' dir='ltr'><strong>praecipitem</strong></span> <span class='ocrx_word' id='word_1_351' title='bbox 1022 4204 1196 4249; x_wconf 92' lang='lat' dir='ltr'><strong>actum</strong></span> <span class='ocrx_word' id='word_1_352' title='bbox 1239 4196 1740 4264; x_wconf 87' lang='lat' dir='ltr'><strong>comprehenderit,</strong></span> <span class='ocrx_word' id='word_1_353' title='bbox 1784 4197 1940 4267; x_wconf 89' lang='lat' dir='ltr'><strong>hujus</strong></span> <span class='ocrx_word' id='word_1_354' title='bbox 1973 4201 2049 4254; x_wconf 88' lang='lat' dir='ltr'><strong>rei</strong></span> <span class='ocrx_word' id='word_1_355' title='bbox 2084 4215 2240 4254; x_wconf 90' lang='lat' dir='ltr'><strong>causa</strong></span> 
     </span>
    </p>
   </div>
   <div class='ocr_carea' id='block_1_44' title="bbox 673 4285 2242 4358">
    <p class='ocr_par' dir='ltr' id='par_1_44' title="bbox 673 4285 2242 4358">
     <span class='ocr_line' id='line_1_44' title="bbox 673 4285 2242 4358; baseline 0.006 -22"><span class='ocrx_word' id='word_1_356' title='bbox 673 4286 995 4355; x_wconf 80' lang='lat' dir='ltr'><strong>puniendum</strong></span> <span class='ocrx_word' id='word_1_357' title='bbox 1048 4303 1062 4339; x_wconf 89' lang='lat'><strong>:</strong></span> <span class='ocrx_word' id='word_1_358' title='bbox 1119 4285 1203 4340; x_wconf 85' lang='lat' dir='ltr'><strong>vel</strong></span> <span class='ocrx_word' id='word_1_359' title='bbox 1249 4285 1692 4355; x_wconf 87' lang='lat' dir='ltr'><strong>quemadmodum</strong></span> <span class='ocrx_word' id='word_1_360' title='bbox 1737 4289 1779 4342; x_wconf 88' lang='lat' dir='ltr'><strong>si</strong></span> <span class='ocrx_word' id='word_1_361' title='bbox 1835 4290 1951 4358; x_wconf 92' lang='lat' dir='ltr'><strong>quis</strong></span> <span class='ocrx_word' id='word_1_362' title='bbox 2001 4290 2242 4346; x_wconf 68' lang='lat' dir='ltr'><strong>barbarae</strong></span> 
     </span>
    </p>
   </div>
   <div class='ocr_carea' id='block_1_45' title="bbox 668 4376 2241 4446">
    <p class='ocr_par' dir='ltr' id='par_1_45' title="bbox 668 4376 2241 4446">
     <span class='ocr_line' id='line_1_45' title="bbox 668 4376 2241 4446; baseline 0.003 -16"><span class='ocrx_word' id='word_1_363' title='bbox 668 4376 895 4445; x_wconf 83' lang='lat' dir='ltr'><strong>cuipiam</strong></span> <span class='ocrx_word' id='word_1_364' title='bbox 959 4376 1190 4430; x_wconf 70' lang='lat' dir='ltr'><strong>domina:</strong></span> <span class='ocrx_word' id='word_1_365' title='bbox 1261 4376 1493 4446; x_wconf 87' lang='lat' dir='ltr'><strong>aliquem</strong></span> <span class='ocrx_word' id='word_1_366' title='bbox 1564 4378 1905 4432; x_wconf 86' lang='lat' dir='ltr'><strong>cruciandum</strong></span> <span class='ocrx_word' id='word_1_367' title='bbox 1969 4389 2021 4434; x_wconf 91' lang='lat' dir='ltr'><strong>et</strong></span> <span class='ocrx_word' id='word_1_368' title='bbox 2085 4381 2241 4435; x_wconf 90' lang='lat' dir='ltr'><strong>innu-</strong></span> 
     </span>
    </p>
   </div>
   <div class='ocr_carea' id='block_1_46' title="bbox 669 4465 2244 4540">
    <p class='ocr_par' dir='ltr' id='par_1_46' title="bbox 669 4465 2244 4540">
     <span class='ocr_line' id='line_1_46' title="bbox 669 4465 2244 4540; baseline 0.002 -19"><span class='ocrx_word' id='word_1_369' title='bbox 669 4468 832 4521; x_wconf 86' lang='lat' dir='ltr'><strong>meris</strong></span> <span class='ocrx_word' id='word_1_370' title='bbox 885 4465 1220 4520; x_wconf 87' lang='lat' dir='ltr'><strong>afliciendum</strong></span> <span class='ocrx_word' id='word_1_371' title='bbox 1283 4467 1438 4520; x_wconf 90' lang='lat' dir='ltr'><strong>malis</strong></span> <span class='ocrx_word' id='word_1_372' title='bbox 1506 4467 1820 4536; x_wconf 86' lang='lat' dir='ltr'><strong>tradiderit,</strong></span> <span class='ocrx_word' id='word_1_373' title='bbox 1887 4485 2114 4540; x_wconf 89' lang='lat' dir='ltr'><strong>eumque</strong></span> <span class='ocrx_word' id='word_1_374' title='bbox 2168 4471 2244 4524; x_wconf 91' lang='lat' dir='ltr'><strong>sic</strong></span> 
     </span>
    </p>
   </div>
   <div class='ocr_carea' id='block_1_47' title="bbox 670 4559 2246 4632">
    <p class='ocr_par' dir='ltr' id='par_1_47' title="bbox 670 4559 2246 4632">
     <span class='ocr_line' id='line_1_47' title="bbox 670 4559 2246 4632; baseline 0.003 -18"><span class='ocrx_word' id='word_1_375' title='bbox 670 4559 954 4625; x_wconf 88' lang='lat' dir='ltr'><strong>traditum,</strong></span> <span class='ocrx_word' id='word_1_376' title='bbox 979 4567 1194 4629; x_wconf 87' lang='lat' dir='ltr'><strong>prepter</strong></span> <span class='ocrx_word' id='word_1_377' title='bbox 1221 4561 1490 4614; x_wconf 88' lang='lat' dir='ltr'><strong>servitium</strong></span> <span class='ocrx_word' id='word_1_378' title='bbox 1513 4569 1566 4614; x_wconf 93' lang='lat' dir='ltr'><strong>et</strong></span> <span class='ocrx_word' id='word_1_379' title='bbox 1603 4562 1958 4628; x_wconf 79' lang='lat' dir='ltr'><strong>captivitatem</strong></span> <span class='ocrx_word' id='word_1_380' title='bbox 1987 4563 2246 4632; x_wconf 89' lang='lat' dir='ltr'><strong>supplicio</strong></span> 
     </span>
    </p>
   </div>
   <div class='ocr_carea' id='block_1_48' title="bbox 668 4650 2244 4725">
    <p class='ocr_par' dir='ltr' id='par_1_48' title="bbox 668 4650 2244 4725">
     <span class='ocr_line' id='line_1_48' title="bbox 668 4650 2244 4725; baseline 0.003 -20"><span class='ocrx_word' id='word_1_381' title='bbox 668 4650 922 4705; x_wconf 79' lang='lat' dir='ltr'><strong>alfecerit.</strong></span> <span class='ocrx_word' id='word_1_382' title='bbox 950 4653 1031 4704; x_wconf 90' lang='lat' dir='ltr'><strong>An</strong></span> <span class='ocrx_word' id='word_1_383' title='bbox 1054 4666 1183 4705; x_wconf 87' lang='lat' dir='ltr'><strong>vero</strong></span> <span class='ocrx_word' id='word_1_384' title='bbox 1209 4651 1291 4705; x_wconf 89' lang='lat' dir='ltr'><strong>vel</strong></span> <span class='ocrx_word' id='word_1_385' title='bbox 1321 4654 1600 4707; x_wconf 89' lang='lat' dir='ltr'><strong>immanius</strong></span> <span class='ocrx_word' id='word_1_386' title='bbox 1629 4653 1708 4708; x_wconf 89' lang='lat' dir='ltr'><strong>vel</strong></span> <span class='ocrx_word' id='word_1_387' title='bbox 1740 4654 2001 4718; x_wconf 87' lang='lat' dir='ltr'><strong>miserius,</strong></span> <span class='ocrx_word' id='word_1_388' title='bbox 2031 4671 2244 4725; x_wconf 70' lang='lat' dir='ltr'><strong>qureso,</strong></span> 
     </span>
    </p>
   </div>
   <div class='ocr_carea' id='block_1_49' title="bbox 670 4742 2248 4813">
    <p class='ocr_par' dir='ltr' id='par_1_49' title="bbox 670 4742 2248 4813">
     <span class='ocr_line' id='line_1_49' title="bbox 670 4742 2248 4813; baseline 0.003 -17"><span class='ocrx_word' id='word_1_389' title='bbox 670 4743 772 4798; x_wconf 91' lang='lat' dir='ltr'><strong>hoc</strong></span> <span class='ocrx_word' id='word_1_390' title='bbox 801 4757 995 4812; x_wconf 86' lang='lat' dir='ltr'><strong>genere</strong></span> <span class='ocrx_word' id='word_1_391' title='bbox 1024 4742 1306 4811; x_wconf 89' lang='lat' dir='ltr'><strong>quidquam</strong></span> <span class='ocrx_word' id='word_1_392' title='bbox 1339 4758 1456 4797; x_wconf 89' lang='lat' dir='ltr'><strong>esse</strong></span> <span class='ocrx_word' id='word_1_393' title='bbox 1480 4744 1690 4813; x_wconf 88' lang='lat' dir='ltr'><strong>possit?</strong></span> <span class='ocrx_word' id='word_1_394' title='bbox 1718 4745 1770 4799; x_wconf 89' lang='lat' dir='ltr'><strong>Si</strong></span> <span class='ocrx_word' id='word_1_395' title='bbox 1796 4744 1907 4800; x_wconf 64' lang='lat' dir='ltr'><strong>haec</strong></span> <span class='ocrx_word' id='word_1_396' title='bbox 1946 4747 2015 4800; x_wconf 91' lang='lat' dir='ltr'><strong>ita</strong></span> <span class='ocrx_word' id='word_1_397' title='bbox 2052 4760 2111 4801; x_wconf 88' lang='lat' dir='ltr'><strong>se</strong></span> <span class='ocrx_word' id='word_1_398' title='bbox 2148 4746 2248 4800; x_wconf 79' lang='lat' dir='ltr'><strong>ha-</strong></span> 
     </span>
    </p>
   </div>
   <div class='ocr_carea' id='block_1_50' title="bbox 669 4833 2247 4903">
    <p class='ocr_par' dir='ltr' id='par_1_50' title="bbox 669 4833 2247 4903">
     <span class='ocr_line' id='line_1_50' title="bbox 669 4833 2247 4903; baseline 0.004 -17"><span class='ocrx_word' id='word_1_399' title='bbox 669 4833 797 4886; x_wconf 87' lang='lat' dir='ltr'><strong>bent</strong></span> <span class='ocrx_word' id='word_1_400' title='bbox 816 4873 832 4898; x_wconf 93' lang='lat'><strong>,</strong></span> <span class='ocrx_word' id='word_1_401' title='bbox 863 4842 917 4887; x_wconf 92' lang='lat' dir='ltr'><strong>et</strong></span> <span class='ocrx_word' id='word_1_402' title='bbox 941 4834 984 4887; x_wconf 91' lang='lat' dir='ltr'><strong>si</strong></span> <span class='ocrx_word' id='word_1_403' title='bbox 1014 4833 1210 4887; x_wconf 88' lang='lat' dir='ltr'><strong>inimici</strong></span> <span class='ocrx_word' id='word_1_404' title='bbox 1237 4842 1396 4903; x_wconf 89' lang='lat' dir='ltr'><strong>atque</strong></span> <span class='ocrx_word' id='word_1_405' title='bbox 1435 4833 1614 4888; x_wconf 88' lang='lat' dir='ltr'><strong>hostes</strong></span> <span class='ocrx_word' id='word_1_406' title='bbox 1640 4835 1750 4890; x_wconf 89' lang='lat' dir='ltr'><strong>suis</strong></span> <span class='ocrx_word' id='word_1_407' title='bbox 1778 4835 2014 4892; x_wconf 85' lang='lat' dir='ltr'><strong>hostibus</strong></span> <span class='ocrx_word' id='word_1_408' title='bbox 2038 4840 2247 4892; x_wconf 90' lang='lat' dir='ltr'><strong>veniam</strong></span> 
     </span>
    </p>
   </div>
   <div class='ocr_carea' id='block_1_51' title="bbox 669 4923 2248 4997">
    <p class='ocr_par' dir='ltr' id='par_1_51' title="bbox 669 4923 2248 4997">
     <span class='ocr_line' id='line_1_51' title="bbox 669 4923 2248 4997; baseline 0.005 -21"><span class='ocrx_word' id='word_1_409' title='bbox 669 4924 796 4978; x_wconf 82' lang='lat' dir='ltr'><strong>dare</strong></span> <span class='ocrx_word' id='word_1_410' title='bbox 826 4933 1055 4988; x_wconf 90' lang='lat' dir='ltr'><strong>norunt,</strong></span> <span class='ocrx_word' id='word_1_411' title='bbox 1087 4923 1298 4993; x_wconf 89' lang='lat' dir='ltr'><strong>quando</strong></span> <span class='ocrx_word' id='word_1_412' title='bbox 1338 4924 1489 4978; x_wconf 84' lang='lat' dir='ltr'><strong>inviti</strong></span> <span class='ocrx_word' id='word_1_413' title='bbox 1528 4935 1580 4979; x_wconf 90' lang='lat' dir='ltr'><strong>et</strong></span> <span class='ocrx_word' id='word_1_414' title='bbox 1606 4926 1850 4982; x_wconf 89' lang='lat' dir='ltr'><strong>nolentes</strong></span> <span class='ocrx_word' id='word_1_415' title='bbox 1875 4927 1959 4982; x_wconf 90' lang='lat' dir='ltr'><strong>vel</strong></span> <span class='ocrx_word' id='word_1_416' title='bbox 1995 4928 2248 4997; x_wconf 87' lang='lat' dir='ltr'><strong>gravissi-</strong></span> 
     </span>
    </p>
   </div>
   <div class='ocr_carea' id='block_1_52' title="bbox 669 5014 2250 5087">
    <p class='ocr_par' dir='ltr' id='par_1_52' title="bbox 669 5014 2250 5087">
     <span class='ocr_line' id='line_1_52' title="bbox 669 5014 2250 5087; baseline 0.005 -17"><span class='ocrx_word' id='word_1_417' title='bbox 669 5030 813 5070; x_wconf 89' lang='lat' dir='ltr'><strong>mum</strong></span> <span class='ocrx_word' id='word_1_418' title='bbox 861 5014 1146 5084; x_wconf 88' lang='lat' dir='ltr'><strong>quidquam</strong></span> <span class='ocrx_word' id='word_1_419' title='bbox 1183 5015 1438 5071; x_wconf 84' lang='lat' dir='ltr'><strong>adversus</strong></span> <span class='ocrx_word' id='word_1_420' title='bbox 1465 5016 1584 5073; x_wconf 90' lang='lat' dir='ltr'><strong>illos</strong></span> <span class='ocrx_word' id='word_1_421' title='bbox 1612 5019 1901 5087; x_wconf 89' lang='lat' dir='ltr'><strong>patrarint;</strong></span> <span class='ocrx_word' id='word_1_422' title='bbox 1931 5019 2095 5075; x_wconf 89' lang='lat' dir='ltr'><strong>fatum</strong></span> <span class='ocrx_word' id='word_1_423' title='bbox 2124 5039 2250 5078; x_wconf 92' lang='lat' dir='ltr'><strong>vero</strong></span> 
     </span>
    </p>
   </div>
   <div class='ocr_carea' id='block_1_53' title="bbox 663 5106 2249 5179">
    <p class='ocr_par' dir='ltr' id='par_1_53' title="bbox 663 5106 2249 5179">
     <span class='ocr_line' id='line_1_53' title="bbox 663 5106 2249 5179; baseline 0.003 -16"><span class='ocrx_word' id='word_1_424' title='bbox 663 5106 896 5163; x_wconf 56' lang='lat' dir='ltr'><strong>subditis</strong></span> <span class='ocrx_word' id='word_1_425' title='bbox 935 5108 1044 5162; x_wconf 87' lang='lat' dir='ltr'><strong>suis</strong></span> <span class='ocrx_word' id='word_1_426' title='bbox 1086 5107 1290 5178; x_wconf 89' lang='lat' dir='ltr'><strong>sibique</strong></span> <span class='ocrx_word' id='word_1_427' title='bbox 1328 5122 1545 5178; x_wconf 89' lang='lat' dir='ltr'><strong>prorsus</strong></span> <span class='ocrx_word' id='word_1_428' title='bbox 1571 5108 2017 5179; x_wconf 90' lang='lat' dir='ltr'><strong>ohsequentibus,</strong></span> <span class='ocrx_word' id='word_1_429' title='bbox 2049 5115 2154 5168; x_wconf 92' lang='lat' dir='ltr'><strong>imo</strong></span> <span class='ocrx_word' id='word_1_430' title='bbox 2196 5115 2249 5169; x_wconf 91' lang='lat' dir='ltr'><strong>in</strong></span> 
     </span>
    </p>
   </div>
   <div class='ocr_carea' id='block_1_54' title="bbox 673 5198 2251 5275">
    <p class='ocr_par' dir='ltr' id='par_1_54' title="bbox 673 5198 2251 5275">
     <span class='ocr_line' id='line_1_54' title="bbox 673 5198 2251 5275; baseline 0.006 -23"><span class='ocrx_word' id='word_1_431' title='bbox 673 5199 1046 5254; x_wconf 89' lang='lat' dir='ltr'><strong>necessitatem</strong></span> <span class='ocrx_word' id='word_1_432' title='bbox 1073 5198 1341 5266; x_wconf 88' lang='lat' dir='ltr'><strong>adductis,</strong></span> <span class='ocrx_word' id='word_1_433' title='bbox 1365 5201 1573 5255; x_wconf 85' lang='lat' dir='ltr'><strong>veniam</strong></span> <span class='ocrx_word' id='word_1_434' title='bbox 1593 5216 1698 5256; x_wconf 90' lang='lat' dir='ltr'><strong>non</strong></span> <span class='ocrx_word' id='word_1_435' title='bbox 1727 5205 1996 5270; x_wconf 85' lang='lat' dir='ltr'><strong>concedit,</strong></span> <span class='ocrx_word' id='word_1_436' title='bbox 2026 5205 2133 5260; x_wconf 90' lang='lat' dir='ltr'><strong>imo</strong></span> <span class='ocrx_word' id='word_1_437' title='bbox 2154 5221 2251 5275; x_wconf 82' lang='lat' dir='ltr'><strong>pro</strong></span> 
     </span>
    </p>
   </div>
   <div class='ocr_carea' id='block_1_55' title="bbox 669 5290 2251 5366">
    <p class='ocr_par' dir='ltr' id='par_1_55' title="bbox 669 5290 2251 5366">
     <span class='ocr_line' id='line_1_55' title="bbox 669 5290 2251 5366; baseline 0.003 -20"><span class='ocrx_word' id='word_1_438' title='bbox 669 5292 769 5355; x_wconf 91' lang='lat' dir='ltr'><strong>iis,</strong></span> <span class='ocrx_word' id='word_1_439' title='bbox 812 5307 930 5360; x_wconf 67' lang='lat' dir='ltr'><strong>qua:</strong></span> <span class='ocrx_word' id='word_1_440' title='bbox 973 5292 1117 5360; x_wconf 91' lang='lat' dir='ltr'><strong>ipsos</strong></span> <span class='ocrx_word' id='word_1_441' title='bbox 1168 5290 1339 5348; x_wconf 82' lang='lat' dir='ltr'><strong>facere</strong></span> <span class='ocrx_word' id='word_1_442' title='bbox 1367 5294 1567 5363; x_wconf 84' lang='lat' dir='ltr'><strong>coegit,</strong></span> <span class='ocrx_word' id='word_1_443' title='bbox 1604 5309 1790 5363; x_wconf 68' lang='lat' dir='ltr'><strong>poenas</strong></span> <span class='ocrx_word' id='word_1_444' title='bbox 1819 5298 2007 5366; x_wconf 86' lang='lat' dir='ltr'><strong>repetit</strong></span> <span class='ocrx_word' id='word_1_445' title='bbox 2037 5315 2050 5350; x_wconf 87' lang='lat'><strong>:</strong></span> <span class='ocrx_word' id='word_1_446' title='bbox 2081 5299 2251 5366; x_wconf 88' lang='lat' dir='ltr'><strong>qualis</strong></span> 
     </span>
    </p>
   </div>
   <div class='ocr_carea' id='block_1_56' title="bbox 667 5381 2250 5457">
    <p class='ocr_par' dir='ltr' id='par_1_56' title="bbox 667 5381 2250 5457">
     <span class='ocr_line' id='line_1_56' title="bbox 667 5381 2250 5457; baseline 0.006 -22"><span class='ocrx_word' id='word_1_447' title='bbox 667 5381 951 5446; x_wconf 86' lang='lat' dir='ltr'><strong>colluvies,</strong></span> <span class='ocrx_word' id='word_1_448' title='bbox 999 5382 1172 5451; x_wconf 85' lang='lat' dir='ltr'><strong>qualis</strong></span> <span class='ocrx_word' id='word_1_449' title='bbox 1219 5383 1551 5453; x_wconf 86' lang='lat' dir='ltr'><strong>labyrinthus</strong></span> <span class='ocrx_word' id='word_1_450' title='bbox 1571 5426 1586 5450; x_wconf 92' lang='lat'><strong>,</strong></span> <span class='ocrx_word' id='word_1_451' title='bbox 1617 5385 1788 5454; x_wconf 90' lang='lat' dir='ltr'><strong>qualis</strong></span> <span class='ocrx_word' id='word_1_452' title='bbox 1817 5395 2137 5457; x_wconf 85' lang='lat' dir='ltr'><strong>tempestas,</strong></span> <span class='ocrx_word' id='word_1_453' title='bbox 2164 5389 2250 5444; x_wconf 91' lang='lat' dir='ltr'><strong>dic</strong></span> 
     </span>
    </p>
   </div>
   <div class='ocr_carea' id='block_1_57' title="bbox 668 5473 2252 5539">
    <p class='ocr_par' dir='ltr' id='par_1_57' title="bbox 668 5473 2252 5539">
     <span class='ocr_line' id='line_1_57' title="bbox 668 5473 2252 5539; baseline 0.008 -14"><span class='ocrx_word' id='word_1_454' title='bbox 668 5473 796 5526; x_wconf 90' lang='lat' dir='ltr'><strong>mihi</strong></span> <span class='ocrx_word' id='word_1_455' title='bbox 817 5515 830 5537; x_wconf 94' lang='lat'><strong>,</strong></span> <span class='ocrx_word' id='word_1_456' title='bbox 865 5483 1060 5527; x_wconf 90' lang='lat' dir='ltr'><strong>tantam</strong></span> <span class='ocrx_word' id='word_1_457' title='bbox 1090 5474 1324 5529; x_wconf 90' lang='lat' dir='ltr'><strong>imitetur</strong></span> <span class='ocrx_word' id='word_1_458' title='bbox 1348 5476 1764 5533; x_wconf 78' lang='lat' dir='ltr'><strong>confusionem?</strong></span> <span class='ocrx_word' id='word_1_459' title='bbox 1790 5479 1902 5534; x_wconf 82' lang='grc' dir='ltr'><strong>Νοη</strong></span> <span class='ocrx_word' id='word_1_460' title='bbox 1943 5482 2071 5536; x_wconf 86' lang='lat' dir='ltr'><strong>satis</strong></span> <span class='ocrx_word' id='word_1_461' title='bbox 2119 5483 2252 5539; x_wconf 88' lang='lat' dir='ltr'><strong>mihi</strong></span> 
     </span>
    </p>
   </div>
   <div class='ocr_carea' id='block_1_58' title="bbox 667 5562 2248 5643">
    <p class='ocr_par' dir='ltr' id='par_1_58' title="bbox 667 5562 2248 5643">
     <span class='ocr_line' id='line_1_58' title="bbox 667 5562 2248 5643; baseline 0.006 -25"><span class='ocrx_word' id='word_1_462' title='bbox 667 5562 764 5618; x_wconf 87' lang='lat' dir='ltr'><strong>fuit</strong></span> <span class='ocrx_word' id='word_1_463' title='bbox 811 5581 944 5619; x_wconf 90' lang='lat' dir='ltr'><strong>unus</strong></span> <span class='ocrx_word' id='word_1_464' title='bbox 991 5567 1281 5636; x_wconf 83' lang='lat' dir='ltr'><strong>iniquitatis</strong></span> <span class='ocrx_word' id='word_1_465' title='bbox 1309 5568 1536 5635; x_wconf 90' lang='lat' dir='ltr'><strong>modus,</strong></span> <span class='ocrx_word' id='word_1_466' title='bbox 1567 5569 1707 5640; x_wconf 91' lang='lat' dir='ltr'><strong>quod</strong></span> <span class='ocrx_word' id='word_1_467' title='bbox 1745 5585 1866 5625; x_wconf 88' lang='lat' dir='ltr'><strong>cum</strong></span> <span class='ocrx_word' id='word_1_468' title='bbox 1897 5571 2027 5627; x_wconf 87' lang='lat' dir='ltr'><strong>nihil</strong></span> <span class='ocrx_word' id='word_1_469' title='bbox 2058 5588 2248 5643; x_wconf 88' lang='lat' dir='ltr'><strong>pecca-</strong></span> 
     </span>
    </p>
   </div>
   <div class='ocr_carea' id='block_1_59' title="bbox 668 5659 2247 5739">
    <p class='ocr_par' dir='ltr' id='par_1_59' title="bbox 668 5659 2247 5739">
     <span class='ocr_line' id='line_1_59' title="bbox 668 5659 2247 5739; baseline 0.009 -29"><span class='ocrx_word' id='word_1_470' title='bbox 668 5659 866 5721; x_wconf 76' lang='lat' dir='ltr'><strong>verim,</strong></span> <span class='ocrx_word' id='word_1_471' title='bbox 915 5659 966 5713; x_wconf 91' lang='lat' dir='ltr'><strong>in</strong></span> <span class='ocrx_word' id='word_1_472' title='bbox 1012 5661 1296 5730; x_wconf 76' lang='lat' dir='ltr'><strong>nequitiam</strong></span> <span class='ocrx_word' id='word_1_473' title='bbox 1349 5663 1634 5732; x_wconf 86' lang='lat' dir='ltr'><strong>cunjiciar,</strong></span> <span class='ocrx_word' id='word_1_474' title='bbox 1667 5673 1723 5720; x_wconf 91' lang='lat' dir='ltr'><strong>et</strong></span> <span class='ocrx_word' id='word_1_475' title='bbox 1761 5666 1902 5734; x_wconf 89' lang='lat' dir='ltr'><strong>quod</strong></span> <span class='ocrx_word' id='word_1_476' title='bbox 1955 5666 2126 5733; x_wconf 90' lang='lat' dir='ltr'><strong>alius,</strong></span> <span class='ocrx_word' id='word_1_477' title='bbox 2158 5670 2247 5739; x_wconf 92' lang='lat' dir='ltr'><strong>qui</strong></span> 
     </span>
    </p>
   </div>
   <div class='ocr_carea' id='block_1_60' title="bbox 666 5749 2240 5833">
    <p class='ocr_par' dir='ltr' id='par_1_60' title="bbox 666 5749 2240 5833">
     <span class='ocr_line' id='line_1_60' title="bbox 666 5749 2240 5833; baseline 0.01 -31"><span class='ocrx_word' id='word_1_478' title='bbox 666 5750 794 5804; x_wconf 80' lang='lat' dir='ltr'><strong>nihil</strong></span> <span class='ocrx_word' id='word_1_479' title='bbox 826 5751 945 5806; x_wconf 90' lang='lat' dir='ltr'><strong>boni</strong></span> <span class='ocrx_word' id='word_1_480' title='bbox 976 5749 1126 5815; x_wconf 87' lang='lat' dir='ltr'><strong>fecit,</strong></span> <span class='ocrx_word' id='word_1_481' title='bbox 1160 5754 1330 5810; x_wconf 87' lang='lat' dir='ltr'><strong>bonus</strong></span> <span class='ocrx_word' id='word_1_482' title='bbox 1372 5755 1628 5812; x_wconf 79' lang='lat' dir='ltr'><strong>efficiatur</strong></span> <span class='ocrx_word' id='word_1_483' title='bbox 1668 5765 1723 5814; x_wconf 88' lang='lat' dir='ltr'><strong>et</strong></span> <span class='ocrx_word' id='word_1_484' title='bbox 1764 5757 1968 5816; x_wconf 87' lang='lat' dir='ltr'><strong>honore</strong></span> <span class='ocrx_word' id='word_1_485' title='bbox 2009 5759 2240 5833; x_wconf 86' lang='lat' dir='ltr'><strong>fruatur;</strong></span> 
     </span>
    </p>
   </div>
   <div class='ocr_carea' id='block_1_61' title="bbox 1274 323 3092 392">
    <p class='ocr_par' dir='ltr' id='par_1_61' title="bbox 1274 323 3092 392">
     <span class='ocr_line' id='line_1_61' title="bbox 1274 323 3092 392; baseline -0.003 0"><span class='ocrx_word' id='word_1_486' title='bbox 1274 334 1333 392; x_wconf 89' lang='lat' dir='ltr'><strong>S.</strong></span> <span class='ocrx_word' id='word_1_487' title='bbox 1370 331 1648 392; x_wconf 79' lang='lat' dir='ltr'><strong>JOANNIS</strong></span> <span class='ocrx_word' id='word_1_488' title='bbox 1683 325 2157 388; x_wconf 73' lang='lat' dir='ltr'><strong>CHRYSOSTOMI</strong></span> <span class='ocrx_word' id='word_1_489' title='bbox 2202 323 2522 384; x_wconf 67' lang='lat' dir='ltr'><strong>ARCHIEP.</strong></span> <span class='ocrx_word' id='word_1_490' title='bbox 2560 326 3092 387; x_wconf 74' lang='lat' dir='ltr'><strong>CONSTANTINOP.</strong></span> 
     </span>
    </p>
   </div>
   <div class='ocr_carea' id='block_1_62' title="bbox 3801 335 3906 391">
    <p class='ocr_par' dir='ltr' id='par_1_62' title="bbox 3801 335 3906 391">
     <span class='ocr_line' id='line_1_62' title="bbox 3801 335 3906 391; baseline 0.019 -2"><span class='ocrx_word' id='word_1_491' title='bbox 3801 335 3906 391; x_wconf 76' lang='lat'><strong>768</strong></span> 
     </span>
    </p>
   </div>
   <div class='ocr_carea' id='block_1_63' title="bbox 2311 441 3909 516">
    <p class='ocr_par' dir='ltr' id='par_1_63' title="bbox 2311 441 3909 516">
     <span class='ocr_line' id='line_1_63' title="bbox 2311 441 3909 516; baseline 0.008 -24"><span class='ocrx_word' id='word_1_492' title='bbox 2311 454 2416 493; x_wconf 87' lang='lat' dir='ltr'><strong>non</strong></span> <span class='ocrx_word' id='word_1_493' title='bbox 2447 441 2576 495; x_wconf 88' lang='lat' dir='ltr'><strong>satis</strong></span> <span class='ocrx_word' id='word_1_494' title='bbox 2605 452 2687 498; x_wconf 85' lang='lat' dir='ltr'><strong>est</strong></span> <span class='ocrx_word' id='word_1_495' title='bbox 2716 441 2833 499; x_wconf 56' lang='lat' dir='ltr'><strong>haec</strong></span> <span class='ocrx_word' id='word_1_496' title='bbox 2855 460 2956 500; x_wconf 87' lang='lat' dir='ltr'><strong>una</strong></span> <span class='ocrx_word' id='word_1_497' title='bbox 2985 444 3269 515; x_wconf 88' lang='lat' dir='ltr'><strong>injustitia,</strong></span> <span class='ocrx_word' id='word_1_498' title='bbox 3290 446 3433 516; x_wconf 89' lang='lat' dir='ltr'><strong>quod</strong></span> <span class='ocrx_word' id='word_1_499' title='bbox 3467 456 3668 505; x_wconf 87' lang='lat' dir='ltr'><strong>temere</strong></span> <span class='ocrx_word' id='word_1_500' title='bbox 3701 457 3758 504; x_wconf 88' lang='lat' dir='ltr'><strong>et</strong></span> <span class='ocrx_word' id='word_1_501' title='bbox 3784 449 3909 505; x_wconf 85' lang='lat' dir='ltr'><strong>sine</strong></span> 
     </span>
    </p>
   </div>
   <div class='ocr_carea' id='block_1_64' title="bbox 2307 533 3906 606">
    <p class='ocr_par' dir='ltr' id='par_1_64' title="bbox 2307 533 3906 606">
     <span class='ocr_line' id='line_1_64' title="bbox 2307 533 3906 606; baseline 0.009 -24"><span class='ocrx_word' id='word_1_502' title='bbox 2307 543 2466 585; x_wconf 78' lang='lat' dir='ltr'><strong>causa</strong></span> <span class='ocrx_word' id='word_1_503' title='bbox 2513 547 2598 588; x_wconf 80' lang='lat' dir='ltr'><strong>me</strong></span> <span class='ocrx_word' id='word_1_504' title='bbox 2649 533 2878 602; x_wconf 89' lang='lat' dir='ltr'><strong>malum,</strong></span> <span class='ocrx_word' id='word_1_505' title='bbox 2917 536 3170 606; x_wconf 89' lang='lat' dir='ltr'><strong>illumque</strong></span> <span class='ocrx_word' id='word_1_506' title='bbox 3217 537 3413 592; x_wconf 82' lang='lat' dir='ltr'><strong>bonum</strong></span> <span class='ocrx_word' id='word_1_507' title='bbox 3461 539 3654 598; x_wconf 86' lang='lat' dir='ltr'><strong>fecerit</strong></span> <span class='ocrx_word' id='word_1_508' title='bbox 3696 543 3906 597; x_wconf 90' lang='lat' dir='ltr'><strong>:aliam</strong></span> 
     </span>
    </p>
   </div>
   <div class='ocr_carea' id='block_1_65' title="bbox 2307 623 3911 698">
    <p class='ocr_par' dir='ltr' id='par_1_65' title="bbox 2307 623 3911 698">
     <span class='ocr_line' id='line_1_65' title="bbox 2307 623 3911 698; baseline 0.008 -26"><span class='ocrx_word' id='word_1_509' title='bbox 2307 636 2521 691; x_wconf 81' lang='lat' dir='ltr'><strong>qtmque</strong></span> <span class='ocrx_word' id='word_1_510' title='bbox 2542 623 2758 692; x_wconf 91' lang='lat' dir='ltr'><strong>adjicit,</strong></span> <span class='ocrx_word' id='word_1_511' title='bbox 2789 639 2961 695; x_wconf 89' lang='lat' dir='ltr'><strong>neque</strong></span> <span class='ocrx_word' id='word_1_512' title='bbox 2980 627 3179 694; x_wconf 86' lang='lat' dir='ltr'><strong>justam</strong></span> <span class='ocrx_word' id='word_1_513' title='bbox 3210 629 3482 683; x_wconf 86' lang='lat' dir='ltr'><strong>hominum</strong></span> <span class='ocrx_word' id='word_1_514' title='bbox 3510 630 3783 698; x_wconf 88' lang='lat' dir='ltr'><strong>judicandi</strong></span> <span class='ocrx_word' id='word_1_515' title='bbox 3817 648 3911 685; x_wconf 87' lang='lat' dir='ltr'><strong>ra-</strong></span> 
     </span>
    </p>
   </div>
   <div class='ocr_carea' id='block_1_66' title="bbox 2312 712 3911 794">
    <p class='ocr_par' dir='ltr' id='par_1_66' title="bbox 2312 712 3911 794">
     <span class='ocr_line' id='line_1_66' title="bbox 2312 712 3911 794; baseline 0.009 -30"><span class='ocrx_word' id='word_1_516' title='bbox 2312 712 2511 768; x_wconf 86' lang='lat' dir='ltr'><strong>tionem</strong></span> <span class='ocrx_word' id='word_1_517' title='bbox 2549 715 2802 771; x_wconf 85' lang='lat' dir='ltr'><strong>imitatur.</strong></span> <span class='ocrx_word' id='word_1_518' title='bbox 2849 720 2920 772; x_wconf 82' lang='lat' dir='ltr'><strong>At</strong></span> <span class='ocrx_word' id='word_1_519' title='bbox 2949 717 3192 775; x_wconf 88' lang='lat' dir='ltr'><strong>homines</strong></span> <span class='ocrx_word' id='word_1_520' title='bbox 3233 723 3303 775; x_wconf 88' lang='lat' dir='ltr'><strong>ita</strong></span> <span class='ocrx_word' id='word_1_521' title='bbox 3335 723 3552 777; x_wconf 89' lang='lat' dir='ltr'><strong>humani</strong></span> <span class='ocrx_word' id='word_1_522' title='bbox 3580 722 3911 794; x_wconf 84' lang='lat' dir='ltr'><strong>benignlque</strong></span> 
     </span>
    </p>
   </div>
   <div class='ocr_carea' id='block_1_67' title="bbox 2312 806 3910 884">
    <p class='ocr_par' dir='ltr' id='par_1_67' title="bbox 2312 806 3910 884">
     <span class='ocr_line' id='line_1_67' title="bbox 2312 806 3910 884; baseline 0.008 -27"><span class='ocrx_word' id='word_1_523' title='bbox 2312 814 2472 870; x_wconf 90' lang='lat' dir='ltr'><strong>sunt,</strong></span> <span class='ocrx_word' id='word_1_524' title='bbox 2503 814 2560 860; x_wconf 92' lang='lat' dir='ltr'><strong>ut</strong></span> <span class='ocrx_word' id='word_1_525' title='bbox 2586 806 2940 863; x_wconf 86' lang='lat' dir='ltr'><strong>involuntaria</strong></span> <span class='ocrx_word' id='word_1_526' title='bbox 2980 824 3012 862; x_wconf 94' lang='lat' dir='ltr'><strong>a</strong></span> <span class='ocrx_word' id='word_1_527' title='bbox 3042 811 3354 866; x_wconf 87' lang='lat' dir='ltr'><strong>voluntariis</strong></span> <span class='ocrx_word' id='word_1_528' title='bbox 3377 813 3706 884; x_wconf 81' lang='lat' dir='ltr'><strong>distinguant</strong></span> <span class='ocrx_word' id='word_1_529' title='bbox 3735 831 3752 870; x_wconf 90' lang='lat'><strong>:</strong></span> <span class='ocrx_word' id='word_1_530' title='bbox 3789 815 3910 870; x_wconf 69' lang='lat' dir='ltr'><strong>[nec</strong></span> 
     </span>
    </p>
   </div>
   <div class='ocr_carea' id='block_1_68' title="bbox 2312 899 3909 977">
    <p class='ocr_par' dir='ltr' id='par_1_68' title="bbox 2312 899 3909 977">
     <span class='ocr_line' id='line_1_68' title="bbox 2312 899 3909 977; baseline 0.004 -25"><span class='ocrx_word' id='word_1_531' title='bbox 2312 913 2441 952; x_wconf 87' lang='lat' dir='ltr'><strong>vero</strong></span> <span class='ocrx_word' id='word_1_532' title='bbox 2462 914 2639 954; x_wconf 86' lang='lat' dir='ltr'><strong>rerum</strong></span> <span class='ocrx_word' id='word_1_533' title='bbox 2658 899 3009 957; x_wconf 85' lang='lat' dir='ltr'><strong>humanarum</strong></span> <span class='ocrx_word' id='word_1_534' title='bbox 3038 903 3381 973; x_wconf 78' lang='lat' dir='ltr'><strong>gubernatrix</strong></span> <span class='ocrx_word' id='word_1_535' title='bbox 3412 905 3640 976; x_wconf 81' lang='lat' dir='ltr'><strong>Erinnys</strong></span> <span class='ocrx_word' id='word_1_536' title='bbox 3657 906 3909 977; x_wconf 60' lang='lat' dir='ltr'><strong>quaedam</strong></span> 
     </span>
    </p>
   </div>
   <div class='ocr_carea' id='block_1_69' title="bbox 2315 989 3913 1066">
    <p class='ocr_par' dir='ltr' id='par_1_69' title="bbox 2315 989 3913 1066">
     <span class='ocr_line' id='line_1_69' title="bbox 2315 989 3913 1066; baseline 0.006 -24"><span class='ocrx_word' id='word_1_537' title='bbox 2315 989 2590 1059; x_wconf 85' lang='lat' dir='ltr'><strong>malusque</strong></span> <span class='ocrx_word' id='word_1_538' title='bbox 2619 990 2855 1057; x_wconf 61' lang='lat' dir='ltr'><strong>daemon,</strong></span> <span class='ocrx_word' id='word_1_539' title='bbox 2885 993 2963 1048; x_wconf 89' lang='lat' dir='ltr'><strong>sic</strong></span> <span class='ocrx_word' id='word_1_540' title='bbox 2990 995 3169 1049; x_wconf 90' lang='lat' dir='ltr'><strong>omnia</strong></span> <span class='ocrx_word' id='word_1_541' title='bbox 3189 993 3486 1049; x_wconf 90' lang='lat' dir='ltr'><strong>confundit.</strong></span> <span class='ocrx_word' id='word_1_542' title='bbox 3519 995 3575 1049; x_wconf 88' lang='lat' dir='ltr'><strong>Si</strong></span> <span class='ocrx_word' id='word_1_543' title='bbox 3600 1011 3731 1066; x_wconf 88' lang='lat' dir='ltr'><strong>ergo</strong></span> <span class='ocrx_word' id='word_1_544' title='bbox 3763 996 3913 1051; x_wconf 86' lang='lat' dir='ltr'><strong>Deus</strong></span> 
     </span>
    </p>
   </div>
   <div class='ocr_carea' id='block_1_70' title="bbox 2316 1083 3914 1155">
    <p class='ocr_par' dir='ltr' id='par_1_70' title="bbox 2316 1083 3914 1155">
     <span class='ocr_line' id='line_1_70' title="bbox 2316 1083 3914 1155; baseline 0.007 -21"><span class='ocrx_word' id='word_1_545' title='bbox 2316 1095 2422 1134; x_wconf 91' lang='lat' dir='ltr'><strong>non</strong></span> <span class='ocrx_word' id='word_1_546' title='bbox 2452 1088 2566 1146; x_wconf 89' lang='lat' dir='ltr'><strong>est,</strong></span> <span class='ocrx_word' id='word_1_547' title='bbox 2596 1083 2686 1152; x_wconf 91' lang='lat' dir='ltr'><strong>qui</strong></span> <span class='ocrx_word' id='word_1_548' title='bbox 2725 1083 2809 1138; x_wconf 87' lang='lat' dir='ltr'><strong>his</strong></span> <span class='ocrx_word' id='word_1_549' title='bbox 2857 1085 3176 1154; x_wconf 90' lang='lat' dir='ltr'><strong>prospiciat,</strong></span> <span class='ocrx_word' id='word_1_550' title='bbox 3204 1087 3450 1155; x_wconf 88' lang='lat' dir='ltr'><strong>utrinque</strong></span> <span class='ocrx_word' id='word_1_551' title='bbox 3483 1088 3598 1141; x_wconf 62' lang='lat' dir='ltr'><strong>hate</strong></span> <span class='ocrx_word' id='word_1_552' title='bbox 3640 1090 3914 1145; x_wconf 83' lang='lat' dir='ltr'><strong>sententia</strong></span> 
     </span>
    </p>
   </div>
   <div class='ocr_carea' id='block_1_71' title="bbox 2315 1168 3911 1246">
    <p class='ocr_par' dir='ltr' id='par_1_71' title="bbox 2315 1168 3911 1246">
     <span class='ocr_line' id='line_1_71' title="bbox 2315 1168 3911 1246; baseline 0.006 -22"><span class='ocrx_word' id='word_1_553' title='bbox 2315 1168 2574 1224; x_wconf 86' lang='lat' dir='ltr'><strong>confutari</strong></span> <span class='ocrx_word' id='word_1_554' title='bbox 2600 1181 2791 1239; x_wconf 90' lang='lat' dir='ltr'><strong>potest.</strong></span> <span class='ocrx_word' id='word_1_555' title='bbox 2818 1171 2954 1228; x_wconf 82' lang='lat' dir='ltr'><strong>Fieri</strong></span> <span class='ocrx_word' id='word_1_556' title='bbox 2973 1175 3116 1228; x_wconf 90' lang='lat' dir='ltr'><strong>enim</strong></span> <span class='ocrx_word' id='word_1_557' title='bbox 3145 1178 3329 1246; x_wconf 85' lang='lat' dir='ltr'><strong>nequit</strong></span> <span class='ocrx_word' id='word_1_558' title='bbox 3353 1175 3408 1230; x_wconf 91' lang='lat' dir='ltr'><strong>in</strong></span> <span class='ocrx_word' id='word_1_559' title='bbox 3435 1186 3540 1230; x_wconf 87' lang='lat' dir='ltr'><strong>tam</strong></span> <span class='ocrx_word' id='word_1_560' title='bbox 3569 1176 3791 1246; x_wconf 89' lang='lat' dir='ltr'><strong>pulchro</strong></span> <span class='ocrx_word' id='word_1_561' title='bbox 3816 1193 3911 1234; x_wconf 87' lang='lat' dir='ltr'><strong>re-</strong></span> 
     </span>
    </p>
   </div>
   <div class='ocr_carea' id='block_1_72' title="bbox 2316 1262 3914 1334">
    <p class='ocr_par' dir='ltr' id='par_1_72' title="bbox 2316 1262 3914 1334">
     <span class='ocr_line' id='line_1_72' title="bbox 2316 1262 3914 1334; baseline 0.004 -18"><span class='ocrx_word' id='word_1_562' title='bbox 2316 1276 2434 1316; x_wconf 87' lang='lat' dir='ltr'><strong>rum</strong></span> <span class='ocrx_word' id='word_1_563' title='bbox 2465 1262 2652 1318; x_wconf 88' lang='lat' dir='ltr'><strong>ordine</strong></span> <span class='ocrx_word' id='word_1_564' title='bbox 2674 1264 3058 1332; x_wconf 82' lang='lat' dir='ltr'><strong>providentiam</strong></span> <span class='ocrx_word' id='word_1_565' title='bbox 3089 1279 3193 1321; x_wconf 88' lang='lat' dir='ltr'><strong>non</strong></span> <span class='ocrx_word' id='word_1_566' title='bbox 3217 1280 3357 1322; x_wconf 87' lang='lat' dir='ltr'><strong>esse.</strong></span> <span class='ocrx_word' id='word_1_567' title='bbox 3381 1267 3536 1334; x_wconf 90' lang='lat' dir='ltr'><strong>Quod</strong></span> <span class='ocrx_word' id='word_1_568' title='bbox 3556 1268 3600 1322; x_wconf 89' lang='lat' dir='ltr'><strong>si</strong></span> <span class='ocrx_word' id='word_1_569' title='bbox 3632 1268 3774 1322; x_wconf 87' lang='lat' dir='ltr'><strong>Deus</strong></span> <span class='ocrx_word' id='word_1_570' title='bbox 3798 1283 3914 1324; x_wconf 89' lang='lat' dir='ltr'><strong>non</strong></span> 
     </span>
    </p>
   </div>
   <div class='ocr_carea' id='block_1_73' title="bbox 2318 1351 3909 1425">
    <p class='ocr_par' dir='ltr' id='par_1_73' title="bbox 2318 1351 3909 1425">
     <span class='ocr_line' id='line_1_73' title="bbox 2318 1351 3909 1425; baseline 0.005 -21"><span class='ocrx_word' id='word_1_571' title='bbox 2318 1351 2420 1416; x_wconf 87' lang='lat' dir='ltr'><strong>sit,</strong></span> <span class='ocrx_word' id='word_1_572' title='bbox 2465 1353 2734 1421; x_wconf 87' lang='lat' dir='ltr'><strong>quomodo</strong></span> <span class='ocrx_word' id='word_1_573' title='bbox 2787 1353 2902 1409; x_wconf 70' lang='lat' dir='ltr'><strong>haec</strong></span> <span class='ocrx_word' id='word_1_574' title='bbox 2951 1368 3198 1411; x_wconf 84' lang='lat' dir='ltr'><strong>constare</strong></span> <span class='ocrx_word' id='word_1_575' title='bbox 3249 1357 3509 1425; x_wconf 87' lang='lat' dir='ltr'><strong>possint?</strong></span> <span class='ocrx_word' id='word_1_576' title='bbox 3546 1359 3590 1413; x_wconf 91' lang='lat' dir='ltr'><strong>si</strong></span> <span class='ocrx_word' id='word_1_577' title='bbox 3631 1360 3698 1413; x_wconf 89' lang='lat' dir='ltr'><strong>sit</strong></span> <span class='ocrx_word' id='word_1_578' title='bbox 3729 1359 3909 1424; x_wconf 86' lang='lat' dir='ltr'><strong>Deus,</strong></span> 
     </span>
    </p>
   </div>
   <div class='ocr_carea' id='block_1_74' title="bbox 2323 1441 3919 1520">
    <p class='ocr_par' dir='ltr' id='par_1_74' title="bbox 2323 1441 3919 1520">
     <span class='ocr_line' id='line_1_74' title="bbox 2323 1441 3919 1520; baseline 0.006 -24"><span class='ocrx_word' id='word_1_579' title='bbox 2323 1441 2559 1498; x_wconf 68' lang='lat' dir='ltr'><strong>haeccine</strong></span> <span class='ocrx_word' id='word_1_580' title='bbox 2577 1443 2845 1513; x_wconf 89' lang='lat' dir='ltr'><strong>despicit?</strong></span> <span class='ocrx_word' id='word_1_581' title='bbox 2873 1447 2927 1501; x_wconf 90' lang='lat' dir='ltr'><strong>Si</strong></span> <span class='ocrx_word' id='word_1_582' title='bbox 2949 1448 3090 1502; x_wconf 91' lang='lat' dir='ltr'><strong>enim</strong></span> <span class='ocrx_word' id='word_1_583' title='bbox 3122 1450 3236 1518; x_wconf 87' lang='lat' dir='ltr'><strong>ipse</strong></span> <span class='ocrx_word' id='word_1_584' title='bbox 3257 1447 3473 1513; x_wconf 86' lang='lat' dir='ltr'><strong>fecerit,</strong></span> <span class='ocrx_word' id='word_1_585' title='bbox 3504 1449 3625 1506; x_wconf 87' lang='lat' dir='ltr'><strong>vide</strong></span> <span class='ocrx_word' id='word_1_586' title='bbox 3664 1451 3919 1520; x_wconf 78' lang='lat' dir='ltr'><strong>impieta-</strong></span> 
     </span>
    </p>
   </div>
   <div class='ocr_carea' id='block_1_75' title="bbox 2325 1535 3915 1609">
    <p class='ocr_par' dir='ltr' id='par_1_75' title="bbox 2325 1535 3915 1609">
     <span class='ocr_line' id='line_1_75' title="bbox 2325 1535 3915 1609; baseline 0.006 -21"><span class='ocrx_word' id='word_1_587' title='bbox 2325 1542 2427 1588; x_wconf 87' lang='lat' dir='ltr'><strong>tem</strong></span> <span class='ocrx_word' id='word_1_588' title='bbox 2449 1543 2505 1590; x_wconf 90' lang='lat' dir='ltr'><strong>et</strong></span> <span class='ocrx_word' id='word_1_589' title='bbox 2527 1535 2868 1606; x_wconf 64' lang='lat' dir='ltr'><strong>blasphemia</strong></span> <span class='ocrx_word' id='word_1_590' title='bbox 2897 1539 3315 1609; x_wconf 86' lang='lat' dir='ltr'><strong>magnitudinem</strong></span> <span class='ocrx_word' id='word_1_591' title='bbox 3344 1559 3360 1596; x_wconf 88' lang='lat'><strong>:</strong></span> <span class='ocrx_word' id='word_1_592' title='bbox 3384 1543 3428 1596; x_wconf 88' lang='lat' dir='ltr'><strong>si</strong></span> <span class='ocrx_word' id='word_1_593' title='bbox 3455 1555 3561 1597; x_wconf 91' lang='lat' dir='ltr'><strong>non</strong></span> <span class='ocrx_word' id='word_1_594' title='bbox 3593 1541 3812 1609; x_wconf 86' lang='lat' dir='ltr'><strong>fecerit,</strong></span> <span class='ocrx_word' id='word_1_595' title='bbox 3856 1553 3915 1598; x_wconf 91' lang='lat' dir='ltr'><strong>et</strong></span> 
     </span>
    </p>
   </div>
   <div class='ocr_carea' id='block_1_76' title="bbox 2323 1624 3912 1704">
    <p class='ocr_par' dir='ltr' id='par_1_76' title="bbox 2323 1624 3912 1704">
     <span class='ocr_line' id='line_1_76' title="bbox 2323 1624 3912 1704; baseline 0.008 -26"><span class='ocrx_word' id='word_1_596' title='bbox 2323 1624 2437 1679; x_wconf 70' lang='lat' dir='ltr'><strong>hare</strong></span> <span class='ocrx_word' id='word_1_597' title='bbox 2462 1625 2672 1694; x_wconf 84' lang='lat' dir='ltr'><strong>opificia</strong></span> <span class='ocrx_word' id='word_1_598' title='bbox 2724 1629 2989 1699; x_wconf 86' lang='lat' dir='ltr'><strong>negligat,</strong></span> <span class='ocrx_word' id='word_1_599' title='bbox 3035 1645 3143 1684; x_wconf 92' lang='lat' dir='ltr'><strong>non</strong></span> <span class='ocrx_word' id='word_1_600' title='bbox 3191 1633 3364 1687; x_wconf 90' lang='lat' dir='ltr'><strong>minor</strong></span> <span class='ocrx_word' id='word_1_601' title='bbox 3406 1632 3522 1689; x_wconf 54' lang='lat' dir='ltr'><strong>haec</strong></span> <span class='ocrx_word' id='word_1_602' title='bbox 3569 1634 3705 1698; x_wconf 87' lang='lat' dir='ltr'><strong>erit,</strong></span> <span class='ocrx_word' id='word_1_603' title='bbox 3746 1650 3912 1704; x_wconf 80' lang='lat' dir='ltr'><strong>quam</strong></span> 
     </span>
    </p>
   </div>
   <div class='ocr_carea' id='block_1_77' title="bbox 2322 1715 3916 1795">
    <p class='ocr_par' dir='ltr' id='par_1_77' title="bbox 2322 1715 3916 1795">
     <span class='ocr_line' id='line_1_77' title="bbox 2322 1715 3916 1795; baseline 0.008 -27"><span class='ocrx_word' id='word_1_604' title='bbox 2322 1715 2489 1785; x_wconf 91' lang='lat' dir='ltr'><strong>prior,</strong></span> <span class='ocrx_word' id='word_1_605' title='bbox 2515 1717 2819 1774; x_wconf 90' lang='lat' dir='ltr'><strong>criminatio</strong></span> <span class='ocrx_word' id='word_1_606' title='bbox 2837 1721 2879 1775; x_wconf 76' lang='grc'><strong>³.</strong></span> <span class='ocrx_word' id='word_1_607' title='bbox 2909 1719 3070 1778; x_wconf 81' lang='lat' dir='ltr'><strong>Vides</strong></span> <span class='ocrx_word' id='word_1_608' title='bbox 3093 1730 3150 1777; x_wconf 90' lang='lat' dir='ltr'><strong>ut</strong></span> <span class='ocrx_word' id='word_1_609' title='bbox 3181 1723 3532 1795; x_wconf 81' lang='lat' dir='ltr'><strong>undequaque</strong></span> <span class='ocrx_word' id='word_1_610' title='bbox 3557 1725 3799 1781; x_wconf 89' lang='lat' dir='ltr'><strong>diabolus</strong></span> <span class='ocrx_word' id='word_1_611' title='bbox 3823 1743 3916 1781; x_wconf 86' lang='lat' dir='ltr'><strong>ur-</strong></span> 
     </span>
    </p>
   </div>
   <div class='ocr_carea' id='block_1_78' title="bbox 2257 1809 3918 1886">
    <p class='ocr_par' dir='ltr' id='par_1_78' title="bbox 2257 1809 3918 1886">
     <span class='ocr_line' id='line_1_78' title="bbox 2257 1809 3918 1886; baseline 0.008 -25"><span class='ocrx_word' id='word_1_612' title='bbox 2257 1871 2270 1876; x_wconf 36' lang='lat'><strong>,</strong></span> <span class='ocrx_word' id='word_1_613' title='bbox 2323 1817 2543 1878; x_wconf 90' lang='lat' dir='ltr'><strong>geatur,</strong></span> <span class='ocrx_word' id='word_1_614' title='bbox 2571 1809 2697 1866; x_wconf 93' lang='lat' dir='ltr'><strong>dum</strong></span> <span class='ocrx_word' id='word_1_615' title='bbox 2727 1811 2971 1868; x_wconf 83' lang='lat' dir='ltr'><strong>homines</strong></span> <span class='ocrx_word' id='word_1_616' title='bbox 2999 1815 3218 1886; x_wconf 91' lang='lat' dir='ltr'><strong>impellit</strong></span> <span class='ocrx_word' id='word_1_617' title='bbox 3237 1816 3302 1872; x_wconf 94' lang='lat' dir='ltr'><strong>ad</strong></span> <span class='ocrx_word' id='word_1_618' title='bbox 3327 1818 3695 1874; x_wconf 89' lang='lat' dir='ltr'><strong>insaniendum</strong></span> <span class='ocrx_word' id='word_1_619' title='bbox 3727 1831 3918 1875; x_wconf 85' lang='lat' dir='ltr'><strong>contra</strong></span> 
     </span>
    </p>
   </div>
   <div class='ocr_carea' id='block_1_79' title="bbox 2328 1899 3914 1978">
    <p class='ocr_par' dir='ltr' id='par_1_79' title="bbox 2328 1899 3914 1978">
     <span class='ocr_line' id='line_1_79' title="bbox 2328 1899 3914 1978; baseline 0.009 -25"><span class='ocrx_word' id='word_1_620' title='bbox 2328 1899 2654 1956; x_wconf 88' lang='lat' dir='ltr'><strong>Dominum?</strong></span> <span class='ocrx_word' id='word_1_621' title='bbox 2684 1903 2843 1959; x_wconf 84' lang='lat' dir='ltr'><strong>Visne</strong></span> <span class='ocrx_word' id='word_1_622' title='bbox 2870 1905 3002 1960; x_wconf 91' lang='lat' dir='ltr'><strong>mihi</strong></span> <span class='ocrx_word' id='word_1_623' title='bbox 3040 1907 3362 1977; x_wconf 87' lang='lat' dir='ltr'><strong>persuadere</strong></span> <span class='ocrx_word' id='word_1_624' title='bbox 3381 1951 3395 1972; x_wconf 89' lang='lat'><strong>.</strong></span> <span class='ocrx_word' id='word_1_625' title='bbox 3429 1918 3481 1966; x_wconf 90' lang='lat' dir='ltr'><strong>te</strong></span> <span class='ocrx_word' id='word_1_626' title='bbox 3517 1909 3627 1964; x_wconf 85' lang='lat' dir='ltr'><strong>fato</strong></span> <span class='ocrx_word' id='word_1_627' title='bbox 3657 1910 3914 1978; x_wconf 81' lang='lat' dir='ltr'><strong>credere,</strong></span> 
     </span>
    </p>
   </div>
   <div class='ocr_carea' id='block_1_80' title="bbox 2331 1992 3919 2070">
    <p class='ocr_par' dir='ltr' id='par_1_80' title="bbox 2331 1992 3919 2070">
     <span class='ocr_line' id='line_1_80' title="bbox 2331 1992 3919 2070; baseline 0.008 -25"><span class='ocrx_word' id='word_1_628' title='bbox 2331 1998 2385 2046; x_wconf 89' lang='lat' dir='ltr'><strong>et</strong></span> <span class='ocrx_word' id='word_1_629' title='bbox 2411 1998 2600 2062; x_wconf 87' lang='lat' dir='ltr'><strong>putare</strong></span> <span class='ocrx_word' id='word_1_630' title='bbox 2627 1992 2756 2049; x_wconf 89' lang='lat' dir='ltr'><strong>illud</strong></span> <span class='ocrx_word' id='word_1_631' title='bbox 2784 2009 2904 2051; x_wconf 89' lang='lat' dir='ltr'><strong>esse</strong></span> <span class='ocrx_word' id='word_1_632' title='bbox 2932 2012 3059 2052; x_wconf 91' lang='lat' dir='ltr'><strong>vere</strong></span> <span class='ocrx_word' id='word_1_633' title='bbox 3085 1998 3278 2070; x_wconf 82' lang='lat' dir='ltr'><strong>dogma</strong></span> <span class='ocrx_word' id='word_1_634' title='bbox 3308 2000 3332 2054; x_wconf 91' lang='lat'><strong>?</strong></span> <span class='ocrx_word' id='word_1_635' title='bbox 3362 1999 3438 2057; x_wconf 80' lang='lat' dir='ltr'><strong>Ne</strong></span> <span class='ocrx_word' id='word_1_636' title='bbox 3465 2015 3684 2056; x_wconf 85' lang='lat' dir='ltr'><strong>accuses</strong></span> <span class='ocrx_word' id='word_1_637' title='bbox 3723 2003 3919 2057; x_wconf 81' lang='lat' dir='ltr'><strong>mulie-</strong></span> 
     </span>
    </p>
   </div>
   <div class='ocr_carea' id='block_1_81' title="bbox 2327 2081 3917 2156">
    <p class='ocr_par' dir='ltr' id='par_1_81' title="bbox 2327 2081 3917 2156">
     <span class='ocr_line' id='line_1_81' title="bbox 2327 2081 3917 2156; baseline 0.008 -19"><span class='ocrx_word' id='word_1_638' title='bbox 2327 2097 2442 2137; x_wconf 89' lang='lat' dir='ltr'><strong>rem</strong></span> <span class='ocrx_word' id='word_1_639' title='bbox 2473 2081 2764 2138; x_wconf 85' lang='lat' dir='ltr'><strong>adulteram</strong></span> <span class='ocrx_word' id='word_1_640' title='bbox 2789 2125 2804 2152; x_wconf 92' lang='lat'><strong>,</strong></span> <span class='ocrx_word' id='word_1_641' title='bbox 2847 2099 2916 2141; x_wconf 90' lang='lat' dir='ltr'><strong>ne</strong></span> <span class='ocrx_word' id='word_1_642' title='bbox 2939 2087 3015 2142; x_wconf 89' lang='lat' dir='ltr'><strong>ira</strong></span> <span class='ocrx_word' id='word_1_643' title='bbox 3043 2086 3359 2145; x_wconf 75' lang='lat' dir='ltr'><strong>ell’ervescas</strong></span> <span class='ocrx_word' id='word_1_644' title='bbox 3380 2132 3395 2156; x_wconf 91' lang='lat'><strong>,</strong></span> <span class='ocrx_word' id='word_1_645' title='bbox 3427 2106 3499 2146; x_wconf 89' lang='lat' dir='ltr'><strong>ne</strong></span> <span class='ocrx_word' id='word_1_646' title='bbox 3537 2091 3807 2147; x_wconf 73' lang='lat' dir='ltr'><strong>mmchum</strong></span> <span class='ocrx_word' id='word_1_647' title='bbox 3849 2093 3917 2149; x_wconf 84' lang='lat' dir='ltr'><strong>ad</strong></span> 
     </span>
    </p>
   </div>
   <div class='ocr_carea' id='block_1_82' title="bbox 2329 2174 3916 2254">
    <p class='ocr_par' dir='ltr' id='par_1_82' title="bbox 2329 2174 3916 2254">
     <span class='ocr_line' id='line_1_82' title="bbox 2329 2174 3916 2254; baseline 0.007 -28"><span class='ocrx_word' id='word_1_648' title='bbox 2329 2174 2773 2254; x_wconf 85' lang='lat' dir='ltr'><strong>tribunaljudicis</strong></span> <span class='ocrx_word' id='word_1_649' title='bbox 2796 2176 3048 2234; x_wconf 88' lang='lat' dir='ltr'><strong>adducas.</strong></span> <span class='ocrx_word' id='word_1_650' title='bbox 3071 2177 3130 2234; x_wconf 90' lang='lat' dir='ltr'><strong>Si</strong></span> <span class='ocrx_word' id='word_1_651' title='bbox 3154 2180 3348 2236; x_wconf 90' lang='lat' dir='ltr'><strong>videris</strong></span> <span class='ocrx_word' id='word_1_652' title='bbox 3367 2181 3653 2237; x_wconf 75' lang='lat' dir='ltr'><strong>suﬁossnm</strong></span> <span class='ocrx_word' id='word_1_653' title='bbox 3679 2197 3916 2248; x_wconf 89' lang='lat' dir='ltr'><strong>murum,</strong></span> 
     </span>
    </p>
   </div>
   <div class='ocr_carea' id='block_1_83' title="bbox 2330 2267 3919 2348">
    <p class='ocr_par' dir='ltr' id='par_1_83' title="bbox 2330 2267 3919 2348">
     <span class='ocr_line' id='line_1_83' title="bbox 2330 2267 3919 2348; baseline 0.007 -28"><span class='ocrx_word' id='word_1_654' title='bbox 2330 2281 2400 2322; x_wconf 91' lang='lat' dir='ltr'><strong>ne</strong></span> <span class='ocrx_word' id='word_1_655' title='bbox 2422 2267 2846 2336; x_wconf 87' lang='lat' dir='ltr'><strong>eomprehendas</strong></span> <span class='ocrx_word' id='word_1_656' title='bbox 2873 2285 2995 2326; x_wconf 89' lang='lat' dir='ltr'><strong>eum</strong></span> <span class='ocrx_word' id='word_1_657' title='bbox 3016 2314 3031 2339; x_wconf 94' lang='lat'><strong>,</strong></span> <span class='ocrx_word' id='word_1_658' title='bbox 3062 2273 3154 2342; x_wconf 87' lang='lat' dir='ltr'><strong>qui</strong></span> <span class='ocrx_word' id='word_1_659' title='bbox 3183 2273 3399 2329; x_wconf 70' lang='lat' dir='ltr'><strong>suﬂodit</strong></span> <span class='ocrx_word' id='word_1_660' title='bbox 3419 2317 3434 2340; x_wconf 92' lang='lat'><strong>,</strong></span> <span class='ocrx_word' id='word_1_661' title='bbox 3481 2291 3655 2345; x_wconf 89' lang='lat' dir='ltr'><strong>neque</strong></span> <span class='ocrx_word' id='word_1_662' title='bbox 3702 2291 3919 2348; x_wconf 68' lang='lat' dir='ltr'><strong>penam</strong></span> 
     </span>
    </p>
   </div>
   <div class='ocr_carea' id='block_1_84' title="bbox 2331 2361 3920 2437">
    <p class='ocr_par' dir='ltr' id='par_1_84' title="bbox 2331 2361 3920 2437">
     <span class='ocr_line' id='line_1_84' title="bbox 2331 2361 3920 2437; baseline 0.009 -27"><span class='ocrx_word' id='word_1_663' title='bbox 2331 2368 2549 2426; x_wconf 79' lang='lat' dir='ltr'><strong>expetas</strong></span> <span class='ocrx_word' id='word_1_664' title='bbox 2582 2375 2596 2411; x_wconf 90' lang='lat'>:</span> <span class='ocrx_word' id='word_1_665' title='bbox 2631 2374 2738 2414; x_wconf 90' lang='lat' dir='ltr'><strong>non</strong></span> <span class='ocrx_word' id='word_1_666' title='bbox 2765 2361 2907 2416; x_wconf 92' lang='lat' dir='ltr'><strong>enim</strong></span> <span class='ocrx_word' id='word_1_667' title='bbox 2935 2373 3127 2433; x_wconf 89' lang='lat' dir='ltr'><strong>sponte</strong></span> <span class='ocrx_word' id='word_1_668' title='bbox 3155 2364 3257 2420; x_wconf 92' lang='lat' dir='ltr'><strong>hoc</strong></span> <span class='ocrx_word' id='word_1_669' title='bbox 3282 2364 3410 2421; x_wconf 86' lang='lat' dir='ltr'><strong>fecit</strong></span> <span class='ocrx_word' id='word_1_670' title='bbox 3429 2407 3442 2431; x_wconf 89' lang='lat'><strong>,</strong></span> <span class='ocrx_word' id='word_1_671' title='bbox 3470 2368 3920 2437; x_wconf 87' lang='lat' dir='ltr'><strong>quemadmodum</strong></span> 
     </span>
    </p>
   </div>
   <div class='ocr_carea' id='block_1_85' title="bbox 2330 2450 3923 2530">
    <p class='ocr_par' dir='ltr' id='par_1_85' title="bbox 2330 2450 3923 2530">
     <span class='ocr_line' id='line_1_85' title="bbox 2330 2450 3923 2530; baseline 0.008 -26"><span class='ocrx_word' id='word_1_672' title='bbox 2330 2457 2387 2505; x_wconf 92' lang='lat' dir='ltr'><strong>tu</strong></span> <span class='ocrx_word' id='word_1_673' title='bbox 2415 2450 2570 2507; x_wconf 89' lang='lat' dir='ltr'><strong>dicis.</strong></span> <span class='ocrx_word' id='word_1_674' title='bbox 2595 2451 2702 2509; x_wconf 77' lang='lat' dir='ltr'><strong>Res</strong></span> <span class='ocrx_word' id='word_1_675' title='bbox 2728 2461 2846 2508; x_wconf 86' lang='lat' dir='ltr'><strong>tuas</strong></span> <span class='ocrx_word' id='word_1_676' title='bbox 2865 2469 3054 2511; x_wconf 89' lang='lat' dir='ltr'><strong>omnes</strong></span> <span class='ocrx_word' id='word_1_677' title='bbox 3074 2455 3203 2510; x_wconf 86' lang='lat' dir='ltr'><strong>nihil</strong></span> <span class='ocrx_word' id='word_1_678' title='bbox 3227 2472 3354 2512; x_wconf 90' lang='lat' dir='ltr'><strong>cura</strong></span> <span class='ocrx_word' id='word_1_679' title='bbox 3380 2474 3395 2514; x_wconf 89' lang='lat'><strong>:</strong></span> <span class='ocrx_word' id='word_1_680' title='bbox 3420 2473 3540 2512; x_wconf 84' lang='lat' dir='ltr'><strong>nam</strong></span> <span class='ocrx_word' id='word_1_681' title='bbox 3565 2474 3627 2514; x_wconf 92' lang='lat' dir='ltr'><strong>ea</strong></span> <span class='ocrx_word' id='word_1_682' title='bbox 3667 2475 3785 2530; x_wconf 82' lang='lat' dir='ltr'><strong>qua:</strong></span> <span class='ocrx_word' id='word_1_683' title='bbox 3812 2460 3923 2517; x_wconf 86' lang='lat' dir='ltr'><strong>fato</strong></span> 
     </span>
    </p>
   </div>
   <div class='ocr_carea' id='block_1_86' title="bbox 2331 2543 3922 2621">
    <p class='ocr_par' dir='ltr' id='par_1_86' title="bbox 2331 2543 3922 2621">
     <span class='ocr_line' id='line_1_86' title="bbox 2331 2543 3922 2621; baseline 0.006 -24"><span class='ocrx_word' id='word_1_684' title='bbox 2331 2543 2618 2598; x_wconf 84' lang='lat' dir='ltr'><strong>constituta</strong></span> <span class='ocrx_word' id='word_1_685' title='bbox 2665 2555 2792 2599; x_wconf 86' lang='lat' dir='ltr'><strong>sunt</strong></span> <span class='ocrx_word' id='word_1_686' title='bbox 2838 2560 3055 2615; x_wconf 87' lang='lat' dir='ltr'><strong>prorsus</strong></span> <span class='ocrx_word' id='word_1_687' title='bbox 3103 2548 3354 2603; x_wconf 87' lang='lat' dir='ltr'><strong>evenient</strong></span> <span class='ocrx_word' id='word_1_688' title='bbox 3388 2567 3402 2604; x_wconf 90' lang='lat'><strong>:</strong></span> <span class='ocrx_word' id='word_1_689' title='bbox 3433 2550 3635 2620; x_wconf 90' lang='lat' dir='ltr'><strong>projice</strong></span> <span class='ocrx_word' id='word_1_690' title='bbox 3663 2550 3922 2621; x_wconf 85' lang='lat' dir='ltr'><strong>quidquid</strong></span> 
     </span>
    </p>
   </div>
   <div class='ocr_carea' id='block_1_87' title="bbox 2335 2634 3919 2712">
    <p class='ocr_par' dir='ltr' id='par_1_87' title="bbox 2335 2634 3919 2712">
     <span class='ocr_line' id='line_1_87' title="bbox 2335 2634 3919 2712; baseline 0.005 -24"><span class='ocrx_word' id='word_1_691' title='bbox 2335 2634 2498 2690; x_wconf 91' lang='lat' dir='ltr'><strong>habes</strong></span> <span class='ocrx_word' id='word_1_692' title='bbox 2526 2636 2638 2690; x_wconf 91' lang='lat' dir='ltr'><strong>auri</strong></span> <span class='ocrx_word' id='word_1_693' title='bbox 2660 2637 2864 2706; x_wconf 83' lang='lat' dir='ltr'><strong>;abjice</strong></span> <span class='ocrx_word' id='word_1_694' title='bbox 2889 2652 3070 2694; x_wconf 87' lang='lat' dir='ltr'><strong>curam</strong></span> <span class='ocrx_word' id='word_1_695' title='bbox 3097 2638 3311 2704; x_wconf 88' lang='lat' dir='ltr'><strong>domus,</strong></span> <span class='ocrx_word' id='word_1_696' title='bbox 3340 2640 3470 2707; x_wconf 88' lang='lat' dir='ltr'><strong>fori,</strong></span> <span class='ocrx_word' id='word_1_697' title='bbox 3499 2643 3919 2712; x_wconf 87' lang='lat' dir='ltr'><strong>mancipiorum:</strong></span> 
     </span>
    </p>
   </div>
   <div class='ocr_carea' id='block_1_88' title="bbox 2334 2725 3924 2805">
    <p class='ocr_par' dir='ltr' id='par_1_88' title="bbox 2334 2725 3924 2805">
     <span class='ocr_line' id='line_1_88' title="bbox 2334 2725 3924 2805; baseline 0.006 -26"><span class='ocrx_word' id='word_1_698' title='bbox 2334 2725 2538 2781; x_wconf 88' lang='lat' dir='ltr'><strong>incuria</strong></span> <span class='ocrx_word' id='word_1_699' title='bbox 2561 2736 2648 2782; x_wconf 90' lang='lat' dir='ltr'><strong>tua</strong></span> <span class='ocrx_word' id='word_1_700' title='bbox 2682 2744 2774 2797; x_wconf 90' lang='lat' dir='ltr'><strong>per</strong></span> <span class='ocrx_word' id='word_1_701' title='bbox 2802 2729 2893 2783; x_wconf 88' lang='lat' dir='ltr'><strong>fati</strong></span> <span class='ocrx_word' id='word_1_702' title='bbox 2925 2730 3181 2785; x_wconf 90' lang='lat' dir='ltr'><strong>incuriam</strong></span> <span class='ocrx_word' id='word_1_703' title='bbox 3211 2731 3340 2786; x_wconf 84' lang='lat' dir='ltr'><strong>nihil</strong></span> <span class='ocrx_word' id='word_1_704' title='bbox 3367 2733 3606 2788; x_wconf 70' lang='lat' dir='ltr'><strong>lredetur.</strong></span> <span class='ocrx_word' id='word_1_705' title='bbox 3640 2735 3801 2805; x_wconf 86' lang='lat' dir='ltr'><strong>Atqui</strong></span> <span class='ocrx_word' id='word_1_706' title='bbox 3838 2736 3924 2789; x_wconf 87' lang='lat' dir='ltr'><strong>ni-</strong></span> 
     </span>
    </p>
   </div>
   <div class='ocr_carea' id='block_1_89' title="bbox 2335 2815 3926 2896">
    <p class='ocr_par' dir='ltr' id='par_1_89' title="bbox 2335 2815 3926 2896">
     <span class='ocr_line' id='line_1_89' title="bbox 2335 2815 3926 2896; baseline 0.006 -27"><span class='ocrx_word' id='word_1_707' title='bbox 2335 2816 2407 2870; x_wconf 90' lang='lat' dir='ltr'><strong>hil</strong></span> <span class='ocrx_word' id='word_1_708' title='bbox 2431 2815 2620 2870; x_wconf 87' lang='lat' dir='ltr'><strong>horqu</strong></span> <span class='ocrx_word' id='word_1_709' title='bbox 2653 2816 2828 2872; x_wconf 86' lang='lat' dir='ltr'><strong>facere</strong></span> <span class='ocrx_word' id='word_1_710' title='bbox 2853 2820 3016 2887; x_wconf 91' lang='lat' dir='ltr'><strong>ausis,</strong></span> <span class='ocrx_word' id='word_1_711' title='bbox 3048 2821 3223 2890; x_wconf 89' lang='lat' dir='ltr'><strong>reipsa</strong></span> <span class='ocrx_word' id='word_1_712' title='bbox 3255 2836 3565 2896; x_wconf 83' lang='lat' dir='ltr'><strong>persuasum</strong></span> <span class='ocrx_word' id='word_1_713' title='bbox 3595 2823 3831 2890; x_wconf 84' lang='lat' dir='ltr'><strong>habens,</strong></span> <span class='ocrx_word' id='word_1_714' title='bbox 3877 2837 3926 2879; x_wconf 83' lang='lat' dir='ltr'><strong>te</strong></span> 
     </span>
    </p>
   </div>
   <div class='ocr_carea' id='block_1_90' title="bbox 2336 2907 3926 2987">
    <p class='ocr_par' dir='ltr' id='par_1_90' title="bbox 2336 2907 3926 2987">
     <span class='ocr_line' id='line_1_90' title="bbox 2336 2907 3926 2987; baseline 0.007 -26"><span class='ocrx_word' id='word_1_715' title='bbox 2336 2907 2475 2963; x_wconf 87' lang='lat' dir='ltr'><strong>hanc</strong></span> <span class='ocrx_word' id='word_1_716' title='bbox 2518 2907 2816 2964; x_wconf 89' lang='lat' dir='ltr'><strong>doctrinam</strong></span> <span class='ocrx_word' id='word_1_717' title='bbox 2855 2911 3175 2980; x_wconf 85' lang='lat' dir='ltr'><strong>improbare.</strong></span> <span class='ocrx_word' id='word_1_718' title='bbox 3223 2912 3331 2967; x_wconf 83' lang='lat' dir='ltr'><strong>Cor</strong></span> <span class='ocrx_word' id='word_1_719' title='bbox 3375 2928 3502 2984; x_wconf 87' lang='lat' dir='ltr'><strong>ergo</strong></span> <span class='ocrx_word' id='word_1_720' title='bbox 3553 2913 3605 2968; x_wconf 89' lang='lat' dir='ltr'><strong>in</strong></span> <span class='ocrx_word' id='word_1_721' title='bbox 3654 2916 3926 2987; x_wconf 88' lang='lat' dir='ltr'><strong>peccando</strong></span> 
     </span>
    </p>
   </div>
   <div class='ocr_carea' id='block_1_91' title="bbox 2336 3000 3924 3074">
    <p class='ocr_par' dir='ltr' id='par_1_91' title="bbox 2336 3000 3924 3074">
     <span class='ocr_line' id='line_1_91' title="bbox 2336 3000 3924 3074; baseline 0.006 -19"><span class='ocrx_word' id='word_1_722' title='bbox 2336 3000 2482 3055; x_wconf 75' lang='lat' dir='ltr'><strong>illam</strong></span> <span class='ocrx_word' id='word_1_723' title='bbox 2524 3000 2746 3072; x_wconf 87' lang='lat' dir='ltr'><strong>objicis,</strong></span> <span class='ocrx_word' id='word_1_724' title='bbox 2799 3017 2959 3072; x_wconf 91' lang='lat' dir='ltr'><strong>quam</strong></span> <span class='ocrx_word' id='word_1_725' title='bbox 3009 3003 3208 3074; x_wconf 91' lang='lat' dir='ltr'><strong>ubique</strong></span> <span class='ocrx_word' id='word_1_726' title='bbox 3247 3005 3471 3062; x_wconf 89' lang='lat' dir='ltr'><strong>damnas</strong></span> <span class='ocrx_word' id='word_1_727' title='bbox 3513 3007 3537 3060; x_wconf 89' lang='lat'><strong>?</strong></span> <span class='ocrx_word' id='word_1_728' title='bbox 3589 3006 3752 3063; x_wconf 79' lang='lat' dir='ltr'><strong>Vides</strong></span> <span class='ocrx_word' id='word_1_729' title='bbox 3820 3023 3924 3064; x_wconf 90' lang='lat' dir='ltr'><strong>non</strong></span> 
     </span>
    </p>
   </div>
   <div class='ocr_carea' id='block_1_92' title="bbox 2337 3095 3927 3168">
    <p class='ocr_par' dir='ltr' id='par_1_92' title="bbox 2337 3095 3927 3168">
     <span class='ocr_line' id='line_1_92' title="bbox 2337 3095 3927 3168; baseline 0.005 -20"><span class='ocrx_word' id='word_1_730' title='bbox 2337 3095 2550 3150; x_wconf 87' lang='lat' dir='ltr'><strong>aliunde</strong></span> <span class='ocrx_word' id='word_1_731' title='bbox 2577 3096 2679 3150; x_wconf 87' lang='lat' dir='ltr'><strong>hoc</strong></span> <span class='ocrx_word' id='word_1_732' title='bbox 2697 3096 2888 3166; x_wconf 85' lang='lat' dir='ltr'><strong>dogma</strong></span> <span class='ocrx_word' id='word_1_733' title='bbox 2920 3096 3132 3164; x_wconf 90' lang='lat' dir='ltr'><strong>induci,</strong></span> <span class='ocrx_word' id='word_1_734' title='bbox 3167 3113 3325 3168; x_wconf 90' lang='lat' dir='ltr'><strong>quam</strong></span> <span class='ocrx_word' id='word_1_735' title='bbox 3355 3114 3422 3154; x_wconf 89' lang='lat' dir='ltr'><strong>ex</strong></span> <span class='ocrx_word' id='word_1_736' title='bbox 3447 3100 3721 3165; x_wconf 89' lang='lat' dir='ltr'><strong>socordia,</strong></span> <span class='ocrx_word' id='word_1_737' title='bbox 3751 3112 3807 3155; x_wconf 91' lang='lat' dir='ltr'><strong>et</strong></span> <span class='ocrx_word' id='word_1_738' title='bbox 3836 3117 3927 3156; x_wconf 51' lang='lat' dir='ltr'><strong>nec</strong></span> 
     </span>
    </p>
   </div>
   <div class='ocr_carea' id='block_1_93' title="bbox 2338 3188 3926 3260">
    <p class='ocr_par' dir='ltr' id='par_1_93' title="bbox 2338 3188 3926 3260">
     <span class='ocr_line' id='line_1_93' title="bbox 2338 3188 3926 3260; baseline 0.003 -19"><span class='ocrx_word' id='word_1_739' title='bbox 2338 3189 2587 3260; x_wconf 87' lang='lat' dir='ltr'><strong>gligcntia</strong></span> <span class='ocrx_word' id='word_1_740' title='bbox 2608 3229 2623 3254; x_wconf 93' lang='lat'><strong>,</strong></span> <span class='ocrx_word' id='word_1_741' title='bbox 2649 3197 2706 3243; x_wconf 93' lang='lat' dir='ltr'><strong>et</strong></span> <span class='ocrx_word' id='word_1_742' title='bbox 2727 3189 2931 3258; x_wconf 83' lang='lat' dir='ltr'><strong>ignavia</strong></span> <span class='ocrx_word' id='word_1_743' title='bbox 2959 3188 3026 3243; x_wconf 90' lang='lat' dir='ltr'><strong>ad</strong></span> <span class='ocrx_word' id='word_1_744' title='bbox 3049 3189 3258 3244; x_wconf 88' lang='lat' dir='ltr'><strong>virtutis</strong></span> <span class='ocrx_word' id='word_1_745' title='bbox 3288 3189 3499 3246; x_wconf 87' lang='lat' dir='ltr'><strong>labores</strong></span> <span class='ocrx_word' id='word_1_746' title='bbox 3517 3191 3846 3247; x_wconf 82' lang='lat' dir='ltr'><strong>subeundos.</strong></span> <span class='ocrx_word' id='word_1_747' title='bbox 3872 3192 3926 3248; x_wconf 87' lang='lat' dir='ltr'><strong>Si</strong></span> 
     </span>
    </p>
   </div>
   <div class='ocr_carea' id='block_1_94' title="bbox 2341 3279 3927 3353">
    <p class='ocr_par' dir='ltr' id='par_1_94' title="bbox 2341 3279 3927 3353">
     <span class='ocr_line' id='line_1_94' title="bbox 2341 3279 3927 3353; baseline 0.003 -19"><span class='ocrx_word' id='word_1_748' title='bbox 2341 3281 2552 3351; x_wconf 88' lang='lat' dir='ltr'><strong>genesis</strong></span> <span class='ocrx_word' id='word_1_749' title='bbox 2580 3288 2696 3346; x_wconf 75' lang='lat' dir='ltr'><strong>est,</strong></span> <span class='ocrx_word' id='word_1_750' title='bbox 2738 3279 2995 3350; x_wconf 90' lang='lat' dir='ltr'><strong>judicium</strong></span> <span class='ocrx_word' id='word_1_751' title='bbox 3039 3297 3146 3336; x_wconf 91' lang='lat' dir='ltr'><strong>non</strong></span> <span class='ocrx_word' id='word_1_752' title='bbox 3195 3292 3313 3348; x_wconf 90' lang='lat' dir='ltr'><strong>est;</strong></span> <span class='ocrx_word' id='word_1_753' title='bbox 3350 3283 3392 3337; x_wconf 92' lang='lat' dir='ltr'><strong>si</strong></span> <span class='ocrx_word' id='word_1_754' title='bbox 3415 3283 3626 3353; x_wconf 85' lang='lat' dir='ltr'><strong>genesis</strong></span> <span class='ocrx_word' id='word_1_755' title='bbox 3650 3295 3766 3347; x_wconf 89' lang='lat' dir='ltr'><strong>est,</strong></span> <span class='ocrx_word' id='word_1_756' title='bbox 3799 3283 3927 3340; x_wconf 83' lang='lat' dir='ltr'><strong>ﬁdes</strong></span> 
     </span>
    </p>
   </div>
   <div class='ocr_carea' id='block_1_95' title="bbox 2340 3373 3924 3446">
    <p class='ocr_par' dir='ltr' id='par_1_95' title="bbox 2340 3373 3924 3446">
     <span class='ocr_line' id='line_1_95' title="bbox 2340 3373 3924 3446; baseline 0.001 -17"><span class='ocrx_word' id='word_1_757' title='bbox 2340 3389 2445 3429; x_wconf 90' lang='lat' dir='ltr'><strong>non</strong></span> <span class='ocrx_word' id='word_1_758' title='bbox 2468 3379 2580 3438; x_wconf 90' lang='lat' dir='ltr'><strong>est;</strong></span> <span class='ocrx_word' id='word_1_759' title='bbox 2611 3373 2654 3426; x_wconf 90' lang='lat' dir='ltr'><strong>si</strong></span> <span class='ocrx_word' id='word_1_760' title='bbox 2680 3374 2891 3444; x_wconf 89' lang='lat' dir='ltr'><strong>genesis</strong></span> <span class='ocrx_word' id='word_1_761' title='bbox 2913 3383 2994 3428; x_wconf 90' lang='lat' dir='ltr'><strong>est</strong></span> <span class='ocrx_word' id='word_1_762' title='bbox 3013 3415 3028 3440; x_wconf 94' lang='lat'><strong>,</strong></span> <span class='ocrx_word' id='word_1_763' title='bbox 3059 3373 3202 3429; x_wconf 88' lang='lat' dir='ltr'><strong>Deus</strong></span> <span class='ocrx_word' id='word_1_764' title='bbox 3232 3389 3336 3428; x_wconf 90' lang='lat' dir='ltr'><strong>non</strong></span> <span class='ocrx_word' id='word_1_765' title='bbox 3376 3386 3490 3440; x_wconf 88' lang='lat' dir='ltr'><strong>est;</strong></span> <span class='ocrx_word' id='word_1_766' title='bbox 3515 3376 3559 3429; x_wconf 90' lang='lat' dir='ltr'><strong>si</strong></span> <span class='ocrx_word' id='word_1_767' title='bbox 3583 3379 3798 3446; x_wconf 83' lang='lat' dir='ltr'><strong>genesis</strong></span> <span class='ocrx_word' id='word_1_768' title='bbox 3817 3386 3924 3441; x_wconf 85' lang='lat' dir='ltr'><strong>est,</strong></span> 
     </span>
    </p>
   </div>
   <div class='ocr_carea' id='block_1_96' title="bbox 2345 3465 3925 3537">
    <p class='ocr_par' dir='ltr' id='par_1_96' title="bbox 2345 3465 3925 3537">
     <span class='ocr_line' id='line_1_96' title="bbox 2345 3465 3925 3537; baseline 0.002 -19"><span class='ocrx_word' id='word_1_769' title='bbox 2345 3479 2452 3519; x_wconf 91' lang='lat' dir='ltr'><strong>non</strong></span> <span class='ocrx_word' id='word_1_770' title='bbox 2502 3465 2704 3529; x_wconf 91' lang='lat' dir='ltr'><strong>virtus,</strong></span> <span class='ocrx_word' id='word_1_771' title='bbox 2762 3480 2867 3518; x_wconf 87' lang='lat' dir='ltr'><strong>non</strong></span> <span class='ocrx_word' id='word_1_772' title='bbox 2919 3465 3227 3535; x_wconf 90' lang='lat' dir='ltr'><strong>improbitas</strong></span> <span class='ocrx_word' id='word_1_773' title='bbox 3277 3475 3404 3531; x_wconf 89' lang='lat' dir='ltr'><strong>est,</strong></span> <span class='ocrx_word' id='word_1_774' title='bbox 3455 3467 3502 3521; x_wconf 92' lang='lat' dir='ltr'><strong>si</strong></span> <span class='ocrx_word' id='word_1_775' title='bbox 3554 3468 3766 3537; x_wconf 88' lang='lat' dir='ltr'><strong>genesis</strong></span> <span class='ocrx_word' id='word_1_776' title='bbox 3815 3481 3925 3535; x_wconf 82' lang='lat' dir='ltr'><strong>est,</strong></span> 
     </span>
    </p>
   </div>
   <div class='ocr_carea' id='block_1_97' title="bbox 2343 3555 3926 3630">
    <p class='ocr_par' dir='ltr' id='par_1_97' title="bbox 2343 3555 3926 3630">
     <span class='ocr_line' id='line_1_97' title="bbox 2343 3555 3926 3630; baseline 0.001 -19"><span class='ocrx_word' id='word_1_777' title='bbox 2343 3558 2520 3611; x_wconf 91' lang='lat' dir='ltr'><strong>omnia</strong></span> <span class='ocrx_word' id='word_1_778' title='bbox 2559 3555 2749 3612; x_wconf 87' lang='lat' dir='ltr'><strong>frustra</strong></span> <span class='ocrx_word' id='word_1_779' title='bbox 2772 3599 2787 3624; x_wconf 95' lang='lat'><strong>,</strong></span> <span class='ocrx_word' id='word_1_780' title='bbox 2814 3558 2989 3612; x_wconf 91' lang='lat' dir='ltr'><strong>omnia</strong></span> <span class='ocrx_word' id='word_1_781' title='bbox 3034 3565 3233 3613; x_wconf 90' lang='lat' dir='ltr'><strong>temere</strong></span> <span class='ocrx_word' id='word_1_782' title='bbox 3254 3566 3307 3613; x_wconf 90' lang='lat' dir='ltr'><strong>et</strong></span> <span class='ocrx_word' id='word_1_783' title='bbox 3334 3557 3552 3614; x_wconf 81' lang='lat' dir='ltr'><strong>lacimus</strong></span> <span class='ocrx_word' id='word_1_784' title='bbox 3580 3568 3634 3614; x_wconf 90' lang='lat' dir='ltr'><strong>et</strong></span> <span class='ocrx_word' id='word_1_785' title='bbox 3661 3560 3926 3630; x_wconf 85' lang='lat' dir='ltr'><strong>patimur:</strong></span> 
     </span>
    </p>
   </div>
   <div class='ocr_carea' id='block_1_98' title="bbox 2341 3649 3925 3722">
    <p class='ocr_par' dir='ltr' id='par_1_98' title="bbox 2341 3649 3925 3722">
     <span class='ocr_line' id='line_1_98' title="bbox 2341 3649 3925 3722; baseline 0.003 -18"><span class='ocrx_word' id='word_1_786' title='bbox 2341 3665 2451 3704; x_wconf 89' lang='lat' dir='ltr'><strong>non</strong></span> <span class='ocrx_word' id='word_1_787' title='bbox 2470 3659 2552 3704; x_wconf 89' lang='lat' dir='ltr'><strong>est</strong></span> <span class='ocrx_word' id='word_1_788' title='bbox 2573 3649 2718 3716; x_wconf 88' lang='lat' dir='ltr'><strong>laus,</strong></span> <span class='ocrx_word' id='word_1_789' title='bbox 2741 3663 2846 3704; x_wconf 90' lang='lat' dir='ltr'><strong>non</strong></span> <span class='ocrx_word' id='word_1_790' title='bbox 2873 3650 3212 3722; x_wconf 85' lang='lat' dir='ltr'><strong>vituperiutn,</strong></span> <span class='ocrx_word' id='word_1_791' title='bbox 3242 3651 3416 3706; x_wconf 90' lang='lat' dir='ltr'><strong>nullus</strong></span> <span class='ocrx_word' id='word_1_792' title='bbox 3447 3651 3634 3721; x_wconf 85' lang='lat' dir='ltr'><strong>pudor,</strong></span> <span class='ocrx_word' id='word_1_793' title='bbox 3665 3653 3810 3707; x_wconf 90' lang='lat' dir='ltr'><strong>nulla</strong></span> <span class='ocrx_word' id='word_1_794' title='bbox 3837 3669 3925 3708; x_wconf 82' lang='lat' dir='ltr'><strong>ve-</strong></span> 
     </span>
    </p>
   </div>
   <div class='ocr_carea' id='block_1_99' title="bbox 2345 3741 3926 3814">
    <p class='ocr_par' dir='ltr' id='par_1_99' title="bbox 2345 3741 3926 3814">
     <span class='ocr_line' id='line_1_99' title="bbox 2345 3741 3926 3814; baseline 0.003 -20"><span class='ocrx_word' id='word_1_795' title='bbox 2345 3741 2628 3807; x_wconf 90' lang='lat' dir='ltr'><strong>recundia,</strong></span> <span class='ocrx_word' id='word_1_796' title='bbox 2674 3756 2781 3795; x_wconf 92' lang='lat' dir='ltr'><strong>non</strong></span> <span class='ocrx_word' id='word_1_797' title='bbox 2821 3742 3000 3812; x_wconf 87' lang='lat' dir='ltr'><strong>leges,</strong></span> <span class='ocrx_word' id='word_1_798' title='bbox 3049 3757 3153 3796; x_wconf 92' lang='lat' dir='ltr'><strong>non</strong></span> <span class='ocrx_word' id='word_1_799' title='bbox 3196 3743 3414 3812; x_wconf 88' lang='lat' dir='ltr'><strong>judicia.</strong></span> <span class='ocrx_word' id='word_1_800' title='bbox 3453 3743 3605 3799; x_wconf 88' lang='lat' dir='ltr'><strong>Unde</strong></span> <span class='ocrx_word' id='word_1_801' title='bbox 3632 3744 3718 3798; x_wconf 90' lang='lat' dir='ltr'><strong>hic</strong></span> <span class='ocrx_word' id='word_1_802' title='bbox 3747 3745 3926 3814; x_wconf 84' lang='lat' dir='ltr'><strong>dives,</strong></span> 
     </span>
    </p>
   </div>
   <div class='ocr_carea' id='block_1_100' title="bbox 2345 3832 3926 3903">
    <p class='ocr_par' dir='ltr' id='par_1_100' title="bbox 2345 3832 3926 3903">
     <span class='ocr_line' id='line_1_100' title="bbox 2345 3832 3926 3903; baseline 0.003 -17"><span class='ocrx_word' id='word_1_803' title='bbox 2345 3832 2551 3903; x_wconf 88' lang='lat' dir='ltr'><strong>inquies</strong></span> <span class='ocrx_word' id='word_1_804' title='bbox 2571 3874 2585 3898; x_wconf 94' lang='lat'><strong>,</strong></span> <span class='ocrx_word' id='word_1_805' title='bbox 2613 3833 2752 3888; x_wconf 89' lang='lat' dir='ltr'><strong>unde</strong></span> <span class='ocrx_word' id='word_1_806' title='bbox 2770 3833 2854 3888; x_wconf 92' lang='lat' dir='ltr'><strong>hic</strong></span> <span class='ocrx_word' id='word_1_807' title='bbox 2874 3849 3075 3903; x_wconf 90' lang='lat' dir='ltr'><strong>pauper</strong></span> <span class='ocrx_word' id='word_1_808' title='bbox 3103 3834 3227 3889; x_wconf 87' lang='lat' dir='ltr'><strong>est?</strong></span> <span class='ocrx_word' id='word_1_809' title='bbox 3255 3833 3412 3889; x_wconf 83' lang='lat' dir='ltr'><strong>Certe</strong></span> <span class='ocrx_word' id='word_1_810' title='bbox 3434 3835 3477 3889; x_wconf 90' lang='lat' dir='ltr'><strong>si</strong></span> <span class='ocrx_word' id='word_1_811' title='bbox 3501 3835 3690 3890; x_wconf 87' lang='lat' dir='ltr'><strong>horum</strong></span> <span class='ocrx_word' id='word_1_812' title='bbox 3717 3852 3926 3890; x_wconf 86' lang='lat' dir='ltr'><strong>causam</strong></span> 
     </span>
    </p>
   </div>
   <div class='ocr_carea' id='block_1_101' title="bbox 2347 3925 3926 3998">
    <p class='ocr_par' dir='ltr' id='par_1_101' title="bbox 2347 3925 3926 3998">
     <span class='ocr_line' id='line_1_101' title="bbox 2347 3925 3926 3998; baseline 0.003 -20"><span class='ocrx_word' id='word_1_813' title='bbox 2347 3925 2740 3996; x_wconf 85' lang='lat' dir='ltr'><strong>ignorabamus,</strong></span> <span class='ocrx_word' id='word_1_814' title='bbox 2767 3927 2818 3980; x_wconf 91' lang='lat' dir='ltr'><strong>in</strong></span> <span class='ocrx_word' id='word_1_815' title='bbox 2849 3925 3141 3997; x_wconf 86' lang='lat' dir='ltr'><strong>ignorantia</strong></span> <span class='ocrx_word' id='word_1_816' title='bbox 3162 3928 3578 3996; x_wconf 77' lang='lat' dir='ltr'><strong>permanendum</strong></span> <span class='ocrx_word' id='word_1_817' title='bbox 3599 3937 3715 3983; x_wconf 86' lang='lat' dir='ltr'><strong>erat</strong></span> <span class='ocrx_word' id='word_1_818' title='bbox 3735 3930 3926 3998; x_wconf 86' lang='lat' dir='ltr'><strong>potius,</strong></span> 
     </span>
    </p>
   </div>
   <div class='ocr_carea' id='block_1_102' title="bbox 2346 4018 3928 4091">
    <p class='ocr_par' dir='ltr' id='par_1_102' title="bbox 2346 4018 3928 4091">
     <span class='ocr_line' id='line_1_102' title="bbox 2346 4018 3928 4091; baseline 0.004 -20"><span class='ocrx_word' id='word_1_819' title='bbox 2346 4034 2508 4090; x_wconf 91' lang='lat' dir='ltr'><strong>quam</strong></span> <span class='ocrx_word' id='word_1_820' title='bbox 2534 4018 2674 4073; x_wconf 85' lang='lat' dir='ltr'><strong>aliud</strong></span> <span class='ocrx_word' id='word_1_821' title='bbox 2701 4034 2919 4089; x_wconf 89' lang='lat' dir='ltr'><strong>pravum</strong></span> <span class='ocrx_word' id='word_1_822' title='bbox 2941 4020 3132 4091; x_wconf 85' lang='lat' dir='ltr'><strong>dogma</strong></span> <span class='ocrx_word' id='word_1_823' title='bbox 3180 4035 3600 4076; x_wconf 87' lang='lat' dir='ltr'><strong>assumeremus.</strong></span> <span class='ocrx_word' id='word_1_824' title='bbox 3629 4021 3821 4077; x_wconf 71' lang='lat' dir='ltr'><strong>Melius</strong></span> <span class='ocrx_word' id='word_1_825' title='bbox 3849 4032 3928 4077; x_wconf 87' lang='lat' dir='ltr'><strong>est</strong></span> 
     </span>
    </p>
   </div>
   <div class='ocr_carea' id='block_1_103' title="bbox 2347 4111 3925 4182">
    <p class='ocr_par' dir='ltr' id='par_1_103' title="bbox 2347 4111 3925 4182">
     <span class='ocr_line' id='line_1_103' title="bbox 2347 4111 3925 4182; baseline 0 -17"><span class='ocrx_word' id='word_1_826' title='bbox 2347 4111 2488 4165; x_wconf 91' lang='lat' dir='ltr'><strong>enim</strong></span> <span class='ocrx_word' id='word_1_827' title='bbox 2529 4111 2665 4168; x_wconf 88' lang='lat' dir='ltr'><strong>bene</strong></span> <span class='ocrx_word' id='word_1_828' title='bbox 2715 4113 2993 4182; x_wconf 86' lang='lat' dir='ltr'><strong>ignorare,</strong></span> <span class='ocrx_word' id='word_1_829' title='bbox 3039 4128 3196 4182; x_wconf 90' lang='lat' dir='ltr'><strong>quam</strong></span> <span class='ocrx_word' id='word_1_830' title='bbox 3236 4113 3380 4168; x_wconf 91' lang='lat' dir='ltr'><strong>male</strong></span> <span class='ocrx_word' id='word_1_831' title='bbox 3414 4113 3553 4168; x_wconf 92' lang='lat' dir='ltr'><strong>scire</strong></span> <span class='ocrx_word' id='word_1_832' title='bbox 3585 4130 3597 4166; x_wconf 92' lang='lat'><strong>:</strong></span> <span class='ocrx_word' id='word_1_833' title='bbox 3632 4113 3760 4166; x_wconf 82' lang='lat' dir='ltr'><strong>illud</strong></span> <span class='ocrx_word' id='word_1_834' title='bbox 3791 4115 3925 4168; x_wconf 83' lang='lat' dir='ltr'><strong>enim</strong></span> 
     </span>
    </p>
   </div>
   <div class='ocr_carea' id='block_1_104' title="bbox 2348 4204 3930 4276">
    <p class='ocr_par' dir='ltr' id='par_1_104' title="bbox 2348 4204 3930 4276">
     <span class='ocr_line' id='line_1_104' title="bbox 2348 4204 3930 4276; baseline 0.001 -18"><span class='ocrx_word' id='word_1_835' title='bbox 2348 4204 2502 4273; x_wconf 89' lang='lat' dir='ltr'><strong>culpa</strong></span> <span class='ocrx_word' id='word_1_836' title='bbox 2527 4205 2748 4259; x_wconf 86' lang='lat' dir='ltr'><strong>liberum</strong></span> <span class='ocrx_word' id='word_1_837' title='bbox 2779 4214 2893 4272; x_wconf 89' lang='lat' dir='ltr'><strong>est,</strong></span> <span class='ocrx_word' id='word_1_838' title='bbox 2935 4205 3035 4260; x_wconf 89' lang='lat' dir='ltr'><strong>hoc</strong></span> <span class='ocrx_word' id='word_1_839' title='bbox 3065 4207 3214 4260; x_wconf 89' lang='lat' dir='ltr'><strong>venia</strong></span> <span class='ocrx_word' id='word_1_840' title='bbox 3240 4214 3405 4261; x_wconf 82' lang='lat' dir='ltr'><strong>caret.</strong></span> <span class='ocrx_word' id='word_1_841' title='bbox 3440 4205 3637 4261; x_wconf 80' lang='lat' dir='ltr'><strong>Verum</strong></span> <span class='ocrx_word' id='word_1_842' title='bbox 3671 4222 3812 4262; x_wconf 91' lang='lat' dir='ltr'><strong>nunc</strong></span> <span class='ocrx_word' id='word_1_843' title='bbox 3843 4221 3930 4276; x_wconf 75' lang='lat' dir='ltr'><strong>per</strong></span> 
     </span>
    </p>
   </div>
   <div class='ocr_carea' id='block_1_105' title="bbox 2351 4294 3927 4369">
    <p class='ocr_par' dir='ltr' id='par_1_105' title="bbox 2351 4294 3927 4369">
     <span class='ocr_line' id='line_1_105' title="bbox 2351 4294 3927 4369; baseline 0.003 -21"><span class='ocrx_word' id='word_1_844' title='bbox 2351 4294 2442 4349; x_wconf 87' lang='lat' dir='ltr'><strong>Dei</strong></span> <span class='ocrx_word' id='word_1_845' title='bbox 2471 4295 2692 4365; x_wconf 88' lang='lat' dir='ltr'><strong>gratiam</strong></span> <span class='ocrx_word' id='word_1_846' title='bbox 2738 4296 2901 4366; x_wconf 90' lang='lat' dir='ltr'><strong>liquet</strong></span> <span class='ocrx_word' id='word_1_847' title='bbox 2926 4338 2940 4360; x_wconf 91' lang='lat'><strong>,</strong></span> <span class='ocrx_word' id='word_1_848' title='bbox 2970 4296 3112 4352; x_wconf 90' lang='lat' dir='ltr'><strong>unde</strong></span> <span class='ocrx_word' id='word_1_849' title='bbox 3142 4297 3228 4352; x_wconf 92' lang='lat' dir='ltr'><strong>hic</strong></span> <span class='ocrx_word' id='word_1_850' title='bbox 3249 4297 3398 4352; x_wconf 89' lang='lat' dir='ltr'><strong>dives</strong></span> <span class='ocrx_word' id='word_1_851' title='bbox 3421 4338 3436 4364; x_wconf 85' lang='lat'><strong>,</strong></span> <span class='ocrx_word' id='word_1_852' title='bbox 3464 4298 3550 4352; x_wconf 92' lang='lat' dir='ltr'><strong>ille</strong></span> <span class='ocrx_word' id='word_1_853' title='bbox 3581 4313 3783 4369; x_wconf 89' lang='lat' dir='ltr'><strong>pauper</strong></span> <span class='ocrx_word' id='word_1_854' title='bbox 3821 4299 3885 4352; x_wconf 92' lang='lat' dir='ltr'><strong>sit</strong></span> <span class='ocrx_word' id='word_1_855' title='bbox 3915 4317 3927 4354; x_wconf 92' lang='lat'><strong>:</strong></span> 
     </span>
    </p>
   </div>
   <div class='ocr_carea' id='block_1_106' title="bbox 2352 4386 3928 4459">
    <p class='ocr_par' dir='ltr' id='par_1_106' title="bbox 2352 4386 3928 4459">
     <span class='ocr_line' id='line_1_106' title="bbox 2352 4386 3928 4459; baseline 0.004 -22"><span class='ocrx_word' id='word_1_856' title='bbox 2352 4386 2439 4440; x_wconf 85' lang='lat' dir='ltr'><strong>vel</strong></span> <span class='ocrx_word' id='word_1_857' title='bbox 2468 4387 2609 4440; x_wconf 90' lang='lat' dir='ltr'><strong>enim</strong></span> <span class='ocrx_word' id='word_1_858' title='bbox 2643 4395 2914 4457; x_wconf 87' lang='lat' dir='ltr'><strong>paternam</strong></span> <span class='ocrx_word' id='word_1_859' title='bbox 2963 4390 3182 4443; x_wconf 91' lang='lat' dir='ltr'><strong>sortitus</strong></span> <span class='ocrx_word' id='word_1_860' title='bbox 3224 4388 3605 4453; x_wconf 87' lang='lat' dir='ltr'><strong>hereditatem,</strong></span> <span class='ocrx_word' id='word_1_861' title='bbox 3643 4390 3726 4443; x_wconf 86' lang='lat' dir='ltr'><strong>vel</strong></span> <span class='ocrx_word' id='word_1_862' title='bbox 3778 4405 3928 4459; x_wconf 80' lang='lat' dir='ltr'><strong>nego-</strong></span> 
     </span>
    </p>
   </div>
   <div class='ocr_carea' id='block_1_107' title="bbox 2351 4477 3929 4545">
    <p class='ocr_par' dir='ltr' id='par_1_107' title="bbox 2351 4477 3929 4545">
     <span class='ocr_line' id='line_1_107' title="bbox 2351 4477 3929 4545; baseline 0.003 -14"><span class='ocrx_word' id='word_1_863' title='bbox 2351 4477 2575 4533; x_wconf 88' lang='lat' dir='ltr'><strong>tiatione</strong></span> <span class='ocrx_word' id='word_1_864' title='bbox 2617 4488 2670 4533; x_wconf 87' lang='lat' dir='ltr'><strong>et</strong></span> <span class='ocrx_word' id='word_1_865' title='bbox 2715 4487 3010 4534; x_wconf 83' lang='lat' dir='ltr'><strong>mercatura</strong></span> <span class='ocrx_word' id='word_1_866' title='bbox 3063 4496 3217 4545; x_wconf 89' lang='lat' dir='ltr'><strong>usus,</strong></span> <span class='ocrx_word' id='word_1_867' title='bbox 3261 4481 3346 4535; x_wconf 90' lang='lat' dir='ltr'><strong>vel</strong></span> <span class='ocrx_word' id='word_1_868' title='bbox 3376 4481 3546 4534; x_wconf 88' lang='lat' dir='ltr'><strong>aliena</strong></span> <span class='ocrx_word' id='word_1_869' title='bbox 3580 4481 3817 4545; x_wconf 82' lang='lat' dir='ltr'><strong>furatus,</strong></span> <span class='ocrx_word' id='word_1_870' title='bbox 3846 4491 3929 4535; x_wconf 80' lang='lat' dir='ltr'><strong>aut</strong></span> 
     </span>
    </p>
   </div>
   <div class='ocr_carea' id='block_1_108' title="bbox 2351 4569 3928 4642">
    <p class='ocr_par' dir='ltr' id='par_1_108' title="bbox 2351 4569 3928 4642">
     <span class='ocr_line' id='line_1_108' title="bbox 2351 4569 3928 4642; baseline 0.001 -17"><span class='ocrx_word' id='word_1_871' title='bbox 2351 4571 2535 4640; x_wconf 91' lang='lat' dir='ltr'><strong>rapina</strong></span> <span class='ocrx_word' id='word_1_872' title='bbox 2573 4569 2770 4626; x_wconf 87' lang='lat' dir='ltr'><strong>ditatus</strong></span> <span class='ocrx_word' id='word_1_873' title='bbox 2792 4613 2806 4639; x_wconf 91' lang='lat'><strong>,</strong></span> <span class='ocrx_word' id='word_1_874' title='bbox 2835 4574 2917 4627; x_wconf 87' lang='lat' dir='ltr'><strong>vel</strong></span> <span class='ocrx_word' id='word_1_875' title='bbox 2962 4573 3116 4627; x_wconf 90' lang='lat' dir='ltr'><strong>ducta</strong></span> <span class='ocrx_word' id='word_1_876' title='bbox 3146 4573 3398 4641; x_wconf 84' lang='lat' dir='ltr'><strong>cpulenta</strong></span> <span class='ocrx_word' id='word_1_877' title='bbox 3439 4588 3601 4627; x_wconf 88' lang='lat' dir='ltr'><strong>uxore</strong></span> <span class='ocrx_word' id='word_1_878' title='bbox 3621 4613 3636 4639; x_wconf 94' lang='lat'><strong>,</strong></span> <span class='ocrx_word' id='word_1_879' title='bbox 3663 4574 3747 4627; x_wconf 84' lang='lat' dir='ltr'><strong>vel</strong></span> <span class='ocrx_word' id='word_1_880' title='bbox 3793 4574 3928 4642; x_wconf 82' lang='lat' dir='ltr'><strong>agri-</strong></span> 
     </span>
    </p>
   </div>
   <div class='ocr_carea' id='block_1_109' title="bbox 2352 4661 3930 4730">
    <p class='ocr_par' dir='ltr' id='par_1_109' title="bbox 2352 4661 3930 4730">
     <span class='ocr_line' id='line_1_109' title="bbox 2352 4661 3930 4730; baseline 0.001 -14"><span class='ocrx_word' id='word_1_881' title='bbox 2352 4663 2585 4730; x_wconf 88' lang='lat' dir='ltr'><strong>cultura,</strong></span> <span class='ocrx_word' id='word_1_882' title='bbox 2617 4664 2698 4718; x_wconf 84' lang='lat' dir='ltr'><strong>vel</strong></span> <span class='ocrx_word' id='word_1_883' title='bbox 2725 4663 2980 4728; x_wconf 77' lang='lat' dir='ltr'><strong>artificio,</strong></span> <span class='ocrx_word' id='word_1_884' title='bbox 3006 4663 3087 4719; x_wconf 85' lang='lat' dir='ltr'><strong>vel</strong></span> <span class='ocrx_word' id='word_1_885' title='bbox 3109 4663 3212 4718; x_wconf 86' lang='lat' dir='ltr'><strong>alio</strong></span> <span class='ocrx_word' id='word_1_886' title='bbox 3242 4664 3403 4718; x_wconf 90' lang='lat' dir='ltr'><strong>simili</strong></span> <span class='ocrx_word' id='word_1_887' title='bbox 3429 4672 3616 4718; x_wconf 90' lang='lat' dir='ltr'><strong>auctus</strong></span> <span class='ocrx_word' id='word_1_888' title='bbox 3637 4672 3735 4716; x_wconf 92' lang='lat' dir='ltr'><strong>cst.</strong></span> <span class='ocrx_word' id='word_1_889' title='bbox 3764 4661 3930 4717; x_wconf 78' lang='lat' dir='ltr'><strong>Multa:</strong></span> 
     </span>
    </p>
   </div>
   <div class='ocr_carea' id='block_1_110' title="bbox 2352 4754 3931 4824">
    <p class='ocr_par' dir='ltr' id='par_1_110' title="bbox 2352 4754 3931 4824">
     <span class='ocr_line' id='line_1_110' title="bbox 2352 4754 3931 4824; baseline 0 -16"><span class='ocrx_word' id='word_1_890' title='bbox 2352 4755 2586 4809; x_wconf 87' lang='lat' dir='ltr'><strong>rationes</strong></span> <span class='ocrx_word' id='word_1_891' title='bbox 2614 4763 2738 4810; x_wconf 91' lang='lat' dir='ltr'><strong>sunt</strong></span> <span class='ocrx_word' id='word_1_892' title='bbox 2761 4754 2972 4809; x_wconf 87' lang='lat' dir='ltr'><strong>divitias</strong></span> <span class='ocrx_word' id='word_1_893' title='bbox 2992 4756 3362 4824; x_wconf 89' lang='lat' dir='ltr'><strong>comparandi,</strong></span> <span class='ocrx_word' id='word_1_894' title='bbox 3393 4754 3704 4824; x_wconf 73' lang='lat' dir='ltr'><strong>alimjustae,</strong></span> <span class='ocrx_word' id='word_1_895' title='bbox 3732 4755 3931 4824; x_wconf 80' lang='lat' dir='ltr'><strong>injusta:</strong></span> 
     </span>
    </p>
   </div>
   <div class='ocr_carea' id='block_1_111' title="bbox 2354 4845 3929 4917">
    <p class='ocr_par' dir='ltr' id='par_1_111' title="bbox 2354 4845 3929 4917">
     <span class='ocr_line' id='line_1_111' title="bbox 2354 4845 3929 4917; baseline 0.002 -17"><span class='ocrx_word' id='word_1_896' title='bbox 2354 4846 2490 4901; x_wconf 79' lang='lat' dir='ltr'><strong>aliae.</strong></span> <span class='ocrx_word' id='word_1_897' title='bbox 2521 4847 2721 4902; x_wconf 82' lang='lat' dir='ltr'><strong>Eadem</strong></span> <span class='ocrx_word' id='word_1_898' title='bbox 2751 4861 2960 4916; x_wconf 89' lang='lat' dir='ltr'><strong>quoque</strong></span> <span class='ocrx_word' id='word_1_899' title='bbox 2988 4845 3122 4902; x_wconf 89' lang='lat' dir='ltr'><strong>ratio</strong></span> <span class='ocrx_word' id='word_1_900' title='bbox 3163 4857 3245 4902; x_wconf 89' lang='lat' dir='ltr'><strong>est</strong></span> <span class='ocrx_word' id='word_1_901' title='bbox 3284 4849 3641 4917; x_wconf 86' lang='lat' dir='ltr'><strong>paupertatis:</strong></span> <span class='ocrx_word' id='word_1_902' title='bbox 3684 4863 3805 4901; x_wconf 89' lang='lat' dir='ltr'><strong>nam</strong></span> <span class='ocrx_word' id='word_1_903' title='bbox 3857 4849 3929 4903; x_wconf 74' lang='lat' dir='ltr'><strong>vel</strong></span> 
     </span>
    </p>
   </div>
   <div class='ocr_carea' id='block_1_112' title="bbox 2355 4937 3928 5008">
    <p class='ocr_par' dir='ltr' id='par_1_112' title="bbox 2355 4937 3928 5008">
     <span class='ocr_line' id='line_1_112' title="bbox 2355 4937 3928 5008; baseline -0.004 -16"><span class='ocrx_word' id='word_1_904' title='bbox 2355 4938 2655 5004; x_wconf 85' lang='lat' dir='ltr'><strong>ealumniis,</strong></span> <span class='ocrx_word' id='word_1_905' title='bbox 2688 4938 2770 4994; x_wconf 88' lang='lat' dir='ltr'><strong>vel</strong></span> <span class='ocrx_word' id='word_1_906' title='bbox 2793 4937 3018 4992; x_wconf 90' lang='lat' dir='ltr'><strong>aliorum</strong></span> <span class='ocrx_word' id='word_1_907' title='bbox 3047 4939 3279 5006; x_wconf 87' lang='lat' dir='ltr'><strong>rapinis,</strong></span> <span class='ocrx_word' id='word_1_908' title='bbox 3313 4938 3394 4993; x_wconf 90' lang='lat' dir='ltr'><strong>vel</strong></span> <span class='ocrx_word' id='word_1_909' title='bbox 3424 4939 3798 5008; x_wconf 86' lang='lat' dir='ltr'><strong>abliguritione</strong></span> <span class='ocrx_word' id='word_1_910' title='bbox 3819 4953 3928 5008; x_wconf 80' lang='lat' dir='ltr'><strong>pro-</strong></span> 
     </span>
    </p>
   </div>
   <div class='ocr_carea' id='block_1_113' title="bbox 2358 5028 3926 5099">
    <p class='ocr_par' dir='ltr' id='par_1_113' title="bbox 2358 5028 3926 5099">
     <span class='ocr_line' id='line_1_113' title="bbox 2358 5028 3926 5099; baseline 0.002 -18"><span class='ocrx_word' id='word_1_911' title='bbox 2358 5029 2489 5098; x_wconf 90' lang='lat' dir='ltr'><strong>pria,</strong></span> <span class='ocrx_word' id='word_1_912' title='bbox 2513 5029 2598 5083; x_wconf 85' lang='lat' dir='ltr'><strong>vel</strong></span> <span class='ocrx_word' id='word_1_913' title='bbox 2627 5030 2830 5099; x_wconf 83' lang='lat' dir='ltr'><strong>ignavia</strong></span> <span class='ocrx_word' id='word_1_914' title='bbox 2852 5069 2868 5096; x_wconf 95' lang='lat'><strong>,</strong></span> <span class='ocrx_word' id='word_1_915' title='bbox 2891 5029 2972 5083; x_wconf 90' lang='lat' dir='ltr'><strong>vel</strong></span> <span class='ocrx_word' id='word_1_916' title='bbox 2998 5029 3252 5094; x_wconf 88' lang='lat' dir='ltr'><strong>amentia,</strong></span> <span class='ocrx_word' id='word_1_917' title='bbox 3273 5040 3364 5083; x_wconf 89' lang='lat' dir='ltr'><strong>aut</strong></span> <span class='ocrx_word' id='word_1_918' title='bbox 3383 5028 3487 5082; x_wconf 86' lang='lat' dir='ltr'><strong>alio</strong></span> <span class='ocrx_word' id='word_1_919' title='bbox 3508 5030 3756 5099; x_wconf 88' lang='lat' dir='ltr'><strong>quopiam</strong></span> <span class='ocrx_word' id='word_1_920' title='bbox 3783 5030 3926 5084; x_wconf 79' lang='lat' dir='ltr'><strong>modo</strong></span> 
     </span>
    </p>
   </div>
   <div class='ocr_carea' id='block_1_114' title="bbox 2358 5122 3928 5194">
    <p class='ocr_par' dir='ltr' id='par_1_114' title="bbox 2358 5122 3928 5194">
     <span class='ocr_line' id='line_1_114' title="bbox 2358 5122 3928 5194; baseline 0.003 -20"><span class='ocrx_word' id='word_1_921' title='bbox 2358 5123 2558 5194; x_wconf 76' lang='lat' dir='ltr'><strong>(multm</strong></span> <span class='ocrx_word' id='word_1_922' title='bbox 2584 5123 2777 5193; x_wconf 83' lang='lat' dir='ltr'><strong>quippe</strong></span> <span class='ocrx_word' id='word_1_923' title='bbox 2799 5133 2921 5176; x_wconf 76' lang='lat' dir='ltr'><strong>sunt</strong></span> <span class='ocrx_word' id='word_1_924' title='bbox 2940 5122 3004 5177; x_wconf 90' lang='lat' dir='ltr'><strong>ad</strong></span> <span class='ocrx_word' id='word_1_925' title='bbox 3030 5130 3389 5192; x_wconf 86' lang='lat' dir='ltr'><strong>paupertatem</strong></span> <span class='ocrx_word' id='word_1_926' title='bbox 3416 5122 3538 5191; x_wconf 73' lang='lat' dir='ltr'><strong>vim)</strong></span> <span class='ocrx_word' id='word_1_927' title='bbox 3563 5123 3614 5175; x_wconf 92' lang='lat' dir='ltr'><strong>in</strong></span> <span class='ocrx_word' id='word_1_928' title='bbox 3653 5132 3928 5191; x_wconf 78' lang='lat' dir='ltr'><strong>egestatem</strong></span> 
     </span>
    </p>
   </div>
   <div class='ocr_carea' id='block_1_115' title="bbox 2359 5205 3925 5276">
    <p class='ocr_par' dir='ltr' id='par_1_115' title="bbox 2359 5205 3925 5276">
     <span class='ocr_line' id='line_1_115' title="bbox 2359 5205 3925 5276; baseline 0.001 -16"><span class='ocrx_word' id='word_1_929' title='bbox 2359 5205 2651 5260; x_wconf 91' lang='lat' dir='ltr'><strong>devenitur.</strong></span> <span class='ocrx_word' id='word_1_930' title='bbox 2685 5208 2752 5260; x_wconf 81' lang='lat' dir='ltr'><strong>At</strong></span> <span class='ocrx_word' id='word_1_931' title='bbox 2779 5222 2881 5275; x_wconf 88' lang='lat' dir='ltr'><strong>qua</strong></span> <span class='ocrx_word' id='word_1_932' title='bbox 2911 5207 2976 5262; x_wconf 88' lang='lat' dir='ltr'><strong>de</strong></span> <span class='ocrx_word' id='word_1_933' title='bbox 3004 5223 3160 5261; x_wconf 87' lang='lat' dir='ltr'><strong>causa</strong></span> <span class='ocrx_word' id='word_1_934' title='bbox 3187 5248 3202 5274; x_wconf 94' lang='lat'><strong>,</strong></span> <span class='ocrx_word' id='word_1_935' title='bbox 3249 5208 3458 5276; x_wconf 83' lang='lat' dir='ltr'><strong>inquies</strong></span> <span class='ocrx_word' id='word_1_936' title='bbox 3479 5246 3493 5270; x_wconf 92' lang='lat'><strong>,</strong></span> <span class='ocrx_word' id='word_1_937' title='bbox 3529 5207 3620 5261; x_wconf 91' lang='lat' dir='ltr'><strong>ille</strong></span> <span class='ocrx_word' id='word_1_938' title='bbox 3646 5208 3734 5276; x_wconf 88' lang='lat' dir='ltr'><strong>qui</strong></span> <span class='ocrx_word' id='word_1_939' title='bbox 3764 5223 3925 5262; x_wconf 87' lang='lat' dir='ltr'><strong>mere-</strong></span> 
     </span>
    </p>
   </div>
   <div class='ocr_carea' id='block_1_116' title="bbox 2359 5297 3926 5369">
    <p class='ocr_par' dir='ltr' id='par_1_116' title="bbox 2359 5297 3926 5369">
     <span class='ocr_line' id='line_1_116' title="bbox 2359 5297 3926 5369; baseline 0 -18"><span class='ocrx_word' id='word_1_940' title='bbox 2359 5297 2519 5352; x_wconf 91' lang='lat' dir='ltr'><strong>trices</strong></span> <span class='ocrx_word' id='word_1_941' title='bbox 2564 5299 2686 5366; x_wconf 90' lang='lat' dir='ltr'><strong>alit,</strong></span> <span class='ocrx_word' id='word_1_942' title='bbox 2727 5307 2782 5352; x_wconf 91' lang='lat' dir='ltr'><strong>et</strong></span> <span class='ocrx_word' id='word_1_943' title='bbox 2828 5299 3085 5369; x_wconf 87' lang='lat' dir='ltr'><strong>parasitos</strong></span> <span class='ocrx_word' id='word_1_944' title='bbox 3111 5308 3167 5353; x_wconf 91' lang='lat' dir='ltr'><strong>et</strong></span> <span class='ocrx_word' id='word_1_945' title='bbox 3194 5297 3526 5364; x_wconf 88' lang='lat' dir='ltr'><strong>adulatores,</strong></span> <span class='ocrx_word' id='word_1_946' title='bbox 3557 5306 3606 5352; x_wconf 90' lang='lat' dir='ltr'><strong>et</strong></span> <span class='ocrx_word' id='word_1_947' title='bbox 3635 5299 3724 5368; x_wconf 90' lang='lat' dir='ltr'><strong>qui</strong></span> <span class='ocrx_word' id='word_1_948' title='bbox 3757 5299 3926 5353; x_wconf 82' lang='lat' dir='ltr'><strong>alienis</strong></span> 
     </span>
    </p>
   </div>
   <div class='ocr_carea' id='block_1_117' title="bbox 2425 5522 3924 5595">
    <p class='ocr_par' dir='ltr' id='par_1_117' title="bbox 2425 5522 3924 5595">
     <span class='ocr_line' id='line_1_117' title="bbox 2425 5522 3924 5595; baseline -0.001 -22"><span class='ocrx_word' id='word_1_949' title='bbox 2425 5526 2442 5558; x_wconf 76' lang='grc' dir='ltr'>ι</span> <span class='ocrx_word' id='word_1_950' title='bbox 2475 5532 2586 5595; x_wconf 66' lang='lat' dir='ltr'><strong>“rec</strong></span> <span class='ocrx_word' id='word_1_951' title='bbox 2607 5522 2702 5593; x_wconf 76' lang='lat' dir='ltr'><strong>alio</strong></span> <span class='ocrx_word' id='word_1_952' title='bbox 2903 5525 3218 5595; x_wconf 59' lang='lat' dir='ltr'><strong>leguntunln</strong></span> <span class='ocrx_word' id='word_1_953' title='bbox 3251 5532 3434 5595; x_wconf 58' lang='lat' dir='ltr'><strong>gqanne</strong></span> <span class='ocrx_word' id='word_1_954' title='bbox 3462 5523 3728 5595; x_wconf 68' lang='lat' dir='ltr'><strong>qheeoqui</strong></span> <span class='ocrx_word' id='word_1_955' title='bbox 3753 5522 3924 5595; x_wconf 58' lang='lat' dir='ltr'><strong>sicha-</strong></span> 
     </span>
    </p>
   </div>
   <div class='ocr_carea' id='block_1_118' title="bbox 2359 5584 3922 5650">
    <p class='ocr_par' dir='ltr' id='par_1_118' title="bbox 2359 5584 3922 5650">
     <span class='ocr_line' id='line_1_118' title="bbox 2359 5584 3922 5650; baseline -0.003 -12"><span class='ocrx_word' id='word_1_956' title='bbox 2359 5589 2478 5650; x_wconf 86' lang='lat' dir='ltr'><strong>bet:</strong></span> <span class='ocrx_word' id='word_1_957' title='bbox 2505 5586 2554 5650; x_wconf 64' lang='lat' dir='ltr'><strong>si</strong></span> <span class='ocrx_word' id='word_1_958' title='bbox 2575 5585 2703 5636; x_wconf 80' lang='lat' dir='ltr'><strong>enim</strong></span> <span class='ocrx_word' id='word_1_959' title='bbox 2725 5586 2806 5637; x_wconf 79' lang='lat' dir='ltr'><strong>ille</strong></span> <span class='ocrx_word' id='word_1_960' title='bbox 2829 5588 2932 5639; x_wconf 66' lang='lat' dir='ltr'><strong>haec</strong></span> <span class='ocrx_word' id='word_1_961' title='bbox 2953 5584 3043 5638; x_wconf 66' lang='lat' dir='ltr'><strong>rion</strong></span> <span class='ocrx_word' id='word_1_962' title='bbox 3061 5587 3190 5650; x_wconf 74' lang='lat' dir='ltr'><strong>fecit.</strong></span> <span class='ocrx_word' id='word_1_963' title='bbox 3224 5587 3332 5650; x_wconf 73' lang='lat' dir='ltr'><strong>ride</strong></span> <span class='ocrx_word' id='word_1_964' title='bbox 3357 5599 3451 5645; x_wconf 84' lang='lat' dir='ltr'><strong>quo</strong></span> <span class='ocrx_word' id='word_1_965' title='bbox 3472 5584 3734 5650; x_wconf 69' lang='lat' dir='ltr'><strong>impietatis</strong></span> <span class='ocrx_word' id='word_1_966' title='bbox 3757 5597 3814 5632; x_wconf 84' lang='lat' dir='ltr'><strong>ac</strong></span> <span class='ocrx_word' id='word_1_967' title='bbox 3832 5584 3922 5634; x_wconf 81' lang='lat' dir='ltr'><strong>bla-</strong></span> 
     </span>
    </p>
   </div>
   <div class='ocr_carea' id='block_1_119' title="bbox 2358 5647 3924 5719">
    <p class='ocr_par' dir='ltr' id='par_1_119' title="bbox 2358 5647 3924 5719">
     <span class='ocr_line' id='line_1_119' title="bbox 2358 5647 3924 5719; baseline -0.003 -18"><span class='ocrx_word' id='word_1_968' title='bbox 2358 5649 2590 5719; x_wconf 56' lang='lat' dir='ltr'><strong>sphenﬁtz</strong></span> <span class='ocrx_word' id='word_1_969' title='bbox 2611 5650 2839 5719; x_wconf 65' lang='lat' dir='ltr'><strong>procedat</strong></span> <span class='ocrx_word' id='word_1_970' title='bbox 2857 5653 3032 5719; x_wconf 73' lang='lat' dir='ltr'><strong>oratio.</strong></span> <span class='ocrx_word' id='word_1_971' title='bbox 3058 5647 3137 5719; x_wconf 62' lang='lat' dir='ltr'><strong>Sin</strong></span> <span class='ocrx_word' id='word_1_972' title='bbox 3152 5649 3338 5712; x_wconf 74' lang='lat' dir='ltr'><strong>fecerit,</strong></span> <span class='ocrx_word' id='word_1_973' title='bbox 3362 5656 3408 5700; x_wconf 79' lang='lat' dir='ltr'><strong>et</strong></span> <span class='ocrx_word' id='word_1_974' title='bbox 3427 5647 3687 5719; x_wconf 51' lang='lat' dir='ltr'><strong>qum&#39;factg</strong></span> <span class='ocrx_word' id='word_1_975' title='bbox 3705 5655 3833 5719; x_wconf 78' lang='lat' dir='ltr'><strong>_sunl</strong></span> <span class='ocrx_word' id='word_1_976' title='bbox 3853 5660 3924 5696; x_wconf 77' lang='lat' dir='ltr'><strong>ne-</strong></span> 
     </span>
    </p>
   </div>
   <div class='ocr_carea' id='block_1_120' title="bbox 2357 5711 3922 5776">
    <p class='ocr_par' dir='ltr' id='par_1_120' title="bbox 2357 5711 3922 5776">
     <span class='ocr_line' id='line_1_120' title="bbox 2357 5711 3922 5776; baseline -0.002 -13"><span class='ocrx_word' id='word_1_977' title='bbox 2357 5711 2526 5775; x_wconf 77' lang='lat' dir='ltr'><strong>gligat,</strong></span> <span class='ocrx_word' id='word_1_978' title='bbox 2550 5711 2642 5764; x_wconf 75' lang='lat' dir='ltr'><strong>non</strong></span> <span class='ocrx_word' id='word_1_979' title='bbox 2665 5713 2820 5765; x_wconf 79' lang='lat' dir='ltr'><strong>minor</strong></span> <span class='ocrx_word' id='word_1_980' title='bbox 2849 5713 3022 5765; x_wconf 81' lang='lat' dir='ltr'><strong>iterum</strong></span> <span class='ocrx_word' id='word_1_981' title='bbox 3056 5712 3161 5766; x_wconf 75' lang='lat' dir='ltr'><strong>lucc</strong></span> <span class='ocrx_word' id='word_1_982' title='bbox 3187 5719 3276 5776; x_wconf 82' lang='lat' dir='ltr'><strong>est,</strong></span> <span class='ocrx_word' id='word_1_983' title='bbox 3298 5725 3444 5775; x_wconf 78' lang='lat' dir='ltr'><strong>qm</strong></span> <span class='ocrx_word' id='word_1_984' title='bbox 3465 5711 3599 5775; x_wconf 80' lang='lat' dir='ltr'><strong>prior</strong></span> <span class='ocrx_word' id='word_1_985' title='bbox 3643 5711 3737 5774; x_wconf 69' lang='lat' dir='ltr'><strong>fuit</strong></span> <span class='ocrx_word' id='word_1_986' title='bbox 3781 5724 3922 5771; x_wconf 71' lang='lat' dir='ltr'><strong>reprc-</strong></span> 
     </span>
    </p>
   </div>
  </div>
