4220 6306
261 405 367 460 769

268 519 657 569 nocumentum
685 515 858 577 aﬂert.
882 513 972 584 qui
1000 511 1240 584 frigidam
1270 510 1408 564 hanc
1431 518 1484 562 ct
1513 509 1745 562 solutam
1772 505 1870 560 du-

268 608 343 662 cit
369 607 535 663 vitam
557 649 574 672 ,
615 606 828 661 divitias
878 605 1040 659 habet
1078 618 1178 658 ceu
1205 617 1271 655 ex
1298 600 1531 655 fontibus
1556 598 1873 662 afﬂuentes;

270 700 412 753 alius
458 708 640 753 autem
682 697 1030 767 'mquitatem,
1079 694 1526 761 temperantiam,
1577 692 1873 760 justitiam,

269 797 609 851 exterasque
645 788 829 842 colens
851 787 1110 852 virtutes,
1157 802 1225 839 ne
1251 785 1468 853 quidem
1514 784 1873 838 necessarium

268 883 468 937 vietum
489 879 689 934 habet?
705 880 847 949 quod
866 879 951 933 hic
967 879 1138 933 bonus
1159 878 1228 931 sit
1246 889 1301 931 et
1325 876 1644 931 laboriosam
1660 876 1819 929 virtu‘
1830 876 1876 930 is

268 972 496 1042 elegerit
524 971 664 1024 viam
693 1012 707 1033 ,
738 971 825 1024 hic
851 981 1030 1023 autem
1066 968 1342 1037 improbus
1361 1007 1378 1032 ,
1429 979 1494 1020 ac
1540 965 1872 1020 difﬂuentem

264 1062 700 1130 dissolutamque
751 1060 1004 1131 nequitia:
1047 1061 1187 1112 viam
1234 1059 1529 1128 susceperit
1556 1057 1714 1112 ?Cur
1741 1072 1871 1126 ergo

265 1151 550 1222 improbus
572 1152 664 1206 ille
684 1151 918 1216 ditescit,
942 1149 1030 1204 hic
1055 1164 1186 1203 vero
1210 1149 1409 1218 probus
1435 1162 1638 1218 pauper
1660 1147 1780 1202 est?
1803 1146 1874 1202 Ut

263 1249 323 1295 ct
347 1243 438 1296 hic
465 1241 723 1310 majorem
751 1242 977 1308 accipiat
996 1255 1253 1295 coronam
1277 1281 1293 1306 ,
1321 1239 1366 1294 si
1398 1240 1498 1293 ista
1524 1239 1756 1308 perferat
1775 1278 1792 1304 ,
1817 1248 1873 1292 et

259 1337 528 1407 patientia
559 1346 770 1398 utatur;
825 1336 917 1390 ille
954 1349 1083 1389 vero
1129 1335 1305 1403 majus
1352 1333 1668 1403 supplicium
1711 1343 1872 1402 atque

265 1440 515 1495 poenam,
544 1425 644 1479 nisi
677 1425 838 1478 vitam
865 1424 1152 1478 mutaverit
1171 1465 1187 1489 ,
1207 1423 1310 1478 nisi
1338 1423 1529 1477 melior
1555 1422 1734 1476 fuerit.
1767 1424 1870 1476 nisi

266 1517 557 1571 Dominum
600 1530 758 1570 suum
798 1515 1093 1584 agnoverit.
1151 1512 1344 1568 Dilatio
1373 1514 1517 1567 enim
1555 1527 1585 1566 a
1619 1513 1727 1566 Deo
1747 1512 1869 1566 data

265 1623 369 1662 eos
387 1607 480 1677 qui
509 1607 562 1661 in
595 1607 830 1676 nequitia
877 1615 1130 1672 manent,
1177 1604 1346 1674 magis
1379 1603 1660 1674 deprimit,
1711 1610 1870 1671 atque

260 1714 448 1754 rerum
489 1699 640 1768 copia
662 1739 678 1760 ,
711 1697 776 1752 iis
801 1698 924 1751 data
947 1737 963 1761 ,
993 1690 1082 1765 qui
1115 1696 1202 1749 illa
1236 1704 1293 1748 ut
1323 1709 1417 1763 par
1460 1706 1546 1748 est
1573 1709 1678 1747 non
1709 1705 1868 1746 utun-

258 1798 380 1856 tur,
399 1789 638 1845 accessio
656 1788 828 1856 culpa:
855 1785 1107 1840 efﬁcitur.
1140 1785 1230 1840 Sic
1257 1793 1314 1839 et
1337 1799 1591 1839 seruntnte
1616 1792 1671 1838 et
1695 1797 1866 1851 angu-

258 1887 383 1933 stue
410 1877 700 1948 proborum
730 1886 854 1930 sunt
879 1889 1201 1931 coronarum
1231 1874 1472 1928 accessio
1490 1915 1505 1939 ,
1535 1872 1745 1928 etiamsi
1776 1872 1867 1925 itf-

262 1966 478 2023 tesdum
519 1968 789 2023 labantur.
814 1965 1122 2021 'Mediocris
1173 1964 1335 2035 igitur
1384 1974 1468 2019 est
1508 1963 1703 2019 venia:
1755 1979 1863 2019 non

256 2059 408 2113 enim
453 2057 770 2127 simpliciter
806 2067 1028 2127 peccata
1070 2055 1413 2126 judicantur.
1445 2056 1541 2110 sed
1568 2054 1676 2108 alio
1701 2054 1863 2108 modo

201 2141 212 2148 ’
254 2149 448 2218 dives,
491 2151 600 2205 alio
643 2165 846 2221 pauper
875 2165 890 2201 :
918 2148 1007 2203 hic
1033 2164 1157 2204 cum
1181 2151 1368 2214 venia,
1397 2147 1488 2202 ille
1539 2146 1659 2201 sine
1686 2147 1862 2202 venia.

264 2239 514 2310 Exempli
536 2255 721 2305 causa,
740 2241 809 2295 sit
836 2239 922 2294 fur
943 2248 1002 2295 et
1026 2238 1337 2294 ambitiosus
1355 2279 1370 2302 ,
1401 2248 1515 2292 tum
1542 2238 1694 2292 dives
1710 2278 1727 2300 .
1751 2247 1862 2291 tum

252 2343 460 2400 pauper
488 2349 502 2385 :
536 2330 628 2385 hic
645 2331 892 2400 quamvis
917 2329 1167 2400 frigidum
1191 2370 1208 2396 ,
1238 2329 1399 2384 habet
1428 2338 1607 2383 tamen
1643 2326 1860 2397 aliquod

252 2419 557 2490 perfugium
584 2421 916 2490 paupertatis
933 2423 1344 2484 necessitatem;
1377 2419 1468 2474 ille
1495 2434 1626 2474 vero
1655 2418 1857 2474 nullum

250 2511 418 2566 habet
440 2511 718 2581 probabile
744 2500 1077 2582 pérfugium':
1109 2512 1289 2580 itaque
1308 2519 1508 2580 quanto
1531 2510 1753 2565 inferior
1774 2519 1860 2565 est

249 2615 458 2670 pauper
482 2600 536 2654 in
568 2603 820 2671 praesenti
841 2602 984 2665 vita,
1018 2611 1168 2656 tanto
1193 2601 1440 2670 superior
1465 2609 1550 2654 est
1574 2603 1627 2654 in
1677 2599 1854 2655 futura

241 2690 426 2762 quoad
475 2691 619 2747 bona
664 2706 826 2761 opera
852 2733 869 2758 ,
911 2691 1063 2747 dives
1091 2705 1220 2746 vero
1245 2700 1502 2760 quantum
1531 2689 1600 2745 ad
1629 2688 1847 2744 delicta.

1385 391 1473 446 DE
1512 389 1693 446 FATO
1727 389 1810 445 ET
1850 390 2334 447 PliOVlDENTIA.
2379 389 2467 446 γι.

3481 381 3588 439 ΠΟ

1987 505 2064 560 Ne
2090 506 2268 574 itaque
2298 513 2454 574 putes
2481 503 2562 557 vel
2589 501 2834 570 injuriam
2858 499 2964 570 pati
2987 513 3276 570 pauperem
3297 540 3315 564 ,
3339 497 3419 554 vel
3446 511 3583 569 pne-

1989 607 2134 651 stare
2161 597 2403 650 divitem.
2436 592 2898 663 Quemadmodum
2947 594 3003 648 in
3057 593 3247 656 malis,
3274 593 3367 664 qui
3397 607 3585 662 pinnas

1985 688 2073 745 hic
2095 689 2435 758 persolvunt,
2456 688 2541 741 vel
2566 696 2734 740 totum
2760 685 3049 740 abluerunt
3063 726 3079 752 ,
3101 684 3187 739 vel
3213 685 3451 740 minores
3475 685 3586 741 illic

1985 795 2172 851 piratas
2199 780 2422 846 dabunt,
2454 789 2636 850 utpote
2660 780 2751 848 qui
2776 776 2862 831 hic
2888 792 3111 847 magnas
3134 776 3469 831 calamitates
3488 793 3585 830 suo

1981 872 2307 926 stinnerint:
2335 871 2414 926 sic
2437 879 2494 925 et
2534 870 2588 923 in
2618 869 2804 934 bonis,
2833 868 2921 938 qui
2956 867 3042 922 hic
3071 867 3365 922 honoribus
3392 865 3585 922 fruun-

1980 973 2086 1028 tur,
2117 972 2172 1018 et
2198 963 2249 1017 in
2278 963 2510 1032 nequitia
2539 970 2903 1031 perseverant,
2923 959 3182 1014 honorem
3200 974 3298 1013 ceu
3329 957 3583 1013 viaticum

1981 1054 2180 1110 habent
2204 1054 2271 1108 ad
2298 1039 2642 1124 supplicium.
2669 1051 2802 1107 Vide
2829 1052 2988 1120 igitur
3009 1050 3280 1119 quomodo
3308 1050 3449 1105 Deus
3473 1066 3584 1104 ma-

1978 1146 2046 1202 lis
2074 1146 2208 1201 istos
2230 1145 2466 1200 honores
2489 1143 2780 1214 esprobret
2813 1160 2826 1196 :
2851 1140 3008 1196 Dedit
3037 1141 3148 1208 tibi,
3173 1140 3364 1211 inquit,
3385 1141 3602 1213 omnia,

1977 1253 2092 1307 quor
2119 1235 2328 1291 Domini
2368 1237 2443 1291 tui
2474 1235 2552 1307 (Ξ.
2583 1234 2714 1304 Reg.
2748 1235 2834 1289 η.
2855 1235 2946 1302 8):
2974 1242 3030 1288 et
3056 1247 3264 1298 rursus,
3288 1232 3584 1288 sacerdoti-

1977 1329 2078 1383 bus
2103 1338 2347 1398 tempore
2394 1327 2511 1383 Heli
2541 1326 2802 1382 honorem
2829 1327 2910 1395 (l.
2939 1324 3066 1394 Reg.
3090 1324 3144 1377 2.
3177 1323 3274 1394 28)
3303 1341 3317 1376 :
3343 1332 3398 1378 et
3417 1323 3581 1380 alibi:

1977 1420 2112 1474 Dedi
2135 1421 2274 1475 vobis
2302 1437 2365 1474 et:
2391 1417 2780 1474 adolescentulis
2804 1418 2986 1471 vestris
3005 1417 3060 1470 in
3097 1416 3376 1487 prophetas
3399 1457 3416 1476 .
3437 1427 3490 1469 et
3517 1432 3582 1470 ea:

1975 1512 2100 1582 ﬁliis
2139 1512 2317 1566 vestris
2355 1512 2410 1564 in
2457 1506 2913 1579 sanctiﬁcationem
2942 1507 3122 1579 (Amos
3169 1508 3226 1561 2.
3252 1509 3342 1570 ll)
3374 1525 3388 1561 :
3419 1515 3475 1560 et
3515 1521 3581 1562 ea

1972 1620 2093 1674 quae
2124 1605 2176 1657 in
2214 1603 2501 1658 solitudine
2532 1602 2667 1658 facta
2694 1610 2838 1666 sunt,
2871 1601 3067 1671 ubique
3092 1601 3360 1671 proponit.
3395 1600 3580 1670 itaque

1973 1695 2188 1764 quando
2218 1695 2415 1749 videris
2435 1693 2657 1747 divitem
2691 1692 3006 1762 injuriosum
3031 1732 3046 1756 ,
3078 1691 3460 1764 ambitiosum,
3493 1706 3580 1744 ra-

1975 1765 2204 1854 ptorem,
2234 1785 2356 1839 ideo
2377 1785 2529 1839 illum
2559 1783 2793 1837 maxime
2817 1782 3068 1851 deplora,
3101 1781 3222 1851 quia
3252 1781 3406 1835 dives
3449 1796 3574 1836 eum

1971 1877 2060 1940 sit,
2091 1876 2206 1930 ha-c
2231 1876 2390 1929 facit:
2414 1874 2645 1944 majores
2678 1873 2826 1928 enim
2855 1886 3044 1942 pinnas
3066 1872 3234 1926 dabit.
3265 1871 3402 1926 Cum
3427 1871 3578 1927 vide-

1972 1967 2047 2020 ris
2088 1980 2385 2035 pauperem
2437 1964 2664 2020 multam
2707 1963 2930 2032 iustitiae
2966 1977 3153 2018 curam
3184 1961 3384 2018 habere
3406 2001 3424 2027 ,
3454 1963 3576 2017 ideo

1971 2057 2206 2112 maxime
2244 2056 2396 2111 illum
2444 2055 2746 2121 admirare,
2773 2053 2917 2125 quod
2959 2068 3082 2108 cum
3112 2063 3425 2123 paupertate
3451 2054 3577 2109 talis

1969 2149 2062 2203 sit.
2102 2147 2159 2202 Si
2206 2147 2323 2204 haec
2369 2149 2510 2217 apud
2560 2155 2616 2201 te
2662 2154 2911 2201 accurate
2949 2145 3241 2200 constituta
3284 2158 3571 2214 maneant,

1973 2253 2265 2310 numquam
2307 2237 2384 2294 de
2421 2240 2584 2292 rebus
2611 2252 2734 2307 quze
2760 2245 3022 2307 geruntur
3049 2236 3353 2292 turbaberis
3376 2279 3391 2300 ,
3431 2237 3476 2293 si
3515 2240 3570 2294 in

1969 2327 2145 2382 futura
2176 2328 2430 2398 respicias
2489 2327 2535 2383 si
2561 2327 2829 2397 prescntia
2861 2325 2992 2382 nihil
3031 2341 3153 2382 esse
3190 2330 3458 2396 putaveris
3479 2368 3494 2392 ,
3525 2329 3570 2382 si

1966 2418 2054 2472 illa
2078 2433 2292 2487 semper
2316 2418 2617 2486 speraveris
2637 2457 2652 2481 ,
2680 2419 2725 2472 si
2752 2419 2821 2473 ab
2853 2419 2938 2473 bis
2965 2429 3019 2474 te
3061 2434 3279 2488 semper
3319 2435 3574 2490 segrega-

1965 2507 2128 2562 veris.
2161 2506 2376 2564 Utinam
2421 2521 2524 2562 nos
2549 2506 2689 2563 bona
2716 2508 2898 2562 omnia
2943 2523 3361 2579 consequamur,
3399 2514 3572 2580 gratia
3672 2527 3677 2532 ’

1963 2598 2183 2656 Christi.
2207 2602 2403 2656 Amen.

1626 2904 1786 2986 DE
1832 2863 2182 3005 FATO,

1480 3081 1620 3125 SIVE
1662 3079 1916 3124 CONTRA
1958 3080 2335 3124 INGLUVIEM.

1748 3216 2056 3279 «nos

886 3365 1081 3406 οιιτιο
1116 3365 1190 3404 γι.

309 3443 558 3512 Crapatla
580 3439 1206 3496 ntalem—Comedamus
1225 3449 1272 3494 et
1287 3439 1514 3494 bibamus
1536 3455 1554 3493 :
1580 3454 1695 3493 cras
1713 3438 1848 3493 enim

237 3538 525 3591 moriemur
547 3533 718 3606 (Iani.
739 3535 830 3589 ‘32.
865 3534 990 3604 15).
1019 3532 1400 3602 prephetarnm
1425 3542 1667 3601 tempore
1695 3530 1848 3585 tnulti

166 3641 188 3648 ·’
234 3628 384 3698 apud
408 3626 626 3682 Iudaeos
652 3627 917 3680 dicebant.
944 3623 1050 3679 Sed
1087 3623 1302 3678 Judaeos
1332 3621 1435 3676 hoc
1460 3621 1661 3686 dicere,
1704 3621 1847 3687 Quo-

233 3735 356 3772 rum
377 3719 503 3772 deus
526 3727 695 3772 venter
721 3726 814 3780 est,
846 3726 896 3771 et
917 3717 1083 3786 gloria
1111 3716 1164 3766 in
1186 3713 1483 3782 confusione
1501 3728 1674 3765 eorum
1698 3709 1846 3781 (Phi-

235 3808 374 3880 lipp.
405 3809 460 3866 5.
488 3806 558 3863 19
586 3806 628 3878 ).
663 3807 798 3860 nihil
821 3809 1012 3860 mirum
1044 3822 1059 3860 ε
1089 3805 1231 3875 quod
1256 3813 1434 3858 autem
1459 3816 1578 3874 post
1597 3803 1845 3873 gratiam,

234 3911 367 3971 post
388 3900 736 3970 pra-sentium
776 3914 954 3953 rerum
985 3897 1319 3966 despectum,
1344 3905 1462 3964 post
1491 3904 1690 3949 tantam
1724 3907 1848 3961 per-

234 3992 530 4046 fectionem
571 3991 1014 4060 diligentiamque
1061 3999 1389 4058 susceptam,
1418 3986 1633 4056 quidam
1674 3985 1850 4039 adhuc

229 4082 370 4147 sint,
394 4085 484 4151 qui
511 4083 613 4135 etsi
639 4083 753 4136 iure
779 4082 940 4134 verba
967 4080 1184 4149 quidem
1225 4095 1339 4150 non
1357 4083 1660 4148 proferant,
1707 4079 1848 4132 idem

233 4173 420 4242 ipsum
452 4172 706 4240 Operibus
761 4173 1016 4239 clament,
1063 4183 1260 4240 quanta
1302 4172 1429 4226 illud
1469 4171 1846 4225 criminatione

231 4266 462 4335 dignum
496 4265 622 4319 est?
671 4265 807 4321 Sunt
851 4266 1015 4330 enim,
1044 4275 1169 4320 sunt
1197 4281 1402 4328 revera,
1443 4265 1530 4334 qui
1577 4279 1636 4318 se
1663 4271 1850 4333 putent

193 4382 196 4384 ν
233 4356 366 4411 ideo
411 4357 463 4410 in
506 4355 645 4411 hanc
689 4358 938 4411 inductos
975 4357 1158 4418 vitam,
1189 4367 1247 4411 ut
1282 4357 1485 4411 deliciis
1521 4356 1843 4419 difﬂuentes,

235 4458 484 4504 ventrem
524 4449 919 4518 disrumpentes
968 4463 1270 4518 corpusque
1315 4448 1738 4516 impinguantes,
1769 4445 1849 4498 sic

232 4542 469 4602 abeant,
501 4541 672 4595 lautas
727 4541 996 4596 vermibus
1038 4539 1373 4610 propriarum
1399 4539 1638 4594 carnium
1662 4539 1848 4606 epulas

234 4639 514 4701 parantes.
545 4635 725 4702 Atque
770 4632 970 4685 utinam
1017 4631 1066 4684 id
1120 4646 1282 4685 unum
1331 4639 1474 4685 esset
1511 4630 1657 4693 mali,
1701 4629 1844 4699 quod

232 4722 438 4776 frustra
468 4729 524 4775 et
574 4723 841 4776 incassmu
883 4723 1168 4791 praasentia
1220 4723 1559 4775 insumerent
1591 4737 1603 4772 :
1631 4721 1846 4776 tametsi

229 4820 294 4868 et
344 4811 448 4866 hoc
476 4827 687 4882 quoque
734 4826 840 4866 non
894 4811 1312 4881 rept‘ebensione
1360 4822 1415 4864 et
1461 4811 1619 4881 culpa
1666 4823 1841 4867 vacet.

232 4903 470 4970 Quando
516 4907 663 4958 enim
693 4903 946 4972 pecunias
971 4917 1000 4956 a
1032 4903 1142 4957 Deo
1173 4904 1325 4956 nobis
1354 4903 1420 4956 ad
1459 4905 1701 4972 corporis
1743 4906 1843 4959 ali-

233 5004 506 5056 mentum,
534 5002 590 5047 et
613 4993 681 5046 ad
703 5008 993 5062 egenorum
1041 4993 1335 5047 subsidium
1383 4993 1554 5058 datas,
1585 4996 1636 5047 in
1684 4996 1842 5049 luxu-

231 5087 399 5149 riam,
471 5085 851 5139 c0ntumeliam
905 5093 962 5138 et
994 5094 1290 5140 extremam
1352 5087 1650 5142 socordiam
1692 5091 1836 5143 insu-

231 5175 463 5239 mimus,
495 5174 800 5243 hujusmodi
827 5177 1150 5246 nequissima
1183 5179 1420 5243 impensa
1462 5195 1565 5232 non
1590 5196 1618 5232 a
1641 5184 1843 5252 suppli-

226 5267 326 5322 cio
346 5267 600 5321 immunis
649 5268 771 5331 erit,
813 5267 906 5324 sed
942 5267 1164 5321 omnino
1204 5269 1466 5323 rationem
1507 5271 1841 5330 reddemus:

233 5357 496 5428 quodque
527 5358 596 5413 de
624 5359 860 5428 quinque
876 5359 1111 5426 talentis,
1137 5360 1205 5414 de
1223 5359 1433 5415 duobus
1460 5372 1512 5415 et
1538 5362 1606 5417 de
1629 5379 1735 5417 uno
1754 5366 1839 5418 di-

226 5461 385 5508 ctum
412 5458 495 5506 est
523 5451 735 5522 (lculi.
758 5451 848 5508 25.
885 5454 996 5523 15),
1015 5452 1085 5508 de
1116 5453 1316 5508 divitiis
1334 5455 1506 5525 deque
1527 5459 1646 5510 aliis
1667 5459 1839 5512 onmi-

228 5545 339 5600 bus
358 5552 442 5598 est
467 5543 774 5599 dicendum.
799 5545 867 5600 Ut
895 5543 1073 5614 itaque
1097 5545 1363 5612 dicebam,
1379 5549 1424 5602 si
1451 5557 1652 5604 temere
1674 5561 1725 5605 et
1759 5552 1840 5605 in-

232 5650 451 5690 cassum
482 5635 798 5701 vixerimus,
842 5651 949 5689 non
977 5653 1005 5689 a
1031 5635 1238 5690 ratione
1276 5637 1544 5693 reddenda
1587 5643 1837 5696 immunis

238 5731 355 5784 erit
390 5725 508 5781 talis
533 5726 722 5797 agendi
749 5729 887 5780 ratio
919 5745 930 5779 :
962 5742 1102 5780 nunc
1130 5730 1290 5782 etiam
1336 5741 1528 5800 prasler
1566 5733 1691 5786 illud
1733 5736 1834 5789 alia

233 5833 456 5891 quoque
480 5820 610 5876 ultio
637 5820 828 5875 aderit.
863 5819 990 5873 Nam
1020 5822 1108 5891 qui
1131 5822 1182 5904 in
1203 5823 1406 5878 deliciis
1434 5827 1560 5880 vivit
1581 5837 1634 5882 et
1661 5827 1834 5883 ebrie-

1962 3346 2058 3402 tati
2086 3346 2343 3417 indulget,
2370 3348 2458 3417 qui
2492 3352 2751 3419 parasitos
2778 3361 2833 3406 et
2859 3353 3171 3411 adulatores
3190 3356 3304 3423 alit,
3333 3360 3422 3430 qui
3444 3361 3568 3415 cibo

1950 3446 2183 3508 potuque
2204 3438 2572 3508 disrumpitur,
2590 3456 2753 3511 saape,
2773 3442 3064 3510 velitnolit,
3084 3461 3306 3515 peccare
3341 3465 3566 3507 necesse

1950 3538 2056 3593 est,
2083 3539 2137 3583 et
2163 3545 2270 3600 quo
2313 3539 2558 3602 tempore
2606 3533 2659 3586 in
2708 3536 2956 3603 praesenti
3007 3538 3126 3592 loco
3164 3550 3407 3595 versatur
3437 3543 3477 3606 ί,
3510 3556 3564 3598 et
3600 3577 3602 3579 ›

1951 3619 2166 3688 quando
2187 3621 2253 3674 ad
2283 3621 2445 3676 alium
2469 3624 2887 3695 transmigravit.
2911 3626 3378 3694 Quemadmodum
3408 3636 3556 3689 enim

1951 3713 2121 3778 navis,
2163 3729 2286 3768 cum
2338 3715 2621 3785 majorem,
2671 3734 2831 3788 quam
2871 3721 3010 3776 ferre
3060 3724 3248 3792 possit,
3301 3727 3558 3782 mercium

1950 3805 2159 3875 copiam
2188 3806 2412 3876 accepit,
2439 3807 2509 3863 ob
2529 3810 2708 3865 oneris
2715 3813 3049 3881 gravitatem
3071 3815 3400 3886 demergitur
3435 3837 3450 3874 :
3479 3821 3559 3874 sic

1951 3907 2004 3951 et
2033 3900 2232 3962 anima,
2266 3910 2321 3954 et
2344 3902 2588 3970 corporis
2619 3905 2786 3958 nostri
2815 3915 3024 3970 natura,
3058 3907 3211 3977 plura
3233 3925 3391 3978 quam
3415 3909 3560 3967 ferre

1952 3990 2120 4056 possit
2143 3989 2395 4044 alimenta
2425 3993 2710 4061 recipiens,
2755 3994 3092 4066 deprimitur,
3123 4008 3179 4054 et
3227 4015 3365 4055 onus
3423 4003 3555 4072 inje-

1950 4093 2095 4132 emm
2127 4095 2235 4134 non
2261 4079 2461 4150 ferens,
2491 4083 2544 4137 in
2575 4085 2829 4154 perniciei
2860 4087 3082 4158 pelagus
3109 4090 3461 4162 demergitur,
3499 4106 3558 4148 et

1948 4170 2361 4239 gubernatorem
2382 4183 2436 4228 et
2451 4184 2640 4230 nautas
2667 4186 2724 4231 et
2736 4192 2913 4247 prora:
2935 4178 3219 4238 ductorem
3231 4192 3283 4236 et
3311 4193 3556 4241 vectores

1951 4261 2230 4332 ipsamque
2255 4265 2521 4336 sarcinam
2547 4267 2709 4322 simul
2735 4269 2927 4338 perdit.
2956 4271 3418 4338 Quemadmodum
3457 4275 3559 4346 igi-

1958 4360 2045 4406 tur
2071 4354 2122 4406 in
2181 4354 2739 4425 hujusmodinavihus
2796 4375 2904 4415 non
2962 4364 3321 4433 tranquillitas
3366 4367 3553 4433 maris,

1952 4461 2058 4499 non
2086 4446 2304 4502 scientia
2341 4449 2739 4519 gubernatoris,
2775 4468 2880 4507 non
2927 4465 3207 4510 nautarum
3247 4458 3552 4524 multitudo,

1951 4552 2058 4591 non
2079 4548 2363 4606 apparatus
2387 4542 2760 4609 commoditas,
2789 4560 2898 4609 non
2926 4547 3051 4600 anni
3081 4557 3400 4616 tempestas,
3446 4565 3555 4606 non

1949 4629 2092 4684 aliud
2132 4631 2425 4700 quidpiam,
2459 4634 2537 4688 sic
2561 4636 2814 4704 agitatam
2854 4636 3005 4704 juvat
3044 4640 3223 4693 navim
3247 4658 3273 4696 ι
3306 4642 3382 4695 sie
3425 4659 3557 4698 con-

1952 4723 2107 4793 tingit
2128 4725 2406 4782 indelicale
2431 4729 2734 4784 viventibus
2767 4748 2781 4784 :
2808 4747 2913 4785 non
2945 4734 3346 4790 ratiociniornm
3376 4740 3552 4807 copia,

1951 4834 2056 4871 non
2087 4817 2330 4872 doctrina
2358 4828 2414 4873 et
2444 4821 2770 4885 adhortatio,
2796 4838 2902 4878 non
2925 4825 3320 4883 admonitiones
3347 4840 3402 4884 et
3420 4846 3556 4886 ccu-

1947 4911 2088 4975 silia,
2124 4928 2228 4965 non
2253 4911 2396 4966 aliud
2427 4913 2722 4983 quidpiam,
2747 4931 2853 4969 non
2884 4918 3045 4970 timor
3073 4917 3393 4983 futurorum.
3445 4939 3552 4977 non

1949 5002 2138 5069 pudor,
2171 5019 2275 5056 non
2325 5007 2668 5073 pr:eseutium
2719 5008 3011 5067 accusatio.
3045 5025 3148 5062 non
3173 5011 3314 5064 aliud
3345 5013 3555 5080 quidvis

1949 5105 2120 5162 potest
2147 5096 2224 5148 sic
2253 5098 2500 5165 agitatam
2539 5100 2772 5152 animam
2813 5115 3068 5165 servare;
3101 5102 3194 5155 sed
3223 5103 3558 5159 immodera-

1948 5189 2020 5240 tio
2044 5188 2222 5240 omnia
2275 5196 2512 5257 superat,
2558 5206 2679 5259 qu:e
2719 5191 2819 5244 hac
2858 5193 3174 5261 avgritudine
3219 5194 3552 5251 laborantem

1946 5276 2072 5333 velit
2104 5278 2237 5331 nolit
2264 5278 2517 5348 deprimit
2538 5295 2603 5334 ac
2640 5281 2923 5350 demergit,
2971 5282 3416 5356 naufragiumque
3453 5304 3551 5353 pa-

1944 5378 2047 5432 rat,
2095 5369 2238 5423 unde
2285 5385 2405 5424 sese
2435 5369 2694 5427 reducere
2729 5371 2952 5428 difﬁcile
2981 5383 3082 5428 est.
3141 5375 3322 5445 Neque
3353 5376 3420 5430 ad
3462 5393 3550 5431 res

1945 5461 2147 5516 futuras
2174 5471 2227 5515 et
2253 5462 2316 5515 ad
2350 5461 2585 5517 rationes
2611 5463 2680 5517 ibi
2703 5464 3002 5518 reddendas
3028 5477 3252 5528 tantum,
3272 5469 3366 5523 sed
3389 5471 3547 5522 etiam

1944 5555 2009 5608 ad
2050 5565 2369 5624 przesentem
2400 5556 2565 5610 vitam
2594 5556 2904 5628 hnjnsmodi
2931 5560 3093 5615 homo
3121 5562 3328 5616 inutilis
3370 5562 3550 5617 reddi-

1943 5656 2048 5713 tur,
2083 5663 2181 5702 nec
2225 5648 2290 5702 ad
2322 5648 2594 5719 quidpiam
2627 5650 2850 5704 idoneus
2888 5663 2994 5717 est,
3038 5652 3133 5707 sed
3178 5654 3374 5724 ubique
3407 5654 3550 5708 deri-

1941 5737 2148 5794 deudus
2176 5750 2283 5794 tum
2322 5742 2373 5794 in
2427 5741 2697 5808 civilibus,
2751 5754 2862 5797 tum
2915 5745 2966 5799 in
3014 5745 3244 5815 propriis
3295 5747 3540 5818 negotiis.

2004 5852 2020 5882 ι
2056 5850 2208 5912 (1011),,
2227 5859 2273 5902 et
2294 5865 2383 5914 per
2408 5854 2659 5914 potationis
2680 5859 2887 5917 tempus.
