4220 6306
653 414 747 467 771

654 533 763 586 Etsi
790 527 981 598 aliquid
1007 523 1145 595 quod
1161 531 1353 591 uigeat
1373 522 1443 574 sit
1471 517 1754 586 agendum,
1776 529 1880 568 non
1903 506 2228 580 providendi,

655 639 761 679 non
784 616 1182 676 administrandi
1209 613 1507 671 facultatem
1533 610 1729 663 habere
1758 599 2188 674 deprehendetur
2217 614 2230 650 :

657 711 888 768 inimicis
928 708 1174 763 omnibus
1214 712 1368 774 captu
1415 699 1607 760 facilis,
1662 695 1845 750 amicis
1888 692 2135 746 omnibus
2183 697 2239 740 et

659 798 966 872 iropinquis
1018 795 1238 851 inutilis.
1288 792 1472 862 Neque
1535 790 1706 842 solum
1779 786 1831 837 in
1879 780 2131 851 periculis
2186 788 2239 830 et

658 866 1045 945 ralaiititatibtts
1110 884 1266 939 facile
1319 882 1572 936 damnum
1633 876 1889 943 accipiet,
1953 882 2125 938 neque
2187 866 2239 919 in

652 983 822 1038 rebus
873 979 1078 1051 pacatis
1144 984 1199 1031 et
1261 970 1554 1040 tranquillis
1627 974 1832 1020 tantum
1893 957 2243 1016 intolerabilis

661 1077 765 1130 erit
795 1093 808 1139 ;
841 1049 934 1128 sed
980 1074 1218 1128 etiamm
1262 1080 1421 1120 renus
1472 1060 1698 1129 asperis,
1750 1055 1820 1110 ob
1860 1049 2244 1108 moderationis

668 1166 937 1236 penuriam
959 1206 974 1232 ,
1023 1163 1088 1215 ad
1115 1159 1318 1229 singula
1345 1170 1464 1225 qua:
1488 1150 1729 1205 accident
1757 1146 1954 1199 inutilis
1977 1143 2096 1197 erit.
2138 1139 2246 1192 lllic

668 1234 834 1322 enim,
863 1254 913 1308 in
944 1250 1194 1306 aerumnis
1221 1247 1370 1305 dico,
1400 1240 1605 1311 ignavia
1626 1280 1641 1304 ,
1671 1234 2002 1291 imbecillitas
2021 1271 2036 1295 ,
2077 1237 2247 1283 metus

670 1350 892 1416 ingens,
941 1339 1146 1396 consilii
1192 1334 1408 1406 penuria
1452 1327 1734 1399 occupabit
1780 1325 1964 1385 illum;
2013 1321 2100 1374 hic
2123 1329 2249 1370 vero

670 1411 887 1490 audacia
908 1473 925 1499 ,
953 1429 1195 1486 socordia
1215 1469 1231 1494 ,
1257 1425 1471 1482 lascivia
1490 1463 1504 1485 ,
1545 1417 1914 1474 immoderatio
1938 1455 1951 1473 .
1984 1411 2246 1480 superbia,

663 1493 974 1596 arrogantia
1003 1521 1171 1590 magis
1199 1493 1354 1587 quam
1399 1511 1674 1580 superiora
1719 1501 2103 1560 intractabilem
2129 1493 2254 1550 facit

669 1593 946 1674 omnibus.
992 1611 1175 1680 Neque
1203 1607 1344 1661 enim
1376 1598 1679 1670 huiusmodi
1721 1593 1992 1650 hominum
2032 1600 2255 1680 corpora

682 1718 885 1760 tantum
914 1675 1170 1756 deformia
1196 1705 1338 1759 sunt,
1368 1692 1567 1754 mollia,
1597 1684 1904 1744 diffluentia,
1934 1689 2069 1734 tetro
2093 1675 2258 1730 odore

679 1797 908 1864 undique
937 1792 1092 1861 plena
1131 1787 1472 1850 efficiuntur;
1516 1779 1609 1833 sed
1637 1778 1795 1832 etiam
1826 1773 1999 1826 anima
2035 1779 2260 1835 corpore

681 1857 838 1954 longe
863 1857 1151 1937 deformior
1175 1885 1289 1939 est,
1325 1871 1647 1940 majoribus,
1675 1880 1832 1935 quam
1865 1861 1992 1914 illud
2015 1902 2029 1925 ,
2061 1857 2261 1912 morbis

673 1991 747 2030 ex
780 1953 986 2028 deliciis
1026 1967 1231 2022 affecta.
1279 1956 1735 2030 Quemadmodum
1762 1953 1904 2007 enim
1933 1963 2130 2017 corpus
2157 1960 2262 1998 non

681 2070 1018 2119 excrementa
1058 2055 1217 2112 modo
1261 2049 1516 2106 naturalia
1556 2046 1783 2107 emittit,
1828 2039 1923 2094 sed
1965 2039 2123 2091 etiam
2163 2034 2262 2086 alia

686 2153 831 2209 omni
853 2167 917 2207 ex
941 2159 1091 2220 parte
1114 2143 1330 2200 uberius
1354 2135 1623 2210 profundit
1647 2151 1661 2188 :
1689 2131 1883 2187 etenim
1904 2127 2064 2190 oculi,
2089 2138 2264 2183 nares,

684 2256 740 2300 et
768 2259 894 2307 ora,
926 2217 1051 2296 dum
1080 2237 1333 2292 interiora
1363 2233 1463 2286 hac
1487 2227 1807 2285 abundantia
1837 2228 2140 2291 gravantur,
2173 2217 2265 2268 lm-

687 2350 838 2390 more
881 2330 1153 2386 teterrimo
1199 2335 1252 2379 et
1300 2321 1639 2390 corruptione
1687 2315 2012 2383 implentur,
2056 2317 2110 2362 et
2155 2309 2266 2373 ipsa

689 2425 868 2479 carnis
897 2431 1082 2476 natura
1116 2417 1325 2470 mollior
1352 2412 1537 2466 effecta
1562 2423 1718 2479 quam
1747 2419 1846 2476 pro
1876 2399 2098 2456 naturali
2130 2409 2266 2452 tem-

688 2523 1029 2586 peramento,
1077 2508 1226 2579 quasi
1280 2520 1436 2560 caeno
1479 2512 1532 2556 et
1576 2502 1779 2568 impura
1829 2493 2006 2548 illuvie
2052 2489 2266 2548 referta,

691 2584 868 2674 putida
897 2601 1053 2657 simul
1095 2607 1148 2651 et
1188 2598 1330 2649 iners
1356 2591 1614 2655 efficitur,
1656 2596 1811 2656 atque
1852 2584 1918 2637 ad
1957 2595 2113 2636 omne
2139 2594 2272 2648 opus

695 2669 892 2749 bonum
941 2693 1136 2758 inepta.
1186 2685 1318 2740 Nam
1357 2691 1412 2736 et
1455 2682 1566 2751 ipsa
1596 2687 1779 2742 terra,
1822 2689 1942 2728 cum
1988 2672 2077 2726 tali
2120 2669 2272 2737 copia

687 2798 947 2855 oppressa
975 2778 1245 2850 proprium
1271 2775 1613 2839 innatumque
1631 2767 1861 2821 calorem
1884 2761 2096 2820 amittit,
2122 2772 2271 2812 suam

693 2848 819 2931 item
847 2875 952 2927 vim
977 2848 1194 2940 perdit,
1224 2881 1287 2920 ac
1331 2876 1503 2932 neque
1543 2859 1609 2912 ad
1651 2857 1910 2911 culturam
1933 2895 1948 2917 ,
1995 2864 2167 2920 neque
2207 2848 2271 2900 ad

696 2965 1022 3021 fertilitatem
1056 2973 1204 3012 suam
1231 2964 1315 3010 est
1345 2953 1555 3006 idonea.
1585 2949 1717 3001 llinc
1743 2955 1920 2998 autem
1951 2941 2199 3011 gravibus
2222 2946 2275 2989 et

694 3051 1079 3110 insanabilibus
1109 3046 1307 3101 morbis
1349 3040 1707 3108 corripiuntur
1733 3036 1766 3089 ii
1793 3076 1807 3099 ,
1851 3032 1939 3102 qui
1982 3032 2034 3084 in
2071 3028 2276 3084 deliciis

689 3153 954 3216 .perpetuo
981 3141 1164 3192 vivunt
1191 3151 1204 3188 :
1236 3130 1574 3192 tremoribus,
1604 3125 1883 3188 solutione,
1915 3122 2063 3185 tabe,
2091 3121 2279 3186 capitis

700 3209 936 3296 inucore,
967 3229 1162 3301 pedum
1195 3236 1548 3290 manuumque
1575 3217 1868 3279 doloribus,
1899 3213 2122 3280 aliisque
2148 3209 2279 3262 mul-

690 3328 797 3388 tis,
844 3299 986 3392 quos
1019 3315 1210 3373 medici
1258 3317 1596 3373 memorant,
1641 3304 1854 3360 obnoxii
1901 3301 2050 3356 fiunt.
2096 3299 2279 3366 itaque

687 3389 903 3470 etiamsi
926 3427 1029 3466 non
1051 3407 1314 3478 gehenna,
1342 3417 1445 3457 non
1473 3413 1650 3468 pinna,
1674 3409 1847 3465 neque
1872 3402 2110 3448 extrema
2131 3389 2283 3443 dam-

698 3509 842 3562 natio
871 3521 899 3558 a
932 3505 1045 3559 Deo
1072 3508 1248 3562 esset,
1292 3509 1463 3565 neque
1487 3493 1556 3547 ab
1585 3489 1888 3545 hominibus
1914 3484 2280 3556 reprehensio,

700 3615 810 3651 non
827 3602 1068 3663 sumptus
1091 3592 1278 3659 import
1287 3586 1398 3649 uni,
1418 3597 1588 3653 neque
1609 3581 1711 3635 alia
1736 3579 2015 3633 innumera
2030 3591 2060 3630 a
2077 3573 2282 3630 deliciis

693 3697 917 3750 exorta,
946 3684 1151 3752 hocque
1189 3679 1361 3734 solum
1405 3674 1634 3738 adesset,
1679 3684 1856 3724 annon
1896 3666 2024 3722 satis
2051 3674 2193 3719 esset
2215 3663 2281 3717 ad

697 3791 890 3832 omnes
915 3771 1270 3828 avertendos?
1311 3763 1618 3836 Huiusmodi
1647 3774 1874 3832 namque
1912 3772 2110 3813 mensa:
2135 3771 2282 3812 mor-

701 3870 871 3924 tiferis
901 3864 1200 3935 potionibus
1226 3859 1394 3914 nihilo
1423 3855 1670 3910 meliores
1692 3863 1855 3916 sunt;
1885 3851 1993 3905 imo
2019 3851 2210 3913 etiam,
2239 3847 2284 3901 si

701 3975 827 4015 vere
871 3955 1152 4012 dicendum
1203 3951 1311 4016 sit,
1354 3948 1511 4016 longe
1552 3943 1864 3999 deteriores.
1909 3941 2016 3996 Illa:
2059 3952 2288 4007 namque

703 4059 1000 4109 sumenlem
1026 4045 1310 4103 confestim
1339 4042 1404 4095 de
1428 4037 1606 4093 medio
1635 4037 1856 4100 tollunt,
1883 4044 1938 4090 et
1965 4033 2031 4089 ad
2062 4042 2287 4088 mortem

707 4147 824 4201 sine
851 4141 1087 4198 cruciatu
1125 4136 1415 4199 deducunt,
1456 4140 1513 4184 ut
1541 4144 1609 4184 ne
1634 4127 1701 4183 de
1741 4127 1839 4182 hac
1863 4123 2078 4196 quidem
2106 4140 2165 4178 re
2189 4125 2288 4178 do-

704 4238 811 4291 leat
861 4236 905 4288 is
949 4231 1039 4302 qui
1084 4228 1308 4284 moritur
1349 4241 1362 4276 :
1405 4222 1610 4278 deliciae
1651 4234 1777 4273 vero
1817 4219 1978 4271 vitam
2026 4214 2292 4270 sexcentis

709 4325 970 4380 mortibus
993 4319 1294 4391 graviorem
1338 4311 1595 4368 inducunt
1633 4310 1718 4374 iis,
1760 4309 1848 4377 qui
1894 4307 2035 4374 ipsas
2079 4302 2293 4375 plurimi

709 4418 947 4479 faciunt;
976 4413 1136 4465 vitam
1155 4452 1170 4472 ,
1196 4408 1431 4476 inquam,
1460 4417 1566 4457 non
1597 4398 1757 4454 modo
1790 4395 2165 4457 miserabilem,
2198 4393 2292 4448 sed

716 4511 877 4564 etiam
904 4516 1113 4573 tnrpent
1137 4508 1192 4554 et
1222 4495 1518 4573 ridiculam.
1552 4491 1653 4545 Alii
1673 4488 1869 4558 quippe
1897 4486 2066 4541 morbi
2098 4485 2296 4539 multos

711 4606 766 4659 in
797 4567 1010 4671 partem.
1027 4591 1230 4647 doloris
1251 4567 1533 4648 advocant,
1572 4589 1833 4651 quotquot
1868 4587 2044 4633 autem
2067 4592 2132 4632 ex
2157 4575 2295 4631 deli-

710 4667 815 4749 ciis
847 4700 901 4743 et
937 4686 1194 4740 ebrietate
1235 4678 1512 4739 oriuntur,
1538 4681 1883 4741 spectatores,
1914 4684 1980 4722 ne
2006 4667 2221 4738 quidem
2252 4667 2296 4720 si

714 4784 899 4845 velint,
929 4779 1111 4832 sinunt
1132 4767 1377 4826 misereri
1407 4779 1616 4827 eorum,
1640 4763 1727 4832 qui
1758 4759 2056 4830 huiusmodi
2083 4759 2296 4828 aegritu-

719 4878 842 4928 dine
866 4869 1005 4938 eapti
1035 4874 1199 4926 sunt;
1247 4857 1340 4912 sed
1381 4851 1685 4924 magnitudo
1725 4850 1851 4904 mali
1895 4849 1961 4903 ad
2001 4848 2301 4903 misericor-

717 4970 859 5021 diam
891 4958 1130 5017 inlleetit,
1162 4949 1333 5006 morbi
1360 4955 1542 5002 autem
1571 4942 1801 5004 occasio,
1834 4941 1876 4995 si
1905 4948 2027 4993 nota
2053 4939 2141 5002 sit,
2170 4939 2303 4992 indi-

719 5053 1024 5129 gnationem
1053 5052 1251 5099 movet.
1299 5037 1558 5106 Quoniam
1598 5032 1814 5101 ancipiti
1843 5029 2071 5100 quodam
2111 5029 2304 5084 affectu

723 5121 999 5205 iensmur,
1029 5149 1130 5192 nec
1168 5133 1483 5188 miseramur
1507 5140 1602 5180 eos
1634 5140 1648 5177 :
1691 5123 1744 5178 id
1783 5122 1926 5177 enim
1950 5130 2093 5176 vetat
2132 5121 2304 5176 morbi

723 5248 884 5291 causa
910 5247 925 5296 ;
957 5237 1129 5297 neque
1157 5221 1433 5279 irascimur
1464 5234 1477 5271 :
1511 5215 1566 5271 id
1596 5214 1738 5269 enim
1766 5227 1873 5268 non
1903 5211 2161 5282 permittit
2191 5226 2304 5265 ma.-

725 5322 946 5395 gnitudo
990 5317 1154 5380 mali;
1201 5311 1295 5367 sed
1338 5310 1477 5363 inter
1519 5303 1989 5376 reprehensionem
2019 5313 2073 5357 et
2098 5301 2306 5354 veniam

729 5394 1096 5473 consistimus.
1146 5406 1326 5475 Neque
1364 5402 1504 5456 enim
1548 5415 1576 5452 a
1621 5406 1808 5452 natura
1834 5397 2134 5476 cruciantur
2175 5394 2312 5448 sicut

730 5510 844 5572 illi,
879 5518 1050 5574 neque
1089 5500 1361 5554 hominum
1403 5491 1608 5547 insidiis
1649 5497 1998 5558 appetuntur,
2028 5502 2210 5542 verum
2240 5486 2309 5539 illi

732 5601 831 5670 ipsi
861 5606 1105 5650 auctores
1131 5589 1233 5644 sibi
1262 5588 1445 5639 harum
1471 5579 1844 5652 aegritudinum
1873 5586 2013 5640 sunt,
2046 5586 2100 5632 et
2123 5584 2312 5643 sponte

735 5668 795 5747 se
835 5692 888 5744 in
933 5672 1194 5741 maiorum
1224 5677 1532 5732 barathrum
1564 5670 1912 5743 praecipitant.
1960 5668 2314 5737 Quemadmo-

742 5787 869 5838 dum
901 5779 1054 5847 igitur
1081 5787 1174 5828 eos
1194 5811 1208 5838 ,
1249 5769 1337 5840 qui
1380 5768 1596 5836 laqueos
1631 5763 1728 5819 sibi
1754 5771 1975 5832 parant,
2007 5771 2060 5815 et
2102 5774 2193 5816 eos
2221 5761 2307 5828 qui

1384 405 1439 458 S.
1480 400 1754 457 JOANNIS
1789 391 2268 452 CHRYSOSTOMI
2294 389 2609 445 AIlCHlEl.
2639 382 3171 443 CONSTANTINUP.

3804 369 3912 424 772

2341 521 2398 558 se
2425 520 2518 574 per
2545 504 2830 573 pr.rcipitia
2851 502 3160 569 conii-.-ntnt,
3187 497 3348 567 etqni
3374 509 3468 563 per
3493 495 3700 548 medios
3718 493 3928 563 gladios

2343 597 2443 650 sibi
2473 598 2632 650 vitam
2662 595 2912 664 eripiunt,
2946 593 3024 646 sic
3049 591 3147 645 hos
3173 605 3277 643 non
3310 586 3529 642 multum
3557 587 3881 640 miseramur

2348 689 2454 740 imo
2475 689 2519 742 si
2543 689 2692 740 venia
2718 685 2888 738 danda
2927 683 3028 744 sit,
3071 681 3176 735 illis
3221 680 3396 749 potius
3433 691 3590 747 quam
3636 674 3752 728 istis
3777 673 3922 726 dabi-

2349 794 2483 841 mus,
2517 778 2723 831 etiamsi
2757 776 2830 829 illi
2863 776 3058 829 nullam
3084 774 3290 827 veniam
3320 780 3644 825 mercantur.
3678 767 3758 820 llli
3784 768 3930 819 enim

2349 871 2429 924 vel
2456 867 2739 922 calumniis
2758 908 2773 929 ,
2804 865 2885 918 vel
2931 863 3271 932 pecuniarum
3299 861 3510 916 inuictis
3529 898 3544 923 ,
3591 866 3682 909 aut
3711 853 3936 924 periculi

2351 960 2690 1028 plagarumve
2721 965 2861 1010 metu
2882 997 2897 1020 ,
2927 964 3018 1007 aut
3045 954 3145 1007 alia
3173 947 3418 1020 quapiam
3449 947 3760 1009 formidine,
3791 953 3849 998 ut
3880 959 3940 998 se

2351 1049 2642 1116 maioribus
2671 1048 2823 1100 malis
2853 1046 3122 1108 eximant,
3162 1042 3227 1094 ad
3253 1040 3438 1094 mortis
3469 1038 3716 1091 solatium
3742 1034 3928 1089 confu-

2351 1142 2534 1210 giunt,
2565 1140 2628 1194 ad
2668 1139 2975 1207 obitumque
3001 1151 3100 1188 ceu
3142 1133 3209 1186 ad
3251 1131 3456 1188 asvlum
3492 1130 3802 1188 decurrunt,
3851 1120 3937 1176 vel

2356 1232 2506 1300 quasi
2550 1231 2615 1283 ad
2663 1229 2999 1296 tranquillum
3044 1233 3251 1295 portum
3296 1225 3572 1291 ingruente
3619 1223 3942 1285 tempestate

2357 1337 2477 1376 sese
2503 1337 2626 1375 eum
2676 1318 3012 1372 festinatione
3056 1316 3320 1384 recipiunt
3353 1331 3366 1367 :
3399 1312 3452 1364 bi
3481 1324 3609 1365 vero
3645 1324 3766 1364 cum
3808 1303 3944 1361 nihil

2361 1412 2463 1465 tale
2485 1410 2818 1481 praetendere
2847 1407 3072 1476 possint,
3101 1405 3222 1459 vita:
3246 1403 3511 1457 sexcentis
3536 1399 3782 1454 violentis
3809 1411 3943 1451 mors

2363 1503 2502 1556 tibus
2527 1501 2756 1570 graviori
2805 1515 2927 1554 sese
2966 1497 3316 1551 tradiderunt.
3357 1494 3474 1550 Jam
3517 1493 3604 1546 hic
3645 1500 3944 1560 Opportune

2364 1602 2812 1646 commemoretur
2856 1589 2980 1643 illud
3025 1587 3279 1657 sapientis
3309 1602 3323 1638 :
3360 1584 3485 1648 Qui:
3514 1582 3826 1635 miserebitur
3861 1581 3946 1632 in-

2364 1683 2635 1736 cantatoria
2660 1721 2674 1744 ,
2703 1682 2746 1734 si
2775 1696 2806 1732 a
2833 1689 3062 1748 serpente
3135 1675 3424 1729 mordeatur
3446 1714 3461 1737 ,
3491 1682 3539 1726 et
3567 1672 3789 1726 omnium
3814 1713 3829 1736 ,
3860 1669 3951 1740 qui

2365 1791 2419 1829 se
2444 1775 2562 1843 feris
2601 1773 2865 1825 admovent
2911 1768 3111 1840 (Eccli.
3141 1767 3230 1821 l2.
3261 1766 3415 1835 l3)?
3456 1764 3591 1818 Fers
3636 1765 3778 1817 enim
3828 1770 3951 1816 sunt

2369 1865 2573 1918 delicize
2595 1905 2610 1929 ,
2641 1862 2750 1917 fera
2779 1862 2955 1931 gravis
2983 1869 3038 1914 et
3069 1857 3449 1918 intractabilis;
3495 1868 3669 1923 neque
3709 1852 3952 1920 scorpius

2368 1965 2460 2009 aut
2485 1969 2706 2024 serpens
2727 1951 3020 2006 visceribus
3046 1950 3244 2005 nostris
3269 1949 3479 2001 haerens
3504 1945 3574 1999 ita
3605 1943 3957 2011 undequaque

2370 2046 2630 2109 devastat,
2658 2054 2714 2098 ut
2739 2042 3046 2098 deliciarum
3071 2038 3334 2107 cupiditas
3369 2034 3548 2089 omnia
3577 2032 3770 2087 evertit
3796 2039 3958 2097 atque

2373 2137 2654 2190 consumit.
2685 2135 2834 2189 Ferae
2854 2147 3084 2202 namque
3107 2131 3212 2184 illa:
3231 2127 3444 2197 corpori
3471 2135 3678 2180 tantum
3702 2121 3960 2177 insidian-

2377 2239 2460 2282 tur
2487 2246 2500 2281 :
2535 2228 2649 2280 lucc
2676 2236 2856 2280 autem
2885 2223 2973 2279 ubi
2999 2223 3154 2276 sedes
3181 2219 3437 2288 posuerit,
3477 2227 3530 2272 et
3549 2230 3747 2284 corpus
3765 2223 3822 2269 et
3846 2215 3961 2267 ani-

2377 2335 2514 2372 mam
2557 2316 2882 2387 pessumdat.
2928 2312 3284 2380 Quamobrem
3327 2309 3590 2379 fugiamus
3633 2305 3701 2359 ab
3742 2305 3872 2369 illa,

2380 2409 2726 2479 prudentibus
2751 2411 2959 2476 loquor.
3004 2405 3060 2460 Si
3085 2403 3213 2474 quid
3239 2403 3328 2458 illa
3368 2401 3560 2455 habeat
3588 2397 3831 2453 utilitatis
3851 2437 3866 2460 ,
3895 2414 3965 2449 ne

2379 2503 2492 2557 haec
2526 2501 2664 2556 dicta
2695 2499 3020 2570 perferamus
3043 2540 3058 2562 ,
3107 2513 3171 2550 ne
3209 2496 3676 2563 obtemperemus;
3728 2491 3812 2543 sin
3839 2503 3966 2543 vera

2378 2602 2506 2647 sunt
2552 2607 2670 2661 quae
2712 2590 2996 2652 dicuntur,
3040 2597 3096 2641 et
3136 2586 3251 2638 haec
3287 2586 3357 2638 sit
3393 2583 3630 2636 omnium
3677 2581 3965 2651 pernicies,

2382 2700 2574 2754 resque
2599 2684 2839 2736 omnium
2881 2679 3252 2735 ridiculissima
3271 2715 3287 2742 ,
3313 2675 3464 2728 vobis
3490 2673 3618 2742 ipsis
3645 2683 3699 2727 et
3724 2672 3969 2741 corporis

2384 2774 2676 2828 valetudini
2706 2774 3002 2841 animaeque
3031 2768 3241 2822 sanitati
3267 2774 3487 2836 parcite.
3523 2767 3640 2817 Non
3665 2772 3788 2817 uico
3816 2773 3874 2815 ut
3899 2759 3968 2814 ad

2382 2868 2553 2920 victus
2595 2864 2932 2933 asperitatem
2966 2872 3017 2916 te
3059 2859 3341 2924 conferas,
3389 2857 3489 2910 nisi
3535 2857 3649 2925 ipse
3692 2852 3969 2907 volueris:
4035 2860 4046 2872 '

2383 2957 2646 3028 superflua
2701 2969 3037 3017 resecemus,
3089 2965 3194 3004 non
3244 2949 3544 3003 necessaria
3594 2944 3970 3014 praecidamus.

2383 3051 2498 3117 Qua
2521 3051 2672 3104 venia
2697 3045 2841 3116 digni
2871 3047 3090 3108 erimus,
3120 3040 3333 3111 quando
3360 3038 3449 3091 alii
3479 3051 3543 3090 ne
3567 3036 3728 3090 rebus
3755 3033 3972 3103 quidem

2386 3139 2701 3195 necessariis
2727 3137 2988 3200 fruuntur,
3028 3135 3151 3187 licet
3179 3133 3229 3185 in
3255 3144 3439 3184 eorum
3466 3128 3536 3180 sit
3562 3133 3846 3197 poteState.
3875 3135 3974 3177 uos

2387 3246 2517 3286 vero
2545 3228 2844 3284 necessaria
2879 3227 3036 3294 longe
3071 3217 3572 3291 prtetergredimurl
3611 3213 3779 3270 Nobis
3802 3213 3976 3266 victus

2389 3320 2647 3374 terminus
2670 3318 2738 3370 sit
2758 3316 2899 3385 quod
2927 3329 3032 3367 non
3058 3312 3236 3376 laedat,
3259 3309 3398 3378 quod
3420 3307 3617 3362 famem
3639 3306 3756 3360 sine
3775 3303 3977 3358 damno

2390 3410 2696 3481 propulset,
2749 3407 2972 3462 ulterius
2999 3418 3129 3459 vero
3173 3401 3304 3456 nihil
3346 3400 3686 3469 requiramus
3722 3413 3737 3450 :
3782 3396 3896 3450 imo
3929 3394 3977 3447 si

2387 3503 2529 3575 quod
2573 3499 2819 3555 mirabile
2860 3498 3003 3552 dictu
3044 3505 3099 3550 et
3125 3503 3320 3565 praeter
3349 3493 3488 3562 vulgi
3517 3491 3826 3560 epiniOnem
3851 3529 3869 3553 ,
3896 3497 3981 3541 est

2392 3604 2570 3648 tamen
2596 3606 2779 3646 verum
2801 3631 2815 3655 ,
2860 3589 3104 3660 proferre
3143 3588 3298 3642 liceat
3327 3603 3341 3640 :
3370 3586 3416 3640 si
3453 3584 3778 3652 voluptatem
3814 3581 3979 3635 etiam

2389 3699 2712 3757 quieramus,
2754 3685 2895 3738 illam
2931 3682 3106 3751 potius
3146 3680 3199 3734 in
3239 3678 3516 3733 moderato
3541 3677 3694 3741 cibo,
3733 3689 3895 3744 quam
3925 3674 3979 3726 in

2391 3779 2597 3834 deliciis
2629 3777 2978 3846 reperiemus.
3009 3774 3149 3830 Audi
3177 3770 3448 3843 quomodo
3475 3769 3592 3824 haec
3618 3769 3866 3837 voluptas
3891 3765 3980 3819 illa

2395 3873 2565 3942 maior
2590 3882 2644 3926 et
2671 3873 2886 3926 uberior
2921 3871 3010 3924 sit.
3054 3869 3148 3922 Illa
3182 3876 3329 3921 certe
3368 3866 3554 3935 nequit
3589 3862 3805 3917 demum
3848 3876 3982 3915 eon-

2394 3965 2606 4028 sistere,
2632 3976 2807 4032 neque
2831 3970 3072 4016 naturam
3099 3957 3342 4012 ciborum
3366 3954 3465 4009 sibi
3488 3953 3735 4008 idoneam
3758 3951 3982 4015 invenit;

2398 4055 2511 4108 haec
2531 4067 2664 4108 vero
2705 4052 2864 4106 etiam
2889 4065 2958 4104 ex
2993 4046 3276 4104 contrariis
3304 4045 3596 4100 subsistere
3623 4049 3821 4111 potest.
3854 4039 3987 4107 Quis

2400 4147 2500 4198 hoc
2522 4143 2639 4197 ait?
2681 4142 2729 4196 ls
2758 4143 2846 4210 qui
2877 4141 3106 4196 maxime
3131 4137 3371 4193 omnium
3410 4134 3495 4189 bis
3530 4131 3827 4188 fruebatur.
3854 4131 3984 4184 Aui-

2399 4250 2511 4299 mar,
2541 4234 2729 4303 inquit,
2751 4231 3015 4303 indigenti,
3041 4244 3154 4300 qua
3171 4243 3349 4295 enim
3364 4235 3506 4290 sunt,
3532 4223 3701 4276 dulcia
3721 4219 3954 4274 sidentur
3967 4233 3989 4271 :

2398 4328 2566 4380 citima
2591 4325 2775 4378 satiata
2801 4324 2952 4377 etiam
2989 4321 3118 4390 favis
3158 4318 3326 4372 illudi!
3351 4317 3370 4385 (
3396 4314 3548 4369 Prov.
3577 4312 3668 4366 27.
3691 4311 3724 4364 7
3750 4314 3790 4380 ).
3827 4309 3988 4364 Vides

2399 4416 2667 4486 quomodo
2711 4414 2856 4468 illam
2903 4411 3118 4482 quidem
3149 4419 3204 4463 et
3245 4423 3311 4462 ex
3354 4406 3536 4476 paucis
3560 4412 3615 4458 et
3639 4417 3709 4457 ex
3736 4402 3990 4456 omnibus

2403 4506 2687 4562 sustentari
2734 4504 2887 4559 facile
2914 4504 3016 4569 sit,
3054 4500 3192 4555 hanc
3215 4513 3343 4554 vero
3368 4495 3630 4552 minime?
3657 4492 3715 4550 Si
3743 4494 3892 4548 enim
3923 4509 3993 4547 ne

2407 4598 2581 4651 favum
2626 4594 2841 4666 quidem
2885 4592 3222 4663 expetimus,
3264 4589 3394 4660 quid
3440 4587 3596 4642 nobis
3644 4591 3822 4655 potest
3869 4598 3992 4639 esse

2405 4690 2599 4757 volupe
2627 4687 2694 4742 de
2721 4684 2959 4740 caetero?
2985 4684 3030 4738 si
3055 4681 3200 4752 quod
3226 4680 3464 4734 omnium
3492 4675 3859 4732 dulcissimum
3884 4683 3990 4737 est,

2405 4782 2732 4850 voluptatem
2760 4791 2867 4832 non
2897 4783 3073 4846 potest
3100 4773 3293 4829 afferre
3311 4812 3328 4839 ,
3364 4769 3494 4842 quid
3533 4767 3731 4841 p0terit
3757 4766 3811 4821 iu
3838 4766 3990 4840 volu-

2409 4882 2555 4944 ptate
2578 4869 2946 4928 constituere?
2995 4867 3176 4936 Itaque
3219 4866 3265 4921 si
3307 4863 3633 4934 voluptatem
3677 4859 3994 4931 querimus,

2411 4966 2498 5020 hic
2523 4965 2689 5034 magis
2715 4962 2858 5017 illam
2889 4960 3241 5014 inveniemus.
3267 4955 3548 5024 Quomodo
3577 4953 3736 5024 igitur
3763 4967 3872 5006 non
3898 4967 3997 5007 ex-

2412 5068 2596 5113 tremm
2619 5055 2900 5111 dementia:
2942 5053 3120 5118 fuerit,
3159 5065 3279 5105 eam
3305 5064 3425 5120 qua
3463 5046 3793 5116 voluptatem
3839 5043 3998 5097 habet

2412 5158 2467 5206 et
2509 5147 2790 5203 sanitatem
2837 5155 2892 5200 et
2935 5143 3113 5198 omnia
3151 5141 3291 5197 bona
3315 5181 3333 5206 ,
3381 5147 3542 5208 atque
3573 5138 3683 5191 Deo
3721 5144 3997 5204 acceptam

2415 5255 2654 5296 mensam
2683 5238 2902 5308 fugere;
2933 5235 3156 5290 alteram
3184 5247 3317 5288 vero
3346 5244 3556 5302 parare,
3585 5226 3808 5281 infinitis
3837 5225 4002 5280 refer-

2419 5347 2523 5391 tam
2553 5330 2982 5396 ealamitatibus,
3024 5327 3321 5390 insuavem,
3367 5322 3678 5383 molestam,
3714 5316 4001 5372 valetudini

2418 5435 2698 5480 nocentem
2713 5463 2730 5486 ,
2753 5431 2840 5487 et,
2864 5419 3005 5490 quod
3027 5419 3268 5474 omnium
3289 5424 3375 5472 est
3397 5413 3767 5485 gravissimum
3789 5449 3806 5473 ,
3837 5409 4000 5462 Deum

2420 5527 2602 5570 contra
2633 5529 2731 5568 nos
2751 5519 3126 5583 provocantem
3194 5507 3327 5563 Nam
3347 5507 3392 5560 si
3418 5503 3583 5558 Vidua
3606 5517 3717 5571 qua
3739 5502 3792 5554 in
3814 5499 4004 5553 deliciis

2420 5619 2491 5664 at
2511 5649 2526 5673 ,
2572 5609 2739 5662 vivens
2767 5614 2966 5659 mortua
3008 5613 3077 5659 est
3106 5604 3124 5674 (
3148 5604 3196 5657 .
3219 5601 3354 5657 Tim.
3379 5599 3432 5654 5.
3475 5599 3508 5652 6
3549 5597 3590 5670 ),
3635 5593 3762 5664 quid
3787 5593 3858 5650 de
3882 5593 4006 5648 vini

2546 5763 2698 5822 Colb.,
2725 5765 2906 5824 ripam.
