4160 6316
672 307 778 362 775

670 417 797 486 περὶ
825 415 930 470 τῶν
961 414 1170 488 ἀνδρῶν
1190 433 1203 480 ;
1222 416 1272 479 εί
1293 416 1351 467 ἐν
1372 419 1438 488 τῇ
1458 417 1669 488 Παλαιᾷ
1691 409 1850 487 τοῦτο
1869 417 2241 488 ἀπηγόρευται

675 501 811 574 μετά
857 499 1055 568 πολλῆς
1105 497 1206 566 τῆς
1252 499 1570 569 ἀκριϐείας,
1619 501 1714 553 καὶ
1757 500 1928 572 πολλῇ
1978 502 2240 570 κέχρηται

668 585 810 639 κατά
831 581 940 634 τῶν
965 579 1606 653 τρυφώντων-καταφορᾷ
1643 586 1672 636 ό
1710 586 2026 655 προφήτης·
2067 583 2239 636 καίτοι

667 685 730 736 γε
767 661 904 727 εἶδος
927 663 1141 717 τέθεικε
1181 664 1388 734 τρυφῆς
1429 666 1492 718 οὐ
1523 665 1729 738 σφόδρα
1763 667 2091 738 δαπανηρὸν,
2121 666 2241 720 οὐδὲ

667 751 835 811 ὅντως
868 747 1066 821 ἀϐρόν’
1100 749 1163 799 Ol
1189 745 1255 799 δὲ
1277 748 1585 812 ἐσθίοντες
1624 750 1823 819 ἐρίφια
1849 750 1916 802 ἐκ
1952 750 2243 818 ποιμνίων

668 831 764 886 καὶ
787 827 1460 899 μοσχάριαιγαιαθηνὰ,
1511 833 1564 882 οἱ
1605 833 1884 899 πίνοντες
1910 832 2018 886 τὸν
2049 832 2240 886 διυλι-

667 913 898 983 σμένον
941 909 1130 971 οἶνον,
1161 911 1258 964 καὶ
1297 911 1368 964 τὰ
1411 911 1611 980 πρῶτα
1632 915 1794 982 μύρα
1833 916 2151 984 χρεόμενοι,
2188 916 2243 968 οι

668 996 1064 1061 καθεύδοντες
1087 993 1186 1062 ἐπὶ
1218 993 1441 1048 κλινῶν
1462 994 1888 1064 ἐλεφαντίνων,
1929 999 2026 1051 καὶ
2067 1014 2243 1051 κατα-

667 1077 1095 1142 σπαταλῶντες
1108 1076 1206 1130 ἐπὶ
1233 1076 1364 1143 ταῖς
1386 1079 1721 1147 στρωμναῖς
1743 1080 1942 1134 αὐτῶν
1960 1099 1974 1113 ο
1997 1083 2045 1134 εί
2070 1081 2243 1133 ταῦτα

615 1177 618 1180 ’
668 1162 1004 1234 κατηγορίας
1030 1160 1154 1224 ἀξια
1174 1201 1188 1224 ,
1234 1161 1323 1214 ὅτε
1370 1161 1547 1216 πάντα
1575 1158 1643 1234 ἦν
1677 1162 1826 1236 [777]
1858 1168 2112 1236 σαρκικὰ,
2150 1164 2243 1217 καὶ

670 1246 763 1302 ταῦ
818 1242 1046 1314 οὐρανοῦ
1094 1243 1251 1310 λόγος
1289 1244 1483 1312 οὐδεὶς,
1529 1247 1618 1300 ὅτε
1669 1248 2014 1318 παιδαγωγία
2057 1244 2125 1319 ἦν
2173 1247 2241 1302 τά

683 1327 966 1388 Ἰουδαϊκὰ,
1021 1326 1076 1379 τί
1116 1326 1184 1379 ἂν
1225 1326 1479 1397 εἴποιμεν
1515 1329 1654 1397 πρὸς
1697 1329 1795 1401 τῆν
1842 1332 2096 1401 βλακείαν
2141 1332 2243 1402 τῆν

669 1409 801 1475 νῦν;
830 1411 892 1463 Et
925 1409 1037 1480 γὰρ
1059 1409 1246 1480 ἐρίφια
1296 1412 1389 1463 καὶ
1431 1412 1702 1483 μοσχάρια
1732 1415 2009 1485 γαλαθηνὰ
2044 1414 2242 1467 ὲσθίειν

669 1494 747 1557 ὼς
783 1493 950 1564 ὑγρόν
978 1509 1098 1544 τινα
1125 1493 1219 1545 καὶ
1254 1493 1507 1563 περιττὸν
1552 1497 1678 1559 τοὺς
1717 1498 1925 1562 ζῶντας
1967 1498 2243 1552 διαϐάλλει

673 1577 807 1648 βίον,
842 1576 895 1629 τί
942 1577 1007 1628 ἂν
1045 1575 1292 1646 είποιμεν
1322 1579 1450 1648 περὶ
1486 1578 1594 1631 τῶν
1625 1574 1748 1644 τούς
1797 1583 1999 1652 μυχοὺς
2023 1585 2123 1650 τῆς
2149 1581 2243 1634 θα-

669 1661 875 1730 λάσσης
901 1658 1321 1727 διερευνώντων,
1351 1661 1444 1713 καὶ⁸
1472 1662 1572 1724 τὰς
1603 1663 1861 1733 ἐσχατιὰς
1884 1665 1983 1734 τῆς
2003 1667 2126 1734 γῆς.
2150 1667 2244 1720 καὶ

673 1741 1047 1804 παντοδαποὺς
1082 1741 1310 1812 ὀρνίθων
1362 1745 1455 1797 καὶ
1503 1745 1698 1814 ἰχθύων
1741 1747 2009 1817 θηρευτὰς
2038 1748 2245 1802 παντα-

672 1824 828 1897 χόθεν
862 1823 1222 1892 συλλεγόντων
1248 1826 1492 1891 ἑαυτοῖς;
1526 1828 1587 1880 El
1616 1827 1708 1880 τὸν
1739 1828 2077 1900 διυλισμένον
2103 1826 2244 1884 οἶνον

672 1909 721 1961 οἱ
757 1909 999 1970 πίνοντες
1024 1908 1082 1959 ὲν
1122 1907 1359 1978 μέμψει,
1393 1909 1447 1961 τί
1482 1909 1548 1962 ἂν
1579 1911 1750 1974 εῐποις
1784 1912 1920 1981 πρὸς
1954 1915 2080 1976 τοὺς
2107 1914 2245 1966 ἀπο-

671 1993 870 2064 δημίας
918 1989 1257 2052 διαποντίους
1306 1991 1692 2061 στελλομένους
1744 1995 1884 2065 ὑπὲρ
1933 1995 2076 2048 οἴνου
2099 2035 2114 2057 ,
2153 1996 2248 2048 καὶ.

673 2078 851 2132 πάντα
879 2073 1159 2137 κινοῦντας
1181 2114 1195 2137 ,
1224 2073 1363 2128 ὥστε
1395 2076 1560 2146 μηδὲν
1593 2078 1747 2145 γένος
1775 2078 2043 2132 διαλαθεῖν
2067 2080 2248 2149 ἀμπέ-

674 2164 788 2224 λου,
822 2159 1072 2227 καθάπερ
1103 2157 1393 2227 μέλλοντας
1423 2158 1652 2221 εὐθύνας
1695 2160 1915 2223 διδόναι,
1947 2162 1979 2232 ἢ
2013 2162 2106 2213 ἐπὶ
2135 2163 2248 2224 τοῖς

673 2244 921 2313 ἐσχάτοις
952 2239 1458 2309 καταγινώσκεσθαι
1479 2285 1492 2304 ,
1525 2245 1573 2295 εί
1606 2243 1680 2314 μὴ
1712 2245 1910 2308 παντὸς
1933 2246 2122 2314 γένους
2147 2249 2248 2316 ἐμ-

673 2324 966 2398 φορηθεϊεν
1026 2322 1204 2390 οἴνους
1269 2324 1329 2378 El
1404 2324 1691 2392 ἐλέφαντος
1742 2327 1898 2400 κλίνῃ
1953 2328 2250 2399 κεχρῆσθαι

674 2407 1009 2478 κατηγορίας
1019 2404 1186 2472 ἀξιον,
1200 2407 1248 2459 οἱ
1263 2406 1428 2459 πολὺν
1443 2408 1632 2472 αὐταῖς
1651 2411 2062 2481 περιϐάλλοντες
2080 2411 2250 2480 ἀργυ-

678 2509 790 2564 ρον,
837 2491 1036 2562 μᾶλλον
1083 2490 1138 2542 δὲ
1175 2487 1236 2554 ἐξ
1281 2491 1521 2562 ἀργύρου
1569 2493 1731 2562 μόνου
1771 2494 2152 2564 χαλκεύοντες,
2190 2495 2248 2545 οὐ

673 2573 859 2636 κλίνας
885 2613 900 2638 ,
943 2572 1057 2625 ἀλλ’
1095 2571 1197 2643 ήδη
1229 2573 1323 2626 καὶ
1369 2573 1688 2640 ὑπόϐαθρα,
1723 2577 1816 2629 καὶ
1855 2576 2086 2646 λέϐητας
2109 2617 2124 2641 ,
2160 2577 2253 2629 καὶ

675 2656 938 2726 κεράμια,
966 2656 1060 2709 καὶ
1102 2653 1320 2724 ἀμίδας,
1353 2656 1514 2719 ποίας
1554 2656 1619 2710 ἂν
1647 2659 1862 2728 τύχοιεν
1890 2659 2248 2730 συγγνώμης;

674 2741 741 2794 Τί
781 2739 974 2811 μικρὸν
1019 2740 1052 2811 ἢ
1095 2739 1237 2809 μέγα
1270 2740 1444 2793 εἰπεῖν
1481 2744 1562 2806 είς
1608 2743 1708 2806 τὰς
1758 2743 1986 2806 εὐθύνας
2039 2743 2252 2806 ὲκείνας

673 2824 1025 2895 δυνήσονταις
1061 2821 1201 2891 Ἐγὼ
1228 2823 1285 2876 δὲ
1335 2822 1545 2887 τούτοις
1593 2827 1926 2897 προστίθημι
1953 2827 2014 2879 τὸ
2036 2827 2252 2880 πάντων

674 2904 1075 2977 χαλεπώτατον,
1105 2905 1186 2957 ὅτι
1219 2905 1312 2959 καὶ
1349 2905 1408 2972 ἐξ
1431 2906 1725 2978 ἀλλοτρίων
1759 2908 2052 2980 συμφορῶν
2077 2907 2251 2962 ταῦτα

676 2990 1035 3044 συνείλεκται.
1079 2989 1273 3043 Καίτοι
1301 3005 1367 3056 γε
1394 2990 1424 3042 ό
1465 2993 1752 3061 προφήτης
1780 2992 1938 3045 τοῦτο
1973 2992 2034 3044 οὐ
2071 2991 2251 3044 τέθει-

676 3090 792 3133 κεν,
838 3072 976 3126 ἀλλά
1007 3072 1166 3142 μόνον
1211 3072 1424 3126 διέϐαλε
1468 3075 1568 3145 τὴν
1594 3077 1825 3146 τρυφήν,
1853 3075 2021 3128 Ὀταν
2058 3074 2116 3127 δὲ
2157 3074 2252 3127 καὶ

675 3157 826 3211 αἰτία
854 3157 1029 3228 προσῇ
1068 3154 1426 3226 χαλεπωτέρα
1455 3156 1556 3226 τῆς
1596 3158 1827 3228 τρυφῆς,
1857 3157 1940 3222 τίς
1969 3159 2251 3230 ἐξαιρήσε-

674 3256 767 3296 ται
781 3239 906 3302 τούς
929 3239 1000 3293 τά
1021 3237 1245 3292 τοιαῦτα
1259 3238 1546 3302 ποιοῦντας
1567 3240 1665 3312 τῆς
1686 3241 1920 3312 ἐσχάτης
1943 3241 2248 3307 κολάσεωςς

677 3324 830 3384 ποῖος
860 3319 984 3375 Νῶε
1019 3322 1450 3392 παραστήσεται,
1481 3325 1636 3386 ποῖος
1673 3323 1816 3390 Ἰὼϐ,
1848 3327 2000 3388 ποῖος
2019 3324 2248 3394 Δανιήλς

677 3407 792 3460 οὐκ
815 3406 962 3459 ἐστιν
989 3405 1182 3470 οὐδείς.
1215 3395 1355 3459 Ἀλλ⁴
1388 3407 1480 3459 ἐπὶ
1501 3407 1706 3462 τούτων
1735 3407 1880 3461 ἐστιν
1905 3410 2098 3461 εἰπεῖν·
2131 3410 2255 3463 Ἐκ-

679 3487 1041 3556 καυθήσεται
1077 3492 1111 3543 ό
1149 3491 1335 3558 θυμός
1375 3508 1494 3558 μου
1535 3491 1678 3544 ὡσεὶ
1723 3493 1971 3557 καπνός.
2019 3493 2093 3544 Οὐ
2142 3491 2252 3564 γάρ

680 3574 817 3634 ἔστι,
847 3572 1180 3643 παρακαλῶ,
1213 3572 1386 3644 θυμοῦ
1415 3576 1510 3627 καὶ
1535 3573 1707 3646 ὀργῆς
1733 3575 1900 3639 ὅντως
1932 3576 2252 3648 ἐμπλησθῆ-

681 3671 766 3708 ναι
795 3655 1050 3725 ἐσχάτης,
1083 3655 1178 3708 καὶ
1205 3655 1599 3728 διαρραγῆναι,
1621 3659 1749 3712 ὅταν
1777 3659 1962 3731 ἕτερος
1991 3660 2090 3730 μὲν
2116 3659 2251 3730 μηδὲ

680 3737 984 3804 ἀναγκαίας
1019 3737 1268 3811 ἀπολαύῃ
1297 3740 1520 3811 τροφῆς,
1554 3743 1617 3796 σὺ
1644 3741 1702 3794 δὲ
1732 3743 1984 3803 τοσοῦτον
2005 3742 2130 3812 είκῆ
2159 3743 2254 3796 καὶ

684 3819 862 3891 μάτην
907 3819 1179 3893 χαλκεύῃς
1209 3821 1449 3892 ἄργυρον
1496 3827 1576 3888 είς
1619 3824 1774 3878 οὐδὲν
1805 3825 1944 3890 δέον,
1979 3825 2098 3879 ἀλλ’
2133 3825 2254 3882 οὐδὲ

681 3906 821 3974 πρὸς
846 3903 1138 3969 ἐπίδειξιν;
1167 3905 1301 3958 οὐδὲ
1330 3904 1441 3977 γὰρ
1476 3906 1611 3975 πρὸς
1639 3907 1770 3962 αὐτὸ
1793 3909 1950 3961 τοῦτο
1982 3909 2253 3979 χρήσιμον

681 3985 833 4040 ἔσται
875 3999 990 4051 σοι,
1041 3987 1158 4040 ἀλλ’
1198 3989 1278 4050 είς
1315 3988 1624 4042 τούναντίον
1657 3991 2144 4062 περιτραπήσεται.
2179 3989 2253 4044 Σὺ

1373 303 1432 360 S.
1472 304 1761 360 JOANNIS
1801 302 2295 361 CHRYSOSTOIII
2327 301 2648 360 ARCHIEP.
2689 296 3231 356 CONSTANTINOP.
3813 292 3913 348 ττι

2351 417 2449 485 μὲν
2469 413 2578 486 γὰρ
2605 414 2747 467 ὥστε
2771 411 3036 482 ἐπιφανὴς
3066 411 3160 463 καὶ
3181 409 3448 478 ἐπίσημος
3479 405 3735 474 γενέσθαι
3761 404 3911 459 τοῦτο

2343 501 2538 561 ποιεῖς,
2581 497 2866 567 συμϐαίνει
2893 496 2949 547 δὲ
2980 492 3308 547 τούναντίον.
3353 491 3427 543 Οὐ
3461 489 3572 560 γὰρ
3607 487 3658 566 εἰ
3685 506 3773 552 τις
3799 489 3914 541 ἑπι-

2343 581 2518 652 φανὴς
2539 580 2632 636 καὶ
2656 578 2948 649 ἐπίσημος,
2965 577 3082 631 ἀλλ’
3108 577 3201 628 ἐπὶ
3227 574 3470 644 ὠμότητι
3493 573 3586 625 καί
3609 570 3910 652 πλεονεξίᾳ,

2345 663 2437 716 καὶ
2481 663 2594 724 τοῖς
2633 661 2881 729 ἐσχάτοις
2925 662 3115 723 κακοῖς
3152 656 3390 719 ἅπαντές
3443 673 3501 708 σε
3548 651 3910 708 διαϐάλλουσι.

2345 747 2517 808 Πόσος
2547 745 2657 816 γὰρ
2692 747 2721 798 ὁ
2745 744 2960 814 φθόνος,
2985 744 3125 812 πόση
3153 744 3186 813 ἡ
3213 739 3502 810 βασκανία,
3529 739 3691 790 πόσον
3722 735 3786 788 τὸ
3825 737 3912 804 pl-

2345 847 2436 893 σος
2464 829 2615 899 παρά
2634 828 2874 892 πάντων,
2893 828 3031 898 πόση
3055 829 3086 896 ἡ
3123 823 3426 896 μεταϐολῆς
3458 821 3725 892 ἐπιθυμία
3745 819 3909 873 nam!

2313 912 2455 974 -Τὰς
2496 911 2605 982 γὰρ
2650 913 2729 974 είς
2775 910 2866 964 τὸν
2915 909 3047 963 Θεὸν
3091 905 3440 979 βλασφημίας
3480 903 3704 973 ἀφίημι,
3756 901 3822 965 ἃς
3866 902 3912 952 οι

2343 993 2576 1047 τοιοῦτοι
2615 993 2836 1048 πλοῦτοι
2864 993 3109 1048 τῖκτουσι
3131 1009 3142 1022 ·
3171 991 3347 1044 καίτοι
3371 986 3531 1040 τοῦτο
3559 987 3779 1039 πάντων
3819 1001 3914 1054 χα-

2344 1078 2678 1149 λεπώτερον·
2712 1080 2807 1132 καὶ
2841 1079 2904 1131 τὸ
2932 1077 3039 1149 πρὸ
3062 1075 3254 1128 τούτου
3275 1113 3291 1138 ,
3333 1073 3430 1126 καὶ
3453 1073 3589 1142 ὅπερ
3625 1069 3694 1123 ἀν
3719 1071 3879 1140 εἴπῃς
3897 1107 3913 1130 .

2344 1161 2574 1232 θάτερον
2621 1160 2851 1232 θατέρου
2907 1164 3088 1231 χεῖρον
3141 1158 3415 1228 εὑρήσεις.
3470 1153 3610 1206 Ἀλλ’
3658 1150 3782 1221 οὐχὶ
3819 1151 3918 1220 τὴν

2346 1245 2660 1317 σύμμετρον
2689 1247 2783 1298 καὶ
2814 1244 3043 1316 μετρίαν
3071 1238 3237 1294 οὖσαν
3264 1242 3416 1310 ἡμῖν,
3443 1238 3510 1308 ἢν
3542 1238 3603 1290 οὐ
3627 1236 3918 1306 προφήτης

2347 1329 2604 1391 σκώπτει,
2636 1330 2736 1382 οὐκ
2761 1328 3047 1398 ἄνθρωπος
3084 1326 3379 1396 μέμφεται,
3407 1323 3466 1375 οὐ
3489 1321 3621 1383 Θεὸς
3654 1321 3917 1381 αἰτιᾶται,

2345 1414 2406 1467 οὐ
2439 1411 2552 1483 πῦρ
2577 1411 2815 1476 κολάζει,
2845 1410 2947 1463 οὐκ
2984 1405 3386 1481 ἀπυστρέφιταί
3420 1421 3526 1468 τις,
3554 1405 3614 1457 οὐ
3653 1404 3820 1474 μισεῖ,
3856 1400 3917 1452 οὐ

2348 1496 2656 1567 βασκαίνει,
2689 1493 2808 1547 ἀλλ’
2839 1492 3164 1562 ἀποδέχεται
3198 1490 3294 1560 μὶν
3321 1489 3474 1552 Θεὸς,
3509 1486 3826 1542 κοινωνοῦσι
3863 1485 3920 1538 δι

2347 1580 2569 1648 ἄγγελοι
2587 1618 2602 1641 ,
2637 1577 2922 1631 ἐπαινοῦσι
2950 1575 3008 1628 δὲ
3036 1573 3314 1643 ἄνθρωποι
3334 1612 3351 1638 ,
3383 1573 3478 1626 καὶ
3500 1573 3714 1642 δέχεται
3755 1570 3919 1641 οὐρα-

2346 1665 2458 1726 νός.
2495 1655 2663 1716 Δύται
2701 1662 2759 1713 αἱ
2787 1657 3056 1730 τράπεζαι
3087 1656 3353 1726 ἀγγέλους
3390 1655 3670 1721 ἐδέξαντο·
3696 1651 3919 1714 ταύταις

2343 1748 2373 1799 ὁ
2399 1746 2628 1817 Χριστὸς
2655 1744 3014 1813 παραγίνεται
3031 1782 3046 1805 ,
3074 1743 3176 1796 οὐκ
3203 1742 3262 1794 ὲν
3286 1741 3541 1804 ὲκείναις.
3569 1739 3828 1793 Τοιαῦται
3863 1738 3918 1790 αἱ

2344 1830 2452 1881 τῶν
2501 1828 2797 1900 προφητῶν
2836 1823 2998 1897 ἦσαν,
3038 1823 3286 1878 τοιαῦται
3327 1826 3383 1878 αἱ
3430 1823 3540 1876 τῶν
3583 1820 3917 1876 ἀποστόλων.

2345 1912 2588 1966 τοιαῦται
2623 1912 2680 1964 αἱ
2721 1910 2829 1964 τῶν
2871 1910 3122 1964 δικαίων.
3171 1911 3236 1961 Δί
3279 1907 3338 1962 δὲ
3365 1907 3476 1960 τῶν
3510 1906 3789 1977 τυράννοιν
3828 1904 3920 1956 καὶ

2346 1996 2454 2050 τῶν
2488 1997 2578 2048 ἐπὶ
2606 1995 2709 2065 γῆς
2729 1994 2916 2058 κακῶς
2946 1994 3344 2058 πλουτούντων,
3371 1991 3593 2062 ἔχουσαι
3623 1988 3919 2060 ὀρχηστὰς,

2349 2080 2441 2132 καὶ
2465 2080 2590 2141 τούς
2612 2078 2804 2143 ἄλλους
2831 2078 2941 2132 τῶν
2981 2079 3075 2131 ἐπὶ
3115 2076 3261 2146 λύμη
3288 2073 3383 2129 τοῦ
3419 2073 3534 2144 βίου
3562 2073 3805 2137 ζώντων,
3831 2071 3922 2122 καὶ

2346 2161 2584 2232 λῃστῶν,
2603 2160 2755 2233 [778]
2776 2161 2872 2214 καὶ
2897 2161 3131 2230 γοήτων,
3155 2160 3249 2212 καὶ
3275 2151 3918 2228 τυμϐωρύχωνζὲκεῖναι.

2350 2247 2518 2298 Ὅταν
2563 2244 2818 2315 τοιαύτην
2861 2241 3115 2314 παραθῇς
3156 2241 3476 2313 τράπεζαν,
3525 2237 3757 2307 ἄγγελος
3826 2236 3920 2306 μὲν

2350 2329 2625 2398 ἀποπηδᾷ,
2654 2327 3012 2397 παροξύνεται
3037 2327 3095 2379 δὲ
3128 2326 3281 2390 Θεὸς,
3309 2326 3489 2396 χαίρει
3520 2323 3577 2376 δὲ
3610 2324 3638 2376 ό
3666 2322 3775 2374 τῶν
3811 2319 3922 2373 δαι-

2353 2412 2530 2482 μόνων
2552 2411 2812 2481 ἀρχηγὸς,
2844 2409 3279 2479 ἀποστρέφονται
3299 2407 3377 2471 δὲ,
3414 2406 3510 2462 καὶ
3551 2405 3793 2476 μισοῦσι,
3831 2403 3921 2455 καὶ

2349 2497 2628 2566 τήκονται,
2655 2496 2753 2564 οὐχ
2773 2494 2825 2547 οἱ
2853 2494 3038 2564 ἐχθροὶ
3076 2493 3257 2562 μόνον,
3287 2489 3424 2544 ἀλλά
3447 2490 3541 2543 καὶ
3567 2490 3722 2542 αὐτοὶ
3755 2490 3804 2541 oi
3840 2487 3923 2540 δο-

2351 2578 2574 2642 κοῦντες
2607 2578 2752 2648 ἔχειν
2791 2577 3111 2647 ἐπιτηδείως
3151 2576 3451 2647 ἄνθρωποι,
3496 2572 3677 2645 φθόνῳ
3727 2573 3924 2644 μᾶλλον

2353 2661 2685 2731 ἐσθιόμενοι,
2717 2662 2751 2732 ἢ
2781 2661 2890 2713 τῶν
2917 2661 3202 2731 παρόντων
3247 2659 3632 2721 ἀπολαύοντες.
3665 2658 3834 2710 Ὅταν
3869 2657 3925 2710 δὲ

2352 2745 2568 2814 εκείνην
2601 2761 2684 2806 τις
2710 2743 2930 2816 παραθῇ
2959 2785 2972 2802 ,
3002 2744 3103 2815 τὴν
3147 2741 3424 2812 σώφρονα,
3463 2741 3556 2794 καὶ
3593 2739 3924 2810 σύμμετρον,

2353 2827 2448 2881 καὶ
2493 2827 2750 2898 οὐδεμίαν
2797 2827 3028 2896 ἔχουσαν
3075 2824 3404 2895 φλεγμονὴν,
3451 2825 3548 2877 καὶ
3598 2825 3788 2894 ἡδίστη
3836 2822 3927 2876 καὶ

2357 2910 2632 2981 προσηνὴς
2721 2911 2854 2963 πᾶσι
2875 2913 2990 2973 τοῖς
3019 2908 3214 2978 φίλοις,
3241 2907 3337 2960 καὶ
3361 2907 3501 2978 Θεῷ,
3527 2908 3626 2960 καὶ
3649 2905 3925 2974 ἀγγέλοις,

2358 2994 2451 3045 καὶ
2483 2991 2791 3064 ἀνθρώποις
2811 3010 2823 3022 ·
2857 2992 3218 3064 παραγίνεται
3263 2987 3357 3044 οὖν
3393 2991 3423 3042 ὁ
3461 2987 3555 3042 τοῦ
3592 2989 3729 3042 Θεοῦ
3756 2989 3925 3042 Μονο-

2356 3077 2541 3147 γενής.
2567 3075 2775 3148 Ὠσπερ
2804 3077 2913 3146 γὰρ
2949 3074 3140 3146 φεύγει
3168 3075 3257 3128 τὸν
3284 3075 3487 3143 τῦφον,
3527 3073 3624 3128 καὶ
3661 3072 3754 3125 τὸν
3796 3073 3929 3142 ὑψη-

2356 3159 2591 3231 λόφρονα
2618 3159 2854 3221 ἅπαντα,
2882 3161 2977 3212 καὶ
3004 3158 3098 3212 τὸν
3129 3157 3356 3230 θόρυϐον
3376 3173 3390 3187 ο
3417 3156 3562 3212 οὕτω
3585 3155 3664 3226 τῷ
3691 3153 3930 3226 ταπεινῷ

2357 3240 2504 3310 φίλος
2540 3241 2789 3306 εστὶ,,καὶ
2821 3240 3067 3295 σύνεστιν
3095 3242 3202 3305 ἀεὶ,
3231 3241 3327 3294 καὶ
3355 3240 3532 3293 πάντα
3551 3238 3928 3311 περιφράττει,

2356 3325 2453 3378 καὶ⁵
2477 3323 2702 3394 τειχίζει
2734 3325 3088 3395 πανταχόθεν.
3125 3323 3232 3378 Τοῦ
3267 3323 3322 3377 δὲ
3358 3322 3598 3394 Χριστοῦ
3633 3338 3928 3391 παραγινο-

2361 3408 2546 3476 μένου,
2581 3407 2737 3462 οὐδὲν
2765 3408 2955 3478 ἕτερον
2998 3408 3277 3479 ἐπιζητεῖν
3320 3410 3449 3480 χρή.
3485 3405 3649 3460 Ταῦτ’
3671 3401 3766 3459 οὖν
3795 3404 3928 3459 ειδό-

2355 3508 2481 3556 τες,
2511 3491 2824 3562 ἀγαπητοὶ,
2861 3492 3153 3564 φεύγωμεν
3185 3495 3390 3555 ἐκεῖνα,
3418 3489 3704 3560 διιίικωμεν
3738 3490 3928 3556 ταῦτα,

2358 3573 2446 3626 ἵνα
2486 3575 2582 3627 καὶ
2620 3574 2731 3628 τῶν
2760 3576 3044 3648 παρόντων
3076 3577 3171 3631 καὶ
3203 3577 3313 3630 τῶν
3351 3575 3655 3646 μελλόντων
3681 3575 3930 3646 τύχωμεν

2358 3658 2599 3724 ἀγαθῶν,
2639 3659 2821 3731 χάριτι
2862 3661 2956 3713 καὶ
2987 3661 3364 3733 φιλανθρωπίᾳ
3394 3657 3491 3714 τοῦ
3534 3659 3744 3731 Κυρίου
3778 3659 3931 3731 ἡμῶν

2371 3740 2546 3811 Ἰησοῦ
2574 3741 2843 3814 Χριστοῦ,
2877 3742 2997 3811 μεθ’
3025 3739 3086 3799 οῦ
3125 3743 3203 3814 τῷ
3236 3745 3410 3815 Πατρὶ
3441 3743 3592 3808 δόξα,
3625 3741 3786 3815 τιμὴ,
3819 3743 3933 3811 ἅμα

2358 3823 2436 3894 τῷ
2463 3825 2604 3895 ἁγίῳ
2626 3826 2922 3896 Πνεύματι,
2947 3828 3044 3883 νῦν
3079 3831 3173 3884 καὶ
3199 3831 3307 3894 ἀεὶ,
3341 3831 3437 3882 καὶ
3464 3827 3544 3893 εἰς
3577 3829 3707 3894 τούς
3731 3827 3930 3893 αἰῶνας

2359 3908 2468 3962 τῶν
2495 3908 2728 3974 αἰώνων,
2775 3912 2966 3984 Ἀμήν.

1329 4410 3920 4439 Μ

1603 4763 1685 4823 ΙΝ
1716 4763 1918 4825 DUAS
1951 4763 2056 4822 DE
2091 4761 2600 4824 PRECATIONE
2631 4760 3027 4822 HOMILIAS

763 5031 932 5088 Hasce
945 5033 1078 5086 duas
1119 5032 1388 5096 liomilias,
1418 5031 1530 5085 sive
1562 5045 1782 5086 sensum
1799 5029 1909 5085 sive
1924 5031 2114 5084 orandi
2133 5029 2394 5084 rationem
2413 5039 2642 5100 spectes,
2658 5030 3050 5102 Chrysostomo
3061 5047 3166 5086 non
3183 5032 3431 5103 indignas
3446 5049 3754 5103 censemus.
3776 5035 3839 5088 Et
3857 5047 3932 5089 ta-

691 5165 812 5204 men
850 5148 1098 5202 nonnulli
1131 5149 1260 5220 περὶ
1288 5148 1635 5218 γνησιότητος
1655 5147 2009 5218 quaestionem
2055 5156 2293 5210 movent,
2328 5148 2476 5202 hisee
2507 5147 2639 5202 moti
2669 5147 3024 5216 conjecturis.
3047 5145 3149 5204 Hic
3185 5148 3290 5216 bis,
3316 5149 3591 5220 inquiunt,
3619 5149 3673 5203 in
3713 5160 3932 5220 utraque

687 5268 893 5323 scilicet
919 5267 1184 5330 oratione,
1227 5264 1666 5322 Sennacberibus
1701 5283 1794 5321 rex
1839 5265 2128 5345 Persarum
2173 5275 2415 5329 vocatur,
2467 5281 2628 5336 quam
2685 5265 3031 5320 oscitantiam
3079 5280 3147 5319 an
3184 5265 3579 5337 Chrysostomo
3621 5267 3930 5323 adscribere

686 5383 844 5437 liceat
881 5382 1194 5438 dubitamus
1225 5401 1237 5438 :
1265 5383 1684 5455 paridxpiéaia;
1719 5381 1931 5437 defectu
1970 5383 2168 5438 dicitur
2207 5391 2338 5437 tunc
2378 5381 2594 5446 Persas,
2621 5381 2850 5437 Ezechia
2875 5381 2929 5435 in
2961 5379 3260 5436 Jerusalem
3301 5389 3586 5450 regnante,
3627 5355 3930 5437 adniovi'sse

689 5495 968 5549 machinas
998 5505 1186 5550 contra
1216 5512 1402 5551 muros
1430 5496 1601 5560 urbis,
1631 5497 1724 5548 καὶ
1753 5496 1802 5548 οἱ
1837 5496 1936 5565 μὲν
1972 5497 2247 5566 μηχανήμι

2364 5496 2442 5567 τῷ
2472 5496 2643 5565 τείχει
2692 5497 2993 5567 προσῆγον,
3028 5495 3172 5567 quod
3198 5495 3418 5566 perinde
3449 5504 3654 5567 pugnat
3679 5512 3804 5552 cum
3844 5513 3931 5552 sa-

685 5624 773 5662 cra
805 5607 925 5662 libri
963 5606 1170 5678 Regum
1199 5608 1444 5662 historia.
1489 5607 1567 5660 Ad
1611 5608 1724 5662 Inec
1753 5608 2040 5676 objiciunt,
2080 5607 2165 5661 hic
2195 5609 2444 5676 precibus
2477 5616 2738 5677 perpetuo
2781 5609 3085 5665 vacandum
3124 5623 3247 5664 esse
3271 5609 3520 5673 ducetur,
3551 5611 3695 5679 quod
3735 5611 3932 5667 Massa-

684 5714 952 5771 banorum
979 5719 1151 5771 errori
1186 5717 1326 5803 [aret
1354 5738 1364 5774 :
1397 5736 1517 5773 cum
1558 5730 1744 5774 contra
1777 5721 2201 5786 Chrysostomus
2229 5731 2367 5777 vetet
2407 5739 2473 5777 ne
2504 5723 2761 5793 precandi
2790 5725 3009 5779 obtentu
3051 5742 3080 5780 a
3111 5723 3332 5781 caeteris-
3354 5723 3548 5779 uﬂiciis
3574 5727 3928 5782 abstineatur.
