4220 6306
1865 235 1888 267 κ’

282 393 390 448 7T5

284 505 570 562 dicemus?
623 504 678 560 Si
731 506 782 559 in
829 501 993 559 veteri
1035 502 1383 558 Testamento
1429 495 1479 549 id
1527 489 1714 560 magna
1757 503 1877 541 cum

284 613 414 653 cura
477 595 823 666 prohibetur,
877 608 1174 663 magnaque
1219 597 1407 644 contra
1463 582 1706 638 delicatis
1748 577 1883 633 cibis

288 698 504 742 utentes
549 686 883 740 vehementia
912 685 1077 737 utitur
1122 681 1418 752 prdpheta,
1464 674 1674 730 etiamsi
1716 681 1885 740 genus

291 786 458 845 ponat
481 776 792 833 deliciarum
817 789 923 828 non
956 772 1240 827 admodum
1258 776 1627 838 sumptuosum
1650 771 1741 815 aut
1764 759 1884 827 cpi-

295 881 481 934 parum
509 884 521 919 :
557 864 656 932 Qui
679 874 847 917 autem
870 864 1134 917 comedunt
1153 904 1168 928 ,
1195 860 1399 930 inquit,
1437 854 1609 910 haedos
1634 851 1883 923 επανεςὶ-

292 957 418 1017 bus,
451 966 498 1008 et
525 953 706 1007 vitulos
734 950 970 1007 lacten‘fes
986 969 1006 1017 ;
1044 951 1127 1021 qui
1156 949 1327 1002 bibunt
1366 945 1663 1015 defwcatum
1692 941 1883 1003 vinum,

292 1056 342 1097 rt
371 1045 548 1111 primis
576 1043 847 1115 unguentis
885 1053 1143 1112 unguntur
1164 1057 1182 1103 ,'
1229 1040 1314 1109 qui
1350 1035 1608 1090 dormiunt
1649 1033 1702 1086 in
1749 1029 1888 1084 lectis

292 1134 526 1188 eburneis
545 1174 560 1191 .
587 1141 633 1184 et
659 1133 711 1186 in
749 1132 920 1185 stratis
960 1131 1065 1184 suis
1095 1129 1360 1183 lasciviunt
1397 1125 1586 1197 (Amos
1626 1122 1679 1177 6.
1702 1121 1753 1176 4.
1781 1120 1884 1191 6);

296 1227 342 1277 si
371 1225 526 1291 hac,
571 1225 819 1302 inquam,
851 1221 1268 1291 reprehensione
1294 1218 1453 1288 digna
1485 1224 1644 1281 sunt,
1676 1211 1888 1284 quando

294 1316 477 1369 omnia
504 1323 659 1369 erant
681 1315 937 1377 carnalia,
970 1321 1026 1368 et
1047 1312 1160 1366 cat-li
1187 1310 1330 1365 nulla
1356 1309 1491 1363 ratio
1510 1315 1648 1372 erat,
1671 1303 1890 1374 quando

296 1406 520 1460 Iudaica
549 1406 700 1476 quasi
732 1420 1014 1474 puerorum
1053 1404 1224 1474 prima
1257 1402 1516 1455 institutio
1542 1407 1732 1453 erant:
1761 1397 1888 1467 qttid

297 1491 596 1552 dixerimus
627 1497 693 1550 de
725 1495 972 1566 praesenti
1017 1494 1288 1548 mollitie?
1334 1492 1390 1546 Si
1431 1492 1572 1546 enim
1615 1488 1888 1544 haedorum

298 1598 355 1642 et
385 1590 670 1643 vitulorum
699 1589 1006 1642 lactentium
1034 1602 1160 1640 esus
1188 1602 1253 1639 eo
1279 1594 1510 1648 utentes,
1539 1598 1602 1637 ac
1626 1586 1671 1637 si
1695 1582 1891 1636 delica-

298 1688 409 1731 tam
452 1686 507 1733 et
544 1677 950 1732 immoderatam
998 1678 1160 1731 vitam
1205 1676 1440 1742 ducant,
1487 1672 1890 1744 reprehensioni

299 1769 549 1838 subiicit,
577 1769 706 1838 quid
736 1769 975 1822 dicemus
1004 1769 1071 1822 de
1102 1769 1164 1821 iis
1184 1808 1200 1833 ,
1245 1768 1336 1837 qui
1365 1781 1610 1821 recessus
1650 1766 1813 1819 maris
1839 1773 1894 1818 et

300 1870 572 1916 extremas
610 1868 872 1914 terrarum
904 1873 1024 1913 oras
1051 1859 1330 1928 indagant,
1359 1859 1647 1928 aviumque
1669 1866 1892 1912 venato-

299 1967 392 2007 res
424 1951 824 2022 piscatoresque
859 1952 1034 2005 omnis
1061 1951 1275 2022 generis
1314 1951 1548 2020 undique
1573 1949 1894 2020 accersunt?

301 2042 357 2098 Si
391 2044 459 2106 ii,
497 2044 585 2113 qui
629 2043 941 2116 defaecatum
972 2043 1150 2096 vinum
1181 2041 1409 2107 bibunt,
1441 2040 1727 2109 culpandi,
1769 2038 1895 2109 quid

304 2133 510 2188 dixeris
537 2133 604 2189 de
631 2133 694 2188 iis
714 2173 729 2198 ,
778 2134 868 2204 qui
904 2133 1361 2204 peregrinationes
1392 2132 1773 2186 transmarinas
1802 2145 1897 2200 pro

305 2225 431 2279 vino
456 2225 756 2294 suscipiunt
776 2265 798 2291 ,_
824 2225 1111 2294 omniaque
1153 2231 1405 2289 movent,
1448 2231 1506 2278 ut
1543 2222 1746 2277 nullum
1777 2223 1897 2276 vitis

303 2333 476 2386 genus
512 2317 639 2386 ipsis
666 2317 848 2382 lateat,
877 2318 1026 2386 quasi
1058 2331 1242 2386 pinnas
1268 2316 1464 2382 daturi,
1501 2315 1898 2384 admodumque

308 2408 617 2471 damnandi,
663 2407 705 2461 si
733 2424 837 2462 non
869 2407 1042 2462 omnis
1079 2409 1291 2476 generis
1322 2410 1447 2461 vino
1473 2402 1899 2478 ingurgitentnr?

305 2500 358 2553 Si
383 2500 622 2552 eburneo
645 2499 782 2553 lecto
804 2500 879 2553 uti
906 2500 1325 2570 reprehensione
1346 2500 1584 2570 digmtm,
1616 2499 1706 2570 qui
1731 2500 1900 2554 multo

308 2592 478 2645 lectos
504 2601 725 2660 argento
744 2632 760 2658 ,
804 2592 912 2647 imo
951 2607 1079 2646 vero
1111 2593 1200 2662 qui
1239 2609 1304 2646 ex
1333 2603 1554 2662 argento
1580 2608 1713 2662 puro
1736 2593 1899 2646 ador-

312 2692 462 2744 nant,
486 2696 589 2735 non
619 2681 788 2736 lectos
816 2691 1041 2747 tantum,
1068 2681 1161 2737 sed
1189 2684 1348 2736 ctiam
1376 2683 1734 2754 suppedanea,
1757 2681 1909 2738 lebe-

311 2783 394 2828 tes
419 2816 436 2838 ,
465 2790 588 2827 vasa
629 2783 682 2828 et
725 2775 951 2828 matulas
975 2816 988 2839 ,
1035 2789 1194 2844 quam
1226 2775 1434 2828 veniam
1465 2772 1904 2845 consequantur?

307 2865 446 2930 Quid
477 2876 568 2918 aut
596 2879 815 2934 parvum
851 2875 942 2920 aut
983 2881 1231 2936 magnum
1263 2877 1389 2921 tunc
1416 2868 1669 2936 temporis
1698 2866 1765 2922 ad
1802 2869 1902 2922 de-

310 2957 608 3011 fensionem
643 2972 791 3011 suam
842 2957 1039 3012 all'erre
1089 2958 1380 3027 poterunt?
1426 2959 1536 3028 Ego
1574 2974 1702 3014 vero
1742 2959 1901 3014 etiam

311 3048 415 3102 hoc
451 3049 826 3117 gravissimum
854 3049 1106 3119 adjungo,
1149 3049 1288 3118 quod
1316 3065 1379 3103 ex
1406 3050 1595 3104 alienis
1624 3050 1903 3104 calamita—

312 3137 455 3189 tibus
484 3135 597 3190 ι)ωο
617 3148 1029 3206 congregarunt.
1056 3137 1328 3207 Siquidem
1353 3138 1468 3194 [nec
1499 3141 1754 3208 propheta
1797 3156 1902 3194 non

313 3226 527 3295 posuit,
569 3227 663 3280 sed
691 3227 911 3282 delicias
940 3228 1110 3282 solmu
1143 3229 1431 3299 redarguit.
1474 3231 1698 3298 Quando
1727 3241 1904 3286 autem

309 3317 466 3386 culpa
504 3317 674 3382 adest,
718 3318 847 3386 ipsis
880 3317 1085 3373 deliciis
1110 3320 1378 3386 atrocior,
1419 3323 1538 3390 quis
1567 3321 1636 3376 ab
1664 3331 1908 3377 extremo

311 3409 576 3476 supplicio
615 3423 740 3470 eos,
774 3409 862 3477 qui
903 3409 1026 3462 talia
1067 3419 1315 3479 patraut,
1352 3412 1587 3480 eripiet?
1626 3414 1744 3482 quis
1774 3413 1905 3480 Noe,

307 3500 433 3565 quis
467 3498 585 3561 Job,
627 3499 748 3569 quis
783 3501 962 3556 Daniel
1005 3502 1348 3557 intercedat?
1388 3503 1576 3558 Nullus
1598 3506 1774 3573 plane.
1802 3504 1907 3560 Sed

315 3593 366 3644 in
392 3607 486 3645 eos
513 3591 615 3647 dici
649 3603 827 3661 potest
853 3634 871 3660 ,
917 3593 1224 3648 Exardescet
1254 3599 1399 3665 furor
1424 3613 1564 3650 meus
1591 3598 1715 3651 sicut
1742 3602 1910 3667 fumus

313 3680 471 3752 (lsai.
497 3682 584 3737 65.
610 3684 685 3752 5).
719 3684 934 3750 Annon,
962 3700 1165 3752 quasso,
1190 3685 1312 3754 jure
1347 3689 1468 3756 quis
1507 3688 1584 3741 ira
1623 3687 1911 3757 furoreque

314 3773 651 3840 exardescat,
685 3775 792 3828 imo
825 3785 878 3830 et
912 3777 1306 3847 disrumpatur,
1337 3777 1551 3847 quando
1577 3778 1713 3832 alius
1754 3780 1911 3834 neiis

313 3865 529 3934 quidem
556 3907 572 3929 ,
601 3883 724 3935 qua:
750 3867 814 3920 ad
847 3868 1042 3922 victum
1076 3870 1377 3923 necessaria
1407 3879 1526 3922 sunt
1548 3911 1563 3935 ,
1596 3869 1818 3936 fruitur,
1856 3881 1912 3924 tu

321 3970 447 4008 vero
477 3964 675 4008 tantmu
704 3959 905 4027 argenti
936 3957 1130 4013 fruStra
1180 3969 1232 4013 et
1275 3961 1540 4014 incassum
1566 4001 1581 4024 ,
1629 3961 1691 4014 ac
1739 3975 1806 4015 ne
1845 3961 1910 4015 ad

318 4048 732 4101 ostentationem
781 4049 1037 4117 quidem.
1089 4050 1139 4103 in
1192 4065 1328 4118 opus
1374 4051 1669 4105 admoves?
1726 4051 1912 4120 Neque

317 4137 462 4193 enim
491 4137 570 4192 vel
616 4138 684 4192 ad
728 4138 829 4194 hoc
868 4139 959 4194 tibi
991 4140 1118 4195 utile
1157 4143 1296 4205 erit;
1342 4142 1450 4196 imo
1491 4143 1543 4196 in
1587 4144 1912 4198 contrariam

1413 379 1501 435 DE
1538 364 1995 428 I'RECATIONE.
2016 395 2080 402 —
2103 355 2439 415 MONITUM.

3477 366 3598 424 ττι.

1989 495 2228 539 vertetur
2267 492 2492 553 partem.
2531 483 2574 538 T
2585 497 2614 534 ιι
2642 481 2784 536 enim
2813 489 2871 534 ut
2893 480 3090 534 clarior
3121 489 3174 534 et
3205 480 3464 537 illustrior
3484 487 3603 549 sis,.

1992 575 2042 628 id
2065 575 2179 644 agis
2203 590 2218 640 ;
2257 574 2351 627 sed
2375 573 2701 627 contrarium
2728 570 2939 625 accidit.
2970 571 3085 625 Non
3110 571 3252 626 enim
3274 575 3585 642 spectabilis

1994 664 2321 734 illustrisque
2346 679 2425 727 es,
2467 661 2563 717 sed
2592 662 2662 718 ob
2693 662 3084 728 crudelitatem,
3118 664 3232 717 auri
3259 666 3577 734 cupidinem

1993 762 2050 810 et
2095 763 2333 810 extrema
2379 753 2576 822 ﬂagitia
2627 765 2680 807 te
2723 767 2913 808 omnes
2959 753 3333 809 criminantur.
3378 756 3586 824 Quanta

1995 847 2135 901 enim
2179 845 2394 908 invidia,
2419 853 2646 914 quantus
2672 844 2828 911 livor,
2859 852 3117 914 quantmn
3147 845 3326 900 odium
3347 888 3363 913 ,
3392 859 3588 918 quanta

1997 935 2308 990 mutationis
2337 934 2600 1004 cupiditas
2627 933 2769 1004 apud
2797 934 3024 989 omnes?
3051 935 3421 1004 BlaSphemias
3447 921 3594 993 enim.

1997 1030 2050 1084 in
2101 1029 2266 1083 Deum
2311 1029 2700 1097 przetermitto,
2751 1041 2884 1097 quas
2932 1028 3064 1082 tales
3110 1027 3310 1083 divitite
3357 1031 3591 1098 parium,

2000 1119 2210 1174 tametsi
2237 1127 2293 1173 et
2319 1118 2421 1172 hoc
2447 1120 2604 1188 longe
2633 1119 3010 1188 gravissimum
3042 1130 3156 1184 est,
3195 1131 3251 1174 et
3277 1121 3420 1190 quod
3453 1122 3592 1176 istud

1999 1209 2249 1281 prsecedit
2270 1250 2287 1276 ,
2317 1218 2371 1264 et
2399 1209 2773 1280 quodcumque
2811 1209 3033 1277 dixeris,
3078 1209 3206 1264 illud
3239 1212 3332 1266 ill'o
3357 1211 3596 1267 deterius
3653 1252 3655 1255 -

1999 1302 2258 1356 invenies.
2304 1300 2475 1356 Secus
2514 1309 2865 1370 temperatam
2908 1315 2973 1356 ac
3001 1301 3300 1356 modestam
3330 1319 3596 1368 mensam,

1998 1410 2156 1462 quam
2185 1409 2285 1449 nec
2309 1394 2568 1464 pr0pheta
2601 1394 2816 1462 irridet,
2846 1409 2945 1450 nec
2969 1394 3132 1450 homo
3158 1395 3458 1467 redarguit,
3496 1413 3598 1453 nec

2002 1485 2143 1539 Deus
2165 1485 2368 1554 culpat,
2403 1501 2510 1539 non
2541 1486 2678 1555 ignis
2705 1487 2877 1556 punit,
2903 1502 3062 1556 quam
3102 1503 3261 1542 nemo
3295 1498 3594 1552 aversatur,

2000 1586 2091 1630 aut
2115 1575 2240 1630 odio
2266 1575 2570 1646 invidiaque
2597 1579 2976 1646 prosequitur;
3008 1578 3103 1633 sed
3138 1580 3399 1649 approbat
3433 1581 3593 1646 Deus,

2002 1668 2321 1737 participant
2354 1668 2527 1737 angeli
2550 1708 2565 1731 ,
2597 1667 2818 1722 laudant
2855 1668 3120 1733 homines,
3167 1670 3357 1739 recipit
3384 1673 3595 1726 eiultnn.

2005 1759 2096 1812 llae
2119 1773 2320 1813 mensa:
2342 1759 2503 1813 etiam
2543 1760 2763 1830 angelos
2789 1770 3121 1829 exceperunt
3141 1803 3154 1825 ,
3185 1761 3289 1828 his,
3322 1778 3427 1817 non
3470 1765 3598 1830 illis,

2003 1850 2249 1904 Christus
2299 1851 2468 1905 adest.
2517 1849 2675 1905 Tales
2716 1859 2873 1906 erant
2935 1851 3315 1922 prophetarum
3377 1870 3599 1920 mensm,

2005 1943 2139 1996 tales
2165 1944 2556 2012 apostolorum,
2591 1943 2724 1997 tales
2756 1944 3046 2012 justorutn.
3077 1944 3450 2015 Tyrannorutn
3474 1961 3603 2000 vero

2002 2044 2055 2087 et
2097 2050 2306 2098 eorum,
2351 2035 2440 2102 qui
2483 2035 2534 2088 in
2580 2035 2740 2090 terris
2789 2034 2991 2090 nefarie
3021 2034 3435 2104 locupletantur,
3482 2052 3604 2106 qua:

2005 2127 2288 2180 saltatores
2319 2126 2518 2181 habent
2563 2128 2802 2198 aliosque
2845 2127 2936 2198 qui
2983 2127 3036 2182 in
3079 2129 3372 2196 perniciem
3417 2129 3603 2183 mundi

2004 2221 2221 2283 vivunt,
2251 2220 2334 2274 ha:
2363 2221 2628 2275 latronum
2651 2260 2666 2284 ,
2696 2220 3176 2290 praestigiatorum,
3218 2230 3271 2275 et
3295 2235 3482 2276 eorum
3514 2222 3603 2291 qui

2005 2314 2250 2382 sepulcra
2280 2312 2541 2368 effodiunt
2564 2329 2766 2369 mensae
2793 2321 2936 2367 sunt.
2958 2312 3183 2380 Quando
3203 2313 3362 2368 talem
3380 2315 3606 2382 apponis

2008 2420 2249 2460 mensam
2272 2448 2287 2471 ,
2321 2405 2541 2476 angelus
2581 2405 2772 2469 resilit,
2820 2405 2962 2461 Deus
2987 2415 3336 2475 exasperatur
3355 2447 3370 2471 ,
3397 2403 3606 2459 dieme-

2010 2514 2132 2552 nuut
2163 2500 2414 2569 princeps
2439 2498 2672 2569 gaudet;
2704 2506 3058 2561 aversantur,
3090 2497 3322 2567 oderunt
3345 2507 3398 2551 et
3422 2506 3608 2551 conta-

2009 2591 2235 2644 bescunt
2261 2605 2367 2644 non
2404 2590 2605 2668 inimici
2643 2599 2871 2654 tantum,
2901 2589 2993 2643 sed
3020 2589 3179 2642 etiam
3211 2588 3268 2651 ii,
3304 2589 3393 2657 qui
3424 2587 3607 2643 mode-

2006 2683 2107 2737 rati
2155 2691 2211 2738 et
2259 2682 2468 2738 honesti
2509 2698 2630 2738 esse
2677 2682 2922 2736 homines
2966 2681 3253 2746 videntur,
3303 2690 3359 2736 et
3409 2681 3607 2735 invidia

2009 2775 2186 2844 potius
2215 2773 2578 2840 arroduntur,
2609 2787 2770 2844 quam
2815 2772 2899 2826 bis
2939 2772 3297 2842 prmsentibus
3332 2771 3605 2827 fruuntur.

2009 2865 2238 2930 Quando
2262 2875 2441 2918 autem
2467 2865 2610 2917 illam
2634 2863 2872 2918 sobriam
2897 2877 2960 2918 ac
2982 2861 3279 2916 modestam
3301 2860 3422 2932 quis
3446 2876 3610 2931 appo-

2011 2957 2088 3010 nit
2106 2996 2121 3021 ,
2161 2956 2309 3010 nullo
2333 2953 2721 3009 redundantem
2751 2954 2910 3021 luxu,
2936 2965 2990 3009 et
3018 2954 3337 3010 suavissima
3380 2962 3434 3008 et
3459 2960 3607 3024 grata

2010 3046 2199 3102 amicis
2229 3045 2480 3102 omnibus
2503 3045 2686 3110 fuerit,
2719 3055 2777 3101 et
2803 3045 2935 3111 Deo,
2960 3055 3016 3100 et
3040 3046 3269 3116 angelis,
3295 3055 3353 3100 et
3375 3044 3611 3099 homini-

2015 3140 2113 3194 bus
2138 3157 2150 3192 :
2176 3139 2384 3193 accedit
2407 3149 2460 3193 et
2484 3137 2790 3206 unigenitus
2813 3137 2904 3192 Dei
2928 3137 3117 3192 Filius.
3151 3137 3610 3204 Quemadmodum

2011 3230 2156 3284 enim
2209 3227 2405 3284 fastum
2457 3227 2630 3296 fugit,
2676 3237 2836 3298 atque
2883 3242 3076 3282 onmes
3107 3228 3296 3286 .altum
3343 3228 3610 3297 sapientes

2012 3335 2339 3392 omnemque
2367 3318 2655 3375 tumultum
2687 3329 2996 3386 aversatur,
3035 3320 3107 3374 ita
3143 3319 3330 3374 humili
3364 3329 3448 3374 est
3473 3320 3610 3374 ami-

2013 3428 2108 3468 cus
2129 3455 2142 3478 ,
2178 3413 2386 3484 ipsique
2412 3427 2628 3483 semper
2650 3412 2837 3477 adest,
2869 3413 3158 3482 ipsumque
3183 3420 3353 3466 totum
3381 3411 3612 3467 circum-

2015 3505 2186 3559 munit
2216 3513 2270 3560 et
2303 3513 2522 3558 tutatur.
2554 3503 2771 3559 Christo
2798 3513 2974 3557 autem
3019 3513 3285 3573 prasente
3313 3504 3442 3558 nihil
3469 3504 3612 3559 aliud

2015 3597 2384 3667 quaerendum.
2411 3597 2537 3652 [hec
2557 3613 2677 3652 cum
2699 3597 2952 3661 sciamus,
2981 3596 3182 3660 dilemi,
3212 3597 3299 3674 illa
3320 3595 3607 3667 fugiamus,

2017 3691 2132 3746 haec
2161 3705 2565 3761 persequamur,
2600 3698 2657 3744 ut
2695 3691 2977 3760 presentia
3010 3698 3064 3743 et
3107 3681 3286 3744 futura
3312 3689 3449 3743 bona
3478 3705 3610 3744 cou-

2018 3795 2309 3850 sequamur
2332 3821 2344 3842 ,
2377 3781 2544 3850 gratia
2587 3790 2643 3836 et
2685 3780 3014 3850 benignitate
3046 3779 3253 3833 Domini
3284 3779 3451 3833 nostri
3480 3777 3609 3833 Jesu

2017 3872 2238 3939 Christi,
2278 3873 2494 3942 quicum
2524 3872 2670 3927 Patri
2700 3871 2888 3941 gloria,
2929 3870 3103 3924 honor.
3133 3885 3236 3924 una
3264 3885 3384 3924 cum
3427 3880 3612 3924 sancto

2018 3964 2256 4033 Spiritu,
2298 3980 2440 4018 nunc
2481 3973 2536 4018 et
2579 3978 2830 4035 semper,
2878 3963 3013 4018 etin
3043 3963 3238 4017 saecula
3269 3962 3610 4018 S'JECIJIOI‘IIIU.

2018 4058 2207 4111 Amen.

1763 4957 2167 5021 MONITUM.

330 5221 530 5278 Verum
561 5226 648 5278 hic
679 5242 785 5280 non
819 5241 1006 5296 preces
1037 5238 1316 5298 perpetuo,
1341 5230 1434 5284 sed
1461 5231 1683 5286 assidue
1715 5241 1923 5287 tantum
1963 5241 2016 5289 et
2049 5232 2364 5303 frequenter
2403 5235 2734 5291 emittendas
2772 5251 2897 5293 esse
2935 5237 3181 5294 docetur.
3208 5241 3365 5308 Quod
3391 5254 3444 5298 et
3474 5243 3607 5298 alibi

326 5339 386 5396 S.
421 5342 611 5397 doctor
639 5354 692 5398 et
712 5344 914 5415 quique
937 5345 1260 5402 Christiana:
1294 5348 1415 5402 vita:
1443 5350 1687 5421 magistri
1711 5351 2077 5421 deprazdicant
2110 5369 2124 5406 :
2157 5354 2514 5422 quamobrem
2545 5353 2680 5407 nihil
2711 5355 2838 5410 hinc
2859 5358 3191 5426 suspicionis
3225 5361 3376 5415 nasci
3405 5373 3606 5431 potest.

331 5455 528 5509 Verum
564 5453 708 5509 aliud
736 5456 898 5525 obiici
937 5468 1115 5528 potest
1168 5462 1312 5530 quod
1345 5464 1622 5532 negotium
1663 5461 1895 5518 facessat
1927 5484 1938 5518 :
1971 5465 2171 5520 librum
2221 5465 2591 5523 Ecclesiastici
2641 5469 2759 5524 sive
2797 5468 2921 5525 Jcsu
2953 5470 3046 5524 filii
3081 5469 3272 5528 Sirach
3314 5475 3594 5533 Salomoni

324 5563 526 5618 diserte
557 5564 851 5628 adscribit,
881 5570 1025 5637 quod
1062 5571 1249 5625 nescio
1282 5588 1350 5626 an
1399 5573 1537 5628 alias
1568 5575 1710 5643 apud
1742 5575 2196 5647 Chrysostomum
2233 5583 2497 5649 reperias.
2529 5582 2622 5637 llis
2653 5583 2884 5653 permoti
2933 5585 3241 5643 rationibus
3277 5590 3440 5648 hasce
3467 5593 3604 5649 duas

335 5683 610 5739 orationes
641 5684 782 5740 inter
805 5687 1254 5760 ἀμφιϐαλλὸμενα
1288 5693 1592 5761 posuimus.

402 5818 771 5889 interpretatio
797 5823 983 5880 Latina
1012 5838 1094 5881 est
1125 5827 1408 5899 l‘otnpnnii
1441 5833 1700 5900 lirunelli,
1737 5836 1824 5891 :~rd
1871 5839 2053 5894 multis
2090 5840 2138 5894 in
2174 5843 2306 5899 locis
2337 5848 2644 5904 et'ncndata.
