4160 6316
684 321 787 378 175

1528 539 2069 627 EJUSDEM
2120 537 2279 621 DE
2323 537 3088 629 PRECATIONE.

1425 318 1481 377 S.
1512 316 1789 373 .lOANNlS
1827 314 2299 374 ιῖιιιιιδοετυιιι
2340 316 2656 375 Αιιειιιειτ.
2697 319 3229 379 ευΝδτΑΝτιΝοιι.
3833 334 3936 389 7ἷο

2611 460 2665 466 ...σ-
2702 460 3007 469 ‹-.--ς--ν‹-ο-.οα-
3030 466 3033 467 ,

3040 462 3235 470 ...ον-...-

3614 464 3935 476 “.—

2119 688 2464 733 “mm

1284 823 1501 865 cunei
1520 805 1620 880 (α).

754 906 907 974 Quod
931 904 1093 960 sancti
1139 900 1378 972 precandi
1418 900 1664 970 formulas
1703 895 1992 966 scripserint
2033 894 2250 947 artatur.

686 996 1004 1052 Pri-rationis
1028 995 1099 1049 ris
1123 992 1519 1049 commendatur.
1546 1022 1619 1034 —
1674 990 1815 1045 Duas
1838 988 1907 1042 ob
1935 998 2121 1041 causas
2159 980 2252 1036 Dei

678 1088 913 1143 cultores
938 1084 1230 1141 admirandi
1250 1093 1375 1139 sunt
1397 1083 1607 1138 acbcati
1628 1079 1896 1152 iudicandi
1930 1094 1944 1130 :
1975 1086 2084 1129 tum
2112 1072 2251 1144 quod

678 1195 828 1249 spem
870 1177 1056 1233 salutis
1081 1193 1191 1233 sua:
1221 1178 1273 1232 in
1301 1178 1501 1232 sanctis
1549 1175 1796 1245 precibus
1837 1168 2250 1230 collocaverint,

680 1280 790 1325 tmn
834 1269 996 1340 quod,
1027 1285 1147 1325 cum
1172 1269 1400 1341 hymnos
1424 1276 1478 1322 et
1505 1264 1753 1335 precandi
1805 1260 2091 1323 formulas,
2119 1270 2253 1327 quas

680 1361 791 1416 Deo
808 1376 931 1416 cum
972 1359 1148 1415 latitia
1176 1375 1239 1415 ac
1259 1360 1449 1415 timore
1471 1356 1764 1412 adurebant
1781 1395 1797 1420 ,
1830 1352 1995 1407 literis
2026 1349 2251 1405 manda-

679 1462 821 1518 rent,
864 1451 1020 1507 nobis
1042 1466 1254 1521 quoque
1279 1466 1430 1505 suum
1460 1450 1767 1503 thesaurum
1798 1442 2138 1505 tradiderint,
2195 1448 2251 1494 ut

676 1559 894 1599 omnem
912 1543 1272 1615 posteritatem
1299 1550 1517 1611 possent
1543 1537 1606 1592 ad
1628 1552 1687 1592 se
1715 1534 2000 1590 imitandos
2014 1533 2245 1588 allicere.

676 1636 783 1690 Par
801 1644 884 1690 est
907 1635 1045 1689 enim
1072 1632 1348 1687 doctorum
1379 1638 1562 1684 mores
1586 1628 1651 1682 ad
1682 1643 1776 1683 eos
1802 1626 2101 1696 pervenire,
2159 1623 2247 1690 qui

676 1727 806 1793 ipsis
857 1726 985 1780 dant
1027 1739 1283 1795 operam:
1313 1723 1546 1792 itemque
1590 1737 1685 1790 par
1737 1730 1820 1775 est
1867 1717 2247 1790 prophetarum

674 1815 965 1885 discipulos
997 1814 1291 1869 imitatores
1319 1828 1504 1867 eorum
1532 1810 1903 1879 essejnstitize,
1934 1809 2002 1861 ita
2020 1807 2247 1859 utvitam

680 1915 913 1960 nostram
948 1905 1001 1957 in
1027 1903 1271 1973 precibus
1311 1902 1507 1971 Deique
1522 1900 1666 1954 cultu
1702 1907 1962 1969 perpetuo
2001 1896 2247 1950 traduca—

677 2012 818 2061 mus,
843 2005 1003 2063 atque
1028 1995 1077 2048 in
1103 2010 1161 2047 ea
1193 2009 1251 2048 re
1282 1994 1465 2053 vitam,
1499 1990 1876 2053 valetudinem,
1898 1978 2131 2053 divitias,
2155 1988 2248 2040 bo-

674 2104 863 2142 norum
894 2088 1049 2141 linem
1072 2086 1307 2156 positum
1336 2099 1457 2138 esse
1482 2096 1818 2146 censeamus,
1850 2089 1907 2132 ut
1930 2080 2093 2132 Demn
2119 2093 2248 2146 puro

672 2187 727 2232 et
754 2181 1059 2246 incorrupto
1085 2177 1263 2230 animo
1291 2175 1657 2242 deprecemur.
1689 2171 1898 2225 Etenim
1925 2212 1941 2235 ,
1969 2178 2026 2221 ut
2054 2182 2248 2236 corpus

673 2269 802 2323 solis
828 2269 1050 2331 lumine,
1093 2268 1170 2320 sic
1191 2266 1405 2319 animus
1430 2265 1792 2333 precationum
1829 2261 1993 2315 radiis
2021 2261 2250 2314 illustra-

675 2370 780 2413 tur.
813 2359 869 2414 Si
896 2374 1024 2427 ergo
1050 2360 1175 2413 czcci
1224 2355 1495 2411 calamitas
1530 2362 1611 2408 est
1654 2354 1819 2407 solem
1862 2352 2100 2421 aspicere
2142 2366 2245 2404 non

675 2466 848 2521 posse,
875 2459 1067 2519 quanta
1091 2448 1300 2503 tandem
1324 2457 1405 2502 est
1431 2443 1719 2499 Christiani
1745 2444 1845 2497 viri
1872 2443 2074 2511 jactura
2097 2483 2112 2506 ,
2140 2455 2243 2494 non

671 2541 886 2598 assidue
913 2541 1077 2596 Deum
1100 2538 1301 2609 precari
1330 2536 1633 2605 Christique
1662 2532 2003 2603 splendorem
2031 2532 2082 2584 in
2133 2530 2248 2582 ani-

673 2651 814 2689 mum
848 2632 1089 2703 precibus
1126 2629 1359 2685 inferre?
1386 2628 1502 2683 .lam
1553 2642 1678 2679 vero
1727 2624 1817 2679 Dei
1870 2622 2244 2690 benignitatem

670 2736 829 2796 atque
875 2724 1205 2779 clementiam
1242 2720 1361 2789 quis
1387 2735 1489 2773 non
1532 2718 1843 2780 admiretur,
1874 2715 1992 2784 quis
2017 2728 2123 2767 non
2152 2728 2241 2764 sn-

670 2820 859 2890 spiciat
883 2861 898 2883 ,
942 2832 1102 2888 quam
1131 2814 1282 2870 nobis
1307 2812 1558 2875 ostendit,
1590 2826 1711 2865 eum
1758 2817 1957 2861 tantum
1989 2806 2242 2858 honorem

670 2910 973 2966 hominibus
1001 2906 1227 2969 deferat,
1251 2913 1307 2959 ut
1332 2919 1425 2958 eos
1454 2902 1759 2972 precatione
1785 2914 1848 2953 ac
1874 2914 1969 2952 sua
2008 2910 2241 2950 consue-

670 3003 851 3057 tudine
875 2998 1159 3069 dignetur?
1190 2996 1393 3051 Etenim
1423 3009 1544 3048 eum
1573 2993 1683 3047 Deo
1698 3006 1758 3045 re
1774 3006 1899 3045 vera
1926 2985 2243 3057 precationis
2293 2992 2297 2998 '

671 3105 911 3163 tempore
940 3089 1310 3158 colloquimur,
1360 3100 1461 3156 qua
1484 3099 1603 3138 eum
1630 3081 1830 3152 angelis
1858 3094 2070 3150 quoque
2118 3092 2245 3131 con-

665 3185 955 3257 jougimnr,
983 3198 1084 3252 qua
1106 3180 1262 3248 longe
1291 3194 1319 3232 a
1344 3177 1604 3249 pecudum
1634 3174 1890 3228 societate
1922 3171 2240 3225 recedimus.

668 3277 993 3345 Angelorum
1022 3284 1104 3327 est
1124 3272 1265 3325 enim
1296 3268 1549 3338 precatio,
1577 3280 1695 3334 qua:
1717 3264 1796 3318 vel
1820 3276 2005 3317 eorum
2028 3269 2243 3329 superat

668 3368 1001 3437 dignitatem,
1047 3361 1330 3431 siquidem
1381 3373 1501 3413 cum
1552 3357 1661 3410 Deo
1707 3352 1850 3423 loqui
1908 3349 2243 3420 prmstantius

666 3456 917 3525 quiddam
939 3463 1041 3510 est.
1070 3454 1245 3520 Atque
1276 3449 1325 3503 id
1350 3448 1446 3517 ipsi
1491 3461 1588 3499 nos
1616 3444 1808 3498 docent
1832 3484 1847 3507 ,
1906 3442 1993 3510 qui
2052 3454 2242 3507 magno

668 3550 857 3603 timore
884 3559 1072 3615 preces
1093 3541 1341 3603 offerunt,
1371 3552 1573 3606 nosque
1598 3535 1904 3594 admonent,
1929 3530 2103 3593 nobis,
2150 3527 2239 3596 qui

667 3640 732 3694 sd
764 3640 923 3692 Deum
946 3633 1248 3691 accedimus
1269 3674 1283 3696 ,
1338 3631 1580 3683 timorem
1605 3640 1723 3680 esse
1743 3624 1897 3677 simul
1927 3634 1980 3677 et
2006 3622 2255 3682 lartitianr

665 3727 1051 3785 adhibendam:
1085 3724 1374 3779 timendum
1395 3721 1632 3791 quidem,
1658 3716 1987 3779 verentibus,
2028 3730 2096 3767 ne
2124 3729 2241 3782 prc-

665 3822 874 3876 catione
896 3818 1091 3887 indigni
1122 3830 1242 3871 esse
1270 3813 1583 3877 videamur;
1606 3810 1792 3865 laetitia
1821 3823 1917 3862 nos
1956 3815 2131 3860 tamen
2174 3820 2237 3857 ex

670 3913 886 3967 honoris
913 3908 1274 3979 magnitudine
1304 3903 1541 3975 perfundi
1584 3912 1852 3971 oportere,
1902 3896 2043 3968 quod
2094 3903 2237 3950 tanta

665 4020 728 4059 ac
758 4002 847 4057 tali
875 3999 1198 4071 providentia
1224 3995 1447 4050 mortale
1474 4007 1638 4063 genus
1661 3992 1991 4054 honestetur,
2021 3996 2078 4042 ut
2104 3986 2239 4039 assi-

665 4094 772 4149 duo
805 4093 891 4147 Dei
908 4103 1195 4158 congressu
1221 4086 1542 4157 perfruatur,
1570 4099 1634 4137 ex
1662 4096 1767 4150 quo
1783 4090 1835 4134 et
1862 4096 1890 4133 a
1922 4078 2241 4132 mortalitate

667 4195 723 4241 et
751 4200 781 4239 a
810 4185 929 4237 vita
954 4180 1220 4237 curriculo
1249 4178 1439 4246 exiguo
1463 4186 1699 4243 tempore
1719 4172 2120 4239 circumscripto
2159 4185 2241 4221 re-

667 4278 943 4334 cedimus:
972 4276 1167 4344 qnippe
1193 4272 1281 4342 qui
1313 4270 1519 4323 tametsi
1550 4276 1733 4320 natura
1767 4264 2034 4325 mortales,
2063 4262 2130 4315 ob
2146 4260 2238 4314 Dei

668 4379 845 4423 tamen
868 4364 1309 4422 consuetudinem
1342 4359 1655 4414 familiarem
1680 4357 1744 4409 ad
1778 4357 1936 4407 vitam
1962 4352 2238 4422 progredi-

670 4458 1188 4516 murimmortalem.
1217 4455 1422 4509 Etenim
1453 4453 1542 4521 qui
1594 4466 1711 4505 cum
1762 4449 1868 4501 Deo
1911 4446 2241 4500 familiariter

667 4562 927 4616 versatur,
962 4560 1133 4603 morte
1163 4548 1311 4600 illum
1344 4541 1823 4611 omniqueinteritu
1851 4538 2241 4608 potioremcsse

669 4660 886 4700 necesse
906 4650 1006 4695 est.
1040 4643 1231 4708 Atque,
1256 4646 1309 4689 ιιι
1336 4645 1416 4689 est
1443 4634 1659 4686 omnino
1688 4645 1926 4691 necesse,
1977 4630 2063 4697 qui
2111 4628 2241 4680 ευίὶε

669 4734 831 4791 radiis
861 4731 1111 4801 potiatur,
1138 4746 1167 4782 a
1190 4728 1419 4782 tenebris
1445 4724 1622 4793 procul
1648 4722 1833 4776 abesse
1860 4738 1870 4771 :
1905 4722 1972 4773 ita
1996 4720 2083 4773 Dei
2115 4734 2242 4783 con-

669 4826 952 4883 suetudine
1006 4824 1265 4878 fruentem
1320 4834 1538 4873 necesse
1582 4826 1664 4871 est
1712 4832 1813 4869 non
1860 4815 2085 4883 amplius
2123 4829 2241 4867 esse

671 4918 948 4972 mortalem
981 4932 991 4967 :
1023 4929 1121 4966 nos
1141 4912 1281 4967 enim
1309 4910 1373 4962 ad
1406 4906 1858 4962 inmortalitatem
1890 4906 1998 4972 ipsa
2024 4904 2239 4956 honoris

672 5006 975 5079 magnitudo
1001 5005 1247 5058 traducit.
1272 5000 1402 5056 Nam
1439 5001 1482 5054 si
1506 5041 1519 5063 ,
1543 4999 1628 5067 qui
1658 5013 1834 5066 regem
1864 4997 2198 5064 alloquuntur
2223 5037 2237 5061 ,

670 5112 724 5154 et
787 5099 922 5168 apud
957 5098 1101 5149 illtnn
1137 5096 1309 5148 locum
1351 5090 1591 5145 obtinent
1646 5089 1936 5158 dignitatis,
1978 5090 2090 5143 fieri
2138 5104 2239 5140 non

678 5200 871 5260 potest,
898 5198 951 5241 ut
1001 5186 1175 5255 inopia
1217 5184 1474 5244 laborent,
1508 5184 1616 5235 fieri
1649 5182 1867 5233 omnino
1903 5181 2057 5248 longe
2104 5181 2242 5233 difli-

668 5284 822 5336 cilius
848 5288 1042 5349 pote5t,
1066 5287 1121 5328 ut
1147 5274 1236 5345 qui
1266 5272 1529 5341 supplices
1555 5272 1620 5325 ad
1646 5271 1807 5323 Deum
1854 5270 2108 5323 accedunt
2132 5312 2144 5334 ,
2191 5282 2243 5324 ct

671 5390 790 5427 cum
819 5388 883 5425 eo
916 5370 1311 5435 colloquuntur,
1332 5366 1579 5416 mortales
1593 5364 1801 5416 animos
1830 5364 2196 5415 nanciscantur
2225 5377 2237 5413 :

674 5484 816 5521 mors
847 5464 987 5517 enim
1019 5470 1103 5513 est
1127 5459 1286 5512 animi
1320 5456 1424 5510 vita
1451 5470 1479 5507 a
1502 5456 1699 5523 pietate
1725 5469 1785 5507 ae
1816 5453 2016 5521 legibus
2045 5455 2238 5507 aliena.

677 5556 923 5623 Ejusdem
946 5553 1104 5622 igitur
1122 5550 1282 5605 animi
1314 5548 1417 5601 vita
1446 5556 1719 5601 constatet
1749 5545 2002 5614 religione
2026 5586 2039 5607 ,
2070 5554 2119 5599 et
2151 5560 2239 5599 ac-

676 5648 907 5703 ιίηιιίιωδ
936 5644 1177 5705 vivendi,
1230 5655 1346 5707 qua!
1398 5654 1516 5694 cum
1562 5638 1815 5703 religione
1864 5638 2189 5691 COIIS'fllliillll
2230 5655 2239 5687 :

741 5740 809 5801 in}
844 5740 1015 5791 militia
1036 5751 1140 5787 cum
1159 5734 1392 5785 MLI‘Dlh.
1437 5733 1563 5781 107.0.

2362 797 2506 865 atqui
2555 800 2715 855 vitam
2755 814 2989 861 sanctam
3028 825 3089 863 ac
3126 811 3306 869 divino
3355 817 3517 872 cultui
3558 835 3927 893 congruentem

2361 905 2549 958 preces
2574 894 2817 963 afferunt,
2845 910 2901 954 et
2932 901 2982 954 in
3008 905 3213 959 animos
3231 917 3443 963 nostros
3460 912 3735 970 mirificam
3755 934 3924 973 rerum

2360 984 2596 1039 omnium
2654 989 2997 1056 pretiosarum
3042 997 3251 1066 copiam
3300 1002 3615 1057 recondunt.
3645 1006 3776 1061 Nam
3825 1014 3931 1066 sive

2359 1072 2618 1142 quispiam
2650 1078 2996 1147 virginitatem
3024 1084 3302 1154 adamarit,
3334 1104 3448 1146 snve
3477 1096 3777 1162 nuptiarum
3802 1110 3930 1153 tem-

2356 1163 2650 1231 perantiam
2672 1169 2808 1223 colat
2830 1210 2845 1234 ,
2872 1174 2983 1227 sive
3024 1174 3345 1233 iracundiam
3375 1185 3668 1252 continere,
3705 1198 3760 1241 et
3785 1206 3930 1245 man-

2356 1263 2508 1309 suete
2531 1271 2709 1327 agere,
2736 1261 2848 1316 sive
2870 1262 3063 1320 invidia
3092 1283 3281 1324 vacare
3320 1279 3414 1325 aut
3448 1264 3590 1329 aliud
3614 1278 3746 1346 quid
3771 1279 3927 1335 oflicii

2357 1356 2609 1414 praestare
2636 1352 2854 1418 nitatur,
2886 1358 3190 1423 precatione
3213 1360 3366 1424 duce,
3410 1363 3783 1434 ethujusmodi
3806 1372 3925 1427 vita:

2356 1437 2495 1491 viam
2520 1441 2811 1508 munientc,
2840 1446 3143 1515 expeditum
3175 1448 3391 1508 habebit
3410 1464 3463 1510 et
3485 1456 3694 1514 facilem
3725 1462 3930 1530 pietatis

2357 1542 2569 1583 cursum
2594 1549 2606 1584 :
2628 1546 2729 1587 non
2755 1537 2895 1589 enim
2916 1537 3027 1592 fieri
3042 1538 3150 1593 ullo
3171 1542 3329 1598 modo
3342 1554 3536 1614 potest,
3551 1559 3607 1601 ut
3623 1553 3714 1620 qui
3730 1562 3929 1623 tempe-

2355 1621 2601 1686 rantiam,
2611 1625 2885 1691 justitiam,
2901 1631 3375 1699 mansuetudinem,
3390 1636 3766 1707 benignitatem
3780 1659 3809 1697 a
3825 1621 3930 1701 Deo

2357 1718 2556 1776 petunt.
2574 1728 2674 1766 non
2687 1718 3075 1786 voticompotes
3088 1720 3760 1799 fiant.Petiteenim,inquit,
3776 1743 3822 1786 et
3835 1712 3929 1790 da:

2354 1799 2485 1853 bitur
2496 1802 2630 1856 vobis
2655 1804 2672 1874 (
2680 1804 2729 1855 Μ
2737 1808 2858 1862 nttlt.
2873 1807 2920 1860 7.
2931 1809 2986 1879 7)
2995 1820 3116 1874 ,elc.
3138 1810 3314 1868 Omnis
3329 1818 3458 1869 enim
3471 1820 3557 1888 qui
3571 1823 3711 1887 petit,
3727 1826 3925 1895 accipit,

2354 1902 2398 1944 et
2427 1894 2512 1959 qui
2548 1897 2744 1962 qmcrit,
2768 1898 2970 1963 invenit,
2989 1911 3035 1953 et
3055 1904 3275 1970 pulsanti
3294 1907 3541 1974 aperietur
3556 1910 3693 1979 (an
3723 1916 3925 1977 “Atil.

2358 1981 2419 2034 Et
2467 1984 2588 2037 alibi
2631 2002 2812 2041 rursus
2841 2004 2854 2041 :
2887 1989 3011 2055 Quis
3038 2002 3139 2055 est,
3167 1992 3354 2063 inquit,
3383 2013 3446 2050 ea:
3491 2000 3645 2064 t'obis,
3673 2019 3707 2053 a
3754 2020 3851 2072 quo
3888 1979 3930 2058 si

2355 2074 2547 2141 petierit
2570 2076 2705 2142 ﬁlms
2723 2094 2844 2131 suns
2869 2096 3047 2147 partem
3068 2123 3084 2147 ,
3113 2100 3233 2136 num
3258 2086 3477 2153 lapidem
3503 2090 3639 2142 dabit
3670 2093 3715 2144 ei
3730 2093 3758 2145 .’
3793 2097 3868 2147 rel
3888 2099 3929 2149 si

2354 2166 2537 2233 piscem
2569 2169 2781 2237 petierit,
2828 2188 2947 2223 num
2971 2185 3245 2239 serpentem
3273 2177 3411 2229 dabit
3439 2181 3519 2233 ei?
3543 2180 3603 2235 Si
3644 2183 3798 2252 igitur
3824 2202 3925 2249 vos,

2353 2271 2464 2307 cum
2485 2257 2606 2310 ntali
2624 2259 2753 2323 sitis,
2782 2263 2938 2313 nostis
2953 2261 3079 2315 bona
3096 2266 3218 2318 dare
3230 2266 3351 2333 ﬁliis
3368 2271 3751 2340 vestris,quanto
3773 2278 3929 2345 magis

2354 2344 2508 2400 Pater
2518 2361 2672 2402 vester
2687 2353 2895 2405 cwleslis
2915 2354 3050 2408 dabit
3068 2356 3314 2425 Spiritum
3327 2370 3553 2413 sanctum
3574 2344 3931 2431 petentibus“

2352 2438 2573 2510 (lbid.v.
2609 2445 2829 2515 11-15)?
2855 2445 2946 2499 llis
2978 2449 3170 2513 verbis,
3208 2458 3259 2503 et
3293 2449 3393 2505 hac
3412 2468 3505 2523 spe
3537 2459 3805 2525 proposita
3826 2500 3841 2523 ,
3864 2460 3927 2513 ad

2352 2524 2708 2599 precationem
2730 2550 2827 2590 nos
2847 2553 3023 2591 rerum
3046 2541 3280 2594 omnium
3312 2542 3563 2598 Dominus
3584 2549 3926 2603 cohortatur:

2353 2638 2449 2674 nos
2497 2639 2621 2678 vero
2664 2626 2817 2681 decet
2859 2628 3282 2700 obtemperantes
3323 2634 3451 2700 Deo,
3496 2638 3547 2690 in
3591 2638 3834 2695 laudibus
3867 2658 3930 2695 se

2354 2714 2597 2780 precibus
2629 2726 2884 2784 perpetuo
2910 2720 3105 2786 vivere,
3143 2721 3214 2776 ita
3246 2731 3301 2776 ut
3323 2724 3413 2778 Dei
3440 2727 3602 2781 cultui
3629 2744 3791 2798 quam
3818 2733 3928 2784 ani-

2351 2819 2449 2858 mis
2476 2808 2673 2860 nostris
2695 2811 2893 2863 arctius
2923 2811 3221 2868 haereamus
3244 2832 3258 2867 :
3290 2817 3360 2870 ita
3388 2818 3531 2872 enim
3575 2819 3755 2876 licebit
3779 2823 3929 2879 nobis

2349 2899 2508 2950 vitam
2565 2898 2864 2953 hominibus
2922 2902 3133 2972 dignam
3190 2919 3367 2974 agere.
3425 2907 3556 2961 Nam
3609 2912 3928 2984 quicumque

2354 2990 2515 3044 Deum
2558 3005 2660 3044 non
2706 3004 2967 3061 precatur,
3000 3010 3169 3064 neque
3211 2997 3392 3053 divino
3426 3000 3694 3072 colloquio
3716 3007 3928 3062 assidue

2350 3079 2449 3134 frui
2488 3084 2666 3151 cupit,
2712 3096 2952 3139 mortuus
2997 3096 3077 3140 est
3117 3098 3172 3142 et
3216 3091 3391 3144 anima
3445 3106 3713 3162 sensuque
3759 3106 3922 3151 caret.

2350 3171 2479 3225 Illud
2504 3182 2585 3227 est
2613 3175 2896 3229 tnaximum
2928 3178 3163 3231 stultitia:
3185 3192 3250 3233 ac
3276 3181 3506 3248 stuporis
3531 3196 3926 3252 argumentum,

2346 3262 2388 3315 si
2435 3261 2653 3317 honoris
2696 3264 2853 3333 hujus
2898 3268 3205 3336 magnitudo
3250 3271 3550 3340 ignoratur,
3596 3274 3638 3328 si
3693 3279 3925 3345 precatio

2347 3370 2450 3408 non
2493 3367 2721 3423 amatur,
2764 3359 2806 3411 si
2857 3374 2960 3413 non
3002 3361 3194 3415 animae
3226 3378 3372 3417 mors
3415 3380 3535 3420 esse
3572 3367 3923 3436 existimatur,

2348 3445 2511 3499 Deum
2552 3462 2656 3501 non
2697 3449 2938 3504 adorare.
2974 3450 3042 3507 Ut
3074 3452 3215 3506 enim
3259 3468 3449 3525 corpus
3499 3459 3596 3511 hoc
3641 3470 3880 3513 nostrum
3905 3504 3921 3525 ,

2344 3555 2463 3593 cum
2509 3540 2721 3596 animus
2759 3542 2939 3607 abest,
2986 3554 3249 3599 mortuum
3288 3556 3373 3601 est
3423 3563 3485 3603 ac
3528 3550 3765 3605 fmtidum
3800 3570 3816 3607 :
3856 3555 3921 3607 ita

2345 3632 2443 3684 nisi
2475 3645 2534 3686 se
2559 3633 2767 3687 animus
2811 3633 2875 3687 ad
2908 3628 3266 3703 precationem
3298 3639 3510 3703 excitat,
3552 3653 3793 3695 mortuus
3821 3653 3918 3703 est.

2345 3722 2526 3788 miser,
2556 3738 2617 3777 ac
2655 3718 2892 3779 foetidos.
2944 3727 3101 3793 Atqui
3139 3730 3323 3797 quavis
3358 3740 3531 3785 morte
3559 3734 3803 3787 acerbius
3834 3751 3924 3803 pu-

2346 3812 2559 3864 tandnm
2604 3827 2723 3866 esse
2769 3816 3071 3882 precatione
3113 3817 3361 3885 spoliari,
3394 3834 3617 3889 magnus
3662 3822 3751 3876 ille
3803 3839 3923 3893 pro-

2346 3901 2498 3967 pheta
2530 3917 2627 3955 nos
2655 3903 2830 3956 Daniel
2857 3904 3032 3971 docet,
3053 3906 3141 3975 qui
3170 3908 3301 3960 mori
3333 3909 3536 3975 maluit,
3560 3926 3718 3979 quam
3750 3915 3919 3970 tribus

2344 3991 2531 4044 diebus
2553 4008 2581 4043 a
2625 3994 2870 4062 precibus
2898 4010 3083 4049 vacare
3116 3996 3277 4068 (Dan.
3305 3998 3356 4052 6.
3403 3997 3512 4070 10).
3557 4000 3741 4071 Neque
3781 4005 3917 4058 enim

2344 4093 2399 4135 ut
2430 4092 2608 4137 contra
2643 4086 2886 4154 pietatem
2933 4088 3124 4157 aliquid
3171 4088 3383 4155 faceret,
3418 4094 3670 4161 praecepit
3702 4110 3793 4148 rex
3836 4096 3920 4149 ille

2348 4176 2644 4243 Persarum,
2688 4179 2777 4231 sed
2810 4179 2936 4232 illud
2978 4180 3187 4250 agebat,
3217 4183 3449 4234 uttrium
3491 4182 3698 4237 dierum
3740 4198 3924 4239 ceSsa-

2348 4267 2543 4319 tionem
2582 4270 2857 4335 reperiret.
2892 4269 3019 4323 Nam
3052 4272 3167 4324 sine
3190 4270 3368 4325 divino
3399 4283 3527 4326 nutu
3570 4275 3769 4328 bonum
3802 4276 3916 4328 nni-

2347 4358 2450 4409 hnn
2484 4360 2532 4411 in
2580 4373 2789 4413 noSIros
2828 4361 3033 4414 animos
3069 4364 3320 4416 venerit:
3361 4372 3518 4416 nutus
3547 4379 3675 4417 vero
3715 4364 3921 4418 divinus

2294 4500 2305 4513 _
2346 4450 2550 4503 labores
2593 4451 2866 4505 nobiscum
2911 4453 3245 4521 aggreditur,
3278 4470 3476 4524 eosque
3519 4455 3773 4525 praeclare
3799 4457 3923 4511 sub-

2346 4539 2502 4603 levat,
2547 4541 2590 4592 si
2622 4556 2804 4608 prcccs
2838 4542 3013 4595 videat
3041 4559 3069 4597 a
3098 4544 3252 4599 nobis
3277 4545 3450 4614 diligi,
3481 4561 3686 4611 nosque
3714 4548 3921 4601 assidue

2348 4629 2509 4682 Deum
2562 4645 2716 4684 orare
2762 4646 2824 4684 ac
2868 4647 3085 4699 sperare
3126 4642 3315 4688 cuncta
3369 4635 3494 4689 inde
3538 4636 3605 4689 ad
3655 4651 3754 4691 nos
3788 4636 3919 4691 bona

2345 4717 2676 4774 descensura.
2734 4722 2957 4788 Quando
2995 4723 3151 4792 igitur
3190 4725 3417 4794 aliquem
3464 4726 3620 4779 video
3663 4742 3694 4779 a
3744 4744 3922 4797 preca-

2348 4810 2502 4865 tionis
2531 4812 2706 4866 studio
2749 4813 2958 4878 abesse,
3005 4831 3175 4885 neque
3221 4816 3361 4870 illius
3401 4817 3607 4871 ardenti
3652 4833 3717 4872 ac
3760 4819 3920 4873 vehe-

2348 4901 2508 4955 menli
2539 4918 2721 4957 amore
2767 4904 2953 4966 teneri,
2996 4904 3103 4973 jam
3136 4907 3263 4959 mihi
3293 4907 3621 4975 exploratum
3653 4918 3755 4971 est,
3792 4911 3915 4960 nilnl

2347 4995 2413 5047 ab
2437 5011 2500 5049 eo
2527 4997 2882 5063 magnificum,
2906 4998 3033 5050 nibil
3060 4998 3369 5066 prieclarum
3395 5000 3673 5067 possideri.
3699 5002 3919 5067 Quando

2349 5104 2474 5140 vero
2526 5089 2751 5159 aliquem
2799 5104 2965 5143 cerno
3010 5090 3058 5143 in
3104 5091 3213 5145 Deo
3251 5093 3476 5146 colendo
3524 5094 3641 5146 sine
3684 5093 3923 5146 Sﬂlii‘iaie

2350 5180 2653 5248 persistere,
2680 5185 2873 5251 quique
2902 5198 3005 5236 non
3035 5181 3240 5251 precari
3269 5183 3479 5238 assidue
3510 5185 3561 5238 in
3592 5186 3798 5253 magnis
3827 5200 3919 5237 nn-

2351 5279 2520 5324 meret
2563 5271 2929 5337 detrimentis,
2963 5274 3199 5327 omnium
3238 5275 3386 5327 illum
3426 5275 3680 5329 virtutum
3726 5276 3913 5330 acet-rit

2351 5377 2493 5415 mum
2526 5362 2804 5424 cultorem,
2843 5363 3037 5433 Deique
3069 5366 3318 5433 templum
3347 5380 3467 5419 esse
3495 5366 3745 5433 conjicio.
3776 5365 3920 5432 Quod

2350 5455 2392 5505 si
2440 5454 2661 5507 amictus
2708 5454 2959 5521 hominis,
2995 5457 3186 5525 pedum
3232 5473 3479 5526 gressus,
3510 5467 3564 5512 et
3604 5460 3745 5512 risus
3805 5457 3923 5512 deuo

2352 5547 2480 5597 tium
2510 5562 2625 5614 qua:
2670 5547 2719 5598 in
2761 5564 2824 5599 eo
2865 5557 2991 5600 sunt
3037 5548 3223 5615 retegit
3257 5548 3441 5615 (Ea-li.
3476 5548 3561 5603 l9.
3593 5548 3707 5619 27),
3739 5564 3922 5603 secun-

2350 5636 2472 5686 dum
2522 5636 2811 5704 sapientem
2856 5636 3229 5700 Salmnunem,
3279 5638 3446 5691 multo
3488 5640 3656 5707 magis
3699 5638 3923 5704 precatio

2358 5727 2552 5794 [lt‘itlllc
2579 5727 2750 5782 cultus
2780 5738 2859 5784 cst
2881 5730 3099 5797 justitize
3154 5742 3545 5799 argumentum,
3581 5748 3699 5784 eum
3726 5730 3819 5785 illa
3843 5747 3912 5784 ve
