4220 6306
285 360 391 413 ’ἔῗτ

283 480 390 529 stis
420 471 665 544 qmedam
712 473 784 526 sit
822 470 1112 539 spiritualis
1155 483 1221 523 ac
1255 467 1464 531 divina,
1512 483 1632 535 qua:
1673 477 1882 522 mentes

285 577 502 620 nostras
554 579 750 634 magno
805 564 1002 618 decore
1049 577 1114 617 ac
1172 559 1568 631 pulchritudine
1616 559 1786 614 induit
1830 568 1884 614 et

280 667 538 724 exornat,
585 672 706 722 quas
747 655 1074 725 singulorum
1103 652 1312 708 vivendi
1356 652 1618 706 rationem
1664 650 1878 718 dirigit,

281 764 405 818 qua:
436 761 542 801 non
587 746 787 816 patitur
806 744 917 799 ‘ulla
959 759 1017 799 re
1043 744 1131 798 vili
1159 754 1215 799 et
1244 743 1474 797 absurda
1512 752 1746 796 mentem
1787 757 1882 797 oc-

281 841 468 909 cupari
497 855 514 894 :
545 854 666 907 quae
697 836 1002 908 persuadet,
1031 846 1087 890 ut
1120 835 1286 890 Deum
1315 850 1379 888 ac
1402 833 1735 905 dignitatem,
1762 849 1883 904 quae

282 936 352 989 ab
405 935 494 987 illo
537 933 594 987 in
645 947 742 986 nos
761 931 1055 1006 derivatur,
1090 945 1373 983 vereamur
1400 943 1416 985 :
1447 944 1566 994 qua:
1592 929 1781 994 docet,
1825 937 1884 982 ut

282 1039 474 1079 onlnes
522 1021 692 1078 hostis
737 1021 967 1091 improbi
1017 1021 1313 1090 praestigias
1356 1019 1687 1088 depellamus
1718 1033 1733 1070 :
1760 1035 1881 1087 qna:

283 1126 469 1185 turpes
495 1126 549 1170 et
576 1116 822 1184 indignas
865 1115 1218 1185 cogitationes
1259 1112 1423 1180 abigit
1451 1128 1464 1164 :
1493 1127 1613 1179 qua:
1642 1112 1694 1165 in
1725 1112 1878 1165 volu-

284 1211 448 1279 ptatis
477 1207 821 1278 despicientia
847 1206 1084 1261 animum
1123 1204 1383 1273 cujusque
1415 1203 1710 1257 constituit.
1755 1202 1882 1258 Haec

280 1300 428 1354 enim
469 1313 576 1352 una
617 1295 866 1365 superbia
904 1294 1058 1349 decet
1105 1309 1222 1359 eos,
1251 1293 1340 1362 qui
1366 1290 1634 1346 Christum
1664 1291 1876 1358 colunt,

281 1401 342 1446 ut
372 1389 502 1445 nulli
533 1387 848 1456 turpitudini
873 1386 1129 1448 serviant,
1152 1384 1247 1440 sed
1285 1384 1495 1438 animus
1539 1383 1591 1444 in
1634 1383 1880 1439 libertate

281 1479 601 1549 vivendique
627 1479 836 1530 ratione
855 1474 1194 1546 integerrima
1224 1481 1592 1530 conservetur.

355 1570 675 1627 Precationia
703 1567 988 1624 necessitas.
1012 1564 1182 1619 David
1207 1581 1297 1619 rea:
1320 1575 1368 1618 et
1383 1567 1630 1635 prepheta
1650 1564 1879 1635 precibus

276 1673 528 1718 Minatus.
555 1662 712 1717 —Et
757 1659 873 1714 ﬁeri
913 1657 1130 1728 quidem
1179 1655 1398 1711 omnino
1441 1671 1548 1710 non
1597 1670 1786 1725 posse,
1820 1663 1876 1710 ut

278 1757 418 1825 sine
448 1754 697 1824 precibus
740 1742 847 1804 vita
894 1765 1016 1804 cum
1043 1747 1240 1802 virtute
1271 1746 1501 1811 dicatur,
1532 1746 1873 1816 perspicuum

277 1861 403 1901 esse
433 1843 684 1899 omnibus
723 1841 991 1896 existimo.
1020 1839 1229 1893 Etenim
1274 1837 1545 1907 quomodo
1565 1837 1684 1906 quis
1704 1837 1870 1890 virtu-

279 1946 390 1991 tem
418 1936 594 2001 eolat,
625 1934 715 2003 qui
761 1947 865 1986 non
909 1930 1148 1994 accedat,
1177 1943 1345 1997 seque
1392 1926 1606 1997 abjiciat
1652 1927 1875 1996 supplex

277 2026 494 2080 assidue
517 2024 584 2078 ad
611 2039 757 2088 eum,
782 2021 873 2091 qui
918 2036 1038 2075 eam
1083 2017 1383 2088 suppeditat
1429 2027 1589 2088 atque
1615 2018 1874 2088 largitur?

275 2132 384 2187 qua
424 2115 630 2170 ratione
653 2114 773 2183 quis
801 2119 1188 2182 temperantem
1218 2116 1276 2162 et
1306 2107 1510 2177 justum
1541 2123 1601 2162 se
1629 2123 1749 2162 esse
1775 2124 1873 2163 cu-

278 2209 408 2280 piat,
440 2206 534 2277 qui
562 2222 670 2261 non
715 2201 923 2274 pla'eide
950 2216 1072 2256 cum
1104 2200 1194 2254 illo
1218 2206 1492 2264 versetur,
1523 2199 1612 2268 qui
1650 2209 1705 2254 et
1735 2199 1872 2267 hwc,

277 2310 333 2355 ct
358 2300 510 2370 plura
540 2297 628 2353 his
653 2312 685 2351 a
715 2290 867 2351 nobis
894 2292 1099 2364 exigit?
1122 2292 1259 2347 Volo
1286 2298 1464 2346 autem
1495 2291 1677 2361 paucis
1696 2298 1876 2345 osten-

278 2393 428 2456 dere,
462 2405 600 2452 nos,
650 2385 893 2456 quamvis
936 2383 1108 2452 culpis
1156 2391 1211 2436 et
1256 2381 1550 2436 sceleribus
1589 2389 1875 2448 coopertos

279 2481 517 2551 precatio
545 2476 930 2546 deprehendat,
957 2473 1100 2529 illico
1127 2481 1304 2526 tamen
1347 2472 1574 2540 expiari.
1598 2470 1716 2525 Jam
1749 2487 1876 2526 vero

278 2573 406 2642 quid
437 2569 743 2639 precatione
767 2565 938 2634 majus
965 2563 1048 2618 vel
1073 2562 1303 2617 divinius
1344 2561 1412 2614 sit
1428 2601 1441 2624 ,
1463 2561 1678 2630 quando
1699 2561 1874 2616 medi-

277 2664 454 2717 cinam
474 2657 784 2730 quamdam,
813 2653 1165 2724 expultricem
1193 2651 1567 2720 azgritudinum
1599 2664 1718 2705 esse
1743 2667 1874 2709 con-

275 2760 383 2808 stat
404 2752 490 2814 iis,
518 2749 612 2819 qui
641 2745 843 2801 morbis
881 2744 1046 2800 animi
1092 2740 1500 2797 conﬂictantur?
1524 2740 1718 2800 Notum
1752 2753 1835 2798 est
1855 2786 1871 2810 ,

276 2841 540 2898 Ninivitas
565 2837 768 2912 ptimos
786 2850 814 2889 a
835 2833 1079 2906 plurimis
1109 2847 1204 2902 per
1221 2831 1583 2902 precationem
1596 2833 1806 2889 delictis
1822 2844 1878 2890 et

277 2931 570 2989 sceleribus
585 2929 840 2984 liberatos
855 2925 1001 2994 (Jan.
1016 2922 1098 2999 5.)
1111 2922 1300 2982 Statim
1318 2925 1460 2980 enim
1478 2934 1533 2979 ut
1551 2925 1667 2980 illos
1684 2924 1878 2994 depre-

277 3025 420 3084 catio
444 3024 724 3095 occupavit
745 3064 762 3087 ,
783 3023 1008 3092 justitiae
1053 3020 1338 3090 participes
1366 3016 1562 3083 eﬂ‘ecit,
1589 3028 1644 3072 et
1683 3018 1874 3072 civita-

281 3131 467 3185 tatem,
495 3134 615 3189 qua:
640 3131 764 3170 cum
812 3111 1242 3182 intemperantia,
1275 3110 1531 3181 nequitia,
1552 3110 1876 3180 vivendique

279 3211 490 3268 ratione
515 3209 715 3264 nefaria
742 3207 940 3276 degere
961 3212 1333 3266 consueverat,
1348 3202 1596 3256 celeriter
1614 3201 1871 3265 correxit,

277 3303 446 3359 veteri
466 3299 850 3357 consuetudine
880 3294 999 3367 plus
1026 3295 1236 3356 valens,
1259 3294 1560 3348 cadestibus
1603 3293 1872 3347 civitatem

279 3394 488 3466 legibus
531 3390 789 3460 explens,
824 3386 1264 3457 temperantiam,
1305 3384 1720 3453 benignitatem,
1761 3385 1874 3439 cle-

279 3485 536 3540 mentiam
558 3522 575 3546 ,
611 3480 1038 3551 procurationem
1088 3492 1380 3546 pauperum
1432 3491 1616 3532 secum
1646 3475 1880 3531 ducens.

277 3575 410 3632 Sine
436 3575 520 3629 his
547 3575 692 3630 enim
731 3572 964 3628 animam
1007 3571 1244 3625 incolere
1295 3585 1400 3623 non
1434 3579 1641 3638 potest;
1687 3585 1873 3625 verum

277 3671 333 3722 in
387 3679 776 3737 quamcumque
821 3670 1057 3717 mentem
1115 3660 1513 3732 commigrarit,
1560 3661 1709 3715 omni
1753 3677 1871 3740 eam

279 3761 548 3830 probitate
574 3754 936 3823 cumulat,ad
983 3756 1232 3808 virtutem
1277 3751 1548 3818 informat,
1583 3755 1878 3823 nequitiam

280 3850 450 3921 pellit.
477 3848 545 3904 Et
577 3862 711 3903 sane
745 3848 792 3902 si
832 3846 953 3917 quis
992 3855 1119 3900 tunc
1142 3844 1370 3900 Niniven
1401 3845 1673 3914 ingressus
1703 3857 1869 3910 esset,

278 3940 375 4010 qui
408 3938 556 3994 illam
585 3946 744 3992 antea
773 3937 937 4007 probe
967 3947 1169 4001 nosset,
1199 3935 1466 3990 civitatem
1493 3934 1735 4004 profecto
1765 3953 1881 3991 nun‘

275 4033 586 4104 agnovisset
616 4047 632 4086 :
662 4031 732 4084 ita
775 4038 1001 4100 repente
1028 4046 1058 4084 a
1087 4028 1356 4098 nequiore.
1385 4029 1492 4082 vita
1523 4028 1588 4082 ad
1616 4029 1871 4098 pietatem

277 4122 588 4179 transilivit.
616 4120 688 4177 Ut
723 4123 869 4176 enim
902 4120 1153 4176 feminam
1192 4120 1407 4189 inopem
1435 4133 1497 4173 ac
1531 4133 1826 4188 pannosam
1854 4159 1871 4188 ,

277 4215 459 4271 aureis
496 4222 680 4284 postea
711 4212 1042 4269 vestimentis
1070 4220 1382 4266 exornatam
1413 4209 1458 4264 si
1487 4212 1609 4280 quis
1646 4225 1874 4280 aspexe-

275 4313 384 4372 rit,
438 4303 802 4386 mulierculam
854 4322 960 4360 non
1022 4313 1322 4375 agnoscat:
1353 4304 1425 4357 ita
1473 4303 1564 4373 qui
1601 4304 1872 4358 civitatem

277 4405 426 4458 illaut
457 4410 613 4456 antea
640 4400 864 4454 vidisset
889 4408 1134 4469 egentem
1161 4412 1225 4451 ac
1251 4397 1620 4467 spiritualibus
1640 4397 1870 4452 destituo

278 4505 388 4549 tam
442 4491 744 4559 thesauris,
793 4492 1092 4561 ignorasset
1139 4489 1359 4544 omnino
1392 4527 1407 4553 ,
1439 4503 1684 4559 quaenam
1726 4499 1873 4544 esset

275 4588 488 4651 civitas,
513 4601 675 4657 quam
699 4587 770 4640 ita
800 4585 1036 4654 precatio
1060 4593 1390 4639 commutare
1413 4593 1469 4638 et
1510 4584 1652 4649 illius
1693 4599 1872 4638 mores

276 4679 598 4749 vivendique
669 4679 928 4739 rationem
999 4678 1067 4732 ad
1123 4679 1374 4733 virtutem
1441 4677 1736 4731 traducere‘
1777 4693 1873 4746 po-

277 4773 488 4827 tuisset.
541 4770 615 4826 Et
663 4786 792 4825 vero
848 4771 1042 4824 mulier
1082 4769 1351 4838 quzedam,
1401 4782 1523 4837 qua:
1569 4767 1620 4821 in
1678 4768 1868 4822 intem-

277 4863 520 4934 perantia
544 4871 601 4918 et
641 4861 945 4917 meretricio
972 4871 1180 4931 quaestu
1220 4874 1434 4914 omnem
1459 4866 1718 4912 anteacta:
1747 4859 1872 4913 vita:

277 4969 498 5011 cursum
555 4951 886 5018 confecerat,
916 4952 1073 5006 simul
1107 4958 1266 5020 atque
1301 4964 1371 5004 se
1409 4948 1475 5003 ad
1523 4948 1719 5002 Christi
1778 4965 1872 5018 pe-

274 5047 374 5102 des
421 5045 652 5115 abiecit,
693 5045 920 5100 salutem
963 5052 1289 5112 consequuta
1338 5051 1421 5096 est
1451 5040 1470 5114 (
1501 5040 1626 5094 Luc.
1676 5042 1728 5094 7.
1778 5043 1867 5097 57.

275 5155 380 5211 sqq.
401 5138 444 5210 ).
469 5138 628 5207 Atqui
661 5152 765 5192 non
798 5136 958 5191 modo
981 5135 1265 5189 criminum
1312 5134 1495 5202 culpas
1526 5148 1590 5188 ac
1635 5133 1871 5188 maculas

277 5231 444 5296 delet,
471 5228 567 5285 sed
620 5242 811 5298 magna
857 5227 1017 5281 etiam
1073 5225 1308 5295 pericula
1357 5224 1588 5294 repellit.
1618 5223 1732 5278 Rex
1781 5225 1871 5280 ille

274 5321 434 5377 simul
459 5334 525 5375 ac
552 5327 702 5376 vates
719 5318 1050 5378 admirabilis
1079 5317 1242 5373 David
1270 5318 1422 5388 plura
1451 5326 1505 5371 et
1520 5319 1699 5388 gravia
1731 5317 1868 5373 bella

277 5413 586 5484 precatione
606 5410 936 5482 proﬂigavit,
965 5410 1049 5464 his
1095 5411 1217 5466 telis
1259 5409 1537 5464 dumtaxat
1565 5410 1867 5464 exercitum
1910 5405 1912 5408 ’

277 5502 660 5573 pra-muniens,
685 5511 740 5557 et
764 5500 1035 5566 efﬁciens,
1068 5509 1125 5554 ut
1151 5515 1248 5569 per
1267 5499 1501 5568 quietem
1526 5508 1582 5553 et
1608 5499 1870 5553 securita-

277 5606 386 5650 tem
409 5595 491 5649 sui
518 5594 715 5650 milites
741 5593 963 5648 victoria
994 5593 1313 5663 potirentur.
1347 5590 1480 5645 Nam
1520 5590 1606 5654 alii
1653 5589 1866 5657 quidem

278 5704 433 5759 reges
454 5687 507 5743 in
528 5685 724 5742 ducum
751 5686 1076 5757 experientia
1094 5693 1149 5738 ct
1171 5693 1308 5744 arte.
1343 5683 1394 5735 in
1439 5682 1748 5750 sagittariis,
1778 5698 1868 5750 pe-

277 5781 494 5847 tliu'bus,
516 5790 572 5837 et
611 5777 877 5850 equitibus
917 5791 1066 5848 spem
1097 5775 1280 5830 salutis
1315 5773 1578 5830 habebant
1613 5791 1624 5826 :
1653 5783 1708 5828 at
1748 5790 1860 5828 ma-

1574 352 1664 406 DE
1705 351 2159 409 PRECATIONE.
2200 351 2242 409 1.

3488 358 3591 411 7⁸18

1989 481 2127 536 gnua
2181 466 2349 522 David
2390 466 2591 522 sanctis
2643 467 2894 537 precibus
2941 468 3245 540 exercitum
3290 471 3585 537 muniebat,

1991 572 2097 610 non
2146 556 2363 621 ducum,
2390 558 2783 622 centurionum,
2818 556 3189 628 praefectorum
3219 559 3458 631 equitum
3487 578 3582 616 su-

1989 647 2207 716 percilia
2250 648 2589 714 intuebatur,
2642 650 3055 728 non_pccunias
3101 651 3422 721 colligebat,
3479 669 3589 708 non

1987 751 2136 790 arma
2163 739 2545 809 comparabat;
2577 738 2672 794 sed
2717 755 2750 794 e
2789 740 3128 796 cazl0'divina
3182 740 3269 795 illa
3313 757 3588 797 armorum

1985 845 2185 898 genera
2231 832 2478 886 universa
2513 833 2763 886 ducebat.
2793 832 3000 896 Cuncta
3043 834 3185 908 enim
3234 849 3295 890 re
3323 851 3447 889 vera
3477 852 3586 890 ea:-

1987 921 2201 976 lestimn
2245 939 2516 978 armorum
2567 939 2766 995 genera
2793 924 2989 981 divinis
3023 926 3270 995 precibus
3297 931 3585 983 continen-

1990 1021 2107 1078 tur;
2139 1028 2260 1090 quaa
2291 1013 2370 1067 vel
2400 1010 2530 1069 sola:
2563 1025 2789 1084 possunt
2821 1030 2916 1070 eos
2944 1018 3099 1080 tueri,
3127 1017 3219 1086 qui
3248 1033 3309 1072 se
3340 1018 3453 1073 Deo
3477 1027 3588 1072 tra-

1985 1101 2258 1157 diderunt.
2288 1103 2421 1158 Nam
2470 1104 2712 1174 peditum
2763 1106 2980 1184 quidem
3026 1109 3193 1162 robur
3234 1119 3394 1181 atque
3439 1113 3585 1180 peri-

1987 1195 2112 1248 tiam
2131 1234 2148 1258 ,
2180 1196 2579 1266 sagittariorum
2607 1197 3018 1267 experientiam,
3048 1198 3102 1253 in
3126 1200 3403 1270 prodendo
3429 1202 3585 1258 hoste
3634 1214 3637 1216 ‘

1983 1286 2329 1342 calliditatem
2357 1303 2500 1359 saepe
2525 1288 2611 1344 vei
2641 1290 2852 1359 hostilis
2874 1293 3116 1358 obtutus,
3146 1301 3305 1362 atque
3330 1294 3586 1350 adversa-

1984 1380 2186 1433 riorum
2212 1381 2424 1456 animus
2452 1382 2492 1447 ⁸,
2524 1381 2736 1452 aliaque
2779 1382 2942 1436 multa
2982 1383 3196 1438 inanem
3237 1383 3502 1452 reddunt;
3529 1398 3586 1441 at

1985 1471 2221 1539 precatio
2245 1471 2406 1525 telum
2434 1481 2519 1525 est
2539 1473 2924 1541 insuperabile,
2949 1483 3228 1544 tutumque
3250 1477 3581 1544 prmsidium,

1981 1561 2126 1629 quod
2165 1576 2318 1631 aeque
2359 1562 2584 1617 militem
2611 1578 2798 1630 unum,
2827 1578 2890 1617 ac
2925 1564 3093 1618 multa
3124 1565 3288 1620 millia
3317 1567 3582 1638 proﬂigat.

1982 1652 2112 1707 Nam
2141 1664 2194 1707 et
2214 1653 2546 1708 admirabilis
2568 1654 2732 1709 David
2754 1655 3033 1712 Goliadetn
3056 1658 3226 1721 illum,
3253 1669 3310 1711 ut
3338 1669 3585 1714 metuen-

1980 1743 2106 1798 dmn
2129 1745 2414 1814 quemdam
2444 1745 2747 1801 daemonem
2777 1747 3094 1814 irruentem,
3124 1765 3230 1802 non
3257 1751 3445 1816 armis,
3475 1767 3584 1805 non

1979 1835 2191 1905 gladiis,
2220 1833 2315 1890 sed
2341 1839 2645 1905 precatione
2669 1837 2866 1907 dejazit
2895 1837 2971 1912 (1.
2995 1837 3126 1911 Reg.
3161 1842 3274 1908 l7).
3308 1840 3382 1895 Ita
3415 1843 3581 1898 telum

1981 1937 2065 1979 est
2103 1928 2424 1981 acerrimum
2469 1939 2526 1983 et
2565 1928 2780 1999 regibus
2827 1930 2882 1984 in
2927 1926 3126 1999 praeliis
3167 1932 3497 2001 deprecatio,
3529 1944 3586 1989 et

1982 2015 2136 2068 nobis
2161 2015 2226 2069 ad
2253 2017 2558 2071 da'munum
2584 2020 2838 2088 impetum
2859 2021 3299 2089 propulsandum.
3329 2022 3400 2077 Ita
3417 2025 3580 2079 etiam

1982 2121 2077 2160 rex
2125 2106 2381 2189 Ezechias
2419 2109 2589 2163 victor
2642 2118 2684 2164 c'
2708 2109 2992 2165 Persarum
3030 2112 3174 2166 bello
3225 2112 3473 2168 discessit
3503 2117 3580 2183 (4.

1981 2196 2111 2268 Reg.
2146 2198 2262 2269 19),
2298 2214 2404 2254 non
2448 2201 2567 2255 acie
2623 2201 2914 2268 instructa,
2968 2203 3064 2257 sed
3109 2218 3212 2258 una
3271 2207 3584 2275 precatione

1981 2286 2214 2341 hostium
2244 2289 2418 2359 copiis
2437 2290 2682 2360 opposita
2709 2306 2724 2344 :
2754 2291 2896 2346 idem
2938 2291 3038 2347 hac
3064 2308 3170 2348 una
3196 2295 3406 2351 ratione
3437 2313 3585 2352 mor-

1982 2386 2089 2433 tem
2119 2381 2360 2447 evitavit,
2392 2383 2558 2437 Deum
2584 2399 2819 2454 congrua
2845 2385 3044 2453 pietate
3073 2398 3380 2453 veneratus;
3419 2401 3584 2458 atque

1981 2472 2054 2526 ita
2086 2489 2188 2526 una
2236 2476 2476 2544 precatio
2523 2493 2704 2547 regem
2758 2482 2883 2535 vitae
2931 2482 3164 2536 restituit
3195 2482 3347 2552 (Isai.
3373 2486 3488 2555 37).
3514 2487 3585 2540 Et

1980 2578 2109 2616 sane
2135 2565 2371 2619 animum
2398 2570 2992 2640 peccatis-inquinatum
3030 2573 3181 2628 facile
3211 2575 3458 2643 precibus
3487 2592 3583 2631 ex-

1983 2655 2137 2725 piari,
2171 2657 2321 2712 testis
2372 2670 2456 2712 est
2501 2660 2836 2729 publicanus,
2865 2663 3103 2732 quicum
3135 2679 3164 2716 a
3209 2665 3320 2718 Deo
3365 2671 3579 2721 veniam

1982 2758 2231 2814 precatus
2277 2759 2440 2813 esset,
2470 2751 2579 2804 voti
2617 2766 2841 2822 compos
2872 2752 3119 2807 discessit
3151 2754 3302 2826 (Luc.
3334 2756 3423 2811 18.
3454 2758 3580 2828 15);

1982 2840 2137 2894 testis
2165 2841 2428 2909 leprosus,
2451 2844 2540 2912 qui
2570 2845 2731 2898 simul
2775 2853 2940 2916 atque
2977 2861 3037 2901 se
3066 2848 3134 2901 ad
3164 2848 3257 2903 Dei
3290 2848 3455 2918 pedes
3480 2851 3580 2906 ab-

1977 2932 2128 3002 jecit,
2163 2933 2303 2988 illico
2324 2944 2541 2988 curatus
2566 2945 2648 2990 est
2678 2935 2698 2998 (
2723 2936 2922 2994 Matth.
2987 2941 3041 2995 8.
3111 2941 3178 2995 2.
3212 2937 3255 3010 ).
3277 2941 3435 3007 Quod
3472 2943 3517 2996 si
3547 2958 3578 2996 a

1981 3039 2209 3095 corpore
2237 3025 2378 3080 Deus
2405 3026 2590 3082 vitiato
2618 3037 2780 3098 atque
2801 3039 3055 3098 corrupto
3098 3030 3346 3085 morbum
3402 3032 3580 3087 celer-

1983 3117 2118 3172 rime
2140 3116 2382 3187 depulit,
2411 3118 2583 3173 multo
2611 3117 2783 3188 magis
2801 3121 2986 3176 animo
3018 3122 3160 3175 vitiis
3190 3123 3390 3178 infecto
3419 3140 3577 3180 cura-

1983 3208 2185 3261 tionem
2226 3208 2534 3262 humaniter
2571 3208 2849 3264 adbibebit
2880 3227 2895 3263 :
2930 3226 3051 3264 nam
3093 3226 3202 3282 quo
3243 3215 3584 3284 prmstantior

1979 3311 2062 3355 est
2087 3300 2298 3355 animus
2345 3315 2608 3370 corpore,
2650 3316 2719 3357 eo
2763 3303 2934 3373 magis
2972 3318 3067 3372 par
3094 3314 3178 3358 est
3221 3306 3496 3361 ardentius
3549 3324 3579 3361 a

1985 3392 2093 3447 Deo
2123 3394 2174 3446 in
2207 3393 2301 3448 illo
2326 3393 2562 3448 studiqu
2593 3394 2865 3449 collocari.
2901 3395 2967 3449 Et
2991 3411 3124 3450 sane
3150 3408 3403 3452 sexcenta
3428 3400 3580 3468 quis-

1981 3486 2122 3554 piam
2151 3500 2273 3541 cum
2301 3498 2516 3550 vetera,
2546 3495 2655 3540 tum
2711 3501 2845 3539 nova
2878 3486 3120 3554 proferre
3171 3490 3342 3559 possit
3392 3504 3582 3545 exem-

1979 3580 2087 3648 pla,
2118 3580 2164 3633 si
2216 3580 2411 3649 quibus
2457 3594 2642 3648 preces
2682 3579 2838 3634 saluti
2883 3579 3114 3645 fuerunt,
3144 3597 3468 3638 enumerare
3497 3599 3581 3637 vo-

1979 3671 2141 3727 luerit
2169 3673 2470 3727 universos.
2492 3674 2562 3726 At
2601 3672 2827 3727 fortasse
2846 3672 3110 3742 quispiam
3146 3687 3179 3728 e
3216 3674 3576 3743 segnioribus,

1979 3773 2034 3819 et
2064 3765 2128 3820 iis
2154 3764 2243 3833 qui
2272 3771 2520 3818 accurate
2545 3777 2609 3818 ac
2633 3763 2873 3817 studiose
2901 3764 3106 3831 precari
3149 3764 3356 3829 nolint,
3383 3764 3581 3820 dixerit

1980 3855 2072 3910 illa
2103 3855 2267 3910 verba
2300 3855 2465 3909 Deum
2495 3854 2693 3909 idcirco
2717 3868 2837 3908 esse
2858 3855 3261 3924 proloquutum,
3291 3853 3537 3909 videlicet
3562 3873 3576 3910 :

1981 3949 2104 4004 Non
2140 3949 2304 4004 omnis
2324 3988 2340 4014 ,
2365 3948 2451 4017 qui
2476 3947 2596 4000 dicit
2623 3947 2783 4014 mihi,
2813 3945 3032 4000 Domine
3049 3987 3065 4013 ,
3089 3944 3341 4011 Domine,
3368 3946 3578 3999 intrabit

1980 4041 2032 4095 in
2061 4057 2269 4112 regnum
2312 4040 2576 4102 rariorum,
2607 4039 2697 4092 sed
2724 4039 2810 4109 qui
2849 4040 3024 4110 fecerit
3063 4037 3370 4090 voluntatem
3401 4035 3578 4090 Patris

1980 4135 2098 4200 mei,
2125 4134 2211 4204 qui
2230 4142 2303 4188 est
2321 4135 2374 4187 in
2404 4134 2542 4187 cwlis
2567 4130 2780 4205 (Matth.
2802 4132 2854 4185 7.
2882 4129 2975 4202 2|)
3011 4149 3023 4182 :
3051 4145 3152 4202 ego
3177 4144 3305 4184 vero
3331 4128 3376 4183 si
3403 4131 3574 4184 solam

1979 4229 2344 4301 precationem
2369 4227 2434 4280 ad
2465 4239 2703 4280 noswam
2733 4225 2960 4280 salutem
2988 4223 3118 4277 satis
3145 4238 3268 4278 esse
3285 4221 3537 4292 'putarem
3557 4263 3577 4287 ,

1979 4321 2172 4376 merito
2198 4321 2314 4375 haec
2339 4319 2497 4390 objici
2527 4319 2762 4374 dicerem
2799 4335 2814 4371 :
2859 4318 3112 4387 quoniam
3149 4331 3280 4371 vero
3309 4315 3576 4371 bonorum

1977 4412 2218 4468 omnium
2248 4420 2409 4480 caput
2433 4410 2796 4480 precationem
2823 4423 2944 4463 esse
2979 4408 3264 4474 conﬁrmo,
3295 4419 3457 4479 atque
3485 4422 3575 4463 ra-

1979 4505 2141 4558 tionis
2173 4503 2398 4557 honeste
2433 4501 2876 4568 laudabihterque
2918 4500 3130 4554 vivendi
3169 4499 3576 4555 fundamentum

1976 4607 2136 4665 atque
2181 4593 2450 4659 radicem,
2483 4606 2639 4646 nemo
2678 4591 2744 4645 ad
2783 4591 3181 4645 excusationem
3218 4590 3428 4645 inertia:
3474 4590 3578 4645 illis

1979 4689 2157 4742 verbis
2173 4687 2441 4742 abutatur.
2457 4684 2641 4755 Neque
2669 4684 2811 4739 enim
2843 4699 3000 4738 unam
3026 4681 3432 4752 temperantiam
3457 4683 3574 4738 sine

1978 4781 2100 4835 aliis
2130 4781 2306 4847 bonis,
2339 4795 2444 4834 non
2473 4794 2632 4833 unam
2667 4793 2959 4847 pauperum
3003 4776 3391 4847 providentiam
3414 4818 3429 4843 ,
3466 4792 3572 4830 non

1979 4873 2379 4944 benignitatem,
2406 4887 2514 4926 uon
2558 4871 2700 4925 aliud
2748 4870 3021 4940 quidpiam
3059 4885 3126 4925 ex
3171 4869 3237 4923 iis
3283 4884 3404 4940 quae
3448 4880 3576 4925 sunt

1977 4985 2099 5023 cum
2136 4969 2416 5022 honestate
2442 4965 2763 5033 conjuncta;
2792 4964 2884 5018 sed
2916 4964 3095 5018 omnia
3143 4976 3248 5016 uno
3276 4961 3576 5032 eodemque

1975 5075 2240 5117 concursu
2269 5067 2482 5131 oportet
2505 5058 2558 5112 in
2584 5057 2796 5111 animos
2835 5065 3050 5111 nostros
3079 5053 3301 5110 inﬂuere
3332 5069 3347 5108 :
3383 5068 3573 5109 verum

1980 5155 2213 5224 precatio
2231 5163 2502 5222 tamquam
2528 5149 2676 5204 radix
2700 5147 2980 5218 subjicitur
2997 5156 3054 5201 et
3074 5144 3578 5200 fundamentum.Et

1977 5245 2428 5317 quemadmodum
2463 5242 2730 5311 navigium
2766 5255 2828 5294 ac
2851 5240 3046 5294 donius
3080 5237 3425 5292 inferioribus
3456 5252 3578 5306 par-

1978 5341 2118 5395 tibus
2166 5338 2410 5392 ﬁrmatur
2447 5345 2503 5391 et
2545 5333 2887 5389 constat:ita
2914 5331 3164 5402 precibus
3203 5329 3332 5382 vitae
3375 5337 3575 5383 nosme

1978 5431 2114 5486 ratio
2143 5429 2468 5493 continetur,
2501 5426 2620 5481 sine
2644 5425 2840 5494 quibus
2862 5421 2990 5477 nihil
3024 5421 3178 5476 nobis
3207 5419 3328 5474 boni
3357 5421 3571 5474 contin-

1974 5531 2085 5594 gat,
2124 5519 2252 5575 nihil
2293 5520 2548 5573 salutare.
2577 5517 2868 5586 Propterea
2920 5528 3017 5568 nos
3050 5512 3248 5568 Paulus
3295 5520 3445 5582 urget
3491 5509 3584 5564 his'

1975 5615 2157 5672 verbis
2189 5630 2202 5666 :
2239 5611 2474 5667 Orationi
2504 5611 2705 5676 instate,
2729 5608 2991 5680 vigilantes
3017 5608 3069 5662 in
3096 5623 3176 5672 ea,
3207 5605 3260 5660 in
3285 5605 3568 5680 gratiarum

2043 5781 2057 5811 ⁸
2095 5773 2246 5837 βαιὴ..
2262 5770 2485 5836 felicitas.
