4160 6316
710 338 817 395 779

709 457 908 509 actions
949 450 1166 522 (Colca.
1219 449 1286 519 4.,
1317 447 1409 515 2);
1438 455 1492 499 et
1532 444 1654 500 alibi
1688 461 1699 497 :
1747 440 1871 496 Sine
1912 435 2283 492 intermissione

707 554 848 598 orate
870 584 885 605 ,
935 540 1135 610 inquit,
1166 540 1221 593 in
1259 538 1488 591 omnibus
1517 535 1706 605 gratias
1734 532 1897 603 agite,
1936 533 2029 583 hoc
2052 529 2186 583 enim
2210 534 2283 580 est

708 635 940 687 uoluntas
983 629 1077 684 Dei
1105 630 1182 697 (l.
1219 626 1394 681 Thess.
1417 627 1469 681 5.
1501 623 1691 691 l7.l8)
1716 640 1732 687 ;
1759 630 1815 676 et
1864 620 1992 675 alibi
2048 632 2233 674 rursus
2262 634 2279 671 :

710 720 866 774 Orate
886 719 1023 773 omni
1053 730 1272 785 tempore
1296 715 1349 768 in
1386 715 1585 785 spiritu,
1608 722 1654 765 et
1682 712 1735 764 in
1768 710 1880 778 ipso
1923 707 2184 779 vigilantes
2226 706 2280 759 in

711 810 850 864 omni
895 809 1136 863 instantia
1159 844 1177 871 ,
1226 816 1271 860 et
1313 805 1651 860 obsecratione
1680 800 1893 874 (Ep/tes.
1924 801 1978 857 6.
2027 798 2137 869 18).
2191 798 2281 855 Sic

710 899 953 969 plurimis
997 897 1301 963 divinisque
1339 895 1557 950 vocibus
1593 892 1659 946 ad
1701 906 1884 961 preces
1924 904 2023 945 nos
2067 903 2273 958 semper

709 988 1219 1058 dux,apostolorum
1264 988 1593 1041 cohortatur.
1635 984 1809 1052 Quare
1860 981 2166 1051 nobis,qui
2213 981 2282 1037 ab

706 1072 1171 1143 illo/instituimur,
1201 1078 1305 1131 vita
1332 1087 1414 1131 est
1452 1077 1505 1130 in
1535 1076 1778 1146 precibus
1804 1072 2123 1128 traducenda
2141 1111 2159 1140 ,
2189 1072 2284 1126 iis-

702 1186 809 1241 que
866 1184 1018 1224 mens
1062 1178 1324 1239 perpetuo
1372 1168 1635 1237 irriganda
1668 1184 1682 1219 :
1711 1182 1816 1221 non
1871 1166 2012 1220 enim
2060 1165 2277 1229 minus,

700 1275 861 1329 quam
904 1260 1125 1315 arbores
1161 1261 1342 1328 aquis,
1382 1257 1488 1312 illis
1525 1272 1623 1311 nos
1671 1258 1969 1327 indigemus
2022 1256 2277 1310 universi.

702 1352 836 1407 Nam
865 1367 1036 1421 neque
1063 1351 1166 1404 illa:
1192 1358 1415 1419 possunt
1449 1363 1569 1403 esse
1595 1347 1880 1401 fructuosa:
1900 1387 1915 1408 ,
1944 1345 2041 1400 nisi
2089 1346 2281 1400 Immo-

704 1456 817 1495 rem
840 1440 1105 1495 radicibus
1126 1440 1374 1504 ebibant;
1404 1453 1576 1508 neque
1606 1453 1701 1491 nos
1730 1437 2138 1506 pretiosissimas
2168 1437 2281 1506 pie-

704 1536 828 1587 tatis
860 1534 1036 1601 fruges
1067 1531 1306 1597 fundere,
1338 1532 1436 1585 nisi
1466 1531 1712 1600 precibus
1746 1531 2044 1599 irrigemur.
2076 1529 2279 1595 Quam-

701 1625 884 1677 obrem
926 1631 980 1677 et
1036 1636 1156 1677 cum
1192 1622 1387 1676 lectulo
1413 1622 1699 1690 surgimus,
1728 1629 2061 1674 antevertere
2110 1620 2276 1673 solem

700 1721 912 1781 Oportet
966 1712 1055 1768 Dei
1084 1714 1261 1775 cultu,
1292 1722 1348 1767 et
1410 1728 1527 1767 cum
1574 1728 1771 1767 mensa:
1815 1712 2199 1776 accumbimus,
2226 1720 2280 1764 et

699 1820 822 1858 cmn
849 1805 1020 1858 somni
1047 1819 1203 1858 causa
1228 1804 1483 1858 enbamus
1517 1822 1530 1857 :
1561 1806 1667 1857 imo
1712 1820 1836 1858 vero
1878 1804 2098 1871 singulis
2131 1804 2277 1857 horis

707 1896 940 1964 precatio
967 1895 1135 1949 estad
1162 1894 1323 1947 Deum
1347 1894 1667 1959 adhibenda,
1692 1904 1744 1948 et
1773 1897 1822 1947 in
1863 1910 1924 1948 ea
1952 1895 2056 1948 diei
2082 1909 2277 1949 cursus

698 1985 1098 2050 conliciendus;
1128 1986 1351 2041 hiberno
1385 2002 1511 2040 vero
1538 1995 1776 2054 tempore
1800 1985 2075 2053 plurimam
2108 1987 2277 2040 noctis

699 2087 902 2145 partem
952 2079 1002 2132 in
1044 2080 1291 2148 precibus
1338 2078 1702 2142 traducamus,
1736 2089 1787 2133 et
1838 2093 2030 2146 magno
2057 2093 2176 2132 cum
2210 2080 2277 2132 ti-

704 2182 852 2220 more
880 2182 1051 2236 genua
1083 2168 1378 2233 flectentes,
1410 2169 1697 2237 precationi
1729 2184 1943 2238 operam
1973 2170 2157 2223 demus
2176 2211 2190 2232 ,
2216 2185 2277 2224 ac

702 2258 1027 2314 beatitudine
1056 2275 1152 2315 nos
1175 2262 1271 2329 ipsi
1301 2260 1489 2329 dignos
1521 2260 1683 2333 Deum
1707 2259 1932 2314 colendo
1962 2260 2270 2315 reddamus.

1415 327 1780 387 8.10mle
1816 321 2192 381 enttvsosr.
2235 318 2557 374 metuet».
2587 315 3119 375 CONSTANTINUP.
3856 320 3952 372 τω

2395 434 2505 503 Age
2526 448 2653 487 vero
2691 446 2797 503 quo
2832 430 2991 486 modo
3015 431 3181 486 solem
3228 433 3475 502 aspicies,
3506 450 3613 489 non
3652 434 3799 492 lllum
3846 454 3964 495 ante

2392 534 2707 588 veneratus,
2738 523 2827 593 qui
2878 524 3047 579 oculis
3077 525 3179 579 tuis
3226 524 3397 580 lucem
3435 526 3564 581 solis
3601 527 3963 584 dulcissimam

2395 614 2638 684 profert?
2663 629 2889 685 quanam
2920 615 3124 671 ratione
3148 630 3331 671 mensa
3356 617 3556 686 perfrui
3583 619 3829 684 audebis,
3863 637 3963 675 non

2391 715 2516 760 ante
2543 715 2829 761 veneratus
2852 715 3119 760 tantorum
3147 706 3407 762 bonorum
3445 707 3646 764 fontem
3686 719 3744 764 et
3784 720 3967 766 aucto-

2390 811 2504 851 rem
2526 797 2550 849 ?
2573 813 2676 867 qua
2704 811 2799 865 spe
2823 796 2891 851 ad
2922 806 3159 868 tempora
3209 808 3466 853 nocturna
3498 802 3778 870 pervenies
3798 803 3825 856 ἲ
3849 819 3969 873 qua:

2390 889 2483 944 tibi
2511 888 2624 942 visa
2651 888 2941 943 secundum
2983 889 3219 958 quietem
3250 891 3519 957 obiectum
3546 892 3610 946 iri
3639 894 3927 962 suspicaris
3950 936 3967 958 ,

2390 980 2434 1034 si
2466 981 2624 1035 nullis
2650 981 2896 1049 precibus
2923 982 3291 1050 prtemunitus,
3324 983 3472 1037 nullo
3498 984 3751 1053 praesidio
3784 996 3968 1056 septus

2387 1069 2551 1139 quieti
2584 1078 2635 1124 te
2660 1069 2871 1125 tradas?
2897 1062 3173 1127 Facillime
3199 1081 3252 1127 te
3276 1074 3655 1142 improhissimi
3684 1074 3965 1133 daemones

2387 1169 2729 1216 contemnent
2753 1172 2807 1215 et
2833 1162 3197 1230 implicabunt,
3220 1164 3310 1233 qui
3341 1164 3595 1219 oberrant
3620 1165 3857 1229 assidue,
3881 1169 3967 1237 qui

2387 1251 2725 1305 occasionem
2758 1260 2990 1319 captant,
3020 1251 3369 1307 observantes
3390 1294 3405 1318 ,
3432 1263 3492 1308 ut
3518 1254 3562 1309 si
3588 1270 3748 1325 quem
3782 1270 3967 1324 preca-

2391 1342 2537 1396 tione
2564 1341 2873 1395 destitutum
2917 1341 3402 1410 deprehenderint,
3439 1343 3555 1396 sine
3601 1360 3752 1400 mora
3799 1349 3967 1402 corri-

2386 1434 2553 1501 piant.
2594 1432 2791 1499 Quare,
2820 1432 3080 1502 siquidem
3107 1442 3287 1501 septos
3315 1448 3412 1488 nos
3437 1435 3682 1502 precibus
3715 1438 3964 1501 viderint,

2386 1523 2638 1576 continuo
2689 1534 2953 1590 tamquam
2994 1521 3139 1577 fures
3185 1538 3248 1577 ac
3288 1524 3498 1577 scelesti
3555 1526 3837 1593 resiliunt,
3878 1532 3965 1596 qui

2385 1615 2617 1684 gladium
2661 1617 2845 1668 militis
2888 1617 3044 1685 capiti
3089 1630 3379 1684 appensum
3434 1629 3678 1672 cernunt.
3716 1619 3872 1686 Quod
3924 1623 3964 1675 si

2385 1708 2667 1778 contigerit
2697 1717 2752 1760 ιιι
2780 1708 2971 1775 aliquis
3006 1708 3075 1761 sit
3104 1723 3133 1760 a
3166 1709 3412 1776 precibus
3459 1710 3653 1775 nudus,
3688 1711 3734 1764 is
3774 1730 3803 1764 a
3854 1713 3965 1765 da:-

2387 1799 2632 1854 monibus
2668 1799 2946 1868 abripitur,
2976 1809 3031 1853 et
3069 1801 3119 1852 in
3172 1800 3399 1865 scelera,
3427 1802 3608 1866 exitia,
3638 1804 3967 1859 calamitates

2390 1891 2703 1961 impellitur.
2732 1890 2855 1943 llwc
2885 1890 3044 1957 igitur
3064 1900 3366 1944 metuentes
3394 1893 3641 1961 precibus
3681 1906 3843 1964 atque
3867 1895 3966 1967 by-

2386 1987 2525 2039 tnuis
2557 1997 2655 2037 nos
2680 1983 2825 2049 ipsos
2852 1990 3093 2033 tueamur
3117 1990 3170 2035 et
3202 1983 3501 2040 muniamus
3527 1997 3760 2055 oportet,
3795 1998 3851 2041 ut
3875 2003 3964 2041 sua

2387 2092 2484 2132 nos
2518 2078 2655 2132 Deus
2686 2078 3083 2142 misericordia,
3114 2087 3169 2134 et
3213 2080 3463 2132 catlorum
3514 2094 3680 2148 regno
3723 2078 3967 2150 dignetur

2386 2185 2483 2237 per
2534 2170 2870 2240 Unigcnitnm
2916 2186 3091 2236 suunt,
3133 2169 3216 2223 cui
3269 2170 3436 2239 gloria
3482 2178 3537 2224 et
3583 2171 3866 2240 imperium
3918 2174 3969 2224 iu

2382 2264 2575 2317 secula
2606 2264 2943 2317 SiBCUIOI‘lllll.
2972 2265 3165 2318 Amen.

3534 2406 3964 2432 ἢ

1842 2503 2000 2584 DE
2054 2500 2805 2584 PRECATIONE.

1331 2783 1521 2823 ORATIO
1547 2784 1603 2821 11.

777 2857 874 2922 Qui
901 2868 1027 2922 orat,
1057 2875 1170 2912 cum
1201 2856 1309 2913 Deo
1334 2860 1653 2929 colloquitur.
1674 2890 1743 2901 ——
1764 2860 2126 2915 Precationem
2157 2875 2277 2915 esse

706 2950 941 3003 omnium
967 2952 1222 3002 bonorum
1250 2957 1407 3019 caput
1430 2962 1482 3004 et
1512 2951 1726 3013 fontem,
1754 2966 1815 3003 ac
1846 2950 2032 3004 salutis
2052 2950 2277 3019 vitteqne

713 3048 922 3093 auertite
946 3038 1361 3092 cuneilialricem
1401 3039 1607 3108 ignorat
1642 3054 1830 3103 nemo;
1861 3038 1929 3095 de
1957 3054 2018 3093 ea
2059 3049 2235 3094 tamen
2257 3079 2273 3104 ,

706 3144 826 3198 quae
865 3136 1043 3183 nostra
1075 3129 1208 3183 feret
1235 3130 1486 3194 facultas,
1512 3130 1731 3183 dicenda
1763 3138 1906 3193 sunt,
1940 3140 1995 3183 ut
2020 3140 2076 3185 et
2105 3130 2163 3195 ii,
2191 3130 2278 3198 qui

707 3221 759 3271 in
788 3218 1030 3286 precibus
1049 3226 1103 3272 et
1127 3218 1176 3271 in
1210 3219 1300 3272 Dei
1327 3218 1468 3273 cultu
1492 3218 1651 3273 vitam
1672 3218 1953 3289 diligenter
1972 3234 2127 3288 agere
2154 3234 2282 3273 conc

710 3321 1014 3373 sueverunt,
1036 3310 1382 3365 Studiosiores
1398 3310 1706 3376 reddantur,
1738 3320 1792 3366 et
1820 3311 1909 3381 qui
1939 3312 2097 3365 vitam
2136 3312 2281 3381 abje-

702 3402 867 3453 ctiore
877 3401 1054 3453 animo
1070 3416 1097 3453 τι
1116 3402 1465 3472 precibusque
1486 3412 1693 3457 remoto
1711 3404 2288 3471 traduxeruttuprteter-

706 3492 761 3544 ni
786 3493 1036 3560 temporis
1059 3494 1319 3562 jacturam
1343 3505 1650 3564 agnoscant,
1678 3496 2007 3563 salutemque
2026 3509 2174 3548 suam
2194 3509 2281 3548 re-

706 3584 849 3650 liquo
883 3583 1003 3636 vita:
1039 3594 1277 3651 tempore
1302 3586 1518 3639 minime
1544 3587 1807 3640 desertam
1844 3600 1963 3639 esse
1996 3586 2279 3653 patiantur.

706 3672 971 3742 Principio
1002 3673 1157 3749 igitur
1184 3675 1307 3729 illud
1336 3674 1387 3729 in
1417 3676 1602 3744 primis
1633 3674 1699 3729 de
1731 3677 2032 3745 precatione
2059 3676 2162 3732 dici
2193 3690 2284 3744 po-

706 3772 826 3828 lesl,
854 3778 997 3826 eum,
1024 3740 1109 3832 qiii
1152 3770 1411 3833 precatur,
1441 3781 1559 3819 eum
1602 3766 1711 3820 Deo
1738 3767 1986 3835 colloqui.
2019 3767 2282 3834 Quantum

709 3868 834 3906 vero
874 3855 976 3917 sit,
1026 3853 1297 3909 hominem
1344 3857 1394 3909 in
1422 3856 1658 3911 divinum
1703 3859 2018 3926 colloquium
2065 3859 2279 3924 venire,

713 3956 869 3995 nemo
917 3952 998 3996 est
1046 3944 1136 4012 qui
1180 3946 1411 4010 nesciat;
1467 3946 1543 3999 rei
1592 3960 1719 3999 vero
1764 3947 2070 4015 dignitatem
2127 3962 2284 4001 nemo

707 4034 881 4088 verbis
920 4044 1253 4103 assequatur.
1296 4037 1502 4091 Etenim
1551 4038 1853 4106 bujusmodi
1910 4039 2079 4093 honor
2124 4042 2281 4093 etiam

705 4125 1012 4193 angelorum
1046 4126 1446 4195 amplitudinem
1480 4127 1631 4183 facile
1657 4138 1869 4197 supcrat
1900 4146 1913 4181 :
1944 4129 1993 4182 id
2024 4130 2161 4198 quod
2207 4129 2280 4182 illi

705 4232 826 4270 cum
856 4217 1021 4285 probe
1062 4218 1378 4285 intelligant,
1416 4235 1607 4274 omnes
1652 4220 1761 4275 fere
1786 4222 1922 4290 apud
1961 4222 2280 4292 prophetas,

706 4323 825 4359 cunt
855 4307 1036 4360 laudes
1062 4318 1115 4360 et
1144 4310 1341 4361 cultum
1380 4310 1602 4363 Domino
1628 4310 1881 4377 afferunt,
1929 4328 2136 4373 summo
2161 4328 2281 4367 cer-

709 4407 906 4449 nuntur
934 4400 1123 4450 timore
1143 4406 1396 4467 correpti,
1421 4400 1544 4453 dum
1577 4417 1669 4453 ora
1701 4400 1969 4471 pedesque
1992 4420 2098 4471 pra:
2125 4419 2284 4458 vene-

711 4487 913 4539 ratione
940 4497 1139 4553 tegunt,
1158 4488 1282 4541 dum
1313 4491 1486 4543 volatu
1510 4502 1759 4560 motuque
1782 4493 1995 4547 assiduo
2017 4509 2281 4548 summum

711 4589 908 4632 metunt
956 4596 1064 4649 pra:
1094 4598 1153 4635 se
1204 4584 1375 4635 ferunt
1404 4601 1417 4635 :
1448 4584 1734 4651 quinetiam
1776 4603 1903 4652 nos,
1957 4599 2013 4642 ut
2056 4590 2281 4658 opinor,

709 4680 947 4733 mouent,
980 4680 1034 4722 ιιι
1074 4672 1319 4740 precandi
1352 4684 1586 4741 tempore
1630 4674 1870 4730 humanm
1912 4688 2113 4732 natura:
2143 4681 2281 4734 obli-

711 4762 993 4825 viscantur,
1018 4773 1175 4829 atque
1196 4765 1538 4818 veneratione
1564 4780 1627 4820 ac
1655 4767 1844 4821 timore
1873 4770 2118 4837 perculsi,
2154 4772 2283 4825 nihil

711 4864 835 4905 ante
859 4852 1039 4905 oculos
1068 4854 1293 4921 positum
1330 4856 1666 4923 aspiciamus,
1699 4859 1790 4913 sed
1826 4861 1875 4913 in
1921 4863 2094 4915 medio
2124 4879 2286 4932 ange-

714 4941 886 4994 lorum
916 4941 1081 4994 cltoro
1108 4958 1203 4995 nos
1236 4958 1376 5007 esse,
1403 4954 1455 4998 ct
1493 4948 1736 5001 eumdem
1769 4966 1924 5017 quem
1969 4952 2040 5005 illi
2087 4954 2284 5006 cultum

716 5030 827 5083 Deo
846 5045 941 5083 nos
960 5032 1263 5099 persolvere
1284 5035 1618 5090 arbitrentur.
1648 5039 1850 5093 Etenim
1870 5052 2061 5095 cetera
2084 5046 2283 5110 omnia,

716 5124 923 5178 illorum
954 5125 1166 5193 inquam
1197 5136 1250 5180 et
1272 5138 1469 5195 nostra,
1503 5141 1553 5183 et
1584 5142 1789 5195 natura,
1820 5144 1871 5186 et
1893 5137 2097 5190 vivendi
2128 5140 2282 5203 ratio,

715 5225 770 5270 et
814 5216 1104 5283 sapientia,
1158 5227 1213 5271 et
1256 5219 1638 5289 intelligentia,
1694 5232 1747 5277 et
1794 5227 2048 5295 quidquid
2092 5230 2286 5283 dixerit

715 5308 998 5376 qaiSpiam,
1042 5309 1200 5378 lutth
1244 5310 1520 5368 intervallo
1565 5316 1701 5369 inter
1745 5331 1801 5371 se
1839 5319 2071 5385 distant;
2104 5338 2286 5391 prcca-

716 5399 878 5452 tionis
913 5410 1086 5453 autem
1126 5401 1360 5457 officium
1400 5413 1481 5458 est
1522 5404 1824 5461 hominibus
1857 5424 2139 5466 commune
2163 5430 2284 5467 cum

718 5488 939 5556 angelis,
968 5504 1139 5557 neque
1168 5501 1251 5545 est
1298 5493 1490 5562 aliquid
1512 5528 1531 5559 τ
1554 5497 1693 5564 quod
1730 5498 1797 5551 sit
1833 5500 2201 5556 intermedium
2234 5504 2285 5558 in

721 5577 807 5639 iis,
838 5596 952 5646 qua:
997 5580 1063 5634 ad
1105 5584 1421 5650 precandum
1466 5589 1747 5655 pertinent.
1786 5590 1891 5645 llac
1931 5598 2227 5664 segregat-is
2258 5614 2285 5651 a

720 5668 1030 5737 pecudibus,
1057 5671 1166 5727 haec
1196 5683 1246 5728 te
1269 5676 1467 5746 angelis
1490 5679 1680 5748 jungit,
1712 5680 1808 5734 hac
1839 5682 1984 5739 brevi
2014 5701 2138 5740 sane
2172 5688 2283 5743 illo-

2387 2784 2505 2823 rum
2527 2771 2831 2837 reipublicae
2849 2815 2865 2840 ,
2896 2774 3104 2830 illorum
3132 2776 3253 2833 vitae
3278 2780 3596 2853 vivendique
3624 2788 3851 2854 rationi,
3881 2790 3962 2846 di-

2385 2860 2593 2927 gnitati,
2614 2861 2899 2930 nobilitati,
2920 2866 3212 2935 sapientiae,
3245 2871 3605 2943 intelligentiae
3638 2878 3956 2950 adiungetur

2385 2951 2475 3019 qni
2497 2966 2708 3007 omnem
2735 2955 2833 3008 sibi
2858 2957 3018 3011 vitam
3044 2959 3096 3012 in
3118 2962 3365 3029 precibus
3391 2981 3455 3020 ae
3478 2967 3567 3021 Dei
3589 2970 3733 3024 cultu
3760 2988 3961 3042 ponen-

2386 3041 2509 3097 dum
2575 3046 2797 3116 putabit.
2826 3048 2961 3115 Quid
3010 3051 3153 3105 enim
3192 3056 3425 3111 sanctius
3474 3058 3537 3113 iis
3586 3061 3677 3125 sit,
3736 3041 3825 3130 qui
3873 3066 3963 3121 Dei

2386 3137 2769 3193 consuetudine
2811 3139 3189 3208 perfruuntur?
3246 3147 3376 3215 quid
3413 3149 3641 3217 justius,
3697 3157 3960 3222 ornatius,

2385 3226 2711 3295 Sapientiusl
2757 3229 2889 3285 Nam
2934 3232 2979 3286 si
3022 3232 3092 3299 ii,
3156 3237 3244 3306 qui
3287 3240 3615 3309 sapientibus
3662 3244 3965 3303 hominibus

2386 3314 2718 3374 familiariter
2760 3331 3017 3391 utuntur,
3058 3341 3124 3381 ex
3154 3329 3365 3385 assidua
3402 3336 3791 3393 consuetudine
3847 3340 3963 3394 illo-

2387 3422 2503 3499 rum
2545 3413 2837 3479 prudentiae
2867 3417 3148 3487 participes
3188 3421 3435 3479 celeriter
3460 3426 3616 3491 fiunt,
3650 3430 3779 3499 quid
3809 3431 3877 3486 de
3906 3435 3965 3487 iis

2386 3497 2669 3554 dicendum
2718 3512 2800 3556 est
2827 3544 2843 3569 ,
2888 3507 2977 3576 qui
3021 3522 3141 3564 cum
3170 3510 3278 3566 Deo
3318 3513 3432 3582 ipso
3469 3497 3869 3587 colloquuntur,
3917 3534 3963 3578 et

2388 3589 2558 3661 ipsum
2600 3598 2919 3662 precantur?
2960 3612 3156 3670 quanta
3203 3606 3485 3674 sapientia,
3511 3622 3704 3677 quanta
3738 3614 3962 3682 virtute,

2391 3683 2688 3751 prudentia,
2722 3689 3002 3757 probitate,
3031 3694 3396 3753 moderatione
3425 3701 3596 3769 replet
3622 3702 3771 3772 ipsos
3797 3708 3963 3761 oratio

2386 3782 2441 3827 et
2464 3775 2799 3832 obsecratio?
2829 3779 3008 3853 Itaque
3030 3800 3133 3840 non
3175 3802 3304 3844 sane
3342 3789 3389 3843 is
3415 3790 3648 3861 aberret,
3671 3797 3761 3865 qui
3793 3800 3963 3853 omnis

2388 3866 2934 3940 virtutisjnstitiaeque
2955 3885 3175 3931 matrem
3196 3893 3315 3935 esse
3334 3885 3691 3949 precationem
3713 3887 3960 3953 affirmet,

2388 3970 2560 4023 neque
2604 3973 2762 4026 posse
2790 3976 2974 4017 eorum
3023 3966 3255 4036 aliquid,
3283 3986 3401 4040 quae
3426 3973 3492 4027 ad
3545 3976 3799 4043 pietatem
3844 3995 3965 4034 con-

2388 4046 2606 4109 ducunt.
2636 4054 2939 4118 precatione
2973 4065 3027 4110 et
3071 4057 3439 4116 obsecratione
3484 4065 3683 4120 nudum
3732 4071 3963 4125 animum

2389 4148 2704 4207 penetrare;
2752 4159 2935 4197 verum
2977 4156 3034 4199 ut
3072 4149 3199 4203 urbs
3243 4153 3509 4208 omnibus
3552 4156 3775 4212 minime
3823 4173 3965 4230 septa

2390 4228 2539 4282 facile
2567 4229 2617 4283 in
2648 4232 2876 4287 hostium
2904 4247 3216 4304 potestatem
3258 4245 3495 4309 venerit,
3525 4247 3665 4314 quod
3710 4250 3781 4302 ita
3816 4228 3968 4305 nemo

2390 4318 2508 4372 illos
2552 4324 2856 4389 propulsare
2900 4328 3064 4394 possit
3107 4347 3120 4384 :
3149 4330 3225 4384 sie
3256 4335 3560 4400 precatione
3596 4339 3837 4395 animum
3867 4358 3967 4397 non

2388 4413 2771 4468 communitum
2801 4414 2953 4472 facile
2978 4418 3218 4475 diabolus
3247 4423 3297 4476 in
3331 4438 3482 4479 suam
3509 4428 3698 4498 redigit
3728 4443 3965 4498 potesta-

2390 4509 2519 4565 tem,
2554 4501 2813 4572 facileque
2844 4511 3169 4566 contaminat
3195 4515 3431 4569 omnium
3464 4520 3793 4586 turpitudine
3824 4524 3965 4592 flagi-

2390 4592 2600 4645 tiorum.
2633 4595 2865 4650 Primum
2892 4601 3033 4653 enim
3073 4617 3193 4655 cum
3220 4606 3451 4660 animam
3491 4610 3737 4678 precibus
3779 4616 3965 4670 viderit

2388 4685 2815 4755 circnmseptam,
2861 4692 3058 4745 veritus
3105 4693 3267 4749 robur
3304 4710 3367 4750 ac
3401 4700 3539 4763 vim,
3571 4718 3729 4770 quam
3780 4721 3964 4762 preces

2392 4774 2466 4826 illi
2519 4779 2890 4846 suppeditant,
2932 4798 3050 4849 quae
3079 4786 3311 4839 animum
3361 4793 3528 4858 magis
3570 4793 3754 4858 alunt,
3808 4812 3959 4865 quam

2388 4867 2537 4921 cibus
2569 4885 2815 4938 corpora,
2845 4876 3062 4942 propius
3090 4891 3192 4930 non
3223 4879 3379 4933 audet
3411 4884 3667 4937 accedere
3698 4901 3713 4936 :
3740 4886 3959 4951 deinde,

2389 4960 2477 5025 qui
2510 4962 2652 5013 ιιιιιιιί
2674 4964 2834 5016 animi
2857 4980 2983 5018 cura
3012 4982 3196 5035 preces
3230 4971 3516 5037 adhibent,
3549 4992 3652 5029 non
3694 4981 3962 5049 patiuntur

2390 5051 2583 5120 aliquid
2627 5059 2931 5121 precatione
2979 5059 3248 5129 indignant
3302 5065 3353 5117 in
3407 5080 3467 5120 se
3510 5066 3829 5136 admittere,
3873 5074 3958 5128 sed

2392 5139 2554 5195 Deum
2588 5147 2761 5209 veriti,
2804 5147 3014 5213 quicum
3060 5151 3221 5205 modo
3266 5154 3557 5224 colloquuti
3593 5170 3739 5224 sunt,
3781 5177 3959 5216 otnnes

2391 5244 2609 5299 repente
2636 5236 2859 5304 improbi
2882 5238 3047 5294 hostis
3062 5251 3280 5298 conatus
3301 5247 3567 5314 repellunt
3597 5267 3608 5301 :
3638 5266 3763 5305 cum
3788 5268 3959 5307 secum

2393 5324 2491 5392 ipsi
2521 5326 2771 5393 cogitent,
2823 5332 3003 5399 quanti
3049 5335 3264 5389 sceleris
3301 5338 3370 5389 sit
3405 5354 3550 5404 eum,
3590 5345 3678 5408 qui
3723 5355 3961 5413 nuperet

2394 5415 2483 5467 Dei
2515 5417 2777 5487 colloquio
2810 5420 3100 5483 fruebatur,
3136 5435 3190 5477 et
3231 5443 3325 5493 pro
3358 5432 3711 5497 temperantia
3748 5444 3803 5487 et
3842 5451 3958 5489 san-

2391 5509 2570 5561 etitate
2594 5511 2919 5579 impetranda
2946 5514 3090 5568 illum
3119 5516 3451 5583 obsecrabat,
3484 5521 3548 5575 ad
3580 5522 3849 5579 diabolum
3878 5543 3957 5581 re-

2392 5609 2549 5668 pente
2582 5604 2909 5675 transfugere
2931 5648 2944 5671 ,
2986 5619 3041 5662 et
3066 5609 3346 5663 obsctenas
3377 5613 3678 5681 voluptates
3709 5616 3759 5670 in
3789 5633 3957 5672 animo

2393 5707 2649 5761 rvmpere,
2684 5695 2841 5767 inque
2880 5710 3133 5766 mentem,
3169 5716 3323 5771 quam
3367 5702 3503 5759 Deus
3534 5719 3704 5775 nuper
3753 5709 3953 5774 invisit.
