4220 6306
258 371 347 424 781
1469 352 1554 408 οε
1593 348 2040 406 PRECATIONE.
2079 349 2146 406 II.

258 480 461 534 aditum
505 473 721 530 diabolo
754 467 1088 541 patefacere.
1133 467 1512 532 dtemouesque
1560 462 1846 516 admittere

260 570 313 624 in
339 568 601 631 animum,
642 580 800 636 quem
829 562 1060 632 Spiritus
1094 559 1264 614 sancti
1303 558 1476 628 gratia
1525 554 1853 624 benignitate

261 672 472 714 summa
499 672 565 711 ac
600 655 936 726 providentia
979 651 1339 706 decoraverit.
1378 646 1433 700 id
1475 661 1603 700 vero
1639 659 1744 714 qua
1767 659 1853 697 ra-

263 754 412 802 tione
441 747 551 810 fiat,
584 747 786 814 accipe.
815 743 957 798 Fieri
986 742 1135 797 nullo
1165 739 1325 793 modo
1365 746 1569 807 potest,
1607 745 1666 789 ut
1690 734 1853 789 homo

261 840 382 895 sine
400 837 567 893 divini
592 836 823 905 Spiritus
842 849 944 904 ope
967 833 1202 888 divinam
1224 831 1358 886 ferat
1378 827 1850 890 consuetudinem;

261 947 450 986 verum
473 938 690 998 Oportet
716 928 816 982 hac
840 935 1128 997 prasente,
1156 933 1213 979 et
1238 934 1452 979 sanctos
1477 929 1704 976 conatus
1724 935 1852 990 pro-

261 1028 544 1088 sequente,
593 1034 710 1074 rem
755 1017 995 1089 aggredi,
1039 1030 1212 1086 genua
1258 1014 1507 1077 ﬂectere,
1544 1012 1851 1076 obsecrare,

262 1111 492 1181 precari.
515 1109 650 1164 Cum
693 1109 837 1164 enim
879 1121 969 1162 res
1016 1107 1276 1161 humanas
1320 1106 1478 1173 longe
1522 1111 1740 1171 superet
1766 1100 1853 1156 di-

263 1202 423 1256 vinus
447 1214 802 1269 congressus,
831 1197 1164 1269 ingrediente
1192 1197 1247 1251 in
1281 1209 1378 1250 nos
1406 1194 1639 1264 Spiritus
1681 1190 1851 1246 sancti

261 1292 456 1362 gratia,
484 1289 870 1345 confirmetnur
888 1329 903 1353 ,
931 1288 1368 1353 corroboremur,
1399 1284 1622 1338 honoris
1649 1282 1855 1352 magni-

263 1383 505 1437 tudinem
528 1381 837 1445 doceamur,
863 1393 1085 1434 necesse
1108 1387 1213 1433 est.
1242 1377 1425 1447 Itaque
1461 1390 1584 1430 cum
1609 1373 1704 1430 tibi
1731 1387 1856 1428 esse

260 1487 386 1526 cum
428 1472 539 1526 Deo
575 1484 885 1524 sermonem
934 1466 1295 1533 intellexeris,
1349 1477 1507 1535 teque
1547 1471 1854 1534 precantem

262 1565 436 1618 sancti
467 1563 704 1631 Spiritus
732 1576 889 1632 opem
914 1561 1185 1630 excipere,
1217 1572 1409 1613 omnes
1435 1559 1613 1612 aditus
1640 1555 1855 1610 diabolo

263 1657 318 1709 in
349 1656 585 1708 animum
611 1654 722 1724 jam
750 1670 779 1706 a
810 1653 1014 1723 Spiritu
1070 1651 1458 1707 sanctilicatum
1505 1648 1852 1704 intercludes.

262 1745 333 1800 Ut
359 1747 503 1798 enim
534 1745 625 1813 qui
657 1753 782 1797 sunt
813 1757 936 1797 cum
969 1755 1098 1811 rege
1132 1739 1425 1810 colloquuti
1445 1780 1462 1806 ,
1491 1747 1548 1793 et
1580 1738 1724 1804 illius
1743 1736 1854 1792 ltu-

263 1836 560 1900 manitatis,
608 1834 906 1899 facilitatis,
947 1832 1170 1888 honoris
1204 1831 1436 1887 fructum
1479 1839 1770 1904 ceperunt,
1821 1843 1853 1883 a

261 1927 634 1991 mendicorum
670 1925 1112 1994 abjectnrumque
1138 1923 1414 1978 hominum
1442 1935 1735 1990 congressu
1760 1920 1855 1974 ab-

259 2019 486 2074 horrent
519 2035 533 2072 :
564 2018 636 2074 ita
663 2018 752 2086 qui
795 2017 963 2071 Deum
1001 2016 1308 2090 alloquutus
1339 2021 1698 2088 precatusque
1736 2020 1852 2079 est,

259 2110 453 2166 adduci
487 2127 596 2165 non
623 2109 776 2164 facile
816 2109 1031 2180 poterit.
1061 2118 1120 2162 ut
1144 2108 1447 2175 improbum
1469 2107 1772 2161 daemonem
1799 2111 1855 2159 et

260 2201 487 2272 impium
533 2201 586 2254 in
633 2216 785 2254 suam
830 2199 1058 2268 recipiat
1109 2197 1586 2254 necessitudinem.
1637 2194 1856 2249 Etenim

258 2294 445 2362 quise
472 2293 836 2362 Voluptatibus
861 2291 1156 2360 mancipat,
1197 2289 1244 2344 is
1279 2303 1467 2343 revera
1516 2285 1854 2340 daemonibus

265 2383 607 2438 familiariter
628 2379 816 2447 utitur,
843 2396 1140 2450 eorumque
1165 2380 1429 2433 insaniam
1454 2377 1740 2433 temulatur
1756 2415 1772 2440 ,
1797 2388 1857 2430 ut

258 2486 448 2528 contra
473 2475 541 2538 is,
565 2473 657 2542 qui
679 2472 1088 2542 temperantiam
1110 2480 1166 2525 et
1187 2470 1448 2539 justitiam
1471 2467 1854 2537 colit,'angelis

259 2564 542 2619 familiaris
562 2564 813 2625 efﬁcitur,
833 2572 888 2616 et
912 2577 1101 2617 eorum
1117 2561 1522 2630 amplitudinem
1546 2560 1846 2614 tumulatur.

257 2656 414 2723 Ωιιοά
443 2655 489 2710 si
517 2656 635 2724 quis
661 2655 827 2709 animi
858 2668 1053 2709 nervos
1085 2667 1270 2722 preces
1297 2649 1679 2721 appellaverit,
1721 2649 1852 2703 tuihi

259 2747 504 2816 profecto
546 2762 682 2804 vere,
723 2747 908 2802 dicere
950 2745 1212 2800 videatur.
1259 2744 1472 2798 Etenim
1522 2751 1581 2815 ut
1616 2755 1850 2810 corpus,

254 2839 485 2907 opinor.
535 2853 822 2893 nervorum
872 2837 1136 2892 beneficio
1179 2844 1422 2902 constat,
1471 2836 1660 2900 currit,
1707 2843 1848 2899 stat,

255 2932 408 2995 vivit,
441 2940 891 3000 compactumque
915 2938 1002 2985 est
1021 2971 1036 2995 ,
1068 2930 1242 2999 iisque
1271 2929 1482 2994 incisis,
1514 2942 1705 2982 omnes
1726 2943 1850 2982 cor-

257 3021 405 3089 poris
458 3020 668 3076 numeri
719 3019 1239 3075 dissolvuntur:sic
1275 3019 1440 3074 animi
1491 3033 1588 3088 per
1638 3031 1852 3073 sanctas

255 3127 450 3181 preces
476 3121 533 3165 et
559 3113 1014 3179 conglutinantur,
1037 3121 1091 3166 et
1119 3120 1389 3176 constant,
1411 3125 1736 3180 cursumque
1759 3112 1854 3166 ha-

255 3204 389 3259 bent
418 3203 634 3272 pietatis
661 3201 872 3257 facilem
900 3216 964 3256 ac
984 3201 1303 3256 secundum.
1331 3200 1487 3268 Quod
1517 3203 1563 3256 si
1592 3211 1644 3256 te
1675 3203 1848 3271 ipsum

256 3293 572 3361 precatione
615 3290 952 3360 spoliaveris,
983 3290 1206 3360 perinde
1249 3289 1462 3356 feceris,
1489 3306 1552 3345 ac
1580 3292 1625 3345 si
1652 3293 1850 3360 piscem

253 3398 322 3438 ex
361 3383 517 3450 aquis
541 3382 876 3436 extraxeris:
912 3391 970 3435 ut
1004 3383 1148 3435 enim
1192 3380 1280 3435 hic
1327 3395 1465 3451 aqua
1495 3383 1651 3448 vivit,
1678 3384 1758 3436 sic
1795 3396 1850 3436 tu

257 3472 679 3541 precationibus.
705 3471 807 3526 Per
834 3470 931 3526 bas
955 3479 1224 3540 tamquam
1253 3485 1349 3539 per
1372 3487 1566 3542 aquam
1597 3473 1812 3528 evolare
1831 3514 1847 3538 ,

254 3562 420 3616 orbes
445 3562 688 3616 cmlestes
729 3575 1020 3629 superare.
1053 3560 1119 3614 ad
1154 3560 1318 3616 Deum
1345 3562 1564 3630 propius
1607 3562 1731 3616 licet
1755 3577 1848 3617 ac-

252 3651 473 3707 cedere.
500 3649 571 3706 Ut
613 3651 774 3725 igitur
797 3659 997 3705 sanctae
1027 3650 1350 3720 precationis
1395 3650 1560 3704 robur
1595 3651 1848 3706 ostenda-

255 3753 376 3806 tur,
425 3743 510 3796 vel
549 3757 671 3812 quat
707 3741 940 3796 diximus
980 3741 1111 3796 satis
1149 3751 1316 3795 sunt:
1358 3743 1637 3810 praestabit
1670 3751 1850 3798 tamen

254 3834 513 3899 fortasse,
533 3842 597 3888 ut
618 3832 687 3888 ad
716 3842 898 3887 sancta
919 3833 1193 3887 volumina
1220 3833 1540 3888 accedentes
1560 3849 1624 3888 ex
1652 3834 1850 3890 Christi

255 3927 440 3981 verbis
469 3925 682 3980 divitias
720 3938 1106 3995 agnoscamus,
1137 3940 1270 3994 quas
1313 3939 1500 3994 preces
1540 3935 1854 3994 comparant

253 4018 346 4083 iis,
377 4019 466 4088 qui
513 4032 731 4071 omnem
774 4024 986 4070 aetatem
1039 4016 1091 4069 in
1131 4015 1264 4086 ipsis
1303 4031 1504 4084 ponere
1540 4017 1727 4086 velint.
1755 4016 1852 4070 Di-

251 4109 400 4163 cebat
423 4117 625 4173 autem,
653 4106 858 4176 inquit,
894 4116 941 4160 et
973 4106 1271 4175 parabolam
1293 4107 1364 4167 ad
1386 4107 1532 4170 illos,
1564 4117 1618 4160 ut
1654 4124 1853 4178 semper

252 4200 572 4271 precandum
604 4213 742 4252 ωας
762 4197 1147 4251 demonstraret.
1187 4195 1362 4249 Judea;
1400 4196 1608 4266 quidam
1654 4207 1761 4252 erat
1797 4199 1852 4252 in

251 4290 480 4360 quadam
520 4288 749 4353 ciuitate,
789 4289 876 4358 qui
905 4286 1071 4341 Deum
1111 4304 1213 4341 non
1241 4287 1476 4354 timebat,
1522 4297 1569 4341 et
1599 4289 1852 4343 hominm

252 4397 364 4434 non
401 4379 738 4434 reuerebatur.
774 4376 945 4432 Vidua
971 4388 1141 4451 autem
1172 4379 1406 4446 quadam
1433 4387 1541 4432 erat
1566 4379 1619 4432 in
1655 4380 1854 4434 civitate

251 4475 374 4538 illa,
401 4482 448 4527 et
474 4471 700 4526 cadebat
736 4469 805 4523 ad
828 4484 942 4523 eum
968 4469 1140 4523 dicens
1167 4485 1187 4522 :
1229 4466 1442 4522 Vindice
1467 4485 1548 4522 me
1585 4470 1648 4523 de
1672 4469 1854 4524 adrer-

251 4567 396 4620 sario
435 4580 548 4618 meo
565 4582 585 4630 ;
611 4572 658 4616 et
686 4562 884 4616 nolebat
935 4577 1025 4631 per
1075 4560 1286 4614 multant
1313 4571 1531 4630 tempus.
1576 4559 1704 4616 Post
1744 4562 1854 4618 Ita‘c

252 4668 429 4711 autem
451 4647 579 4711 diaa't
607 4656 743 4709 intra
780 4671 833 4708 se
860 4669 880 4708 :
911 4653 1024 4707 Etsi
1048 4651 1215 4706 Deum
1243 4639 1345 4706 non
1375 4653 1552 4720 timeo,
1576 4670 1667 4708 nec
1687 4654 1853 4708 Itami-

256 4768 376 4806 nem
413 4766 677 4814 revereor;
705 4758 872 4801 tamen
893 4749 1014 4816 quia
1040 4748 1252 4801 molesta
1277 4755 1352 4801 est
1376 4747 1501 4800 milii
1527 4747 1634 4800 lucc
1660 4749 1812 4803 uidua
1829 4790 1846 4815 ,

253 4841 523 4896 vindicabo
542 4838 708 4904 illam,
726 4821 789 4892 ne
804 4840 857 4892 in
873 4837 1140 4892 nouissimo
1156 4837 1376 4900 vestiens,
1391 4839 1625 4907 suggillet
1643 4855 1741 4894 me.
1765 4842 1850 4894 Ait

251 4944 427 4988 autem
442 4933 713 4996 Dominus,
731 4931 935 4996 Audite,
947 4930 1070 4999 quid
1081 4932 1249 5001 judea:
1260 4931 1537 4999 iniquitatis
1553 4932 1694 4996 dicit,
1711 4925 1851 4988 Deus

249 5036 424 5080 autem
444 5042 544 5080 non
561 5026 714 5097 faciet
734 5025 1006 5078 uindictam
1017 5024 1287 5078 electorum
1300 5040 1506 5078 suorum
1522 5026 1852 5080 clamantium

249 5120 330 5174 ad
352 5133 405 5171 se
427 5118 511 5170 die
553 5133 614 5169 ac
641 5126 810 5178 nocte,
842 5126 888 5168 et
935 5117 1227 5184 patientiam
1258 5115 1457 5170 habebit
1478 5117 1532 5170 in
1555 5117 1702 5171 illis?
1723 5117 1852 5172 Dico

250 5212 416 5274 vobis,
435 5211 554 5280 quia
573 5209 672 5263 cito
689 5209 834 5276 faciet
852 5209 1125 5262 uindictam
1142 5209 1347 5263 illorum
1365 5207 1518 5279 (Luc.
1534 5209 1622 5264 l8.
1644 5210 1852 5281 l.sqq.).

250 5306 370 5363 Nos
391 5319 543 5369 vero,
577 5304 789 5368 fratres,
820 5303 1052 5357 abditam
1081 5303 1396 5371 sapientiam
1428 5303 1480 5356 in
1510 5304 1851 5358 sermonibus

251 5399 494 5466 Spiritus
520 5395 860 5451 addiscamus
877 5437 892 5460 ,
919 5403 975 5449 et
1002 5410 1100 5466 pro
1130 5394 1382 5449 facultate
1408 5404 1590 5448 nostra
1622 5395 1849 5448 investi-

250 5504 468 5561 gemus,
499 5503 607 5541 non
647 5495 901 5557 quantum
931 5486 984 5539 in
1021 5487 1133 5555 ipsa
1160 5485 1262 5550 sit,
1290 5484 1384 5539 sed
1409 5494 1667 5554 quantum
1698 5486 1852 5540 nobis

252 5580 472 5647 sesequi
505 5579 682 5632 liceat.
727 5580 903 5647 Atque
929 5572 1004 5630 illi
1030 5576 1243 5646 quidem
1263 5617 1278 5640 ,
1307 5577 1396 5646 qtti
1439 5576 1491 5630 in
1522 5576 1658 5630 mari
1688 5578 1850 5632 vitam

253 5671 480 5738 degunt,
505 5668 558 5721 in
587 5668 758 5737 ipsqu
775 5663 1099 5737 profundum
1121 5679 1180 5719 se
1196 5665 1588 5735 demergentes,
1609 5679 1850 5736 gemmas

255 5761 490 5815 afferunt
527 5758 594 5814 ad
632 5772 748 5824 eos,
792 5757 882 5828 qui
923 5765 1052 5812 sunt
1088 5757 1140 5811 in
1173 5757 1331 5814 terris
1362 5775 1375 5810 :
1405 5771 1506 5813 nos
1555 5773 1679 5812 vero
1708 5757 1848 5817 divi-

3454 353 3558 410 782

1962 476 2152 518 narum
2190 461 2463 517 literarum
2503 465 2722 536 pelagus
2767 464 3154 535 perlustremus
3191 472 3246 520 et
3273 465 3336 519 ad
3379 468 3551 537 ipsum

1959 552 2282 623 profundum
2324 556 2619 625 spiritualis
2656 559 2968 627 sapientiae,
3005 570 3262 630 quantum
3295 560 3348 615 in
3393 561 3550 616 nobis

1959 653 2063 710 est,
2093 646 2480 713 decurramus,
2512 654 2570 701 ut
2623 648 2777 702 vobis
2817 648 3129 704 thesaurum
3172 651 3554 720 praestantissi-

1962 750 2107 789 mum
2134 736 2441 803 aderamus,
2473 740 2564 808 qtti
2595 740 2804 794 animos
2832 749 2990 795 ornet
3018 741 3212 796 melius
3229 781 3246 807 ,
3272 756 3434 812 quam
3461 757 3557 798 ca-

1962 827 2068 894 pita
2095 841 2280 896 regum
2308 828 2730 896 praeclarissimis
2770 831 3002 900 gemmis
3026 831 3290 887 distinctae
3318 847 3555 888 coronae.

1959 915 2202 986 Namque
2236 916 2428 972 harum
2471 921 2776 988 praestantia
2822 920 2984 990 hujus
3023 922 3146 976 vitte
3190 925 3424 978 termino
3452 924 3558 978 ciro

1960 1008 2341 1063 eumscribitur
2365 1027 2378 1064 :
2418 1010 2509 1078 qui
2538 1024 2665 1065 vero
2695 1013 3036 1066 sermonibus
3075 1012 3308 1082 Spiritus
3332 1023 3560 1068 coronat

1961 1097 2221 1161 animum.
2252 1099 2299 1153 is
2326 1110 2382 1154 et
2409 1099 2524 1169 'jam
2569 1114 2794 1156 securus
2833 1101 2984 1166 vivit,
3012 1109 3069 1157 et
3108 1103 3217 1157 vita
3258 1102 3473 1158 functus
3497 1102 3560 1157 6ο

1961 1187 2110 1242 denti
2136 1189 2317 1244 animo
2343 1189 2412 1244 ad
2436 1190 2636 1245 Christi
2669 1192 2900 1247 tribunal
2929 1193 3159 1256 accedit,
3191 1193 3424 1250 refertus
3449 1196 3562 1249 vir-
3616 1208 3618 1211 '

1963 1281 2187 1346 tatibus,
2239 1291 2293 1337 et
2337 1282 2406 1338 ab
2447 1285 2591 1339 omni
2621 1284 2742 1341 labe
2783 1286 3181 1356 integerrimus.
3215 1288 3356 1358 Ergo
3394 1302 3555 1358 quem
3646 1280 3648 1282 ’

1964 1375 2178 1429 tandem
2210 1375 2524 1430 thesaurum
2551 1391 2582 1430 e
2612 1392 2889 1434 sacrorum
2920 1381 3252 1435 voluminum
3289 1380 3558 1450 profundo

1962 1466 2116 1520 vobis
2143 1465 2441 1534 efferimus,
2473 1483 2580 1523 non
2612 1470 2788 1539 ipsum
2818 1472 3095 1542 sapientiae
3123 1473 3448 1544 profundum
3476 1485 3558 1530 at-

1964 1559 2248 1628 tingentes,
2280 1559 2373 1614 sed
2403 1575 2468 1615 eo
2491 1561 2717 1632 delapsi,
2747 1579 2854 1634 quo
2882 1564 3049 1620 licet?
3073 1565 3161 1621 Ad
3192 1567 3558 1636 precationem

1935 1643 2211 1705 ‘Christus
2255 1651 2501 1707 homines
2540 1670 2662 1708 cum
2697 1656 2854 1711 vellet
2896 1656 3136 1725 allicere,
3165 1668 3220 1713 et
3265 1659 3384 1729 ejus
3411 1670 3561 1716 eom-

1962 1739 2122 1794 moda
2156 1741 2357 1798 nostris
2397 1744 2667 1799 mentibus
2706 1759 3047 1816 proponere,
3070 1748 3309 1818 judicem
3353 1749 3558 1806 inducit

1961 1831 2246 1900 quemdam
2274 1833 2575 1904 improbum
2597 1875 2612 1900 ,
2641 1850 2867 1904 saevum,
2917 1839 3010 1909 qui
3039 1838 3302 1909 pudorem
3341 1856 3556 1898 omnem

1961 1921 2031 1976 ab
2050 1923 2221 1978 oculis
2235 1923 2546 1993 abjecisset,
2573 1926 2666 1981 Dei
2688 1927 2935 1984 timorem
2957 1929 3253 1999 expulisset
3267 1946 3333 1986 ex
3353 1934 3558 1988 animo.

1962 2013 2301 2084 Atquisatis
2345 2013 2449 2070 fuit
2485 2016 2614 2086 justi
2662 2027 2718 2074 et
2766 2015 3050 2075 clementis
3091 2021 3391 2091 cujuspiam
3438 2036 3557 2094 per~

1960 2119 2148 2158 sonam
2192 2105 2466 2173 inducere,
2500 2117 2560 2164 ut
2595 2109 2713 2178 ejus
2737 2110 2967 2178 justitia,
3005 2110 3052 2166 si
3079 2126 3202 2167 cum
3239 2112 3421 2169 divina
3450 2114 3560 2168 cle-

1960 2197 2160 2251 ruentia
2184 2197 2544 2262 conferretur,
2572 2201 2676 2254 vim
2723 2202 3054 2270 precationis
3098 2204 3431 2261 ostenderet.
3464 2204 3558 2261 Et-

1959 2287 2104 2343 enim
2131 2287 2176 2342 si
2209 2289 2288 2341 vir
2317 2290 2490 2346 bonus
2518 2299 2574 2345 et
2601 2289 2746 2346 mitis
2771 2306 2867 2347 eos
2881 2291 3190 2350 humaniter
3216 2296 3437 2366 excipit,
3465 2297 3560 2367 qui

1959 2375 2028 2430 ad
2057 2390 2118 2432 se
2141 2378 2413 2448 supplices
2440 2381 2685 2445 veniunt,
2716 2393 2920 2450 quanto
2946 2384 3118 2454 magis
3135 2385 3374 2456 excipiet
3395 2387 3556 2452 Deus,

1959 2467 2114 2536 cujus
2143 2466 2488 2539 benignitatis
2517 2472 2831 2542 magnitudo
2862 2487 2969 2529 non
3008 2474 3169 2529 modo
3195 2485 3432 2531 mentem
3462 2493 3558 2531 no-

1961 2567 2130 2615 stram
2152 2600 2170 2625 ,
2214 2561 2309 2617 sed
2351 2562 2499 2632 ipsos
2539 2565 2763 2634 angelos
2787 2563 2954 2636 fugit?
2980 2564 3126 2621 Satis
3155 2566 3318 2636 igitur
3338 2566 3473 2635 fuit,
3503 2576 3560 2622 ut

1961 2651 2124 2707 modo
2139 2651 2406 2718 dicebam,
2425 2653 2556 2724 justi
2572 2653 2768 2724 judieis
2789 2669 3073 2724 personam
3099 2654 3428 2725 preponere;
3445 2658 3558 2727 jam

1960 2760 2089 2799 vero
2131 2745 2369 2815 judicem
2418 2746 2723 2812 crudelem,
2771 2748 3018 2818 impium,
3073 2747 3427 2806 inhumanum
3478 2751 3561 2804 in-

1960 2833 2128 2903 ducit,
2159 2836 2212 2891 in
2236 2836 2372 2892 alios
2399 2838 2615 2908 quidem
2646 2839 2932 2905 immitem,
2959 2837 3013 2894 in
3039 2840 3390 2897 obsecrantes
3410 2851 3560 2898 certe

1960 2924 2252 2995 benignum
2282 2941 2348 2982 ac
2377 2927 2588 2982 facilem
2616 2945 2631 2982 :
2663 2937 2720 2982 ttt
2744 2928 3014 2998 intelligas
3034 2930 3284 2986 oratione
3309 2941 3555 2986 naturam

1965 3017 2049 3069 vel
2086 3016 2385 3085 improbam
2415 3016 2484 3072 ad
2513 3017 2789 3073 lenitatem
2838 3020 3291 3091 clementiamque
3328 3022 3556 3077 traduci.

1959 3106 2228 3174 Quorsum
2255 3109 2418 3177 igitur
2443 3108 2689 3164 Christus
2715 3111 2766 3164 id
2798 3111 2964 3166 fecit?
2983 3111 3055 3168 Ut
3084 3128 3246 3168 nemo
3271 3124 3418 3170 esset
3442 3131 3558 3171 om-

1959 3197 2130 3262 nium,
2161 3198 2253 3268 qui
2280 3197 2386 3251 vim
2430 3201 2756 3268 precationis
2784 3201 3081 3270 ignoraret.
3112 3202 3248 3258 Cum
3274 3209 3557 3275 propterea

1960 3288 2014 3341 in
2035 3297 2326 3357 conspectu
2348 3288 2545 3358 judicis
2571 3290 2905 3345 acerbissimi
2925 3293 3138 3347 viduam
3165 3295 3556 3360 constituisset,

1959 3378 2242 3449 ipsumque
2267 3388 2460 3448 praeter
2480 3380 2598 3449 ejus
2619 3388 2868 3436 naturam
2894 3381 3185 3437 humanum
3208 3385 3554 3449 ostendisset,

1958 3484 1989 3522 a
2017 3471 2248 3526 scelesto
2261 3470 2446 3539 judice
2472 3472 2538 3524 ad
2570 3472 2781 3527 Patrem
2813 3488 2970 3528 suum
2993 3476 3295 3530 orationem
3328 3479 3557 3533 traducit

1959 3562 2242 3630 Optimum,
2264 3572 2631 3627 mansuetum,
2661 3563 2868 3625 mitem,
2901 3564 3214 3631 humanum,
3237 3567 3443 3622 scelera
3468 3583 3557 3622 su-

1961 3662 2262 3722 perantem,
2280 3652 2445 3706 multa
2465 3655 3125 3724 peccatacondonantem,
3144 3657 3488 3726 quotidianus
3501 3659 3555 3714 in

1957 3743 2398 3810 secentumelias,
2415 3741 2720 3814 daemonum
2743 3743 3054 3809 honores,in
3073 3745 3263 3801 Filium
3276 3747 3557 3807 maledicta
3589 3757 3594 3762 ‘

1958 3842 2014 3888 et
2065 3841 2319 3889 sexcenta
2376 3832 2576 3888 nefaria
2622 3834 2860 3889 facinora
2915 3836 3279 3905 perferentem
3307 3840 3558 3909 :‘quique

1957 3941 2080 3981 eum
2105 3925 2268 3980 tantis
2296 3924 2639 3980 contumeliis
2673 3934 2959 3994 appetatur
2986 3967 3002 3989 ,
3029 3926 3096 3982 iis
3128 3929 3460 3998 perferendis
3483 3932 3555 3985 ita

1958 4030 2021 4071 se
2055 4015 2376 4070 clementem
2405 4030 2470 4069 ac
2497 4027 2831 4076 mansuetum
2859 4015 3064 4086 praebet
3093 4034 3108 4071 :
3140 4019 3188 4074 is
3212 4033 3364 4087 vero,
3386 4021 3432 4075 si
3456 4037 3557 4076 nos

1959 4106 2140 4162 debito
2168 4107 2360 4161 timore
2381 4105 2451 4160 ad
2477 4121 2538 4162 se
2567 4107 2887 4162 accedentes
2914 4107 3139 4172 viderit,
3171 4125 3352 4165 nonne
3376 4111 3556 4166 subita

1960 4197 2326 4252 misericordia
2353 4197 2635 4267 capietur?
2665 4199 2870 4263 Audite,
2903 4199 3108 4269 inquit,
3134 4200 3259 4271 quid
3275 4203 3443 4273 judea:

1958 4289 2165 4358 quitatis
2201 4288 2370 4342 dicat:
2396 4287 2509 4341 Etsi
2553 4286 2723 4341 Deum
2775 4304 2879 4343 non
2926 4289 3112 4354 timeo,
3158 4307 3252 4346 nec
3304 4293 3558 4349 hominem

1959 4396 2221 4445 revereor,
2249 4390 2415 4433 tamen
2439 4381 2560 4450 quia
2592 4381 2802 4434 molesta
2831 4391 2904 4435 est
2929 4383 3052 4436 mihi
3084 4383 3193 4438 hac
3224 4386 3375 4440 uidua
3399 4429 3414 4453 ,
3443 4389 3557 4441 uiu-

1960 4473 2139 4527 dicabo
2179 4489 2311 4527 eam.
2361 4472 2497 4539 Quid
2543 4472 2718 4527 dicis?
2740 4473 2884 4544 quod
2924 4491 3030 4528 non
3061 4478 3232 4546 potuit
3267 4480 3435 4534 timor
3458 4521 3473 4545 ,
3504 4482 3556 4536 id

1960 4563 2264 4618 obsecratio
2297 4564 2504 4631 potuit?
2546 4562 2663 4618 Non
2716 4566 2875 4618 minae
2906 4607 2922 4632 ,
2955 4581 3061 4620 non
3106 4570 3354 4638 supplicii
3381 4581 3559 4628 metus

1961 4653 2235 4708 hominem
2256 4652 2338 4707 ad
2380 4653 2686 4722 aequitatem
2716 4654 2971 4709 deduxit:
3001 4666 3056 4711 at
3083 4658 3238 4714 vidua
3264 4702 3284 4725 ,
3310 4661 3400 4716 ubi
3427 4681 3555 4734 sup.

1961 4745 2084 4812 plex
2110 4743 2335 4802 accessit
2358 4785 2372 4808 ,
2415 4743 2688 4799 hominem
2712 4760 2780 4800 ex
2811 4749 3006 4816 agresti
3033 4756 3089 4803 et
3119 4749 3341 4806 immani
3373 4756 3557 4810 mitem

1959 4837 2192 4893 reddidit
2225 4852 2290 4892 ac
2315 4848 2673 4894 mansuetum.
2710 4838 2848 4907 Quid
2877 4841 3040 4911 igitur
3065 4843 3134 4900 de
3161 4845 3272 4900 Deo
3296 4848 3350 4902 in
3380 4848 3554 4904 homi-

1960 4945 2085 4984 nem
2137 4929 2522 4998 benignissimo
2558 4931 2884 4986 censendum
2909 4943 2992 4987 est
3023 4974 3038 4998 ,
3070 4949 3195 4990 cum
3222 4938 3377 4999 vidua
3407 4955 3467 4995 se
3490 4944 3557 4995 ad

1962 5021 2126 5090 pedes
2145 5021 2423 5090 abjiciens,
2452 5021 2623 5076 ferum
2647 5024 2917 5078 hominem
2948 5024 3163 5082 lenierit
3186 5043 3250 5083 ac
3275 5031 3560 5102 mitigarit?

1959 5123 2218 5185 quantum
2242 5115 2523 5177 bonitatis,
2553 5126 2809 5186 quantum
2850 5117 3198 5190 benignitatis
3222 5131 3382 5192 atque
3401 5139 3555 5180 amo-

1962 5210 2036 5262 ris
2068 5209 2119 5261 in
2158 5221 2257 5261 uos
2287 5208 2570 5277 patefaciet
2601 5209 2748 5264 Deus
2770 5251 2786 5275 ,
2817 5211 2909 5280 qui
2948 5213 3120 5267 solum
3150 5215 3267 5270 vult
3299 5223 3558 5288 perpetuo

1961 5297 2201 5352 misereri
2226 5336 2244 5362 ,
2273 5299 2460 5366 punire
2499 5313 2784 5368 numquam
2813 5300 2837 5354 τ
2863 5302 2952 5371 qui
2993 5311 3048 5358 et
3096 5306 3352 5376 supplicia
3404 5307 3558 5363 nobis

1960 5392 2031 5445 ob
2062 5391 2313 5444 eximiam
2361 5389 2747 5447 humanitatem
2786 5395 3146 5451 comminatur
3180 5440 3198 5465 ,
3238 5409 3292 5454 et
3335 5417 3559 5472 magnos

1963 5484 2122 5539 habet
2162 5493 2376 5554 paratos
2424 5486 2656 5540 honores
2701 5525 2718 5550 ,
2771 5496 2828 5541 ut
2885 5503 3007 5544 cum
3041 5492 3390 5559 timor,tum
3435 5509 3558 5565 spes

1961 5575 2185 5629 honoris
2230 5584 2375 5630 recta
2421 5591 2520 5630 nos
2560 5575 2898 5642 deduceret,
2945 5589 3001 5634 et
3045 5596 3171 5649 spes
3221 5582 3434 5654 quidem
3489 5586 3556 5640 ad

1962 5669 2212 5721 virtutem
2233 5655 2532 5733 excitaret,
2578 5678 2756 5723 metus
2796 5685 2926 5727 vero
2977 5687 3006 5726 a
3050 5673 3193 5729 vitiis
3221 5675 3556 5733 deterreret!

1963 5757 2080 5813 Non
2109 5772 2246 5830 queo
2294 5757 2362 5824 ab
2387 5757 2681 5830 iniquitatis
2702 5759 2883 5831 judice
2902 5775 3128 5820 avocare
3145 5776 3403 5834 mentem,
3428 5767 3563 5823 dum
