4220 6306
653 339 759 395 785

651 453 703 504 in
736 448 877 504 illius
904 449 1324 526 mansuetudine,
1349 465 1466 514 qum
1489 461 1678 517 praeter
1703 457 1942 500 naturam
1971 453 2108 511 erat,
2142 447 2220 499 in-

647 539 1014 608 explicabilem
1060 540 1152 593 Dei
1199 541 1576 593 humanitatem
1623 555 1746 606 erga
1802 538 2044 592 homines
2071 553 2224 591 amo-

651 631 1253 700 remquetcontcmplor.
1303 630 1433 685 Nam
1474 630 1516 683 si
1550 629 1592 682 is
1621 670 1636 690 ,
1669 630 1758 691 qui
1800 628 1932 683 nihil
1975 643 2224 695 umquam

655 720 777 775 boni
818 730 1070 788 praestare
1114 721 1387 783 voluerat,
1429 721 1736 773 immutatus
1774 729 2028 786 repente,
2061 717 2224 777 illius.

652 824 773 878 qua:
808 808 1057 878 rogabat,
1104 808 1462 863 misericordia
1505 817 1804 861 commotus
1829 817 1945 869 est,
1973 816 2226 876 quantum

655 899 925 956 ielicitatis
962 917 993 954 e
1029 900 1161 955 celo
1201 900 1254 954 in
1294 915 1389 954 nos
1431 900 1674 969 precibus
1717 899 2067 954 redundabit?
2091 897 2229 952 San-

655 999 860 1042 ctarum
897 990 1058 1060 igitur
1089 991 1446 1059 precationum
1477 990 1640 1045 robur
1667 1006 1730 1045 ac
1753 991 1857 1043 vim
1879 990 2048 1060 quivis
2074 988 2231 1044 facile

657 1087 861 1145 cernet,
893 1080 980 1149 qui
1010 1090 1203 1149 quanta
1228 1081 1486 1134 bonorum
1514 1081 1667 1149 copia
1689 1081 1876 1136 diebus
1903 1088 2060 1150 atque
2085 1079 2232 1132 horis

658 1170 883 1238 singulis
917 1171 1157 1224 fruantur
1202 1172 1232 1224 ii
1264 1210 1281 1236 ,
1329 1173 1416 1241 qui
1446 1187 1504 1226 se
1532 1187 1865 1242 quocumque
1903 1183 2140 1238 tempore
2165 1171 2232 1224 ad

663 1258 756 1314 Dei
781 1260 945 1328 pedes
963 1262 1237 1327 ahjiciunt,
1268 1261 1702 1315 consideraverit.
1735 1262 1864 1329 Quis
1889 1263 2027 1316 enim
2059 1262 2229 1315 lucem

660 1349 810 1412 solis,
842 1349 977 1402 luna:
1001 1391 1015 1410 ,
1053 1360 1210 1419 atque
1251 1351 1523 1405 stellarum
1557 1393 1572 1415 ,
1601 1352 1718 1404 creli
1751 1351 2184 1419 temperationem
2216 1391 2232 1416 ,

662 1438 802 1491 varia
829 1439 1066 1492 ciborum
1090 1456 1281 1508 genera
1307 1482 1320 1501 ,
1350 1441 1589 1504 divitias,
1623 1442 1800 1502 vitam,
1836 1440 2233 1495 innumerabilia

665 1531 800 1585 bona
827 1532 1072 1586 omnibus
1095 1533 1414 1598 hominibus,
1437 1545 1491 1588 et
1521 1535 1698 1600 probis
1717 1542 1770 1586 et
1797 1532 2048 1601 improbis
2077 1547 2106 1584 a
2133 1531 2239 1586 Deo

668 1637 822 1691 a-qne
843 1622 956 1674 dari
976 1631 1030 1677 et
1055 1622 1313 1691 impertiri
1347 1639 1450 1676 non
1481 1623 1657 1687 videt,
1689 1623 1847 1691 idque
1889 1635 2103 1691 propter
2123 1624 2239 1675 exi-

670 1713 829 1766 miam
849 1728 997 1766 suam
1025 1714 1074 1766 in
1105 1728 1201 1767 nos
1225 1715 1636 1783 benignitatem?
1661 1715 1812 1782 Quod
1839 1715 1882 1768 si
1910 1729 2003 1768 eos
2031 1715 2120 1783 qui
2143 1717 2241 1768 mi-

671 1802 814 1855 nime
841 1811 1029 1870 mgant
1054 1813 1143 1856 aut
1171 1814 1374 1870 petunt,
1408 1805 1475 1858 ita
1503 1807 1783 1859 miseratur
1804 1805 1854 1859 in
1884 1806 1997 1860 dies
2023 1822 2084 1861 ac
2115 1810 2238 1861 reti-

668 1892 781 1955 cit,
821 1893 1030 1959 quantis
1057 1892 1208 1946 bonis
1235 1908 1328 1948 eos
1351 1893 1448 1947 frui
1475 1910 1570 1964 par
1589 1906 1670 1947 est
1692 1935 1708 1960 ,
1734 1897 1820 1963 qui
1848 1895 1898 1948 in
1925 1895 2171 1965 precibus
2191 1906 2246 1950 et

671 1983 1128 2039 obsecrationibus
1154 1995 1364 2040 aetatem
1391 1997 1552 2056 agunt
1577 1987 1600 2040 2
1640 1987 1754 2041 Jam
1781 2003 1907 2041 vero
1936 1997 1990 2043 et
2015 1999 2244 2056 quantus

670 2073 934 2141 iustorum
985 2076 1214 2130 virorum
1262 2077 1329 2130 sit
1375 2093 1626 2132 numerus
1653 2119 1667 2141 ,
1712 2080 1902 2148 quibus
1948 2080 2094 2132 licuit
2147 2082 2248 2149 piis

681 2165 924 2232 precibus
943 2175 1146 2230 gentes,
1175 2166 1354 2229 urbes,
1386 2176 1643 2222 terrarum
1675 2169 1855 2224 orbem
1882 2184 2200 2224 conservare
2227 2211 2244 2236 ,

676 2253 826 2307 vobis
873 2254 1084 2309 tandem
1129 2257 1448 2325 aperiamus.
1480 2259 1546 2311 Et
1580 2259 1790 2327 quidem
1838 2261 1904 2314 de
1949 2259 2250 2330 precatione

674 2360 797 2400 cum
817 2347 1008 2416 agitur,
1029 2347 1095 2402 de
1122 2349 1286 2403 Paulo
1299 2350 1523 2418 primum
1549 2350 1810 2420 agendum
1837 2361 1947 2415 est;
1971 2352 2037 2406 de
2062 2352 2247 2418 Paulo,

679 2435 891 2504 inquam
924 2478 941 2501 ,
974 2438 1061 2491 illo
1089 2480 1103 2498 ,
1133 2439 1221 2506 qui
1253 2440 1302 2492 in
1337 2439 1444 2493 Deo
1473 2440 1698 2494 colendo
1723 2456 1786 2494 ac
1814 2441 2077 2510 precando
2099 2459 2250 2496 num-

681 2541 838 2593 quam
868 2526 1285 2595 tlelhtigabatur;
1327 2531 1592 2584 communi
1621 2541 1768 2598 patre
1794 2539 1848 2585 et
1875 2531 2110 2601 principe
2134 2548 2250 2586 ser-

680 2629 865 2667 vorum
909 2614 1126 2670 Christi.
1183 2616 1271 2671 Ille
1326 2620 1482 2688 igitur
1527 2622 1755 2675 universi
1805 2631 2064 2676 terrarum
2111 2624 2256 2678 orbis

679 2714 860 2758 custos
896 2706 1123 2760 assiduis
1171 2708 1411 2776 precibus
1455 2726 1640 2764 omnes
1675 2722 1859 2780 gentes
1898 2721 2094 2766 tutatus
2132 2725 2207 2767 est
2238 2753 2254 2779 ,

686 2794 837 2848 nobis
866 2811 1076 2866 semper
1113 2798 1325 2852 dicens:
1357 2798 1633 2868 Propterea
1660 2803 1806 2871 [lecto
1846 2820 2009 2872 genua
2047 2821 2159 2856 mea
2187 2805 2257 2858 ad

685 2883 891 2939 Patrem
912 2885 1116 2939 Domini
1158 2889 1316 2941 nostri
1335 2888 1459 2943 Jesu
1497 2891 1712 2955 Christi,
1741 2893 1874 2945 unde
1893 2894 2056 2946 cuntis
2081 2903 2253 2961 pater-

683 2975 815 3028 nitas
856 2976 908 3028 in
947 2977 1071 3030 creto
1105 2989 1151 3030 et
1189 2978 1240 3030 in
1283 2989 1415 3032 terra
1455 2983 1788 3046 nominatur;
1824 2993 1878 3036 ut
1913 2985 1993 3036 det
2022 2986 2156 3038 vobis
2178 3002 2259 3039 se-

685 3064 906 3117 cundum
932 3065 1132 3119 divitias
1160 3070 1338 3137 gratia:
1372 3085 1480 3122 suat
1510 3110 1524 3131 ,
1565 3080 1618 3122 ut
1659 3072 1837 3126 uirtute
1867 3075 2256 3126 corroboremini

676 3170 773 3222 per
799 3155 1046 3222 Spiritum
1069 3161 1178 3228 ejus
1205 3159 1256 3211 in
1278 3161 1500 3212 interiori
1535 3162 1735 3215 homine
1765 3203 1780 3227 ,
1827 3175 1877 3215 ut
1907 3162 2134 3219 Christus
2169 3183 2262 3235 per

687 3243 841 3309 ﬁdem
871 3245 924 3298 iu
963 3246 1195 3300 cordibus
1223 3250 1394 3301 uestris
1414 3250 1653 3305 inhabitet
1680 3251 1894 3325 (Ephes.
1923 3254 1976 3308 5.
2008 3256 2075 3310 14
2094 3284 2124 3295 -
2148 3256 2260 3324 l7).

692 3331 850 3388 Vides
878 3336 1051 3404 igitur,
1075 3348 1326 3406 quantum
1348 3341 1537 3395 virium
1565 3341 1754 3396 habeat
1778 3354 1937 3414 atque
1965 3360 2252 3401 nervorum

696 3427 936 3492 precatio
971 3438 1023 3481 et
1053 3428 1388 3483 obsecratio?
1417 3431 1634 3502 Templa
1678 3434 1875 3489 Christi
1914 3435 2156 3492 homines
2182 3438 2265 3491 ef-

693 3514 836 3569 lieit:
857 3525 1016 3587 atque
1040 3528 1097 3573 ut
1120 3533 1251 3574 auro
1273 3530 1326 3575 et
1349 3522 1605 3590 lapidibus
1623 3527 2091 3592 prmstantissimis,
2121 3544 2263 3582 mar-

693 3606 1032 3676 moribusque
1057 3607 1248 3664 domus
1275 3613 1433 3680 regis:
1457 3622 1722 3678 constant,
1749 3617 1827 3669 sic
1852 3617 2046 3686 templa
2067 3617 2264 3672 Christi

693 3698 1102 3764 precationibus.
1133 3699 1200 3757 Ut
1228 3703 1450 3771 habitet,
1484 3706 1671 3775 inquit,
1699 3707 1927 3763 Christus
1952 3710 2004 3763 in
2033 3711 2265 3766 cordibus

691 3789 881 3842 vestris.
909 3789 1041 3854 Quae
1069 3793 1239 3862 major
1257 3797 1570 3863 precationis
1588 3799 1703 3852 laus
1727 3813 1845 3854 esse
1872 3801 2078 3868 possit,
2108 3797 2264 3869 «tuam

692 3877 834 3944 quod
882 3877 1078 3936 Christi
1127 3885 1322 3954 templa
1352 3901 1417 3940 ex
1453 3902 1515 3942 ca
1546 3885 1657 3942 ﬁeri
1684 3889 1932 3943 soleant?
1959 3891 2125 3956 Quem
2159 3906 2263 3942 non

696 3970 911 4038 capiunt
932 3973 1173 4030 cazlcstes
1197 3976 1352 4031 orbes
1381 4017 1396 4041 ,
1425 3979 1470 4031 is
1500 3979 1551 4032 in
1577 3980 1810 4035 animum
1837 4023 1850 4045 ,
1878 3983 1966 4051 qui
1999 3983 2051 4035 in
2079 3997 2264 4050 preca-

697 4061 842 4116 tione
870 4063 1027 4118 vitam
1051 4065 1238 4131 ducat,
1285 4067 1594 4135 ingreditur.
1621 4069 1812 4125 Catum
1838 4084 1910 4126 est
1934 4073 2059 4125 mihi
2083 4073 2224 4125 sedes
2246 4113 2263 4138 ,

700 4151 887 4221 inquit,
917 4163 1052 4208 terra
1085 4171 1198 4210 vero
1235 4157 1506 4212 scabellum
1555 4160 1738 4230 pedum
1777 4177 2019 4215 meorum.
2054 4162 2268 4228 Qualem

697 4240 900 4292 domum
928 4243 1241 4312 wdiﬁcabitis
1270 4248 1394 4300 mild
1417 4289 1431 4313 ,
1461 4250 1531 4302 ait
1565 4250 1816 4305 Dominus
1843 4293 1859 4317 ,
1891 4252 1970 4304 vel
1991 4253 2102 4315 quis
2129 4253 2269 4305 locus

697 4333 1179 4386 cormnemorationis
1218 4341 1373 4401 metu
1401 4335 1530 4390 lsai.
1570 4337 1659 4392 66.
1701 4339 1723 4392 1
1761 4339 1821 4405 Η
1851 4341 2008 4410 Atqui
2052 4341 2268 4395 domum

701 4415 894 4471 Paulus
925 4436 1020 4488 per
1057 4433 1268 4477 sanctas
1297 4440 1484 4496 preces
1507 4427 1732 4482 a°dilicat
1763 4431 1802 4483 '.
1836 4428 2009 4485 Flecte
2028 4473 2042 4492 ,
2069 4433 2268 4501 inquit,

700 4522 863 4575 genus
898 4525 1009 4563 mea
1051 4512 1120 4564 ad
1154 4513 1361 4568 Patrem
1390 4515 1596 4571 Domini
1619 4520 1778 4574 nostri
1809 4520 1934 4574 Iesu
1964 4522 2186 4590 Christi,
2220 4535 2274 4577 ut

704 4595 931 4688 Christus
958 4618 1047 4671 per
1071 4603 1222 4671 [idem
1261 4607 1313 4660 in
1357 4609 1592 4665 cordibus
1611 4615 1786 4668 vestris
1811 4615 2071 4671 inhabitet.
2103 4620 2275 4688 Atque

705 4685 828 4741 hinc
859 4689 1018 4745 etiam
1062 4704 1362 4751 sanctarum
1394 4703 1750 4767 precationum
1777 4705 1882 4758 vim
1919 4707 2144 4777 quisque

702 4780 942 4842 gnoverit
961 4800 975 4836 :
996 4800 1116 4838 nam
1141 4801 1260 4841 cum
1286 4789 1424 4843 idem
1452 4791 1645 4846 Paulus
1667 4809 1878 4849 omnem
1908 4806 2166 4853 terrarum
2188 4816 2278 4854 or-

706 4866 825 4924 bem
851 4914 865 4938 ,
889 4875 1042 4943 quasi
1083 4878 1313 4934 volucris
1339 4882 1515 4948 aliqua
1544 4924 1560 4946 ,
1597 4886 1895 4954 pervolaret
1915 4929 1930 4950 ,
1982 4889 2032 4940 in
2059 4904 2277 4946 carcere

704 4979 1008 5024 versaretur
1035 5011 1051 5037 ,
1086 4969 1284 5041 ﬂagella
1316 4973 1613 5042 perferret,
1655 4985 1872 5031 catenas
1904 4990 2134 5048 gestaret
2161 5023 2175 5045 ,
2225 4984 2276 5036 in

706 5061 943 5116 aedibus
967 5077 1030 5118 ac
1069 5065 1319 5134 periculis
1347 5066 1586 5135 viveret,
1635 5069 1906 5123 dzemoues
1939 5073 2231 5140 expelleret
2261 5115 2275 5134 ,

711 5150 955 5208 homines
1003 5168 1033 5207 a
1076 5157 1308 5214 mortuis
1349 5159 1640 5230 excitaret,
1682 5159 1898 5214 morbos
1936 5173 2177 5216 curaret:
2211 5163 2278 5217 ad

713 5241 984 5298 hominum
1016 5255 1192 5301 tamen
1220 5249 1441 5303 salutem
1470 5249 1656 5304 harum
1678 5266 1855 5305 rerum
1872 5251 2010 5306 nulla
2037 5254 2278 5309 conlide-

716 5330 823 5398 bat,
855 5335 947 5390 sed
974 5338 1222 5405 precibus
1248 5347 1417 5393 terras
1443 5340 1838 5396 communiebat
1864 5383 1879 5404 ,
1909 5351 1964 5396 et
1990 5352 2106 5411 post
2133 5343 2277 5398 edita

716 5427 990 5493 miracula,
1015 5430 1281 5500 vitamque
1305 5433 1527 5486 mortuis
1556 5433 1873 5496 restitutam,
1896 5433 1962 5488 ad
1991 5451 2172 5503 preces
2202 5451 2280 5490 re-

714 5516 977 5583 currcbat,
999 5524 1106 5573 non
1125 5533 1280 5575 secus
1304 5528 1464 5590 atque
1480 5521 1676 5577 athleta
1705 5522 1771 5578 ad
1796 5523 2108 5592 tnlmstram,
2131 5537 2280 5594 parta

718 5608 955 5663 victoria.
985 5607 1193 5665 Etenim
1215 5611 1336 5676 vitae
1366 5615 1588 5667 mortuis
1615 5614 1957 5669 restituendae
1986 5655 2002 5680 ,
2031 5618 2278 5670 aliarum.

779 5699 794 5726 ¹
826 5700 902 5771 sic
921 5697 1102 5771 legitur
1118 5702 1166 5749 in
1177 5701 1333 5771 Sami"
1349 5703 1554 5771 ln_ei_lito
1576 5712 1738 5771 autem
1759 5705 1830 5753 sic
1846 5718 1861 5752 :
1877 5703 2070 5764 Qualem
2089 5708 2280 5757 daturust

719 5761 892 5812 Paulus
913 5762 1085 5811 sanctis
1106 5763 1326 5823 precibus
1341 5761 1554 5816 adiﬁcat
1578 5762 1604 5814 2

1401 333 1455 386 S.
1498 333 1774 389 ιυλκκις
1816 333 2186 390 (IllllYSOST.
2229 332 2551 389 ARCIIIEP.
2593 331 3118 389 CUNSTANTI‘NOP.

3823 318 3919 373 78C

2337 460 2446 513 que
2488 460 2663 497 rerum
2709 445 2943 498 onmimu
2991 446 3094 496 vim
3144 445 3378 512 precatio
3436 457 3540 496 una
3580 441 3920 511 suppeditat:

2339 535 2530 587 riterito
2569 535 2782 603 quidem
2817 553 2830 587 :
2873 549 3032 602 quam
3076 534 3218 587 enim
3252 534 3357 586 vim
3389 534 3444 586 in
3491 533 3777 588 arboribus
3829 530 3925 584 Ita-

2338 623 2468 675 bcnt
2495 637 2646 691 aqtne
2680 665 2694 688 ,
2722 623 2967 676 eamdem
3002 622 3056 676 in
3095 621 3195 684 hac
3216 623 3322 675 vita
3350 631 3657 675 sanctorum
3690 623 3928 674 virorum

2341 713 2694 780 precationes.
2726 712 2897 767 Nocm
2925 727 3046 766 cum
3080 713 3162 766 his
3182 712 3416 766 animum
3444 711 3640 764 Paulus
3660 710 3930 778 irrigaret,

2340 800 2682 856 dillicultates
2710 802 2862 855 facile
2889 801 3178 869 superabat
3208 840 3224 865 ,
3267 811 3319 854 et
3343 800 3512 869 plagis
3541 798 3762 852 dorsum
3800 808 3937 851 tam-

2343 909 2502 960 quam
2530 903 2702 945 statua
2743 894 3030 961 pra'bebat.
3075 891 3149 946 lta
3194 893 3246 944 in
3282 891 3589 945 Macedonia
3631 890 3936 944 custodiam

2343 985 2645 1049 concussit;
2687 985 2756 1037 ita
2799 984 3006 1036 vincula
3041 981 3284 1050 precibus
3313 978 3576 1049 confregit
3621 990 3678 1032 ut
3717 980 3840 1042 leo;
3869 979 3939 1031 ita

2343 1075 2577 1126 carceris
2605 1073 2882 1127 custodem
2912 1073 2980 1126 ab
3005 1086 3195 1125 errore
3223 1070 3502 1134 liberavit;
3527 1070 3595 1122 ita
3629 1070 3940 1123 dzemonum

2347 1165 2682 1236 tyrannidem
2713 1164 2910 1218 delevit
2933 1174 3092 1233 atque
3112 1162 3353 1216 dissolvit
3374 1161 3392 1232 (
3417 1163 3529 1214 Act.
3550 1161 3616 1213 16
3643 1158 3687 1230 ).
3720 1162 3787 1212 Et
3813 1175 3944 1213 sane

2351 1268 2475 1310 nota
2498 1267 2621 1308 sunt
2639 1272 2722 1319 ea,
2741 1270 2858 1324 qum
2875 1254 2942 1308 ad
2961 1270 3146 1308 omnes
3163 1253 3404 1308 homines
3420 1253 3624 1316 scribit,
3648 1251 3731 1302 Ad
3748 1254 3946 1303 oratio-

2349 1363 2462 1398 nem
2504 1345 2773 1398 incumbite
2800 1385 2816 1408 ,
2857 1345 3121 1413 vigilantes
3172 1345 3224 1396 in
3272 1358 3330 1394 ea
3361 1383 3375 1406 ,
3427 1343 3480 1394 in
3528 1342 3813 1395 aratiarum
3861 1357 3947 1392 ac-

2349 1439 2526 1500 tione;
2576 1437 2726 1489 simul
2774 1440 2926 1489 etiam
2975 1452 3068 1504 pro
3127 1452 3205 1487 me
3255 1445 3434 1496 orate,
3491 1444 3548 1486 ut
3601 1433 3727 1486 mihi
3780 1449 3948 1486 sermo

2349 1527 2495 1577 detur
2521 1527 2572 1578 in
2599 1527 2855 1592 apertione
2882 1528 2981 1577 oris
2998 1520 3095 1577 m‘ei
3108 1541 3223 1576 cum
3243 1519 3951 1592 ﬁducia,utloquar£eange~

2354 1617 2408 1669 lii
2428 1618 2714 1686 mysterium
2733 1617 2863 1684 (Col.
2883 1616 3088 1686 L15).
3103 1616 3238 1684 Quid
3257 1616 3359 1669 ais?
3381 1625 3582 1668 tantam
3609 1614 3764 1667 nobis
3783 1613 3949 1666 auda-

2351 1709 2488 1760 ciam
2513 1723 2695 1776 preces
2725 1709 2980 1772 tribuunt,
3007 1717 3064 1760 ut
3096 1709 3203 1761 Deo
3217 1723 3311 1776 pro
3333 1706 3497 1760 Paulo
3523 1705 3829 1774 supplicare
3855 1719 3950 1757 auo

2353 1798 2604 1852 deamus?
2631 1798 2748 1866 quis
2779 1797 2928 1851 miles
2950 1812 3126 1867 regem
3151 1811 3248 1866 pro
3266 1811 3475 1850 summo
3490 1795 3625 1849 duce
3644 1793 3954 1848 audeatob-

2353 1889 2602 1944 secrato?
2618 1890 2687 1942 At
2719 1887 2896 1941 nullus
2921 1889 3072 1942 miles
3098 1887 3205 1956 regi
3237 1887 3307 1940 ita
3338 1901 3494 1940 carus
3520 1896 3576 1940 et
3597 1885 3805 1940 amicus
3829 1885 3952 1948 fuit,

2357 1990 2414 2033 ut
2443 1979 2636 2033 Paulus
2669 1979 2810 2042 Deo;
2845 1978 2936 2033 sed
2971 1988 3143 2033 tamen
3167 1993 3350 2048 preces
3378 1989 3582 2032 tantum
3618 1978 3774 2031 nobis
3817 1976 3952 2030 εσυ-

2358 2080 2481 2124 runt
2501 2071 2772 2139 dignitatis
2799 2079 2860 2123 ut
2887 2070 3121 2123 divinum
3162 2069 3414 2122 auxilium
3446 2068 3614 2122 Paulo
3662 2066 3956 2136 implorare

2361 2180 2467 2217 non
2495 2164 2818 2218 dubitemus.
2849 2161 2922 2216 lla
2951 2162 3140 2216 Petrus
3168 2161 3256 2215 ille
3295 2176 3558 2222 summus,
3589 2159 3724 2213 caelo
3769 2157 3956 2227 splen-

2360 2255 2568 2316 didior,
2599 2268 2869 2307 carccrem
2913 2251 3096 2321 effugit
3132 2251 3201 2305 ob
3241 2266 3392 2304 suam
3433 2250 3644 2319 quidem
3701 2251 3957 2302 virtutem

2361 2345 2784 2415 probitatemque
2801 2344 3209 2413 potissimum,et
3227 2343 3296 2397 ob
3315 2357 3653 2398 communem
3677 2342 3960 2395 hominum

2361 2436 2616 2500 salutem;
2639 2434 2830 2489 deinde
2848 2450 2973 2488 vero
2993 2433 3243 2487 Ecclesia:
3259 2434 3563 2502 deprecatio
3578 2433 3829 2486 celeriter
3849 2447 3962 2485 can

2363 2533 2502 2581 cerls
2540 2526 2678 2581 fores
2712 2527 2937 2596 aperuit.
2977 2525 3095 2580 Non
3128 2526 3269 2580 enim
3308 2534 3506 2578 temere
3539 2523 3754 2593 scripsit
3784 2523 3963 2577 Lucas

2367 2619 2499 2687 (Act.
2518 2618 2603 2671 12.
2619 2618 2674 2686 ὅ)
2687 2659 2699 2680 ,
2716 2633 2898 2686 preces
2915 2632 3010 2684 pro
3022 2617 3178 2670 Petro
3189 2616 3431 2670 assiduas
3446 2616 3512 2668 ab
3530 2614 3771 2669 Ecclesia
3791 2615 3960 2676 fusas;

2366 2707 2459 2764 sed
2483 2718 2585 2762 uta
2605 2709 2757 2762 nobis
2773 2708 3176 2778 intelligeretur,
3192 2715 3442 2775 quantam
3463 2707 3568 2759 vim
3591 2705 3825 2760 habeant
3845 2721 3963 2774 pre-

2367 2799 2606 2852 cationes
2627 2799 2680 2852 in
2697 2798 2848 2861 uelo,
2875 2807 2982 2851 uta
3006 2797 3250 2865 periculis
3271 2798 3484 2851 Petrum
3513 2807 3567 2852 et
3594 2797 3816 2851 Paulum
3849 2798 3964 2851 eri-

2372 2889 2536 2958 piant,
2566 2888 2820 2942 Ecclesia:
2849 2888 3143 2950 columnas,
3172 2887 3534 2956 apostolorum
3585 2889 3872 2955 principes,
3908 2887 3962 2940 in

2369 2984 2501 3037 caelo
2537 2980 2935 3043 celeberrimos,
2965 2989 3225 3032 terrarum
3255 2979 3399 3031 orbis
3425 2978 3642 3044 mmnia,
3671 2993 3966 3033 commune

2372 3073 2533 3126 totius
2599 3079 2753 3123 terra:
2813 3068 3079 3136 marisque
3133 3067 3608 3136 propugnaculum.
3671 3069 3786 3135 Age
3830 3081 3966 3120 vero

2375 3163 2618 3218 ISraelem
2651 3159 2823 3213 Moses
2848 3159 2899 3212 in
2931 3157 3084 3212 bellis
3111 3172 3212 3226 qua
3241 3158 3448 3210 ratione
3477 3156 3754 3211 servavit?
3776 3171 3966 3210 nonne

2372 3266 2518 3304 arma
2562 3248 2809 3318 quidem,
2847 3255 2901 3301 et
2942 3245 3234 3301 exercitum
3276 3245 3536 3314 discipulo
3575 3245 3812 3309 tradidit,
3846 3245 3966 3313 ipse

2371 3360 2501 3398 vero
2541 3343 2776 3399 hostium
2811 3339 3132 3396 multitudini
3179 3337 3511 3408 precationes
3552 3336 3968 3406 opposuitlnoo

2375 3443 2432 3489 ut
2459 3435 2695 3499 doceret,
2726 3431 2893 3486 multo
2933 3429 3186 3499 majorem
3215 3428 3267 3481 in
3297 3426 3545 3497 precibus
3585 3428 3848 3495 justorum
3878 3427 3966 3480 vi-

2375 3542 2580 3590 rorum,
2626 3539 2784 3595 quam
2813 3524 2864 3578 in
2890 3523 3074 3584 armis,
3113 3520 3372 3590 equitatu,
3403 3517 3615 3587 opibus,
3643 3518 3815 3586 copiis
3852 3516 3965 3570 vim

2375 3617 2570 3670 inesse.
2599 3613 2884 3682 Propterea
2925 3613 3202 3665 universus
3246 3610 3405 3663 etiam
3450 3607 3738 3670 exercitus,
3764 3607 3965 3660 multa-

2376 3722 2479 3776 que
2504 3705 2775 3759 hominum
2807 3703 2970 3756 millia
3001 3704 3053 3755 iu
3084 3699 3358 3770 prophetze
3391 3697 3641 3768 precibus
3687 3712 3840 3766 spem
3869 3713 3965 3750 sa-

2376 3797 2499 3851 lutis
2527 3795 2807 3851 habebant.
2832 3793 2987 3856 Nam,
3021 3800 3271 3861 precante
3285 3789 3448 3852 Mose,
3475 3788 3646 3843 Judaei
3684 3788 3966 3842 victoriam

2377 3888 2716 3958 reportabant
2747 3883 2943 3957 (Exod.
2971 3885 3057 3938 l'l.
3085 3883 3170 3937 l0.
3197 3881 3309 3951 ll);
3332 3897 3362 3934 a
3384 3880 3629 3949 precibus
3643 3878 3965 3942 desistente.

2377 3991 2530 4036 erant
2561 3979 2800 4033 hostibus
2822 3975 3122 4030 inferiores.
3151 3972 3261 4028 Nos
3285 3987 3497 4040 quoque
3525 3971 3569 4026 si
3601 3984 3876 4026 versemur
3900 3969 3965 4024 in

2380 4074 2646 4144 precibus,
2677 4069 2829 4124 facile
2853 4067 3125 4121 diabolum
3171 4063 3568 4134 superabimus;
3597 4071 3650 4116 at
3679 4062 3723 4116 si
3750 4062 3969 4131 segnio-

2381 4180 2466 4218 res
2495 4165 2680 4228 simus,
2712 4162 2765 4214 in
2792 4174 2890 4214 nos
2918 4159 3123 4214 hostem
3159 4155 3457 4225 improbum
3498 4168 3831 4208 exercemus.
3862 4155 3965 4207 At-

2379 4255 2468 4324 qui
2497 4253 2668 4307 Moses
2691 4250 2942 4321 populum
2969 4263 3180 4320 quoque
3219 4247 3379 4315 impia
3419 4254 3811 4315 perpetrantem
3856 4259 3964 4298 una

2383 4343 2686 4414 precatione
2723 4340 2977 4404 servavit,
3020 4336 3366 4406 divinumque
3405 4333 3966 4402 adspectumetinnu-

2382 4434 2648 4490 merabilia
2675 4433 2817 4488 bona
2861 4447 2955 4501 per
2994 4443 3178 4498 preces
3215 4436 3418 4481 tantum
3457 4432 3817 4492 consequutus
3861 4431 3967 4476 est.

2383 4527 2508 4582 llaec
2531 4527 2671 4580 eitim
2697 4525 2769 4579 illi
2792 4524 2950 4576 vitam
2977 4533 3187 4590 quoque
3214 4517 3516 4574 conciliavit
3536 4514 3829 4570 incolarum
3849 4513 3969 4570 caeli

2385 4618 2726 4689 persimilem.
2753 4613 2999 4669 Precatio
3025 4610 3160 4680 ignis
3185 4608 3291 4662 vim
3317 4605 3606 4675 superavit,
3629 4603 3814 4658 leones
3832 4601 3970 4656 edo-

2383 4713 2515 4766 muit
2541 4726 2555 4773 ;
2587 4721 2810 4779 quorum
2841 4704 3064 4758 alterum
3092 4699 3320 4765 Danieli,
3355 4699 3580 4753 alterum
3605 4694 3772 4749 tribus
3786 4694 3969 4764 pueris

2382 4801 2602 4871 contigit
2633 4799 2794 4872 (Dan.
2816 4797 2868 4851 6.
2901 4795 2989 4850 η.
3014 4803 3059 4848 et
3083 4809 3128 4846 ε.
3152 4789 3230 4864 5).
3263 4791 3342 4845 Ex
3383 4789 3466 4843 his
3510 4787 3692 4858 igitur,
3723 4794 3781 4840 ut
3825 4785 3971 4840 arhi-

2387 4903 2519 4956 tror,
2558 4889 2806 4944 omnibus
2853 4894 3016 4954 patet,
3068 4897 3430 4952 quoscumque
3471 4880 3555 4933 illa
3604 4879 3970 4948 periclitantes

2385 4985 2686 5054 exceperit,
2737 4995 2833 5036 eos
2880 4978 3034 5034 facile
3087 4971 3516 5045 impendentibus
3567 4967 3971 5024 difficultatibus

2386 5075 2622 5130 liberari.
2663 5072 2904 5126 Precatio
2945 5066 3131 5122 salutis
3173 5073 3257 5121 est
3295 5063 3525 5126 occasio,
3554 5059 3971 5116 immortalitatis

2385 5168 2576 5222 animae
2603 5161 2952 5224 conciliatrix,
2977 5156 3227 5212 Ecclesia:
3261 5167 3446 5209 murus
3468 5151 3824 5213 firmissimus,
3847 5161 3974 5218 pro-

2390 5255 2738 5327 pugnaculum
2787 5253 3191 5311 inconcussum;
3231 5245 3422 5300 terrori
3470 5239 3826 5304 demonihus,
3872 5238 3972 5308 piis

2390 5347 2543 5401 nobis
2568 5343 2745 5400 saluti.
2778 5341 2904 5395 llaec
2928 5346 3167 5392 sanctum
3193 5332 3508 5406 prophetam
3536 5331 3714 5401 genuit
3739 5328 3968 5384 Samue-

2388 5439 2492 5494 lem
2523 5438 2599 5508 (l.
2625 5435 2754 5504 Reg.
2788 5434 2842 5503 ι)
2871 5449 2884 5484 :
2917 5445 3039 5484 nam
3070 5443 3190 5483 eum
3227 5425 3294 5482 ad
3315 5424 3554 5480 sobolem
3589 5433 3774 5476 natura
3817 5418 3971 5475 matri

2389 5530 2781 5592 adversaretur,
2812 5521 3045 5593 precatio
3067 5530 3253 5575 exorta
3283 5527 3487 5570 natura:
3529 5514 3715 5568 vitium
3755 5521 3972 5580 repente

2387 5621 2638 5674 correxit.
2677 5616 2820 5670 Talis
2849 5629 2916 5668 ex
2961 5612 3265 5682 precatione
3311 5608 3513 5664 fructus
3560 5604 3784 5669 exstitit,
3815 5603 3969 5658 talem

2390 5712 2694 5784 deprecatio
2732 5705 3044 5781 prephetam
3092 5700 3402 5776 procreavit.
3446 5700 3623 5768 itaque
3663 5695 3891 5752 celebris
3920 5695 3971 5749 in
