4220 6306
305 326 407 383 783

308 444 434 501 στδν
462 441 834 510 δπιδείξασθαι
862 440 1166 513 βουληθεὶς,
1191 439 1347 508 ἄφνω
1378 436 1765 509 μεταθέμενος,
1788 435 1888 507 τὴν

303 526 565 598 δεομένην
587 524 811 596 ὴλέησε,
847 524 1027 595 πόσηνΔ
1047 524 1180 595 ἡμῖν
1207 519 1269 587 ἑξ
1297 518 1530 592 ούρανοῦ
1563 518 1892 592 κηδεμονίαν

218 604 225 609 ’
302 614 359 665 οἱ
394 610 697 683 προσευχαὶ
731 609 1057 679 κομίσουσι;
1091 609 1251 679 Γνοίη
1288 608 1333 662 δ’
1374 609 1441 671 ἄν
1479 624 1564 670 τις
1603 606 1701 677 τὴν
1736 603 1891 674 ίσχὺν

303 691 399 750 καὶ
437 694 539 763 τὴν
566 692 797 761 δύναμιν
824 690 933 744 τῶν
967 690 1138 759 ἁγίων
1170 692 1511 763 προσευχῶν,
1545 686 1764 742 σκοπῶν
1793 684 1890 739 καὶ

305 764 530 845 θεωρῶν
551 776 692 828 ὅσων
721 773 942 842 ἀγαθῶν
972 772 1095 827 καθ’
1123 774 1361 845 ἑκάστην
1386 773 1599 845 ἡμέραν
1623 769 1716 824 καὶ
1738 768 1888 839 ὥραν

303 858 669 927 ἀπολαύουσιν
701 858 750 909 οἱ
780 856 1010 909 πάντοτε
1038 855 1119 926 τῷ
1148 856 1267 926 Θεῷ
1302 856 1757 929 προσπίπτοντες.
1790 852 1888 917 Τίς

300 943 413 1016 γάρ
444 942 547 995 οὐκ
572 936 746 1005 οἶδεν,
783 940 865 994 ὅτι
905 940 1000 993 καὶ
1046 939 1140 993 τοῦ
1186 940 1338 1011 ἡλίου
1388 941 1450 994 τὸ
1483 939 1617 1011 φῶς,
1656 936 1889 992 καὶτῶν

301 1026 572 1096 ἀστέρων,
617 1025 713 1077 καὶ
756 1024 858 1094 τῆς
890 1024 1142 1094 σελήνης,
1184 1024 1281 1077 καὶ
1333 1025 1511 1095 ἀέρων
1566 1024 1885 1094 εὐκρασίαν,

302 1109 401 1161 καὶ
422 1099 627 1178 τροφὰς
654 1106 934 1170 παντοίας,
966 1108 1061 1161 καὶ
1088 1107 1335 1173 πλοῦτον,
1369 1109 1463 1162 καὶ
1490 1108 1624 1178 βίον,
1658 1109 1751 1161 καὶ
1785 1124 1889 1178 μυ-

305 1192 398 1264 ρία
420 1190 601 1259 ἀγαθὰ
628 1192 793 1245 πᾶσιν
818 1190 1129 1261 ἀνθρώποις
1154 1192 1354 1261 ὁμοίως
1375 1193 1404 1243 6
1428 1191 1561 1254 Θεὸς
1581 1189 1885 1263 χαρίζεται,

301 1273 398 1327 καὶ
427 1272 655 1336 δικαίοις
688 1273 784 1325 καὶ
809 1274 1053 1339 ἀσεϐέσι,
1075 1274 1165 1326 διὰ
1194 1275 1295 1345 τὴν
1325 1274 1527 1344 πολλὴν
1561 1273 1729 1327 αὐτοῦ
1765 1273 1889 1343 φιλ-

302 1356 642 1428 ανθρωπίαν,
671 1351 706 1431 ᾗ
751 1358 1019 1427 κέχρηται
1080 1358 1217 1429 πρὸς
1253 1360 1435 1428 ἡμᾶςς
1473 1359 1536 1410 Et
1564 1357 1621 1409 δὲ
1654 1359 1780 1420 τοὺς
1813 1357 1888 1429 μὴ

300 1437 610 1509 δεομένους,
644 1440 778 1510 μηδὲ
811 1440 1118 1503 αἰτοῦντας,
1149 1440 1322 1503 οὕτως
1350 1440 1492 1493 ἐλεεῖ
1524 1440 1647 1493 καθ’
1677 1440 1890 1511 ἡμέραν

301 1521 400 1574 καὶ
456 1522 757 1586 ἀναπαύει,
797 1522 977 1575 πόσων
1020 1523 1165 1584 είκδς
1214 1522 1435 1591 ἀγαθῶν
1488 1522 1891 1580 ἀπολαύσεσθαι

302 1605 432 1666 τοὺς
458 1606 517 1658 ὲν
546 1606 735 1675 εὐχαῖς
776 1608 871 1659 καὶ
912 1607 1127 1677 δεήσεσι
1162 1606 1343 1659 πάντα
1375 1607 1465 1659 τὸν
1500 1606 1613 1677 βίον
1662 1605 1889 1676 ἐσχολα-

302 1688 502 1753 κότας;
541 1690 679 1760 Φέρε
712 1690 776 1761 δὴ
821 1692 913 1744 καὶ
951 1692 1095 1754 ὅσοις
1126 1691 1235 1743 τῶν
1282 1690 1509 1744 δικαίων
1555 1688 1763 1759 ὑπῆρξε
1802 1688 1893 1741 διὰ

302 1772 625 1843 προσευχῶν
666 1772 839 1826 σῶσαι
880 1775 976 1826 καὶ
998 1768 1155 1844 έθνη,
1187 1775 1281 1827 καὶ
1316 1775 1520 1839 πόλεις,
1550 1775 1645 1828 καὶ
1677 1774 1774 1845 τὴν
1810 1775 1887 1825 οἰ-

302 1855 578 1925 κουμένην
602 1854 842 1921 ἅπασαν,
868 1858 1112 1926 εἴπωμεν
1140 1860 1275 1927 πρὸς
1298 1858 1462 1927 ὑμᾶς.
1500 1858 1588 1909 Ἐν
1614 1858 1670 1910 δὲ
1703 1860 1890 1929 μνήμῃ

301 1939 616 2007 προσευχῆς
656 1938 869 2002 Παῦλος
913 1940 1130 2010 πρῶτος
1158 1940 1308 2004 ἄξιος
1354 1943 1595 2012 μνήμης.
1625 1940 1839 2002 Παῦλος
1864 1943 1893 1993 6

299 2019 406 2088 τῆς
445 2022 538 2074 τοῦ
578 2020 711 2075 Θεοῦ
740 2023 998 2093 λατρείας
1031 2024 1363 2095 ἀκόρεστος,
1406 2025 1435 2076 6
1480 2025 1658 2086 κοινὸς
1689 2024 1889 2094 πατὴρ,

302 2102 684 2171 γ.αὶ,πρόγονος
715 2105 822 2157 τῶν
855 2106 1055 2160 δούλων
1084 2107 1183 2161 τοῦ
1214 2108 1474 2178 Χριστοῦ.
1522 2108 1756 2170 Ἐκεῖνος
1782 2108 1893 2160 τοί-

302 2201 399 2237 νυν
431 2188 459 2238 ό
490 2184 663 2253 φύλαξ
683 2188 780 2256 τῆς
814 2191 1159 2259 οίκουμένης,
1195 2189 1283 2243 διὰ
1312 2191 1640 2261 προσευχῆς,
1677 2191 1893 2260 καὶτῆς

304 2267 564 2336 συνεχοῦς
586 2267 822 2339 δεήσεως
855 2272 1032 2325 πάντα
1058 2273 1126 2324 τὰ
1154 2272 1280 2343 ἔθνη
1312 2273 1560 2336 διέσωσε,
1587 2274 1761 2347 λέγων
1804 2274 1893 2325 ἀεὶ

300 2348 442 2417 πρὸς
472 2350 639 2420 ἡμᾶς·
681 2353 901 2406 Τούτου
932 2354 1110 2422 χάριν
1138 2355 1384 2423 κάμπτω
1417 2356 1488 2410 τὰ
1522 2354 1746 2425 γόνατά
1771 2372 1892 2422 μου

299 2432 455 2500 πρὸς
490 2434 596 2487 τὸν
628 2438 859 2505 Πατέρα
886 2438 993 2491 τοῦ
1032 2439 1254 2506 Κυρίου
1298 2438 1469 2508 ἡμῶν
1514 2440 1710 2507 Ἰησοῦ
1761 2441 1892 2507 Χρι-

301 2515 478 2578 στοῦ,
506 2516 576 2580 ἐξ
605 2513 677 2572 οὗ
715 2517 885 2573 πᾶσα
916 2522 1133 2588 πατριὰ
1158 2522 1227 2573 ἐν
1255 2520 1489 2589 οὴρανῷ
1522 2522 1618 2574 καὶ
1646 2522 1746 2574 ἐπὶ
1780 2519 1895 2591 γῆς

302 2597 677 2667 όνομάζὲταν
714 2602 814 2655 ἵνα
836 2601 955 2671 δῴη
997 2604 1140 2673 ὑμῖν
1166 2604 1315 2658 κατὰ
1346 2605 1454 2658 τὸν
1485 2606 1756 2659 πλοῦτον
1786 2603 1895 2671 τῆς

301 2680 549 2750 χάριτος
586 2684 810 2749 αὐτοῦ,
855 2686 1105 2756 δυνάμει
1154 2687 1588 2756 κραταιωθῆναι
1634 2688 1735 2742 διὰ
1786 2688 1893 2742 τοῦ

301 2768 650 2835 Πνεύματος
683 2769 890 2832 αὑτοῦ,
919 2772 1004 2835 είς
1045 2770 1153 2823 τὸν
1179 2773 1299 2825 ἔσω
1332 2771 1664 2840 ἄνθρωπον,
1698 2790 1893 2827 κατοιο

301 2847 493 2917 κῆσαι
518 2852 624 2904 τὸν
655 2854 913 2920 Χριστὸν
940 2853 1037 2906 διὰ
1073 2857 1334 2921 πίστεως
1362 2857 1431 2910 ἑν
1460 2856 1590 2923 ταῖς
1622 2857 1893 2925 καρδίαις

302 2932 493 3002 ὑμῶν.
552 2936 739 3007 Ὁρᾷς,
793 2938 916 2990 ὅσον
981 2939 1156 3008 ίσχύει
1210 2940 1487 3011 προσευχὴ
1542 2942 1637 2993 καὶ
1677 2942 1890 3011 δέησις;

300 3015 489 3081 Ναοὺς
542 3019 781 3090 Χριστοῦ
834 3023 961 3086 τοὺς
1018 3023 1345 3093 ἀνθρώπους
1399 3025 1731 3094 ἐργάζεται·
1800 3028 1893 3077 καὶ

300 3098 495 3171 ὥσπερ
532 3104 753 3173 χρυσὸς,
787 3105 880 3157 καλ⁵
905 3105 1049 3159 λίθοι
1076 3106 1455 3178 πολυτίμητοι,
1500 3108 1594 3161 καὶ
1626 3108 1893 3179 μάρμαρα

302 3183 519 3237 ποιοῦσι
550 3188 676 3249 τοὺς
714 3187 899 3252 οἴκους
929 3188 1039 3242 τῶν
1086 3179 1384 3259 βασιλέωνέ
1428 3190 1573 3245 οὓτω
1613 3194 1891 3263 προσευχὴ

300 3270 466 3331 ναοὺς
492 3268 585 3322 τοῦ
619 3271 881 3342 Χριστοῦ.
911 3273 1296 3342 Κατοικῆσαι,
1324 3277 1475 3346 φησὶ,
1503 3278 1609 3329 τὸν
1634 3277 1893 3343 Χριστὸν

300 3349 376 3404 ἐν
401 3352 531 3419 ταῖς
558 3354 830 3421 καρδίαις
857 3356 1042 3425 ὑμῶν.
1070 3358 1137 3410 Τί
1183 3359 1367 3428 μεῖζον
1393 3360 1458 3411 ἂν
1486 3359 1697 3427 γένοιτο
1726 3377 1894 3431 προσ-

302 3436 471 3507 ευχῆς
517 3438 829 3508 ἐγκώμιον,
876 3441 907 3510 ἢ
959 3441 1042 3493 ὃτι
1077 3442 1241 3505 ναοὺς
1286 3443 1667 3513 ἀπεργάζεται
1719 3443 1891 3509 Θεοῦ;

310 3520 408 3571 Ὃν
430 3520 490 3572 ού
519 3522 787 3591 χωροῦσιν
816 3522 1057 3592 οὐρανοὶ,
1089 3513 1243 3588 οὗτος
1273 3526 1353 3589 είς
1383 3526 1560 3598 ψυχὴν
1586 3527 1893 3598 εἰσέρχεται

303 3602 489 3665 ζῶσαν
513 3605 570 3656 ὲν
595 3610 944 3677 προσευχαῖς.
978 3608 1031 3659 '0
1054 3608 1311 3676 οὐρανός
1317 3627 1419 3679 μοι
1445 3612 1676 3678 θρόνος,
1706 3613 1891 3681 φησὶν,

302 3686 347 3751 ἡ
380 3686 449 3739 δὲ
482 3686 559 3755 γῆ
592 3689 928 3743 ὑποπόδιον
958 3689 1077 3744 τῶν
1115 3690 1319 3744 ποδῶν
1346 3712 1485 3761 μου.
1514 3693 1694 3747 Ποῖον
1726 3691 1897 3748 οἷκον

303 3769 738 3839 οἰκοδομήσετέ
759 3790 861 3841 μοι
878 3788 898 3837 ;
919 3772 1067 3841 λέγει
1102 3773 1305 3845 Κύριος
1328 3793 1341 3805 ·
1378 3776 1417 3844 ἢ
1455 3778 1546 3842 τίς
1574 3779 1757 3843 τόπος
1787 3776 1896 3845 τῆς

305 3852 740 3919 καταπαύσεώς
768 3872 924 3924 μου;
982 3856 1121 3908 Ἀλλ’
1160 3858 1311 3927 ὅμως
1354 3855 1500 3912 οἷκον
1526 3862 1553 3912 6
1585 3859 1794 3923 Παῦλος
1819 3864 1894 3913 οἰ-

309 3933 535 4005 κοδομεῖ
550 3936 637 3989 διὰ
653 3937 760 3989 τῶν
784 3938 953 4005 ἁγίων
980 3940 1154 4008 εὐχῶν
1168 3946 1216 3994 ⁸.
1232 3938 1282 3992 Κ
1286 3939 1516 4008 άμπτω,
1534 3942 1685 4012 φησὶ,
1702 3945 1774 3995 τὰ
1799 3945 1895 4011 γό-

307 4016 463 4094 νατά
503 4036 622 4087 μου
675 4020 827 4087 πρὸς
864 4021 972 4073 τὸν
1014 4022 1249 4090 Πατέρα
1296 4017 1403 4076 τοῦ
1452 4026 1672 4091 Κυρίου
1726 4024 1896 4094 ἡμῶν

320 4099 518 4165 Ἰησοῦ
538 4102 817 4170 Χριστοῦ,
842 4104 943 4156 Ζνα
964 4106 1294 4174 κατοικήσῃ
1327 4109 1359 4158 ό
1388 4108 1640 4174 Χριστὸς
1665 4108 1762 4160 διὰ
1786 4108 1895 4176 τῆς

304 4182 566 4249 πίστεως
589 4184 659 4238 ἐν
689 4184 820 4250 ταῖς
850 4187 1121 4254 καρδίαις
1142 4188 1329 4258 ὑμῶν.
1370 4191 1478 4242 Καὶ
1510 4192 1616 4261 μὴν
1644 4193 1894 4244 κάκεῖθεν

309 4262 413 4317 ῐδοι
449 4283 534 4329 τις
564 4268 629 4325 ἂν
658 4268 757 4338 τὴν
790 4268 1020 4339 δύναμιν
1051 4269 1161 4323 τῶν
1189 4272 1361 4339 ἁγίων
1391 4272 1585 4342 εὐχῶν,
1624 4273 1771 4344 [7881
1812 4276 1893 4330 ὅτι

306 4354 522 4419 Παῦλος
554 4358 583 4409 6
614 4356 704 4410 διά
733 4360 913 4429 πάσης
946 4359 1046 4429 τῆς
1078 4362 1406 4431 οἰκουμένης
1436 4361 1625 4433 ῶσπερ
1655 4365 1893 4418 ὑπόπτε-

304 4453 404 4509 ρος
433 4440 673 4509 τρέχων,
707 4441 799 4493 καὶ
843 4440 1216 4513 δεσμωτήριον
1245 4444 1439 4506 οίκῶν,
1478 4446 1571 4497 καὶ
1622 4448 1894 4516 μάστιγας

305 4522 615 4592 ὑπομένων,
647 4525 739 4577 καὶ
768 4526 947 4596 φορῶν
974 4526 1184 4589 ἅλυσιν,
1221 4528 1316 4581 καὶ
1350 4529 1458 4595 ζῶν
1484 4531 1541 4584 ὲν
1570 4532 1763 4600 αἵματι
1800 4535 1894 4587 καὶ

302 4605 597 4672 κινδύνοις,
622 4607 718 4660 καὶ
748 4608 1008 4678 δαίμονας
1041 4609 1313 4676 ἐλαύνων,
1360 4616 1456 4666 καὶ
1487 4617 1713 4684 νεκροὺς
1746 4618 1893 4683 ἐγεί-

308 4704 423 4759 ρων
445 4728 460 4751 ,
491 4690 581 4742 καὶ
615 4690 801 4743 παύων
829 4694 1257 4764 ἀρρωστήματα,
1290 4696 1462 4748 οὐδενὶ
1488 4698 1691 4749 τούτων
1726 4699 1890 4771 ἐθάρ-

305 4775 478 4843 ρησεν
502 4776 583 4838 είς
614 4775 885 4845 σωτηρίαν
917 4776 1023 4829 τῶν
1052 4774 1379 4848 ἀνθρώπων,
1412 4780 1545 4833 ἀλλά
1572 4786 1686 4846 ταῖς
1725 4801 1892 4855 προσ-

301 4858 497 4924 ευχαῖς
525 4857 758 4927 ἐτείχισε
791 4857 889 4929 τὴν
919 4859 1021 4928 γῆν
1056 4860 1107 4924 ιι,
1153 4862 1248 4913 καὶ
1278 4861 1418 4931 μετά
1442 4863 1511 4915 τὰ
1552 4869 1753 4935 σημεῖα
1798 4870 1891 4921 καὶ

298 4940 406 5009 τὴν
430 4939 539 4993 τῶν
569 4941 777 5012 νεκρῶν
808 4944 1124 5007 ἀνάστασιν,
1159 4948 1250 4999 ἐπὶ
1272 4945 1369 5010 τὰς
1400 4952 1707 5019 προσευχὰς
1741 4952 1891 5022 ἔτρε-

300 5040 430 5095 χεν,
483 5025 673 5095 ῶσπερ
710 5043 795 5092 τις
832 5027 1072 5098 ἀθλητὴς
1108 5030 1200 5083 ἐπὶ
1246 5031 1585 5101 παλαίστραν
1626 5036 1733 5088 ἀπὸ
1772 5053 1889 5089 στε-

301 5106 499 5173 φάνου.
530 5107 639 5160 Καὶ
662 5108 769 5177 γὰρ
800 5111 895 5163 καὶ
920 5110 1019 5181 τῆς
1048 5112 1398 5177 ἀναστάσεως
1421 5115 1528 5167 τῶν
1555 5118 1763 5186 νεκρῶν
1794 5121 1888 5173 καὶ

296 5187 415 5242 τῶν
446 5189 621 5243 ἄλλων
654 5192 910 5245 ἁπάντων
960 5197 990 5265 ἡ
1039 5196 1319 5267 προσευχὴ
1367 5200 1603 5269 χορηγός
1628 5218 1639 5229 ·
1670 5203 1764 5255 καὶ
1809 5206 1889 5256 εί-

300 5272 483 5336 κότως
525 5284 547 5312 ο
574 5291 587 5304 °
626 5274 693 5345 ἡν
754 5276 865 5348 γάρ
908 5279 1001 5331 ἐπὶ
1034 5279 1143 5333 τῶν
1188 5280 1424 5351 δένδρων
1467 5285 1620 5353 ἰσχὺν
1660 5286 1772 5357 ἔχει
1818 5292 1888 5344 τὰ

302 5356 498 5443 ῦδατα,
531 5358 737 5443 ταύτην
766 5362 858 5413 ἐπὶ
877 5362 971 5415 τοῦ
997 5363 1114 5433 βίου
1141 5365 1248 5417 τῶν
1280 5366 1450 5434 ἁγίων
1479 5371 1533 5421 αἱ
1561 5356 1883 5443 προσευχαί.

314 5440 413 5495 Ἐν
464 5443 531 5512 τῇ
586 5442 741 5495 νυκτὶ
788 5445 963 5518 ταύτῃ
1017 5448 1194 5519 ἄρδων
1227 5449 1325 5521 τὴν
1356 5451 1533 5523 ψυχὴν
1572 5440 1615 5506 ὸν
1652 5440 1883 5525 Παῦλος,

369 5576 501 5653 {Sig
514 5591 613 5653 Bos
632 5591 660 5627 e
681 5579 880 5642 Savilio,
907 5595 992 5645 pro
1014 5594 1076 5631 eo
1098 5584 1227 5653 quod
1267 5586 1544 5647 legebatur,
1570 5590 1704 5637 ποῖον
1726 5592 1882 5643 οἶκ....

308 5639 489 5700 αὔχῶνς
514 5640 644 5689 Enn.

366 5699 397 5741 ιο
416 5701 549 5765 Quib.
576 5705 700 5765 ψυχή

489 5720 549 5751 :0.
576 5720 746 5760 ψυχην.

256 5782 269 5791 κη
371 5766 394 5792 ’³
423 5763 535 5811 ch
588 5763 751 5821 νιιιίίηι,
773 5768 853 5813 καὶ
878 5767 1091 5820 εἰκότως.
1115 5781 1142 5814 ι’·
1166 5764 1347 5819 Savilio
1374 5780 1591 5834 recepta.
1622 5773 1756 5827 EDIT.

606 5860 877 5925 PATROL.
914 5867 1029 5926 Gn.
1074 5858 1137 5929 Ε.

1584 327 1673 383 DE
1708 323 2148 383 PRECATIONE
2184 322 2248 378 ll.

3474 322 3580 377 7R6

1996 433 2177 489 πάντα
2208 432 2478 504 ὑπέμενεν
2506 435 2746 508 εὐχερῶς
2772 433 2839 489 τὰ
2862 433 3030 498 δεινὰ,
3055 432 3311 505 παρέχων
3340 432 3408 488 τά
3436 436 3586 489 νῶτα

1992 518 2117 580 ταῖς
2163 515 2400 587 πληγαῖς
2432 516 2623 590 ῶσπερ
2659 519 2899 590 ἀνδριάς.
2942 516 3133 582 Οὕτως
3166 520 3223 571 έν
3270 518 3581 589 Μακεδονίᾳ

1991 600 2052 652 τὸ
2088 599 2462 672 δεσμωτήριον
2499 600 2738 655 ἔσεισενο
2768 601 2914 656 οὕτω
2958 602 3026 655 τὰ
3074 602 3251 672 δεσμὰ
3297 602 3585 673 διέρρηξεν

1992 686 2183 759 ὥσπερ
2226 687 2365 741 λέων
2400 692 2523 753 ταῖς
2553 693 2883 762 προσευχαῖς
2908 706 2922 718 ·
2954 689 3098 743 οὕτω
3121 690 3212 744 τὸν
3240 689 3335 744 τοῦ
3370 691 3585 761 δεσμω-

1991 769 2181 840 τηρίου
2231 771 2449 839 φύλακα
2500 777 2606 845 τῆς·
2642 774 2851 844 πλάνης
2900 774 3248 845 ἐξήρπασεν
3289 774 3433 829 οῦτω
3485 774 3587 842 τὴν

1988 854 2282 923 τυραννίδα
2313 855 2423 909 τῶν
2455 856 2727 926 δαιμόνων
2760 858 3043 912 κατέλυσε.
3077 858 3188 911 Καὶ
3226 859 3333 929 μὴν
3359 858 3589 911 κάκεῖνά

1989 952 2055 1003 γε
2074 934 2254 1007 ἴσμεν,
2273 937 2309 992 a
2326 939 2530 1009 γράφει
2555 940 2690 1010 πρὸς
2712 942 2919 1003 πάντας
2936 940 3279 1011 ἀνθρώπους·
3306 940 3385 1008 Τῇ
3402 957 3588 1007 προσ-

1989 1018 2144 1088 ευχῇ
2203 1022 2730 1089 προσκαρτερεῖτε,
2792 1022 3229 1093 γρηγοροῦντες
3286 1024 3356 1076 ἐν
3396 1021 3583 1089 αὐτῇ,

1989 1102 2060 1156 ὲν
2084 1104 2455 1173 εὐχαριστίᾳ,
2480 1105 2959 1174 προσευχόμενοι
2985 1104 3106 1174 ἅμα
3133 1106 3231 1171 καί
3260 1105 3394 1173 περὶ
3415 1104 3583 1173 ἐμοῦ,

1990 1184 2091 1239 ἵνα
2116 1204 2221 1254 μοι
2256 1187 2406 1255 δοθῇ
2432 1190 2617 1258 λόγος
2643 1189 2713 1241 ἐν
2740 1188 2968 1252 ἀνοίξει
3000 1188 3106 1241 τοῦ
3147 1189 3447 1256 στόματός
3462 1204 3585 1257 μου

1990 1269 2061 1322 ἐν
2084 1272 2410 1339 παρρησίᾳ,
2428 1271 2717 1340 -λαλῆσαι
2741 1271 2807 1324 τὸ
2823 1270 3165 1340 μυστήριον
3186 1270 3290 1325 τοῦ
3329 1269 3589 1339 Εὺὶῑτγε-

1990 1353 2151 1407 λίου,
2185 1353 2249 1404 Τί
2278 1354 2486 1421 λέγεις;
2520 1354 2792 1425 τοσαύτην
2825 1356 2957 1424 ἡμῖν
2993 1354 3308 1424 παρρησίαν
3331 1355 3386 1406 αἱ
3417 1370 3587 1424 προσ-

1993 1436 2149 1504 ευχαὶ
2184 1435 2453 1503 διδόασιν,
2485 1438 2561 1500 ὡς
2609 1439 2750 1508 ὑπὲρ
2807 1437 3024 1490 Παύλου
3070 1437 3278 1507 τολμᾷν
3326 1436 3417 1488 τὸν
3452 1436 3586 1488 Θεὸν

1994 1520 2292 1585 ίκετεύεινς
2326 1523 2409 1585 τίς
2446 1523 2623 1592 τολμᾷ
2662 1519 3003 1593 στρατιώτης
3036 1521 3179 1590 ὑπὲρ
3210 1520 3305 1573 τοῦ
3347 1520 3586 1590 μεγάλου

1996 1604 2306 1675 στρατηγοῦ
2344 1607 2435 1657 τὸν
2482 1606 2705 1675 βασιλέα
2752 1605 3128 1677 παρακαλεῖν;
3166 1604 3357 1657 Καίτοι
3391 1620 3455 1669 γε
3496 1604 3587 1654 ού-

1992 1687 2103 1750 δεὶς
2129 1688 2272 1741 οὕτω
2296 1690 2602 1761 στρατηγὸς
2631 1690 2710 1761 τῷ
2735 1689 2944 1759 βασιλεί
2973 1690 3148 1759 φίλος,
3178 1688 3253 1751 ὡς
3279 1688 3486 1750 Παῦλος
3508 1688 3587 1757 τῷ

1993 1769 2141 1837 Θεῷ·
2175 1772 2290 1824 ἀλλ’
2316 1774 2465 1842 ὅμως
2496 1776 2574 1836 εἰς
2603 1773 2873 1844 τοσαύτην
2897 1774 3124 1841 ἄγουσιν
3152 1772 3299 1843 ἡμᾶς
3329 1772 3385 1824 αἱ
3414 1788 3587 1842 προσ-

1994 1854 2151 1921 ευχαὶ
2192 1854 2374 1924 τιμὴν.
2404 1856 2478 1916 ὼς
2525 1856 2662 1925 ὑπὲρ
2702 1857 2915 1909 Παύλου
2955 1856 3161 1931 τολμᾷν
3190 1855 3282 1908 τὸν
3308 1855 3440 1908 Θεὸν
3476 1858 3588 1907 ίκε-

1992 1935 2190 1990 τεύειν.
2238 1938 2395 1991 Οῦτω
2438 1940 2532 1991 καὶ
2579 1940 2787 2012 Πέτρος
2818 1943 2846 1993 6
2891 1940 3085 2011 μέγας,
3129 1941 3158 1991 6
3203 1938 3299 1991 τοῦ
3352 1936 3584 2009 ούρανοῦ

1994 2018 2394 2091 λαμπρότερος,
2426 2020 2487 2072 τὸ
2525 2022 2898 2095 δεσμωτήριον
2928 2023 3174 2092 διέφυγε,
3220 2023 3452 2092 μάλιστα
3490 2021 3589 2090 μὲν

1992 2100 2080 2153 διά
2119 2102 2215 2173 τὴν
2247 2104 2455 2157 οἰκείαν
2486 2106 2709 2177 ἀρετὴν,
2750 2107 2845 2158 καὶ
2871 2106 2972 2177 τὴν
3006 2105 3194 2176 κοινὴν
3235 2103 3344 2157 τῶν
3377 2102 3589 2173 ἀνθρώ-

1995 2204 2112 2238 πων
2155 2188 2450 2255 σωτηρίαν,
2485 2191 2677 2243 ἕπειτα
2728 2191 2912 2260 μέντοι
2960 2190 3055 2243 καί
3097 2192 3131 2260 ἡ
3169 2188 3448 2259 προσευχὴ
3491 2188 3590 2256 τῆς

2006 2267 2337 2339 Ἐκκλησίας
2370 2271 2766 2343 κεκλεισμένας
2807 2272 2903 2326 τοῦ
2934 2272 3318 2343 δεσμωτηρίου
3352 2270 3452 2333 τὰς
3497 2269 3590 2351 Ούςι

1995 2367 2096 2420 ρας
2142 2354 2349 2424 ταχέως
2382 2357 2635 2425 ἀνέῳξεν.
2680 2358 2755 2410 Ού
2804 2356 2913 2429 γὰρ
2958 2358 3084 2427 εἰκῆ
3124 2355 3508 2429 προσέγραψεν
3544 2356 3591 2423 ῥ

1994 2438 2230 2499 Λουκᾶς,
2262 2439 2340 2489 ὃτι
2371 2440 2659 2512 Προσευχὴ
2692 2442 2748 2495 δὲ
2783 2436 2853 2511 ἦν
2889 2442 3118 2510 ὲκτενὴς
3156 2440 3287 2512 ὅλης
3319 2441 3419 2511 τῆς
3462 2440 3607 2493 Ἐκοτ

1993 2518 2221 2588 κλησίας
2252 2520 2392 2592 ὑπὲρ
2421 2523 2515 2575 τοῦ
2552 2524 2783 2595 Πέτρου,
2824 2524 2939 2576 ἀλλ’
2977 2524 3063 2575 ἴνα
3110 2523 3373 2594 μάθωμεν
3404 2525 3587 2592 ἡμεῖς,

1992 2600 2126 2671 ὅσην
2167 2604 2321 2672 ἰσχὺν
2358 2606 2415 2655 ἐν
2448 2607 2699 2676 οὐρανοῖς
2746 2608 2800 2660 αἱ
2829 2607 3130 2678 προσευχαὶ
3162 2606 3481 2675 κέκτηνται,
3513 2604 3590 2667 ὡς

1993 2684 2203 2738 Παῦλον
2232 2687 2325 2739 καὶ
2360 2688 2565 2758 Πέτρον
2593 2690 2855 2743 κινδύνων
2886 2691 3274 2752 ἀπαλλάττειν,
3305 2691 3431 2752 τοὺς
3464 2690 3590 2741 στύ-

1992 2766 2116 2830 λους
2150 2770 2247 2839 τῆς
2292 2770 2653 2841 Ἐκκλησίας,
2685 2774 2811 2839 τοὺς
2844 2774 3179 2845 κορυφαίους
3209 2773 3316 2826 τῶν
3349 2772 3588 2825 ἀποστό-

1990 2850 2118 2913 λων,
2149 2856 2277 2916 τοὺς
2311 2855 2674 2926 περιϐοήτους
2714 2860 2770 2911 ἐν
2811 2858 3048 2930 οὐρανῷ,
3082 2857 3140 2909 τὸ
3174 2859 3353 2926 τεῖχος
3383 2856 3481 2925 τῆς
3512 2858 3590 2907 οῖ’·

1992 2936 2287 3005 κουμένης,
2316 2937 2374 2989 τὸ
2402 2940 2580 2990 κοινὸν
2613 2940 2985 3011 φυλακτήριον
3020 2940 3203 3008 πάσης
3233 2940 3335 3008 γῆς
3369 2940 3464 2992 καὶ
3492 2938 3589 2991 θα-

1991 3016 2211 3086 λάττης.
2246 3020 2381 3087 Είπέ
2419 3038 2531 3090 μοι,
2564 3021 2682 3085 πῶς
2722 3025 2750 3075 ὀ
2783 3006 2985 3092 Μωσῆς
3025 3022 3118 3075 τὸν
3160 3006 3378 3094 Ἰσραὴλ
3402 3025 3461 3073 έν
3492 3040 3588 3075 που

1992 3097 2177 3168 λέμοις
2215 3100 2507 3168 διέσωσεν;
2545 3105 2605 3157 ού
2642 3105 2711 3158 τά
2744 3106 2842 3175 μὲν
2867 3104 3010 3159 ὅπλα
3045 3106 3136 3157 καὶ
3186 3104 3285 3176 τὴν
3327 3104 3588 3177 στρατιὰν

1991 3182 2070 3255 τῷ
2096 3183 2313 3256 μαθητῇ
2342 3187 2684 3258 παρέδωκεν,
2717 3190 2881 3252 αὐτὸς
2903 3188 2959 3241 δὲ
2980 3189 3079 3252 τάς
3100 3188 3267 3259 εύχάς
3291 3189 3588 3259 ἀντέστησε

1993 3265 2072 3337 τῷ
2110 3267 2303 3338 πλήθει
2334 3270 2442 3323 τῶν
2474 3271 2818 3338 ἀντιπάλων;
2859 3271 3127 3327 διδάσκων
3166 3275 3337 3343 ἡμᾶς,
3371 3273 3453 3325 ὅτι
3492 3274 3591 3325 καὶ

1994 3349 2196 3413 ὃπλων,
2224 3354 2316 3405 καὶ
2342 3354 2545 3420 ἵππων,
2579 3355 2672 3408 καὶ
2703 3356 3004 3426 χρημάτων
3026 3399 3039 3421 ,
3078 3356 3172 3408 καὶ
3208 3356 3590 3427 στρατοπέδων

1995 3434 2175 3506 πολλῷ
2204 3435 2430 3505 μείζονα
2453 3438 2682 3510 δύναμιν
2710 3441 2924 3509 ἔχουσιν
2952 3442 3008 3494 αἱ
3040 3444 3343 3511 προσευχαὶ
3372 3440 3481 3493 τῶν
3510 3442 3591 3495 δι-

1995 3517 2183 3572 καίων.
2216 3520 2314 3572 Διά
2346 3521 2504 3575 τοῦτο
2539 3526 2631 3575 καὶ
2662 3526 2769 3586 πᾶς
2795 3525 2823 3575 6
2852 3526 3102 3594 στρατὸς,
3142 3525 3238 3576 καὶ
3265 3515 3459 3576 πολλαῗ
3488 3542 3592 3594 μυ-

2000 3601 2199 3671 ριάδες,
2233 3605 2291 3655 ὲν
2320 3606 2385 3675 τῇ
2412 3608 2688 3676 προσευχῇ
2715 3605 2808 3658 τοῦ
2840 3608 3121 3678 προφήτου
3144 3607 3244 3676 τὴν
3271 3606 3463 3658 ἐλπίδα
3491 3608 3590 3676 τῆς

1997 3686 2272 3756 σωτηρίας
2321 3683 2498 3758 εἶχον·
2535 3691 2975 3760 προσευχομένου
3020 3691 3120 3761 μὲν
3160 3693 3270 3761 γὰρ
3318 3690 3411 3743 τοῦ
3455 3692 3589 3744 Μω-

1997 3770 2155 3831 σέως,
2190 3770 2456 3841 ὲκράτουν
2499 3774 2780 3836 Ἰουδαῖοι,
2812 3774 3164 3843 πεπαυμένου
3207 3774 3261 3826 δὲ
3287 3774 3385 3843 τῆς
3414 3791 3588 3844 προσ-

1996 3854 2185 3921 ευχῆς,
2229 3852 2447 3907 ἔλαττον
2486 3852 2631 3926 εἶχον
2666 3856 2776 3909 τῶν
2819 3857 3152 3911 ἀντιπάλων.
3194 3857 3352 3909 Οῦτω
3385 3858 3449 3929 δὴ
3496 3860 3591 3911 καὶ

1996 3936 2160 4005 ἡμεῖς
2192 3940 2615 4009 προσευχόμενοι
2656 3941 2773 4011 μὲν,
2805 3939 3005 4013 ῥαδίως
3042 3940 3137 3994 τοῦ
3173 3941 3421 3993 διαϐόλου
3453 3958 3591 4012 κρα-

1997 4021 2258 4091 τήσομεν,
2281 4023 2651 4093 ῥᾳθυμοῦντες
2672 4024 2749 4090 δὲ,
2774 4023 2895 4078 καθ’
2920 4026 3129 4078 ἑαυτῶν
3149 4024 3320 4077 ἀσκοῦ
3330 4043 3427 4095 μεν
3444 4024 3471 4065 ά
3494 4027 3589 4079 τὸν

1999 4103 2262 4174 Πονηρόν.
2306 4106 2413 4157 Καὶ
2453 4108 2561 4176 μὴν
2609 4108 2703 4160 καὶ
2744 4107 2837 4161 τὸν
2876 4108 3008 4162 λαὸν
3062 4109 3445 4180 ἀσεϐήσαντα,
3500 4109 3589 4163 δια

2000 4198 2313 4267 προσευχῆς
2363 4198 2530 4269 μόνης
2577 4198 2802 4252 διέσωσε
2850 4201 3077 4269 Μωσῆς,
3125 4203 3219 4254 καὶ
3265 4200 3377 4253 τῶν
3423 4200 3587 4253 θείων

1998 4280 2173 4349 ὄψεων
2210 4282 2301 4334 καὶ
2338 4282 2549 4352 μυρίων
2578 4281 2797 4349 ἀγαθῶν
2824 4282 2911 4336 διὰ
2952 4282 3155 4352 ταύτης
3192 4284 3353 4353 ἔτυχε
3393 4284 3585 4355 μόνης.

1997 4356 2149 4433 Αὕτη
2202 4364 2310 4435 γάρ
2364 4363 2514 4435 [789]
2565 4365 2713 4433 αὐτῷ
2761 4368 2854 4419 καὶ
2900 4366 3008 4419 τὸν.
3035 4367 3148 4437 βίον
3204 4368 3587 4439 παραπλήσιον

1997 4448 2221 4516 ἐποίησε
2272 4451 2383 4509 τοῖς
2412 4448 2618 4501 οἰκοῦσι
2658 4449 2747 4501 τὸν
2782 4449 3032 4519 οὐρανόν.
3082 4451 3370 4522 Προσευχὴ
3412 4454 3585 4523 πυρὶς

1995 4529 2225 4603 δύναμιν
2273 4530 2488 4599 ἤλεγξε,
2529 4534 2622 4583 καὶ
2669 4530 2889 4594 λέοντας
2933 4532 3221 4602 ἡμέρωσεν
3254 4533 3316 4586 τὸ
3358 4534 3459 4603 μὲν
3494 4537 3587 4587 ἐπὶ

1994 4610 2087 4663 τοῦ
2110 4600 2329 4683 Δανιὴλ,
2353 4614 2413 4664 τὸ
2436 4613 2493 4664 δὲ
2522 4615 2614 4664 ἐπὶ
2640 4613 2750 4665 τῶν
2777 4614 2944 4683 τριῶν
2968 4617 3321 4687 ἐργασαμένη
3355 4617 3579 4671 παίδων.

1995 4698 2073 4747 Δι’
2106 4689 2199 4758 ὧν,
2236 4692 2409 4765 οἶμαι,
2443 4697 2537 4748 καὶ
2566 4696 2722 4766 δῆλον
2752 4699 3051 4769 πεποίηκεν
3084 4699 3307 4763 ἅπασιν,
3338 4702 3419 4753 ὅτι
3448 4702 3586 4752 πάϊ·

1995 4798 2114 4843 τας,
2142 4781 2298 4843 ὅσους
2324 4779 2389 4833 ἂν
2429 4780 2568 4851 λάϐῃ
2609 4781 3044 4849 κινδυνεύοντας,
3101 4784 3303 4855 ῥᾳδίως
3337 4784 3579 4855 ἐξαρπά-

1994 4862 2077 4927 ζει
2114 4864 2225 4916 τῶν
2280 4864 2679 4943 ἐπηρτημένων
2722 4864 2931 4919 δεινῶν,
2984 4866 3271 4938 Προσευχὴ
3308 4869 3589 4943 σωτηρίας

1992 4949 2248 5019 ἀφορμὴ,
2282 4936 2581 5010 ἀθανασίας
2622 4947 2883 5021 πρόξενος
2915 4936 3094 5021 ψυχῆς
3116 4962 3162 5019 ε,
3196 4936 3298 5023 τῆς
3352 4936 3551 5023 Ἐκκλη
3571 4985 3584 4994 -

1993 5032 2113 5094 σίας
2138 5033 2318 5100 τεῖχος
2345 5032 2605 5101 ἀρραγὲς,
2632 5031 3002 5103 φυλακτήριον
3042 5035 3313 5099 ἄσειστον,
3351 5036 3481 5104 φοϐε
3493 5039 3583 5105 ρον

1993 5114 2093 5183 μὲν
2118 5118 2231 5176 τοῖς
2268 5115 2511 5186 δαίμοσι,
2549 5117 2817 5186 σωτήριον
2861 5116 2917 5169 δὲ
2959 5120 3071 5180 τοῖς
3105 5119 3389 5172 εὐσεόέσιν
3425 5122 3579 5189 ἡμῖν.

1992 5196 2142 5265 Αῦτη
2177 5198 2267 5249 τὸν
2312 5198 2467 5266 ἀγιον
2506 5202 2792 5269 προφήτην
2826 5200 2919 5253 τὸν
2962 5201 3215 5273 Σαμουὴλ
3253 5202 3541 5273 ἐγέννησεν
3565 5222 3576 5233 ·

1990 5279 2179 5349 ἐπειδὴ
2216 5280 2324 5351 γὰρ
2375 5284 2407 5351 ἡ
2450 5281 2609 5349 φύσις
2649 5282 2966 5350 ἠναντιοῦτο
3014 5286 3078 5355 τῇ
3127 5288 3293 5357 μητρὶ
3334 5288 3468 5359 πρὸς
3497 5306 3582 5356 γοο

1990 5366 2105 5429 νάς,
2137 5367 2170 5433 ή
2205 5366 2481 5437 προσευχὴ
2504 5369 2736 5434 φανεῖσα
2757 5369 2965 5437 ταχέως
2990 5368 3354 5444 ὲπανώρθωσε
3386 5372 3447 5423 τὺ
3478 5373 3578 5441 τῆς

1990 5448 2205 5517 φύσεως
2243 5448 2555 5519 ἐλάττωμα.
2590 5449 2848 5514 Τοιοῦτος
2892 5452 2995 5521 τῆς
3030 5454 3339 5523 προσευχῆς
3373 5456 3401 5506 6
3449 5474 3579 5526 καρ-

1990 5533 2110 5597 πὸς,
2149 5532 2386 5585 τοιοῦτον
2429 5535 2787 5605 ὲφύτευσενή
2826 5538 3105 5606 προσευχὴ
3148 5540 3447 5608 προφήτην·
3497 5541 3578 5595 Δι’

2052 5660 2077 5699 ἃ
2097 5659 2233 5725 εφη).
2255 5661 2359 5708 καθ’
2385 5663 2571 5725 ἑαυτῶν
2588 5662 2891 5725 διεγείρομεν.

2057 5725 2079 5751 ⁸
2104 5722 2276 5783 Ψυχῆς
2295 5725 2435 5771 deest
2464 5722 2511 5771 in
2542 5722 2678 5772 (ἶυω.
2710 5722 2759 5772 οι
2786 5722 2835 5772 in
2859 5726 3011 5776 Savil.

3192 5886 3262 5943 2η
