4220 6306
622 285 716 338 791
2137 285 2400 342 SPURIA.

625 398 888 466 przrttonis
935 410 1154 451 munere
1178 405 1304 463 ante
1345 397 1470 450 illttd
1503 395 1737 465 fungitur
1769 414 1781 449 :
1820 395 2074 450 Dominus
2114 415 2201 450 ac-

624 465 802 530 cedit,
829 474 893 536 et,
923 481 1110 522 servus
1161 468 1519 535 praemittitur.
1565 467 1670 522 Sed
1695 466 1822 536 quid
1867 482 1967 535 ego
2006 468 2201 520 deserti

631 535 1056 606 praedicationem
1102 551 1450 606 prmoccupo,
1491 552 1612 592 cum
1649 535 1750 591 alia
1801 537 1928 591 mibi
1959 538 2200 604 quietiam

631 605 885 676 mirabilis
909 614 964 660 et
989 605 1177 676 magna
1207 623 1305 661 vox
1331 605 1597 675 fsuppetat
1626 609 2040 676 prommiorum?
2068 606 2203 662 Sunt

628 675 825 743 quippe
847 690 1008 743 opera
1041 675 1206 744 prima
1237 677 1351 732 istis
1376 675 1711 732 sermonibus
1750 679 2042 745 superiora.
2070 677 2204 730 Nam

626 760 747 799 cum
775 745 945 799 adhuc
991 747 1221 814 Baptista
1251 749 1301 800 in
1328 756 1482 802 utero
1507 750 1690 802 matris
1713 747 1994 812 habitaret,
2031 749 2205 801 adhuc

629 824 832 868 natura:
881 817 1100 871 vinculis
1126 817 1463 885 implicatus,
1508 818 1681 872 adhuc
1723 819 1975 872 maternis
2028 817 2205 871 fasciis

627 885 1237 957 obvolutttstraiconio
1259 889 1486 957 quodam
1535 889 1736 940 Domini
1767 888 2047 942 adventum
2077 903 2203 956 pro-

628 955 821 1026 i-lamat
845 972 876 1026 ᾗ
894 952 1126 1026 Factum
1153 968 1246 1020 est,
1275 952 1476 1026 inquit,
1507 967 1558 1009 ut
1582 957 1770 1010 audivit
1803 957 1985 1010 Maria:
2006 952 2208 1011 sal-uta;

629 1025 810 1098 tionem
836 1023 1078 1098 Elisabet,
1110 1023 1374 1081 exsultavit
1403 1031 1570 1097 infans
1597 1030 1648 1078 in
1676 1040 1818 1079 utero
1844 1029 1951 1096 eius
1975 1026 2122 1098 (Luc.
2148 1029 2201 1081 ί.

627 1095 738 1167 ll).
761 1093 1008 1167 Nondum
1040 1098 1294 1167 nascitur,
1318 1108 1369 1151 et
1399 1093 1839 1152 exsultatiouibus
1866 1093 2207 1167 gestibnsque

631 1166 896 1236 loquitur;
929 1166 1161 1220 nondum
1199 1169 1428 1220 clamare
1457 1169 1795 1232 immittitur,
1826 1179 1877 1222 et
1923 1184 1988 1222 ex
2026 1166 2204 1236 operi-

633 1233 732 1285 bus
759 1233 970 1306 auditur
999 1251 1014 1288 :
1069 1237 1303 1290 nondum
1333 1239 1508 1290 vivere
1543 1239 1728 1303 discit,
1759 1248 1813 1292 et
1860 1238 2024 1292 Deum
2065 1233 2208 1306 pric-

629 1304 858 1363 nuntiat.
889 1303 1022 1358 Yere
1051 1307 1136 1358 alii
1170 1307 1584 1371 laboraverunt,
1629 1319 1682 1363 et
1744 1323 1840 1362 nos
1895 1309 1947 1362 iu
1997 1303 2207 1362 labores

627 1387 812 1426 t'Ot‘llm
857 1374 1192 1447 introivimus
1222 1376 1396 1442 (Joan.
1421 1380 1472 1430 4.
1504 1378 1594 1447 58)
1629 1397 1640 1431 :
1667 1380 1957 1434 clamanzes
1979 1379 2209 1446 prophe-

631 1452 697 1517 ta;
732 1444 1090 1517 prtcdicebant
1110 1488 1124 1508 ,
1155 1462 1324 1513 neque
1348 1444 1776 1502 conticescebant
1804 1444 2037 1517 μετουέεί
2057 1444 2089 1511 ;“
2115 1465 2208 1516 pa-

634 1512 980 1589 triarcharum
1011 1531 1208 1589 cuneus
1241 1512 1296 1570 in
1327 1517 1562 1589 periculo
1608 1512 1922 1572 versabatur
1955 1535 1967 1572 :
1997 1512 2206 1589 tyranni

630 1585 782 1648 quasi
845 1586 959 1638 acie
1009 1585 1263 1639 instructa
1308 1585 1758 1653 adversabantur;
1817 1585 2035 1643 bellum'
2074 1589 2208 1642 infe-

631 1653 818 1724 rebant
859 1669 1045 1722 reges;
1093 1657 1320 1724 populus
1370 1657 1444 1710 ira
1499 1659 1925 1722 accendebatur;
1979 1659 2207 1712 mundus

635 1722 912 1776 universus
933 1722 1195 1846 iustorum
1225 1741 1284 1781 se
1305 1729 1685 1782 certaminibus
1711 1729 2071 1782 adversarium
2114 1745 2209 1797 op-

635 1793 893 1846 tionebat:
953 1797 1059 1846 tinc
1089 1797 1441 1846 tribunalibus
1470 1797 1815 1846 sistebantur-
1847 1799 1991 1846 illinc
2029 1800 2209 1846 ﬂagel-

634 1793 893 1869 pnnebat;
937 1793 1059 1869 hinc
1089 1797 1441 1869 tribunalibus
1470 1797 1815 1865 sistebantur,
1847 1799 1991 1853 illinc
2029 1793 2210 1869 ﬂagel-

629 1863 694 1938 lis
735 1862 1192 1938 dilacerabantnr;
1243 1867 1474 1936 undique
1545 1862 1809 1938 supplicia
1859 1879 2016 1938 atque
2081 1862 2206 1923 c'ru-

628 1935 818 1985 c-iatu‘s.
848 1932 999 1986 Venit
1032 1935 1084 1988 in
1127 1945 1268 1988 tanta
1297 1932 1418 1991 vita:
1465 1932 1673 1991 miseria
1705 1932 2007 1994 constitutis
2047 1942 2206 1994 finem

633 2002 845 2082 liyemis
885 2002 1117 2082 Joannes
1173 2006 1397 2082 feliciter
1447 2011 1734 2082 nuntians,
1779 2011 1954 2082 adhuc
2006 2020 2208 2064 natura:

631 2073 972 2128 incunabulis
998 2076 1224 2142 vinctus,
1246 2078 1474 2133 salutare
1500 2095 1594 2132 ver
1623 2073 1774 2133 nobis
1801 2080 2205 2146 demonstravit,

629 2153 677 2200 cl
697 2157 986 2223 protelans
1011 2161 1140 2223 voce
1172 2147 1650 2223 praedicarequem
1680 2152 1790 2204 suis
1816 2152 2035 2219 pedibus
2065 2150 2208 2204 indi-

629 2214 786 2289 cavit,
813 2214 1044 2289 violabat
1074 2216 1214 2285 ipsas
1245 2227 1446 2289 natura:
1465 2214 1628 2289 leges,
1656 2235 1717 2273 ac
1740 2214 2082 2289 perrumpere
2104 2229 2210 2274 ter-

630 2283 805 2357 minos
843 2283 1137 2357 conabattir
1161 2302 1177 2340 :
1209 2288 1358 2341 tarde
1381 2283 1541 2342 enim'
1568 2283 1858 2357 parientem
1885 2283 2206 2345 Elisabetam

632 2353 896 2430 pulsabat,
937 2356 1260 2430 exsultabat,
1298 2353 1783 2428 simulqudsaltans
1832 2370 1884 2414 et
1930 2361 2209 2430 indignans

632 2423 770 2499 quod
805 2424 972 2499 vulvae
1001 2427 1347 2499 compedibus
1379 2423 1678 2492 teneretur;
1723 2432 1981 2486 adversus
2029 2423 2210 2499 perio-

633 2493 757 2545 dum
789 2493 1048 2570 mensium
1071 2493 1332 2570 clamabat
1356 2517 1369 2552 :
1400 2507 1662 2570 tamquam
1691 2501 1923 2570 iniquum
1941 2493 2208 2555 carcerem

633 2563 970 2618 concutiebat
996 2568 1268 2621 matricem
1293 2609 1305 2627 ,
1349 2579 1402 2623 et
1435 2563 1910 2624 subsultttioo'ibus
1947 2573 2056 2628 suis
2088 2573 2210 2625 talia

631 2633 873 2711 quitedam
935 2637 1535 2711 proloqueusAElisabet
1592 2641 1946 2710 compellabat
1996 2661 2009 2696 :
2056 2640 2210 2696 Facis

637 2708 903 2778 injuriam,
925 2720 969 2778 _o
999 2708 1149 2778 tarde
1178 2709 1386 2775 pariens
1411 2719 1601 2772 mater,
1632 2708 1751 2778 quas
1776 2711 1921 2764 orbis
1948 2718 2207 2764 terrarum

631 2773 880 2850 gaudium
907 2773 1133 2840 detines,
1162 2773 1217 2850 et
1244 2781 1390 2834 exire
1428 2789 1577 2832 vetas
1615 2773 2000 2850 praecursorem
2035 2797 2049 2832 :
2083 2795 2208 2848 pro-

636 2843 846 2918 phetam
875 2853 1025 2918 utero
1069 2848 1379 2902 coaclusum
1422 2843 1635 2917 gestas';
1675 2851 1877 2918 regium
1925 2843 2208 2905 satellitem

634 2913 882 2992 cohibes;
917 2916 1151 2970 velocem
1179 2919 1402 2992 impedis
1425 2913 1704 2988 religionis
1726 2913 2020 2976 curSorem.
2057 2921 2211 2977 Facis

633 2991 920 3064 numiam,_
950 2999 984 3038 ο
1029 2996 1232 3064 mater;
1264 2991 1439 3064 futura
1480 3005 1585 3043 non
1625 2993 1800 3064 nosti,
1827 3000 2210 3064 qureveutura

633 3055 970 3132 suntiiescis.
1024 3055 1141 3132 lfnx
1189 3073 1313 3114 ecce
1359 3059 1550 3132 adest,
1583 3061 1727 3115 solve
1769 3055 2211 3132 dil'uculumtsol

635 3124 907 3198 exoritur;
933 3124 1121 3198 lucifer
1145 3143 1271 3197 ergo
1299 3131 1582 3198 pra-luceat
1617 3151 1630 3185 :
1665 3132 1825 3186 instat
1854 3131 2056 3186 foribus
2078 3131 2212 3186 Ver-

636 3193 795 3258 bum,
850 3204 903 3246 et
936 3196 1044 3261 jam
1085 3193 1229 3271 ορυέ
1267 3193 1372 3271 est
1398 3215 1526 3252 voce
1559 3216 1763 3269 :ptope
1799 3210 1883 3256 est
1935 3215 2206 3271 sponsus:

634 3277 843 3343 :equum
874 3274 956 3318 est
980 3281 1107 3334 ergo
1130 3267 1239 3337 jam
1271 3269 1558 3343 thalamum
1595 3267 1646 3324 in
1674 3267 1906 3343 lordane
1933 3267 2161 3326 reserari
2193 3291 2205 3326 :

633 3339 889 3408 sanguine
910 3351 1042 3402 opus
1068 3348 1178 3401 est,
1216 3355 1321 3408 quo
1355 3339 1583 3395 mundus
1611 3341 1902 3396 redimatur
1925 3384 1938 3408 ,
1971 3352 2024 3396 et
2068 3359 2155 3397 me
2178 3359 2206 3396 a

635 3401 792 3485 longe
831 3401 1041 3485 oportet
1086 3401 1277 3477 agnum
1314 3411 1484 3485 digito»
1517 3422 1835 3485 monstrare.
1875 3401 2208 3485 ltnplicatum

634 3483 716 3524 est
739 3473 1036 3554 “hominum
1089 3473 1255 3554 genus
1286 3473 1484 3548 peccati
1529 3483 1706 3554 fasciis
1744 3493 1798 3536 et
1835 3473 2206 3552 compedibus,

635 3546 779 3596 venit
820 3546 908 3623 qui
950 3546 1576 3623 compeditos__eXsolvat.
1612 3552 1913 3616 Accensorc
1958 3546 2090 3623 opus
2129 3546 2212 3610 est

635 3626 697 3665 ac
721 3617 924 3678 nuntio,
953 3626 1009 3668 ιιι
1031 3634 1218 3692 omnes
1245 3621 1500 3692 admoniti
1543 3623 1752 3692 obviam
1798 3617 2023 3679 Domino
2052 3625 2210 3692 prod-

633 3692 789 3747 eant;
813 3694 1021 3763 etecce
1054 3689 1103 3739 in
1138 3699 1286 3743 utero
1321 3691 1526 3746 detines
1581 3691 1991 3748 Prmcursorem.
2020 3689 2212 3749 Veniat

633 3768 762 3836 ergo
793 3756 886 3836 tibi
909 3758 964 3836 in.
990 3767 1243 3836 mentem,
1271 3777 1302 3811 o
1334 3763 1812 3836 mater,Adanium
1845 3765 1983 3833 apud
2013 3765 2211 3820 inferos

633 3823 881 3903 detineri,
930 3827 1090 3880 lavant
1124 3830 1568 3903 tot_jatnsa}culis
1610 3823 1957 3902 ingemiscere
1990 3852 2004 3888 :
2035 3836 2212 3890 adhuc

633 3896 775 3945 enim
808 3896 999 3974 clamat
1041 3896 1255 3974 sanguis
1299 3901 1429 3955 Abel
1475 3911 1530 3956 et
1573 3896 1828 3974 adversus
1861 3903 1992 3960 Cain
2025 3907 2210 3960 eadem

633 3967 869 4041 imponit,
899 3967 1053 4034 eique
1082 3970 1189 4035 ipsi:
1214 3982 1532 4041 congcmunt
1559 3972 1841 4029 elementa.
1877 3975 2077 4029 Idcirco
2097 3991 2212 4029 om-

636 4035 760 4110 nino
783 4035 1068 4110 liberorum
1097 4035 1392 4110 sterilitatis
1420 4043 1629 4094 miseria
1663 4043 1885 4098 liberata
1916 4059 1995 4108 es,
2025 4053 2085 4099 ut
2106 4055 2214 4100 ste-

635 4103 746 4155 rilis
777 4103 918 4158 ﬁlius
942 4108 1157 4176 virginis
1204 4110 1366 4162 litium
1397 4110 1692 4166 indicaret:
1724 4113 1922 4169 idcirco
1973 4103 2026 4170 in
2061 4124 2214 4170 utero

670 4225 730 4234 ...
911 4229 1090 4236 ..-ώ-
1099 4231 2026 4243 _....________________
2257 4235 2575 4245 _.._____
2592 4237 2722 4245 ...ρ

641 4222 3904 4284 .é—EW

1815 4275 2584 4497 Moti—ﬁt}

2257 4235 2575 4245 —_——

2144 4273 2396 4284 _———'-

3793 289 3902 343 793

2309 414 2408 467 ego
2433 395 2714 460 exsultavi,
2746 403 2802 467 u_t
2827 409 2896 467 ne
2919 393 3148 462 amplius
3191 395 3242 448 in
3275 396 3471 449 mundo
3502 396 3746 451 diabolus
3770 400 3899 453 eho-

2309 465 2431 522 reas
2457 467 2702 535 agitaret.
2754 465 2904 520 Talia
2950 467 3128 534 itaque
3185 469 3418 519 nondum
3461 478 3618 521 natus
3664 469 3900 526 Joannes

2310 537 2595 592 Elisabeta:
2644 536 2755 590 suis
2807 535 3254 590 exsultationibus
3309 537 3560 591 innuebat
3602 554 3616 589 :
3671 538 3902 595 Elisabet

2309 617 2477 661 autem
2505 606 2766 676 impletum
2790 616 2862 659 est
2889 615 3084 676 tempus
3109 607 3362 674 pariendi,
3395 618 3440 660 et
3470 609 3662 676 peperit
3693 609 3885 672 ﬁlium,

2311 687 2358 749 e_t
2396 677 2665 749 audierunt
2706 676 2938 749 viciniet
2977 677 3182 747 cognati
3217 679 3345 746 ejus,
3390 677 3511 749 quia
3553 679 3901 749 magnificam

2309 747 2564 802 Dominus
2589 747 2980 800 misericordiam
3020 763 3166 799 suam
3193 763 3307 799 cum
3336 748 3448 810 illa,
3481 756 3528 800 et
3571 747 3901 818 congratula-

2311 819 2491 871 bantur
2514 821 2577 871 ei.
2610 817 2674 871 Et
2690 821 2880 888 factum
2900 827 2989 878 est,
3023 818 3075 869 in
3103 829 3276 868 octavo
3304 818 3384 888 die
3407 829 3642 871 venerunt
3673 817 3902 888 biremi»-

2309 889 2477 942 cidere
2504 886 2713 957 puerum
2727 895 2774 941 et
2799 889 3038 940 vocabant
3066 903 3178 940 eum
3195 887 3396 941 nomine
3409 888 3568 957 patris
3595 890 3675 942 sui
3689 886 3899 957 zacha-

2310 960 2440 1011 riam
2471 956 2560 1012 :et
2580 956 2887 1024 respondens
2909 968 3066 1011 mater
3089 959 3197 1025 ejus
3224 957 3355 1010 dixit
3385 972 3405 1010 .'
3440 956 3708 1010 Vocabitur
3731 956 3900 1011 Joan-

2312 1045 2421 1083 nes.
2450 1027 2738 1081 lnnuebant
2759 1037 2926 1080 autent
2952 1027 3085 1097 patri
3109 1027 3237 1095 ejus,
3256 1027 3379 1094 quid
3407 1027 3550 1080 uellet
3571 1028 3742 1097 gocuri
3760 1044 3898 1088 eum.

2311 1109 2358 1152 et
2379 1097 2638 1168 postulans
2663 1095 2962 1168 pugillarem
2981 1137 2996 1160 ,
3037 1099 3273 1164 scripsit,
3306 1098 3475 1168 dicens
3500 1137 3514 1158 ,
3563 1095 3792 1150 Joannes
3822 1108 3900 1150 est

2312 1165 2491 1221 nomen
2519 1165 2749 1238 ejus._Et
2771 1169 2937 1220 mirati
2953 1177 3071 1220 sunt
3094 1169 3330 1220 universi.
3359 1165 3601 1238 Apertum
3616 1176 3698 1238 est
3727 1178 3904 1238 autem

2312 1255 2368 1292 os
2389 1240 2498 1307 ejus
2527 1235 2685 1303 illico,
2735 1247 2783 1290 et
2813 1239 2986 1306 lingua
3021 1239 3147 1307 ejus,
3192 1247 3238 1290 et
3281 1236 3574 1305 loquebatur
3604 1235 3904 1307 benedicens

2314 1305 2476 1362 Deum
2515 1312 2532 1379 (
2564 1308 2687 1361 Luc.
2734 1305 3078 1379 1.577-65).
3118 1306 3298 1379 Itaque
3332 1307 3534 1379 paritur
3591 1305 3792 1379 infans,
3848 1319 3904 1379 et

2312 1380 2472 1433 simul
2511 1375 2610 1432 vox
2653 1378 2818 1444 patris
2861 1375 3144 1431 revertitur
3181 1394 3193 1427 :
3227 1377 3304 1429 sic
3335 1375 3487 1430 enim
3537 1390 3639 1430 vox
3675 1375 3907 1430 Joannis

2312 1450 2549 1503 clamans
2576 1447 2872 1508 indicatur;
2905 1446 3334 1516 quandoquidem
3358 1447 3532 1514 ipsum
3567 1461 3764 1501 nomen
3782 1449 3901 1499 elli-

2311 1521 2509 1574 cacitas
2539 1519 2684 1572 vocis
2712 1519 2992 1586 expressit.
3014 1516 3124 1587 Ego
3137 1517 3300 1582 enim,
3329 1517 3520 1586 inquit,
3542 1533 3642 1571 vox
3660 1516 3903 1571 claman-

2315 1591 2376 1642 tis
2405 1591 2455 1641 in
2477 1589 2671 1641 deserto
2700 1605 2718 1642 :
2742 1587 2929 1640 Parate
2947 1586 3072 1641 viain
3099 1586 3322 1650 Domini,
3343 1599 3504 1640 rectas
3525 1592 3676 1657 [ante
3697 1588 3908 1640 semitas

2313 1663 2422 1728 ejus
2447 1657 2711 1731 (Joan._l.
2741 1657 2853 1729 23).
2878 1657 3008 1711 Nam
3035 1673 3155 1712 cum
3173 1673 3220 1731 Aa
3242 1657 3907 1731 Spiritti_sanctojlliistn-

2314 1727 2400 1784 tus
2427 1727 2590 1794 esset,
2618 1727 2926 1784 Creatorem
2951 1729 3212 1782 creaturis
3260 1727 3545 1794 iudicabat,
3561 1734 3614 1779 et
3637 1727 3908 1781 Condito-

2314 1817 2427 1854 rem
2455 1799 2703 1854 omnibus
2732 1798 2896 1867 digito
2920 1798 3127 1852 intento
3155 1797 3508 1863 monstrabat,
3541 1813 3736 1866 magna
3769 1812 3906 1851 vom

2315 1871 2670 1939 proclamans,
2699 1867 2829 1939 Et‘_ce
2847 1885 3008 1938 agnus
3038 1867 3152 1932 Dei,
3176 1869 3262 1935 qui
3289 1868 3422 1921 tollit
3438 1877 3697 1938 peccatum
3730 1869 3908 1920 ntundi

2314 1937 2476 2009 (Ibid.
2511 1957 2558 1994 υ.
2586 1940 2702 2007 ‘29).
2745 1937 2922 1992 Facile
2948 1954 3066 2009 ergo
3087 1943 3286 2009 fructus
3325 1939 3507 2009 dignos
3551 1940 3861 2008 pauitantia
3890 1952 3910 1990 :

2313 2006 2439 2063 etne
2463 2006 2709 2077 carperitis
2731 2010 2896 2062 dicere
2920 2006 3054 2062 intra
3076 2006 3161 2062 vos
3179 2051 3192 2070 ,
3225 2006 3433 2061 Patrem
3465 2006 3705 2062 habemus
3741 2009 3880 2060 Abra
3899 2037 3912 2045 -

2314 2082 2450 2134 liam.
2483 2080 2614 2133 Dico
2636 2081 2769 2134 enim
2799 2080 2954 2141 vobis,
2973 2080 3094 2149 quia
3117 2088 3290 2149 potens
3313 2088 3385 2132 est
3408 2077 3547 2132 Deus
3567 2079 3630 2131 de
3649 2077 3914 2149 lapidibus

2313 2152 2420 2204 istis
2447 2153 2686 2220 suscitare
2713 2150 2848 2217 ﬁlios
2880 2148 3099 2214 Abra/uz
3128 2150 3146 2219 (
3181 2148 3369 2220 Matth.
3398 2149 3452 2202 5.
3480 2149 3598 2220 8η9
3704 2148 3905 2220 Verum

2313 2220 2437 2289 quid
2463 2232 2641 2275 nostra
2668 2219 2782 2274 haec
2803 2221 2974 2274 oratio
3001 2235 3134 2273 cum
3155 2220 3271 2288 ipso
3293 2219 3506 2272 infantis
3534 2219 3762 2273 ferventi
3791 2219 3916 2272 zelo

2319 2292 2529 2359 longius
2556 2291 2739 2359 etipsa
2771 2289 3122 2359 provehitur?
3163 2289 3590 2358 Compescamus
3636 2305 3778 2342 nunc
3803 2331 3818 2346 .
3866 2289 3913 2342 si

2313 2361 2538 2424 videtur,
2571 2361 2783 2415 interim
2813 2361 3043 2430 linguam
3069 2367 3328 2430 nostram,
3345 2375 3464 2429 quae
3489 2359 3621 2413 satis
3645 2372 3920 2426 superque

2313 2447 2433 2485 cum
2467 2431 2727 2484 infantulo
2751 2430 3058 2488 exsultavit.
3092 2429 3384 2484 Laudabile
3412 2430 3610 2499 quippe
3638 2437 3727 2483 est
3751 2441 3916 2481 enar-

2315 2501 2573 2555 rationem
2620 2516 2741 2555 cum
2779 2513 3020 2570 tempore
3062 2501 3394 2562 commetiri,
3432 2509 3488 2555 et
3533 2500 3596 2552 iis
3625 2514 3744 2569 qua:
3771 2499 3917 2551 dicta

2315 2581 2460 2636 sunt,
2501 2586 2561 2625 se
2610 2583 2879 2641 tamquam
2909 2571 3116 2627 deliciis
3159 2571 3913 2641 oblectare,consequentem

2315 2652 2493 2696 autem
2520 2640 3026 2710 contemplationem
3057 2650 3397 2709 exspectare.
3428 2640 3560 2695 Nam
3611 2655 3789 2707 neque
3816 2655 3916 2692 na-

2318 2721 2448 2765 tura:
2474 2712 2618 2781 leges
2654 2711 3097 2766 exsultationibus
3125 2711 3361 2780 Baptista
3391 2716 3762 2780 transgressus
3809 2719 3914 2768 est,

2315 2781 2408 2836 sed
2441 2781 2553 2849 ipse
2594 2797 2807 2851 quoque
2843 2783 3171 2836 conveniens
3217 2793 3426 2851 tempus
3472 2782 3828 2849 exspectavit.
3860 2788 3918 2834 ut

2314 2853 2401 2923 qui
2432 2852 2596 2921 probe
2619 2861 2800 2923 nosset
2827 2851 2941 2906 fore
2965 2860 3028 2923 ut
3057 2862 3279 2923 propter
3316 2867 3412 2923 tios
3453 2860 3573 2919 post
3606 2852 3782 2918 ipsum
3815 2851 3919 2923 hoc

2317 2921 2572 2991 Dominus
2598 2921 2913 2990 adimpleret
2931 2921 3173 2976 clamans
3202 2940 3215 2975 :
3248 2922 3539 2991 chlebitur
3566 2931 3703 2973 terra
3740 2922 3918 2991 cogni-

2317 2993 2451 3063 tione
2489 2990 2874 3063 Domini,sicut
2903 3009 3036 3063 aqua
3064 2993 3223 3045 multa
3373 2992 3705 3063 aperiendum
3751 2990 3918 3042 maria

2317 3061 2338 3134 (
2370 3061 2563 3134 Habac.
2596 3061 2652 3114 2.
2677 3062 2743 3116 14
2777 3067 2793 3128 )
2820 3080 2832 3115 z
2862 3061 3039 3126 et,‘Ab
3077 3074 3192 3115 ortu
3223 3062 3344 3115 solis
3377 3078 3537 3131 usque
3560 3062 3629 3134 ad
3677 3077 3917 3134 acquum

2317 3129 2652 3199 clari/iratum
2680 3142 2752 3185 est
2781 3149 2961 3186 nomen
2993 3149 3159 3185 meum
3189 3147 3208 3186 :
3229 3142 3275 3185 et
3300 3134 3352 3185 in
3397 3129 3535 3184 omni
3562 3132 3674 3184 loco
3703 3129 3922 3195 offertur

2317 3204 2509 3256 nomini
2553 3219 2663 3255 meo
2707 3203 3013 3269 sacri/icium
3058 3203 3306 3255 mundum
3354 3201 3524 3272 (Hal.
3557 3202 3608 3255 1.
3643 3202 3770 3272 Η).
3797 3199 3918 3255 Nan

2317 3275 2459 3328 enim
2486 3273 2618 3341 jam,
2644 3282 2698 3325 ιιι
2727 3272 2858 3340 legis
2881 3281 3142 3342 tempore,
3177 3288 3341 3326 unum
3363 3271 3445 3326 est
3472 3271 3912 3342 templum,un

2317 3344 2576 3415 sacrificia
2598 3343 2848 3413 exiripiat,
2881 3343 3264 3415 quodqueillis
3285 3343 3460 3415 solum
3491 3343 3789 3415 glorietur;
3825 3341 3917 3397 sed

2317 3415 2371 3468 in
2399 3413 2654 3469 universo
2685 3412 2948 3468 terrarum
2976 3417 3107 3468 orbe
3132 3413 3222 3466 Dei
3255 3412 3481 3482 gloriam
3502 3412 3772 3469 Ecclesia:
3801 3415 3918 3466 sitt-

2315 3499 2440 3539 cera
2474 3486 2668 3554 pietate
2696 3485 3020 3538 collaudant.
3053 3483 3126 3537 lbi
3157 3481 3397 3552 poalifex
3427 3493 3542 3537 erat
3573 3497 3710 3535 unus
3738 3484 3792 3535 in
3823 3497 3917 3536 an.

2317 3570 2416 3608 nus
2453 3555 2710 3624 singulos.
2747 3555 2896 3625 isque
2925 3555 3186 3625 mortalis,
3227 3563 3281 3608 et
3309 3555 3456 3607 omni
3495 3561 3715 3621 peccato
3735 3555 3918 3621 reple-

2318 3634 2404 3678 tus
2438 3642 2452 3678 :
2477 3623 2580 3694 iam
2606 3623 2908 3678 nostrarum
2942 3623 3249 3692 pontiﬁcem
3279 3625 3582 3677 animarum
3607 3625 3915 3692 accepimus

2316 3695 2499 3751 Jesum
2520 3693 2810 3757 Christum,
2843 3694 2946 3760 Qui
2973 3706 3234 3766 peccatum
3259 3711 3361 3766 non
3386 3694 3549 3766 fecit,
3569 3709 3658 3746 nec
3687 3695 3918 3766 itinerum

2318 3776 2391 3819 est
2414 3766 2562 3819 dolus
2586 3767 2637 3818 in
2655 3780 2739 3818 ore
2759 3769 2869 3834 ejus
2895 3766 2912 3834 (
2938 3762 2986 3818 l.
3023 3765 3161 3821 Petr.
3186 3765 3243 3819 Ξ.
3268 3763 3342 3817 ξε
3359 3762 3399 3834 );
3445 3762 3704 3818 Habernus
3746 3763 3914 3834 enim,

2319 3836 2510 3905 inquit,
2534 3831 2820 3907 pontiﬁcem
2848 3831 3109 3906 magnum,
3133 3831 3707 3907 quipenetrauitealos,
3735 3831 3916 3907 Domi-

2319 3903 2439 3960 nuin
2466 3903 2690 3977 nostrum
2705 3903 2882 3977 esum
2902 3903 3157 3977 Christum
3173 3903 3360 3977 (Hebr.
3385 3906 3439 3959 4.
3467 3905 3748 3977 Ιέ),αυειη
3764 3904 3917 3958 decet

2319 3978 2494 4031 omnis
2515 3976 2706 4046 gloria,
2733 3976 2929 4039 honor,
2956 3986 3011 4030 et
3047 3974 3310 4039 adoratio,
3333 3990 3454 4030 cum
3493 3974 3654 4046 Patre
3699 3983 3757 4028 et
3790 3989 3918 4046 san-

2319 4044 2559 4101 ctissimo
2586 4047 2808 4115 Spiritu,
2830 4062 2972 4101 nunc
2995 4055 3048 4102 et
3074 4060 3310 4116 semper,
3327 4056 3383 4102 et
3411 4046 3467 4100 in
3482 4044 3676 4100 secula
3693 4044 3917 4099 saeculo-

2322 4133 2462 4171 rum.
2487 4121 2680 4172 Amen.

2400 4275 2576 4284 —-.—_.

2592 4237 2751 4491 ﬁ

1356 4569 1435 4630 IN
1474 4569 1884 4633 HOMILIAM
1926 4573 2031 4633 DE
2073 4571 2624 4638 CONCEPTIONE
2668 4578 2748 4638 B.
2794 4575 3172 4638 VIRGINIS.

708 4711 858 4786 Adeo
879 4715 1164 4786 conspicua
1196 4717 1471 4786 spnritatis
1509 4718 1657 4786 signa
1711 4733 1817 4786 prae
1861 4732 1917 4771 se
1963 4716 2066 4772 fert
2107 4719 2220 4774 [nec

631 4781 872 4841 hmnilia,
908 4790 984 4856 _u_t
1023 4785 1142 4856 jure
1193 4781 1334 4838 inter
1374 4781 1682 4855 peregrinas
1712 4781 2024 4856 ablegatam
2056 4789 2220 4844 fuisse

631 4867 809 4915 ncino,
832 4853 919 4929 qui
945 4853 1151 4929 legerit,
1177 4870 1286 4929 non
1313 4853 1559 4929 fateatur.
1590 4857 1646 4912 ln
1675 4853 2066 4929 Manuscriptis,
2088 4875 2220 4927 quo-

633 4937 749 4996 rum
782 4921 933 4988 copia
963 4923 1135 4996 adest,
1176 4926 1381 4996 infinita
1409 4926 1675 4981 adduntur
1697 4967 1711 4990 .
1740 4921 1963 4996 puerilia
1989 4921 2061 4983 et
2082 4921 2215 4983 ridi-

631 4991 748 5045 rula
784 5009 798 5044 :
831 5006 966 5045 unus
989 4994 1151 5048 etiam
1181 4995 1342 5064 duplo
1389 4999 1682 5052 auctiorem
1727 4991 2002 5054 liomiliam
2049 5000 2212 5054 habet

2324 4726 2477 4793 nugis
2527 4725 2796 4780 refertam.
2840 4725 2986 4778 lllam
3040 4738 3167 4778 vero
3215 4721 3501 4793 lectionum
3557 4717 3911 4793 varietatem.

2324 4787 2556 4866 itemque
2581 4796 2943 4850 additamenta
2966 4794 3061 4866 illa
3083 4795 3229 4846 varia
3253 4792 3357 4847 huc
3373 4791 3597 4857 referre,
3617 4787 3750 4843 nihil
3771 4795 3910 4842 esset

2322 4864 2652 4942 aliud'quam
2681 4868 2925 4942 chartam
2957 4864 3184 4942 foedare.
3357 4933 3368 4942 ,
3424 4931 3459 4942 _
3588 4930 3601 4942 .

2395 4931 2764 5006 Interpretatio
2791 4936 2977 4990 Latina
2999 4944 3081 4989 est
3115 4933 3400 4989 Frontonis
3422 4931 3625 4988 Durati.

648 5123 2510 5147 ._._._.____.__________________

1706 5224 1814 5296 ΙΝ
1865 5224 2832 5301 ANNUNTIATIONEM

1545 5393 2036 5444 GLORIOSISSIIB
2061 5398 2326 5444 DOMINB
2369 5397 2626 5441 NOSTRB
2667 5393 2985 5440 ΩΕΙΡΔΙΒ.

1974 5523 2584 5605 mem

663 5734 671 5740 _
711 5663 910 5718 ltursus
938 5665 1136 5719 hetitize
1157 5663 1280 5740 felix
1303 5667 1539 5731 nuntius,
1573 5683 1758 5740 rursus
1781 5666 1974 5721 indicia
1997 5666 2213 5740 liberta-

639 5737 726 5799 tis,
751 5750 934 5790 rursus
977 5737 1268 5804 revocatio,
1316 5752 1500 5794 rursus
1542 5738 1762 5803 reditus,
1802 5753 1986 5795 rursus
2017 5737 2214 5795 lietitia:

2319 5666 2670 5729 denuntiatio,
2694 5677 2878 5718 rursus
2898 5677 2927 5717 a
2973 5661 3229 5719 servitute
3264 5661 3509 5716 liberatio
3541 5679 3554 5715 :
3588 5659 3913 5732 colloquitur

2322 5753 2442 5794 cum
2470 5737 2682 5807 Virgine
2714 5733 2968 5805 angelus,
3001 5733 3433 5805 quandoquidem
3455 5741 3508 5789 et
3536 5747 3658 5788 cum
3688 5736 3915 5792 muliere
