4220 6306
327 389 432 448 793

326 520 635 561 sermonem
674 505 906 559 contulit
938 518 1184 571 serpens.
1219 503 1284 559 In
1314 519 1514 567 mense,
1545 504 1753 571 inquit,
1782 512 1925 558 sexto

327 576 512 629 missus
535 585 614 646 cst
635 575 848 646 ungelus
874 573 1136 646 Gabriel'a
1157 573 1264 628 Deo
1289 574 1358 627 ad
1378 573 1618 646 uirginem
1643 573 1926 646 desponsa-

326 657 432 698 tam
450 646 561 717 uiro
591 643 766 717 (an.
792 648 842 717 1.
868 646 941 717 Ξβ
964 645 1003 713 ).
1034 644 1232 717 Missus
1258 651 1342 698 est
1382 643 1597 717 Gabriel
1618 684 1641 717 ,μ
1675 645 1928 717 u_t_totins_

327 715 513 770 mundi
558 713 789 770 salutem
829 715 1122 780 iudicaret;
1165 714 1362 769 missus
1418 722 1502 767 est
1548 713 1785 778 Gabriel,
1834 715 1924 781 qui

325 785 544 843 Adamo
565 786 1020 847 subscriptionem
1052 784 1414 840 revocatiouis
1445 782 1686 847 ferebat;
1733 783 1929 837 missus

323 866 401 909 est
431 854 651 913 Gabriel
679 855 748 910 ad
771 851 1067 926 Virginem,
1094 865 1152 910 ut
1176 853 1454 926 muliebri_s
1475 869 1634 926 sexus
1655 851 1924 908 infamiam

325 928 377 979 in
396 929 658 980 honorem
679 922 1082 990 transniutarct;
1100 926 1294 981 missus
1307 932 1390 978 est
1404 922 1639 988 Gabriel,
1657 931 1712 977 ut
1727 936 1926 992 sponso

325 1011 462 1118 puro
488 995 712 1064 dignum
739 996 1033 1077 thalamum
1075 1003 1432 1064 praepararet,
1463 995 1658 1076 missus
1703 1003 1787 1049 est
1821 994 1928 1049 Gav

345 1067 483 1118 mel.
497 1075 556 1118 ut
570 1066 810 1118 Creatori
825 1075 1122 1118 creaturam
1135 1064 1504 1118 desnonsaret:
1520 1078 1715 1117 missus
1730 1073 1811 1118 est
1823 1064 1928 1117 Ga-

345 1065 483 1128 iriel,
497 1075 556 1119 ut
570 1066 810 1121 Creatori
825 1075 1122 1120 creaturam
1135 1064 1504 1132 desponsaret;
1520 1065 1715 1117 missus
1730 1073 1811 1118 est
1823 1064 1930 1117 Ga—

326 1135 464 1204 briel
482 1134 549 1189 ad
577 1136 872 1190 animatum
904 1135 1046 1204 regis
1073 1133 1387 1203 angelorum
1413 1134 1695 1204 palatium;
1713 1135 1927 1204 umissus

323 1216 407 1259 est
429 1203 646 1275 Gabriel
675 1205 742 1260 ad
763 1202 1055 1275 Virgine—tn,
1076 1202 1452 1273 deSponsatam
1476 1203 1688 1272 quidem
1700 1202 1922 1274 Ioseph,

324 1275 426 1330 sed
439 1273 535 1330 Déi
551 1275 689 1331 Filio
703 1273 1052 1338 reservatam;
1073 1276 1266 1329 missus
1281 1283 1363 1327 est
1380 1275 1725 1343 incorporeus
1740 1288 1927 1328 servus

324 1345 396 1399 ad
442 1347 818 1425 intemeratum
858 1345 1415 1425 Virginemami‘ssus
1468 1355 1552 1425 est
1602 1345 1856 1399 immunis
1893 1361 1926 1399 a

326 1424 553 1485 peccato
579 1416 647 1470 ad
673 1431 792 1471 eam
823 1431 942 1486 quae
962 1414 1328 1486 corruptionis
1354 1414 1529 1468 omnis
1559 1426 1882 1486 experserat
1908 1431 1922 1480 ;

327 1484 494 1541 missa
541 1497 624 1540 est
671 1484 890 1541 lucerna
941 1496 998 1540 ut
1057 1487 1223 1540 solem
1275 1485 1497 1554 justitia:
1551 1484 1925 1546 denuntiaret;

328 1557 493 1635 missa
521 1566 604 1610 est
641 1571 858 1638 aurora
884 1567 1157 1638 tamquam
1190 1569 1492 1638 piracursor
1530 1554 1662 1608 lucis
1684 1554 1924 1638 diurna};

327 1627 530 1680 missus
567 1635 650 1682 est
695 1625 916 1682 Gabriel
945 1625 1036 1694 qui
1076 1625 1401 1695 signiﬁcaret
1421 1640 1566 1688 eum,
1609 1625 1696 1694 qui
1741 1637 1823 1678 est
1873 1627 1924 1679 in

327 1697 452 1750 sinu
477 1697 671 1759 Patris,
697 1698 834 1749 ulnis
863 1712 1076 1766 quoque
1106 1695 1608 1766 maternisigestari;
1631 1695 1826 1766 missus
1847 1705 1928 1750 est

325 1766 550 1822 Gabriel
579 1769 666 1836 qui
699 1768 982 1829 indicaret,
1005 1781 1127 1820 eum
1154 1765 1316 1834 quiin
1341 1765 1534 1819 throno
1556 1766 1725 1836 sedet,
1761 1765 1924 1819 etiam

327 1837 388 1890 in‘
412 1835 666 1904 spelunca
713 1837 925 1904 jacere;
956 1838 1150 1890 missus
1178 1847 1260 1890 est
1297 1836 1481 1898 miles,
1527 1835 1614 1902 qui
1660 1844 1925 1889 secretum

327 1911 478 1975 regis
505 1909 845 1975 propalaret;
876 1915 1143 1961 secretum
1177 1904 1319 1974 quod
1363 1905 1467 1959 ﬁde
1511 1904 1779 1970 innotuit,
1820 1923 1924 1959 non

330 1978 650 2030 curiositate
682 1977 1097 2044 pervestigatum
1122 1987 1237 2039 est;
1267 1985 1533 2029 secretum
1561 1975 1922 2039 adorandum,

328 2063 442 2100 non
465 2057 668 2101 statera
682 2031 1029 2116 pendendum
1053 2064 1064 2109 ;
1089 2031 1356 2100 secretum
1386 2044 1815 2116 quodutheologia
1846 2031 1930 2099 re;

327 2117 561 2179 velatur.
587 2115 693 2170 non
723 2119 1102 2186 investigatur;
1126 2125 1391 2169 secretum
1411 2115 1551 2184 quod
1579 2116 1924 2186 conﬁtemur,

329 2202 440 2241 non
475 2188 751 2241 metimur.
805 2186 866 2239 In
893 2184 1062 2239 mense
1089 2184 1228 2240 sexto
1272 2186 1458 2238 missus
1496 2197 1568 2239 est
1610 2184 1818 2238 Gabriel
1861 2187 1929 2239 ad

327 2259 596 2328 uirginem.
644 2257 818 2328 Quem
862 2257 1076 2328 tandem
1113 2263 1320 2328 sextum
1368 2270 1607 2328 mensem
1655 2255 1929 2328 dicit?Ex

328 2326 440 2396 quo
463 2328 669 2382 scilicet
697 2326 909 2381 felicem
952 2326 1099 2379 illum
1147 2327 1404 2396 nuntium
1435 2326 1670 2396 [ilisabet
1699 2327 1924 2393 accepit,

329 2394 399 2450 ex
430 2413 539 2466 quo
591 2397 857 2452 Joannem
895 2396 1158 2466 concepit.
1209 2394 1359 2466 Unde
1396 2395 1447 2449 id
1492 2411 1654 2464 porro
1683 2399 1930 2450 constat?

333 2465 721 2537 Interpretetnr
735 2469 856 2537 ipse
869 2465 1240 2537 archangelns,
1255 2465 1343 2534 qui
1368 2466 1449 2519 his
1463 2465 1639 2520 verbis
1662 2465 1928 2535 Virginem

328 2535 700 2606 compellavit.
725 2536 875 2600 Ecce,
900 2536 1092 2606 inquit,
1124 2535 1348 2588 Elisabet
1374 2545 1589 2606 cognata
1617 2546 1722 2598 tua,
1755 2549 1801 2588 et
1819 2537 1932 2604 ipsa

327 2608 560 2676 concepit
578 2609 769 2676 ﬁlium,
799 2616 845 2661 et
871 2608 952 2660 hic
977 2609 1163 2659 mensis
1181 2614 1349 2660 sextus
1373 2616 1444 2659 est
1472 2607 1568 2668 illi,
1593 2622 1705 2676 qua:
1725 2618 1932 2659 vocatur

328 2675 517 2732 sterilis
537 2675 703 2745 (Ibid.
728 2695 777 2731 υ.
808 2677 922 2746 56).
952 2676 1129 2729 Mense
1158 2685 1316 2729 sexto.
1369 2676 1562 2730 Sextus
1605 2675 1809 2730 mensis
1847 2687 1930 2730 est

331 2748 708 2817 conceptionis
751 2747 1015 2801 Joannis:
1045 2747 1282 2813 oportuit
1321 2747 1462 2801 enim
1507 2757 1564 2800 ut
1604 2746 1932 2814 pramedcrct

332 2819 515 2886 miles,
545 2819 784 2886 oportuit
811 2827 870 2872 ut
908 2824 1270 2886 anteverteret
1299 2817 1555 2886 satelles,
1599 2818 1833 2884 Oportuit
1875 2829 1930 2870 ut

330 2883 868 2956 viam'prfaapararet
923 2885 1186 2940 Dominici
1245 2883 1508 2956 adventus
1563 2883 1926 2948 denuntiatur.

331 2954 689 3012 Mense—sexta
727 2959 911 3012 missus
950 2966 1025 3011 est
1075 2956 1284 3026 angelus
1317 2954 1537 3026 Galm'el
1580 2957 1648 3008 ’ad
1689 2957 1931 3026 virginem

330 3029 696 3097 desponsatam
709 3031 830 3099 .piro
860 3028 1020 3098 (Ibid.
1049 3043 1096 3080 υ.
1120 3024 1213 3099 26.
1242 3024 1373 3099 27);
1404 3024 1802 3095 deSponsatam,
1826 3042 1930 3081 non

329 3095 637 3166 copulatam
657 3116 671 3161 ;
700 3095 1077 3166 desponsatam
1087 3095 1325 3166 quidem,
1341 3111 1522 3149 verum
1539 3111 1753 3151 conseri
1765 3108 1927 3152 alam.

329 3150 991 3236 Curr—veroVGdcspo—tisatam
1012 3166 1036 3219 ?
1056 3150 1134 3220 Né
1160 3163 1301 3219 forte
1314 3150 1485 3222 'citius
1519 3150 1755 3220 disceret
1771 3150 1932 3221 latro

333 3239 673 3308 mysterium.
715 3235 959 3292 Noverat
994 3236 1193 3310 quippe
1221 3235 1393 3310 malus
1423 3237 1512 3291 ille
1541 3252 1636 3306 per
1673 3237 1928 3307 virginem

333 3307 619 3378 venturum
648 3322 830 3378 regem
862 3329 875 3364 :
906 3323 1029 3372 nam
1055 3307 1270 3378 etipse
1293 3307 1452 3378 Isaiae,
1465 3323 1626 3378 voces
1648 3311 1889 3362 audierat
1915 3326 1928 3361 :

333 3372 471 3432 Ecce
489 3380 630 3449 uirgo
648 3372 918 3448 concipiet,
946 3387 998 3432 et
1022 3372 1185 3449 periei
1212 3376 1376 3449 ﬁlium
1409 3377 1427 3447 (
1454 3376 1582 3449 lsai.
1613 3379 1666 3430 7.
1700 3380 1766 3432 14
1791 3380 1846 3447 );
1877 3388 1931 3433 et

331 3449 543 3518 singula
566 3446 806 3503 'fortasse
829 3446 1172 3512 observabat,
1196 3462 1315 3518 qua:
1341 3446 1643 3516 de'virgine
1678 3446 1930 3516 prtudicta

331 3517 514 3585 erant,
539 3529 597 3574 ut
624 3533 749 3574 cum
771 3519 1053 3588 adimpleri
1081 3517 1396 3588 mysterium
1442 3517 1815 3584 intellexisset,
1847 3520 1933 3572 in-

333 3597 574 3644 strueret
617 3587 1038 3644 accusationem.
1101 3587 1389 3656 Propterea
1434 3589 1688 3642 Dominus
1710 3603 1806 3657 per
1833 3588 1930 3644 de-

332 3669 649 3729 sponsMam
680 3661 826 3714 venit
851 3675 865 3715 :
897 3674 1016 3729 quae
1036 3657 1179 3714 enim
1209 3659 1530 3726 desponsata
1551 3667 1656 3724 est,
1678 3659 1931 3729 deinceps

333 3727 685 3799 oppignornta
709 3740 812 3786 est.
837 3727 1016 3783 Mense
1037 3739 1178 3783 salo
1199 3729 1380 3799 missus
1403 3738 1474 3780 es:
1501 3729 1709 3798 angelus
1731 3727 1936 3783 Gabriel

335 3799 409 3852 ad
435 3798 679 3871 uirginem
703 3801 1060 3871 desponsatam
1083 3798 1538 3871 uiro,ucui_nontcn
1558 3799 1751 3870 Ioseph
1775 3799 1928 3870 (Luc.

338 3873 395 3924 1.
425 3867 663 3940 26ξ27).
697 3871 837 3924 Audi
866 3869 1018 3940 ,quid
1065 3870 1134 3940 de
1183 3869 1301 3923 viro
1329 3867 1452 3935 hoc,
1506 3867 1692 3936 deque
1729 3867 1934 3939 virgine

379 3939 611 4010 replicta
627 3939 778 3993 dicat
809 3961 823 3996 :
854 3939 1071 4010 Dabitur
1113 3939 1239 3992 liber
1273 3939 1564 4010 obsignatas
1595 3943 1709 4010 uiro
1758 3943 1936 3995 scienti

334 3957 601 4062 propitiata
632 3957 778 3993 uacat
809 3961 823 3996 :
854 3957 1071 3993 υαυιιιιι·
1113 3957 1239 3992 uocr
1273 3957 1564 4009 ooszgnagus
1603 3957 1709 3991 mro
1758 3957 1934 3995 scienti

359 4013 556 4079 iteras(
586 4009 719 4065 Isai.
741 4010 840 4064 ‘29.
866 4008 925 4064 Η
962 4009 1004 4079 ).
1035 4010 1166 4077 Quis
1193 4011 1298 4063 iste.
1320 4009 1454 4063 liber
1490 4009 1801 4078 obsignatus
1833 4010 1935 4066 nisi

334 4081 564 4150 omnino
593 4081 935 4136 immaculata
973 4080 1156 4150 virgo?
1192 4095 1231 4134 ιι
1263 4080 1458 4150 quibus
1491 4079 1747 4150 dabitur?
1771 4079 1817 4134 Α
1843 4096 1931 4134 sa-

337 4149 652 4204 cerdotibus
681 4152 905 4206 scilicet.
932 4148 1155 4204 Cuin'am
1190 4152 1358 4203 vero?
1397 4149 1597 4218 Joseph
1641 4148 1810 4203 fabro.
1837 4150 1936 4206 Hic

336 4229 423 4290 est
451 4219 540 4275 ille
569 4221 793 4290 Ioseph,
825 4221 914 4290 qui
953 4219 1193 4274 honestis
1233 4229 1359 4274 ante
1383 4221 1581 4288 nuptiis
1604 4220 1936 4287 ’conjunctus

336 4289 535 4360 (iterat,
563 4289 868 4360 liberaeque
917 4301 1251 4359 susceperat,
1298 4304 1520 4344 uxorem
1567 4291 1851 4356 amiserat,
1880 4302 1936 4346 et

341 4375 412 4430 ex
438 4359 530 4430 illo
559 4359 803 4430 tempore
831 4376 952 4415 cum
986 4375 1176 4430 magna
1205 4361 1470 4415 castitatis
1519 4361 1674 4415 laude
1705 4364 1933 4429 vixerat,

339 4429 396 4483 in
422 4429 709 4501 disciplina
740 4440 806 4501 et
823 4429 1164 4501 correptione
1213 4430 1422 4485 Domini
1466 4430 1665 4485 liberos
1701 4432 1937 4488 educans

338 4508 397 4553 et
417 4501 711 4571 instituens
742 4500 838 4570 (α).
868 4500 1098 4569 Ideoque
1150 4515 1379 4571 pergens
1426 4502 1701 4569 apostolus
1742 4502 1937 4556 Paulus

338 4569 768 4640 utEvangeliuni
787 4571 1117 4638 praedicaret,
1147 4583 1199 4625 et
1221 4569 1340 4626 cum
1374 4587 1535 4632 unum
1557 4587 1620 4625 ex
1649 4571 1732 4624 his
1755 4571 1936 4625 liberis

337 4640 677 4723 timendissct,
705 4641 946 4723 scripsit_
965 4642 1150 4723 dicens
1182 4657 1194 4690 :
1218 4642 1397 4723 _Alium
1439 4658 1554 4723 ego
1591 4645 1938 4723 translatorum

340 4711 447 4782 nidi
471 4713 745 4774 neminem,
777 4710 874 4764 nisi
915 4711 1166 4782 Jac‘oﬁbﬁnm
1209 4715 1417 4782 {mtrem
1458 4710 1669 4782 Domini
1696 4711 1853 4778 (Gal.
1883 4713 1932 4765 1.

342 4779 459 4857 19),
491 4796 600 4857 non
627 4790 684 4836 ut
711 4796 778 4835 ex
807 4782 1012 4857 virgine
1037 4779 1346 4857 MariaLsed
1369 4797 1438 4857 ex
1457 4781 1653 4850 Joseph
1676 4784 1937 4850 genitum.

340 4853 477 4912 Cum
510 4852 672 4922 igitur
714 4850 1024 4906 sacerdotes
1050 4866 1171 4905 cum
1218 4850 1490 4922 Josepho,
1537 4861 1597 4905 ut
1633 4866 1754 4905 cum
1788 4863 1939 4908 casto

341 4922 484 4986 viro,
514 4920 735 4975 Mariam
759 4922 1187 4990 coniunxissent,
1211 4937 1328 4976 eam
1353 4920 1432 4976 illi
1458 4922 1936 4985 commendarunt,

341 5000 726 5060 exspectantes
755 5007 1037 5061 quousque
1068 4994 1370 5061 nuptiarum
1393 5004 1602 5060 tempus
1623 4992 1899 5051 adveniret
1922 5010 1938 5059 ;

343 5065 515 5130 ipsam
546 5071 727 5120 autem
759 5062 846 5131 ille
871 5062 1138 5131 accipiens
1164 5063 1414 5116 intactam
1443 5062 1703 5130 virginem
1719 5077 1938 5117 conser-

347 5143 568 5202 \_:iturus
594 5140 728 5185 erat.
760 5130 815 5185 ld
846 5130 998 5201 quod
1019 5133 1186 5186 multo
1214 5141 1338 5186 ante
1368 5133 1622 5202 propheta
1658 5134 1938 5202 przedixit:

345 5199 566 5272 Dabitur
597 5203 724 5256 liber
751 5199 1040 5271 obsignatas
1067 5203 1173 5256 tiro
1201 5199 1380 5257 scienti
1395 5199 1585 5265 literas,
1615 5199 1713 5257 hoc
1728 5214 1829 5261 est.
1853 5205 1943 5272 qni

336 5269 455 5344 jam
481 5273 684 5340 nuptiis
698 5269 977 5342 copulatus
1002 5275 1091 5344 sit,
1122 5272 1351 5344 etdicet.
1370 5273 1484 5328 Non
1511 5287 1726 5342 possum
1745 5269 1941 5344 legere.

344 5343 527 5407 Quare
548 5357 678 5397 vero
707 5359 813 5396 non
846 5352 1021 5412 potes,
1048 5342 1290 5412 Joseph?
1320 5345 1432 5398 Non
1466 5358 1716 5414 possum,
1749 5342 1942 5414 inquit,

348 5413 532 5482 legere
561 5430 576 5466 :
608 5414 920 5483 obsignatus
962 5417 1104 5468 enim
1150 5424 1231 5469 est
1267 5414 1422 5469 liber.
1455 5413 1550 5468 Cui
1597 5413 1946 5470 reservatur?

346 5483 600 5537 Omnium
640 5498 823 5538 rerum
860 5483 1038 5553 Opiﬁci
1072 5483 1428 5539 habitaculum
1467 5496 1792 5538 reservatur.
1841 5485 1946 5549 Sed

349 5554 418 5608 ad
451 5567 566 5608 rem
586 5555 890 5608 redeamus.
923 5554 1081 5610 Sexto
1115 5571 1285 5610 mense
1318 5557 1498 5610 missus
1537 5564 1608 5608 est
1636 5553 1842 5609 Gabriel
1881 5555 1949 5608 ad

350 5625 599 5693 uirginem
625 5640 643 5679 :
668 5623 812 5679 haud
859 5625 1077 5681 dubium
1095 5626 1249 5696 quin
1279 5625 1362 5680 his
1392 5626 1624 5696 acceptis
1662 5625 1943 5696 mandatis.

352 5698 580 5761 Adesto,
630 5699 824 5767 inquit,
872 5713 906 5752 ι)
952 5695 1178 5767 angelo,
1228 5695 1582 5752 formidabilis
1636 5695 1952 5750 administer

407 5787 493 5856 ⁸(ιι)
525 5797 680 5856 Putat,
701 5797 754 5839 ut
779 5790 933 5850 vides,
951 5790 1031 5842 hic
1051 5791 1355 5842 concionator
1391 5788 1652 5856 Josepbum
1677 5787 1858 5840 liberos
1883 5803 1949 5839 cx

350 5850 448 5905 alia
462 5850 737 5916 Suscepittse
761 5865 937 5905 uxore.

1443 387 1509 445 IN
1546 389 2152 448 ANNUNTIATIONEM
2193 391 2252 446 Β.
2299 387 2618 447 ιἰιισιΝιε.

3517 394 3626 449 79ι

2038 513 2156 558 esto
2179 503 2450 574 mysterii;
2479 511 2692 558 secreto
2710 501 2970 558 miraculo
2995 499 3256 559 famulare
3274 545 3290 566 .
3319 510 3378 561 ut
3401 503 3471 562 ad
3508 520 3626 572 pcr-

2037 573 2456 643 vestiga’tiouem'
2490 575 2704 638 Adami,
2740 573 2855 644 Qui,
2881 574 3188 641 aberravit,
3220 576 3566 641 descendam,
3596 593 3626 632 a

2035 645 2172 715 meis
2195 644 2490 715 eoinpcllor
2512 643 2965 715 miserationibus.
2993 644 3276 703 Peccatum
3305 646 3449 702 enim
3478 662 3626 714 enini,

2034 713 2125 783 ipsi
2151 713 2235 783 ad
2274 711 2560 783 imaginem
2610 728 2784 770 meam
2842 711 3155 770 eﬂ'ormatus
3191 725 3327 781 erat,
3358 711 3627 773 exoletum

2035 782 2288 854 reddidit,
2337 782 2687 854 mearumque
2715 797 2989 854 manuum
3043 785 3313 854 opiﬁcium
3359 787 3629 852 putridum

2034 853 2118 925 cili
2137 853 2231 912 cit.
2255 853 2617 908 inobscuravit
2632 853 3094 925 pulchritudinem
3126 870 3286 925 quam
3313 855 3626 925 eﬂ‘ormavi;

2035 922 2192 994 lupus
2218 938 2394 994 meum
2422 937 2587 994 pecus
2613 922 2920 994 depascitur
2941 965 2959 991 ,
2988 922 3259 979 desertum
3289 935 3373 979 est
3397 922 3630 980 domici-

2035 993 2163 1062 lium
2188 993 2437 1063 paradisi.
2465 993 2695 1063 Lignum
2724 995 2845 1047 vitae
2884 1009 2913 1048 a
2956 994 3135 1063 gladio
3175 997 3423 1049 ﬂammeo
3446 1006 3630 1050 custo-

2033 1063 2203 1126 ditur,
2244 1073 2301 1120 et
2343 1063 2494 1120 lociis
2520 1063 2831 1120 deliciarum
2866 1063 3113 1120 occlusus
3142 1075 3244 1119 est.
3292 1064 3505 1119 Miseret
3544 1083 3631 1123 me

2034 1132 2194 1198 illius,
2222 1135 2310 1202 qui
2332 1143 2687 1204 oppugnatur,
2724 1145 2779 1190 et
2808 1135 3015 1190 hostem
3037 1135 3494 1204 comprehendere
3517 1148 3627 1191 sta-

2035 1205 2130 1256 tui.
2161 1204 2250 1258 Sic
2274 1211 2452 1258 tamen
2483 1205 2534 1258 id
2569 1204 2784 1270 faciam,
2813 1214 2871 1258 ut
2895 1219 3081 1259 omnes
3106 1206 3360 1259 caalorum
3405 1207 3629 1261 virtutes
3681 1205 3684 1208 ’

2035 1272 2229 1344 lateat;
2255 1274 2346 1328 tibi
2371 1275 2460 1327 nni
2494 1275 2596 1329 hoc
2631 1275 2794 1329 credo
2823 1286 3090 1330 secretum
3127 1293 3139 1328 :
3173 1274 3512 1344 proﬁciscere
3559 1277 3625 1330 ad

2031 1336 2317 1414 iirginém,
2347 1345 2432 1414 abi
2480 1345 2546 1399 ad
2591 1345 2880 1399 animatum
2923 1336 3214 1406 civitatein,
3247 1345 3316 1399 de
3359 1361 3463 1414 qua
3490 1346 3625 1400 dixit

2034 1412 2290 1483 propheta
2327 1433 2340 1466 :
2376 1412 2610 1468 Gloriosa
2639 1416 2771 1475 dicta
2796 1423 2912 1470 sunt
2941 1417 3004 1470 de
3033 1425 3101 1480 te,
3127 1416 3304 1468 civitas
3325 1412 3420 1468 Dei
3449 1415 3623 1480 (Ριυιι.

2032 1484 2121 1539 86.
2150 1488 2226 1553 5).
2256 1485 2357 1538 Abi
2384 1485 2452 1538 ad
2489 1486 2794 1553 paradisum
2842 1500 3020 1539 meum
3064 1485 3273 1539 ratione
3324 1487 3626 1552 prmditum,

2032 1553 2117 1607 abi
2143 1557 2206 1608 ad
2249 1563 2456 1624 portam
2485 1556 2837 1618 orientalem;
2865 1555 2948 1609 abi
2980 1555 3045 1609 ad
3062 1556 3434 1609 habitaculum
3457 1553 3630 1610 Verbo

2033 1639 2156 1679 meo
2197 1625 2659 1693 dignum;abiad
2693 1626 2922 1678 alterum
2971 1626 3022 1677 in
3083 1626 3240 1680 terris
3290 1625 3500 1689 cmlum,
3542 1625 3630 1680 abi

2033 1693 2100 1747 ad
2140 1695 2341 1749 nubem
2394 1695 2605 1757 levem,
2663 1696 2874 1763 meique
2937 1695 3199 1750 adventus
3258 1696 3484 1749 imbrem
3555 1696 3630 1750 illi

2033 1764 2299 1835 signiﬁca.
2337 1765 2505 1835 Perge
2541 1764 2606 1818 ad
2653 1766 3011 1819 sanctuarium
3058 1765 3188 1818 mihi
3232 1777 3628 1834 praeparatum;

2037 1849 2196 1903 perge
2227 1834 2306 1906 ad
2355 1834 2732 1889 incarnationis
2783 1850 2918 1888 mea:
2960 1835 3288 1906 thalamum;
3343 1851 3503 1906 perge
3559 1837 3625 1890 ad

2035 1905 2272 1974 nuptiale
2309 1907 2614 1960 cubiculum
2644 1921 2778 1960 mete
2803 1905 3096 1959 secundum
3139 1921 3356 1958 carnem
3383 1906 3631 1959 nativita-

2038 1976 2104 2027 tis
2156 1992 2168 2027 :
2229 1975 2449 2038 loquere
2492 1976 2558 2029 ad
2606 1990 2766 2030 aures
2828 1976 3102 2033 rationalis
3149 1991 3327 2036 ιιι-ραι,
3388 1990 3628 2044 pra-para

2035 2044 2163 2097 mihi
2213 2045 2425 2098 auditus
2477 2046 2813 2114 ingressum;
2846 2045 2940 2098 sed
2983 2060 3202 2101 cavene
3244 2045 3466 2113 virginis
3515 2047 3633 2100 ani-

2037 2120 2179 2168 mum
2245 2117 2539 2183 perculeris
2595 2125 2687 2169 aut
2741 2115 3137 2186 perturbaveris
3182 2132 3197 2169 :
3258 2115 3499 2170 modeste
3553 2116 3628 2170 illi

2036 2186 2342 2254 samtuario
2395 2194 2448 2240 te
2518 2187 2682 2250 siste,
2742 2184 2989 2254 'pritnam
3053 2184 3128 2237 illi
3180 2199 3367 2240 vocem
3432 2187 3632 2252 laetitia:

2036 2253 2232 2326 (unde;
2285 2265 2353 2308 ιιι.
2386 2257 2550 2309 dicito
2598 2253 2775 2308 Mariae
2805 2274 2814 2306 :
2845 2255 2946 2308 Ave
2983 2255 3147 2325 gratia
3188 2256 3339 2324 plena
3379 2254 3546 2326 (Luc.
3575 2260 3627 2310 1.

2033 2324 2127 2395 28)
2148 2366 2163 2388 ,
2195 2333 2253 2378 ut
2298 2341 2398 2395 ego
2427 2327 2683 2380 miserear
2709 2326 2856 2388 Evm,
2889 2324 3145 2379 tertimnis
3171 2340 3235 2379 ac
3261 2324 3415 2379 malis
3440 2340 3656 2379 CUllltl-'

2036 2395 2176 2448 lane.
2212 2395 2337 2466 llzcc
2367 2410 2489 2450 cum
2519 2396 2808 2449 audivisset
2838 2395 3078 2466 angelus,
3128 2396 3227 2460 sic,
3261 2407 3319 2449 ut
3361 2396 3632 2466 conjicere

2036 2466 2138 2530 cst,
2162 2465 2299 2534 apud
2331 2481 2389 2519 se
2420 2467 2832 2520 ratiocinabatur
2858 2484 2870 2518 :
2899 2465 3024 2518 Mira
3048 2479 3290 2530 sane,res
3316 2466 3413 2520 ista
3437 2465 3474 2527 ,⁷
3509 2482 3630 2520 ver-

2037 2534 2162 2588 bunt
2189 2537 2288 2590 hoc
2315 2546 2551 2590 mentem
2578 2537 2812 2605 cujusvis
2842 2535 3052 2590 excedit
3076 2552 3089 2587 :
3120 2535 3208 2605 qui
3238 2535 3525 2590 Chernhim
3546 2545 3631 2590 est

2039 2605 2166 2673 ipsis
2194 2607 2567 2672 formidabilis,
2592 2623 2751 2675 quem
2779 2605 3061 2674 Seraphim
3088 2607 3331 2659 contueri
3373 2606 3476 2659 non
3508 2621 3632 2674 pos-

2037 2685 2181 2740 sunt,
2200 2692 2359 2746 quem
2384 2691 2574 2730 omnes
2598 2677 2854 2746 angelicae
2905 2678 3130 2730 virtutes
3171 2676 3632 2745 comprehendere

2038 2757 2345 2815 nequeunt,
2395 2747 2608 2816 qualem
2655 2761 3003 2817 congressum
3053 2746 3378 2816 pollicetur?
3429 2746 3630 2801 Puellae

2035 2830 2148 2871 sua:
2173 2817 2340 2886 ipsius
2370 2832 2612 2886 persona:
2640 2821 2975 2886 praisentiam
3022 2817 3318 2882 denuntiat,
3347 2817 3430 2872 vel
3455 2817 3630 2886 potius

2037 2886 2335 2955 ingressum
2361 2888 2707 2955 perattditum
2759 2887 2832 2941 illi
2878 2888 3180 2956 promittit:
3211 2898 3266 2943 et
3309 2887 3400 2956 qui
3455 2887 3627 2941 Evam

2036 2956 2436 3024 condemnavit,
2468 2957 2534 3012 ad
2564 2959 2681 3026 ejus
2727 2958 2901 3011 ﬁliam.
2946 2958 3403 3011 cohonestandum
3456 2973 3626 3026 usque

2037 3027 2172 3097 adeo
2200 3027 2475 3081 incitatur.
2505 3029 2774 3096 Prospera,
2805 3028 2998 3097 inquit,
3047 3029 3174 3080 mihi
3203 3029 3500 3097 ingressum
3534 3043 3631 3079 att-

2037 3096 2208 3160 ditus;
2239 3097 2336 3152 sed
2390 3100 2646 3166 numquid
2676 3108 2864 3153 venter
2883 3096 3488 3166 incomlirelten’sibilem
3535 3114 3632 3167 po-

2039 3176 2143 3239 test
2161 3167 2654 3239 comprehendere?
2702 3169 2837 3222 Vere
2886 3169 3223 3222 tremendum
3278 3169 3380 3222 hoc
3433 3181 3632 3239 myste-

2038 3235 2198 3291 rium.
2224 3235 2349 3291 nec
2373 3253 2492 3291 cum
2523 3238 2660 3306 apud
2691 3253 2750 3292 se
2778 3239 3039 3308 cogitaret
3067 3239 3288 3308 angelus
3312 3281 3326 3304 ,
3374 3235 3650 3293 nouimus

2038 3308 2112 3378 ad?
2137 3309 2306 3378 ipsum
2328 3310 2401 3362 ait
2425 3325 2439 3361 :
2468 3309 2604 3374 Quid
2635 3307 2941 3378 percellét‘is
2969 3323 3036 3363 ac
3080 3307 3427 3378 pcl‘llll'bttl'is,
3459 3323 3493 3363 0
3521 3308 3630 3364 Gtt-

2038 3377 2208 3449 bt'iel?
2237 3392 2415 3449 nonne
2442 3379 2582 3438 haud
2609 3377 2682 3432 ita
2703 3377 2961 3449 pridentia
2984 3379 3160 3449 mead
3193 3377 3509 3449 Zachariam
3535 3395 3627 3432 sa-

2037 3448 2314 3504 cerdotem
2339 3447 2534 3504 missus
2559 3449 2662 3504 es?
2688 3447 2866 3503 nonne
2894 3447 2972 3502 illi
3002 3448 3212 3503 felicem
3235 3447 3480 3503 nuntiqu
3533 3465 3629 3507 na-

2039 3519 2258 3572 tivitatis
2285 3518 2508 3574 Joannis
2527 3519 2785 3587 attulisti?
2814 3534 2994 3574 nonne
3020 3520 3285 3574 sacerdoti
3330 3519 3486 3574 ﬁdem
3534 3520 3630 3576 ba-

2039 3587 2167 3646 here
2193 3590 2461 3644 recusanti
2477 3589 2673 3646 silentii
2701 3604 2912 3656 pcenant
2936 3588 3174 3644 inﬂixisti
3196 3591 3220 3644 ἵ
3246 3605 3425 3644 nonne
3442 3606 3628 3647 senem

2039 3659 2186 3730 iocis
2215 3661 2512 3728 privatione
2552 3659 2857 3730 damnasti?
2906 3674 3089 3714 nonne
3119 3669 3174 3716 tu
3223 3661 3582 3730 pronuntiasti
3613 3668 3636 3726 ,’

2039 3728 2152 3798 Ego
2180 3745 2309 3783 vero
2336 3729 2693 3783 conﬁrmavi?
2737 3743 2916 3785 nonne
2966 3728 3431 3786 annuntiationem
3483 3740 3629 3786 tuam

2039 3813 2175 3869 Opus
2194 3800 2366 3870 ipsum
2394 3801 2649 3854 continuo
2669 3806 3060 3870 consequutum
3101 3801 3220 3856 est?
3274 3816 3453 3855 nonne
3502 3817 3634 3857 con.

2039 3871 2184 3939 cepit
2202 3869 2443 3923 sterilis?
2470 3884 2650 3924 nonne
2674 3869 2861 3925 uterus
2885 3871 3162 3925 obedhit?
3186 3886 3364 3936 nonne
3395 3870 3625 3926 inﬁrmi-

2043 3947 2124 3993 tas
2154 3940 2450 3994 sterilitatis
2500 3939 2803 3995 abscessit?
2847 3955 3042 3995 nonne.
3067 3949 3274 3996 natum
3313 3950 3496 3998 tornor
3535 3958 3632 3998 aus

2041 4008 2206 4079 fugit?
2232 4024 2412 4064 nonne
2429 4009 2779 4079 segetibusea
2808 4025 2950 4066 nunc
2970 4011 3225 4076 abundat,
3291 4026 3372 4066 uae
3393 4008 3474 4066 frn
3515 4013 3634 4070 ibus

2041 4081 2254 4137 penitus
2294 4089 2454 4135 antea
2504 4079 2759 4135 carebat?
2801 4080 2941 4136 Num
2989 4028 3320 4137 hnnossibiie
3360 4027 3510 4137 animi
3545 4100 3634 4137 me

2041 4081 2254 4148 penitus
2294 4089 2454 4135 antea
2504 4079 2767 4152 carebat?
2801 4079 3320 4152 Nnm_hnpossibile
3360 4079 3501 4152 apud
3545 4100 3634 4140 me

2039 4153 2359 4222 Creatorem;
2375 4159 2456 4222 est
2477 4165 2639 4222 omne
2658 4151 2882 4222 verbum
2911 4149 3021 4220 (Ιι.
3063 4149 3114 4207 ὗ.
3172 4153 3306 4222 37)?
3351 4149 3636 4220 Quomodo

2041 4234 2172 4290 ergo
2194 4229 2248 4276 te
2273 4219 2534 4293 dubitatio
2556 4220 2792 4293 invasit?
2816 4219 2954 4293 Quid
3003 4237 3131 4292 ergo
3178 4219 3364 4281 rursus
3382 4219 3392 4220 “
3410 4225 3635 4293 angelus

2041 4294 2110 4344 ad
2137 4291 2291 4345 lucc?
2319 4291 2564 4356 Domine,
2591 4290 2786 4361 inquit,
2835 4290 3088 4346 defectus
3131 4303 3337 4346 naturae
3385 4290 3579 4350 sanare
3609 4334 3627 4360 ,

2041 4363 2354 4431 morborum
2432 4369 2803 4431 tempeStatem
2879 4362 3112 4426 sedare,
3172 4364 3636 4426 mortiﬁcationem

2043 4430 2407 4485 membrorum
2425 4432 2492 4484 ad
2511 4430 2723 4486 vitalem
2743 4446 2996 4486 revocare
3015 4434 3285 4496 virtutem,
3306 4435 3412 4488 vim
3438 4433 3638 4489 liberos

2045 4501 2580 4582 pariendi‘impera‘re
2634 4509 2858 4582 naturaf,
2889 4503 3225 4558 sterilitatem
3277 4505 3330 4557 ιιι
3366 4504 3640 4582 ‘membris

2066 4587 2151 4625 am
2167 4569 2408 4626 exoletis
2429 4571 2640 4638 tollere,
2667 4572 2924 4640 stipulam
2945 4585 3223 4627 senectute
3257 4573 3556 4634 conlectam
3583 4576 3637 4629 in

2067 4642 2272 4696 'ormam
2296 4640 2700 4712 herbescentem
2730 4650 3094 4709 transmittare
3119 4683 3133 4708 ,
3196 4644 3443 4697 tellurem
3495 4643 3638 4698 infe-

2043 4713 2273 4766 cundam
2305 4712 2482 4765 statim
2506 4711 2736 4785 reddere
2786 4712 3179 4785 manipulorum
3226 4712 3481 4785 feracem,
3505 4729 3641 4785 opus

2045 4792 2130 4852 est
2180 4795 2219 4837 a.
2256 4791 2347 4834 tua
2377 4782 2614 4850 potentia
2665 4782 2735 4836 de
2777 4782 2947 4838 more
2978 4782 3291 4852 perfectum.
3342 4783 3518 4838 Testis
3544 4782 3647 4852 est

2045 4850 2229 4930 βίη-ιιι,
2258 4861 2313 4906 et
2329 4855 2608 4930 pust-eam
2629 4852 2892 4930 Rebecca,
2916 4850 3187 4908 etrursus
3203 4855 3356 4908 Anna
3377 4870 3510 4930 quin
3529 4850 3646 4930 .—.._._..
3668 4901 3670 4904 ,

2048 4923 2188 4992 lesto
2215 4923 2514 4992 sterilitatis
2544 4924 2734 4976 morbo
2763 4923 3094 4988 laborarunt,
3131 4933 3185 4978 et
3215 4941 3242 4975 a
3273 4939 3326 4979 te
3353 4923 3478 4992 sunt
3499 4926 3550 4980 in
3575 4925 3645 4980 li:

2046 4990 2311 5047 bertatem
2341 4991 2641 5046 vindicate.
2691 4992 2960 5062 Virginem
2989 5009 3117 5050 vero
3158 4995 3307 5049 nullo
3352 4990 3647 5053 vitiosam

2049 5077 2339 5130 congressu
2362 5064 2636 5133 peperisse
2659 5103 2677 5127 ,
2722 5062 2928 5133 legibus
2958 5074 3165 5119 natura:
3213 5066 3498 5126 sublimius
3539 5076 3646 5128 est.

2050 5135 2120 5186 At
2145 5134 2306 5186 etiam
2339 5142 2485 5187 tuum
2517 5133 2711 5202 puella:
2737 5133 3021 5189 adventum
3053 5135 3343 5203 polliceris.
3379 5135 3506 5190 (Σωἰὶ
3535 5148 3644 5190 ter-

2056 5219 2235 5276 raque
2259 5212 2310 5276 te
2334 5203 2465 5276 ﬁnes
2493 5205 2886 5276 non_capiuut:
2914 5220 3021 5275 quo
3048 5216 3200 5276 pacto
3223 5223 3353 5276 ergo
3384 5215 3438 5262 te
3465 5219 3652 5274 uterus

2051 5273 2226 5342 capiet
2251 5273 2563 5342 virgineus?
2594 5273 2729 5344 Tum
2759 5273 2825 5333 ad
2852 5273 2973 5328 eum
3008 5273 3264 5331 [toinimis
3293 5273 3313 5329 Ξ
3343 5273 3649 5344 Quomodo,

2055 5344 2247 5419 inquit,
2279 5345 2544 5419 mecepit
2561 5343 2835 5419 Abraham
2868 5345 3268 5419 tabernaculum
3296 5349 3320 5400 Τ
3369 5349 3464 5419 Cui
3496 5343 3651 5419 auge?

2055 5414 2437 5488 lusrespoudit
2463 5433 2476 5469 :
2509 5415 2717 5488 Quippe
2744 5413 2886 5488 quod
2916 5416 3133 5488 pelagus
3165 5417 3348 5472 lzalniit
3377 5413 3653 5488 hospitali-

2058 5485 2201 5539 tatis.
2223 5484 2440 5557 Deinde
2469 5484 2772 5557 considera,
2801 5484 3054 5553 Domine,
3080 5486 3188 5540 illic
3217 5490 3364 5542 visus
3411 5484 3524 5544 es’a
3559 5505 3651 5557 pa.

2059 5555 2290 5630 triarcha
2314 5557 2364 5607 in
2390 5557 2732 5630 tabernaculo
2755 5555 2904 5630 justa
2931 5557 3069 5630 viam
3097 5559 3290 5627 posito,
3313 5572 3364 5611 ct
3389 5555 3654 5630 pertrans-

2059 5625 2146 5680 isti
2181 5626 2269 5696 qui
2314 5627 2491 5681 omnia
2512 5627 2771 5696 comples.
2799 5627 3082 5695 Quomodo
3099 5625 3288 5684 autem
3330 5625 3463 5683 feret
3488 5629 3654 5686 Maria

2060 5697 2236 5769 ignem
2263 5696 2589 5769 divinitatis?
2637 5698 2886 5754 Throuus
2940 5709 3061 5769 tuus
3106 5699 3296 5755 inccud
3326 5709 3408 5754 tur
3451 5698 3656 5769 fulgore

2061 5768 2437 5840 collustratus,
2461 5782 2512 5824 ct
2536 5767 2686 5840 ferre
2712 5777 2763 5822 te
2788 5769 2981 5840 poterit
3007 5768 3236 5826 ﬂammis
3259 5771 3422 5825 illaesa
3453 5767 3657 5840 Virgo?

2066 5839 2204 5896 Sane
2235 5837 2510 5909 quidemsi
2533 5839 2668 5898 laesit
2695 5841 2833 5910 ignis
2858 5839 3048 5898 rubum
3095 5841 3149 5902 in
3193 5841 3409 5906 deserto
3430 5885 3445 5912 ,
3499 5837 3656 5899 laidet
