4160 6316
639 352 745 380 ⁸7(ὶὲ

648 352 745 407 ῑῐεό
2151 350 2418 406 SPURIA.

646 470 863 551 omnino
879 469 1169 551 erlis-riam
1195 468 1464 551 adventus.
1477 484 1625 550 meus
1643 469 1833 551 (Emori.
1864 470 1914 523 5.
1936 469 2106 551 init.)_:
2133 470 2211 521 sin

647 551 823 592 autem
843 539 980 609 ignis
1012 540 1117 604 ille,
1143 540 1231 608 qui
1258 540 1422 593 divini
1451 538 1617 607 ipsius
1646 538 1782 609 ignis
1810 554 1841 592 e
1861 541 1990 592 caelo
2017 538 2214 594 adven-

651 618 760 661 tum
781 607 1169 678 adumbrabat,
1191 610 1376 664 rubum
1405 609 1615 677 quidem
1636 607 1856 678 rigabat,
1878 608 2092 663 minime
2117 623 2214 662 au-

650 688 754 730 tem
779 676 1110 741 incendebat,
1137 679 1262 747 quid
1286 676 1556 733 existimas
1575 679 1641 733 de
1667 676 1888 732 veritate
1908 680 2212 742 dicendum,

651 762 768 812 qua:
793 761 897 818 non
929 748 986 818 in
1029 748 1237 802 ﬂamma
1264 750 1418 818 ignis,
1464 748 1556 802 sed
1589 751 1638 802 in
1665 751 1842 818 specie
1885 749 2074 816 pluviae
2121 750 2216 804 dc-

653 816 899 890 scendit?
927 817 1213 890 Tunivero
1239 816 1418 890 postea
1437 834 1548 872 rem
1573 816 1879 886 imperatam
1903 822 2104 890 peregit
2123 836 2218 874 an-

650 886 800 957 gelus
819 926 832 948 ,
866 897 920 940 et
943 887 1006 940 ad
1041 886 1302 956 Virginem
1334 888 1602 957 ingressus
1632 904 1748 943 eam
1777 890 1858 943 his
1885 886 2056 943 verbis
2072 907 2216 945 coni-

649 956 873 1076 pallavit
902 973 915 1008 :
946 957 1046 1037 idae
1073 957 1238 1038 gratia
1268 956 1434 1039 piena,
1468 958 1713 1011 Dominus
1756 970 1912 1012 tecum
1959 963 1974 1026 (
2003 960 2128 1013 Luc.
2163 963 2214 1043 ιτ

689 1025 768 1076 8i.
799 1025 912 1076 Non
945 1041 1046 1076 tam
1073 1027 1299 1076 amnltus
1319 1027 1562 1076 diabolus
1605 1040 1785 1076 contra
1837 1039 1886 1076 te
1912 1047 1924 1076 :
1955 1045 2075 1076 nam
2128 1032 2212 1076 nln

689 1025 768 1094 8).
799 1025 912 1079 Non
939 1026 1046 1093 jam
1073 1025 1299 1093 amplius
1319 1027 1562 1082 diabolus
1605 1040 1786 1083 contra
1837 1039 1886 1084 te
1912 1047 1924 1081 :
1955 1025 2075 1084 nam
2128 1032 2213 1085 ubi

653 1095 878 1162 primum
910 1096 1074 1148 hostis
1103 1097 1291 1150 vulnus
1312 1097 1521 1161 inﬂixit,
1551 1098 1619 1152 ibi
1644 1099 2082 1153 medicamentum
2103 1118 2216 1153 rne-

652 1164 802 1237 dicus
829 1167 1045 1237 apponit
1073 1182 1085 1216 :
1116 1167 1255 1220 unde
1284 1167 1488 1220 initium
1515 1185 1758 1237 egressus
1787 1185 1931 1223 mors
1984 1171 2165 1224 imbuit
2194 1213 2208 1234 ,

652 1234 774 1306 inde
820 1235 927 1286 vita
995 1236 1289 1304 ingressum
1341 1234 1570 1306 paravit:
1611 1237 1710 1292 Per
1755 1241 2025 1293 mulierem
2078 1244 2212 1294 mala

652 1305 914 1380 oriuntur,
946 1319 1075 1380 ᾕρει·
1100 1305 1372 1380 mulierem
1415 1308 1547 1361 bona
1588 1311 1899 1363 seaturiunt.
1928 1310 2027 1363 Ave
2055 1316 2217 1380 gratia

652 1373 802 1496 Elaeae
827 1389 846 1426 :
875 1374 979 1426 noli
1011 1376 1323 1430 erubescere
1351 1387 1613 1445 tamquam
1636 1381 1986 1435 damnationis
2012 1373 2166 1436 causa
2197 1397 2210 1432 :

737 1451 816 1496 ter
845 1446 987 1496 enim
1018 1446 1132 1496 eius
1157 1448 1245 1496 aui
1275 1447 1564 1496 damnavit-
1592 1465 1684 1496 ηει-
1703 1451 1923 1496 gratiam
1951 1451 2205 1496 redituris-

737 1451 816 1498 ter
845 1446 987 1498 enim
1018 1446 1132 1514 ejus
1157 1448 1245 1515 qui
1275 1447 1564 1515 damnavit,
1591 1465 1684 1518 per
1703 1451 1924 1519 gratiam
1951 1451 2206 1506 redderis.

3788 358 3888 414 798

2326 463 2429 516 Ave
2451 465 2612 532 gratia
2637 467 2822 533 plena:
2855 465 2998 518 salve
3021 480 3139 534 qua:
3167 464 3364 520 mundo
3413 465 3468 519 in
3517 465 3767 523 viduitate
3810 467 3888 535 ja-

2323 535 2462 605 centi
2490 549 2740 603 sponsum
2768 537 2908 604 paris
2933 536 3226 603 impolluta.
3257 535 3360 588 Ave
3376 537 3546 605 gratia
3575 536 3740 604 plena,
3769 553 3886 604 qua:

2323 604 2373 655 in
2394 613 2551 675 Autero
2579 605 2760 657 matris
2789 613 3011 659 mortem
3036 606 3330 675 submergis
3348 621 3363 669 ;
3383 604 3489 658 ave
3518 607 3762 673 templum
3798 607 3885 658 Dei

2320 673 2640 745 animatum;
2673 689 2767 727 ave
2786 675 2920 745 caelo
2947 689 3008 728 ac
3035 683 3190 729 terra:
3217 673 3313 745 par
3338 675 3700 729 habitaculum
3725 690 3738 734 ;
3796 690 3889 728 ave

2323 743 2613 808 Spatiosum
2638 743 3184 812 incomprehensibilis
3220 743 3432 798 natura:
3477 746 3884 813 receptaculum.

2321 814 2448 877 Qua:
2474 829 2592 866 cum
2621 814 2692 867 ita
2713 815 2838 877 sint,
2866 815 3240 882 :egrotantibus
3265 814 3504 868 medicus
3535 830 3629 881 per
3652 830 3764 866 eam
3800 814 3891 864 ad-

2321 885 2485 947 venit,
2537 883 2851 937 intenebris
2879 884 3189 938 sedentibus
3226 883 3446 952 Ῑιιειίιὶςε
3492 885 3570 936 sol
3615 885 3888 951 apparuit,

2323 960 2637 1018 tempestate
2661 953 2874 1022 iactatis
2915 955 3145 1006 anchora
3195 963 3482 1021 portusque
3538 955 3849 1021 tranquillus
3873 990 3889 1016 ,

2321 1023 2487 1092 servis
2515 1024 2828 1090 implacabili
2855 1023 2976 1076 odio
2997 1023 3273 1091 disjunctis
3293 1023 3498 1092 legatus
3525 1032 3608 1075 est
3635 1036 3789 1074 natus
3839 1032 3891 1075 et

2323 1091 2467 1162 pacis
2494 1093 2780 1160 vinculum,
2811 1097 3033 1162 captivis
3052 1091 3361 1160 redemptor
3381 1092 3601 1159 appulit,
3639 1093 3780 1145 bello
3807 1106 3892 1144 vc-

2324 1161 2457 1233 xatis
2489 1161 2695 1233 [irinum
2720 1161 3000 1217 ineli'abilis
3027 1163 3202 1233 gaudii
3241 1173 3305 1233 et
3325 1163 3574 1233 caritatis
3605 1163 3889 1233 umbracu-

2322 1229 2448 1302 litm.
2481 1229 2602 1300 Ipse
2625 1233 2753 1284 enim
2783 1242 2852 1284 est
2882 1250 2983 1302 pax
3007 1229 3174 1285 nostra
3202 1231 3415 1300 (Ep/tes.
3462 1231 3516 1283 2.
3568 1233 3681 1302 ιι),
3717 1240 3770 1281 ιιι
3822 1232 3894 1302 ait

2319 1298 2825 1368 diviiIIISApostiilus
2853 1298 2999 1370 {qua
3029 1298 3226 1354 utinam
3277 1298 3536 1354 internum
3591 1301 3686 1353 frui
3731 1301 3895 1370 possif

2320 1384 2460 1440 mus,
2491 1370 2812 1439 benignitate
2867 1368 3030 1439 ipsius
3068 1372 3258 1425 Christi
3319 1372 3516 1440 Deique
3560 1373 3765 1434 nostri,
3812 1368 3896 1422 cui

2319 1438 2482 1508 gloria
2531 1440 2580 1492 in
2623 1438 2824 1494 sarcula
2855 1438 3190 1496 sicciilorum.
3231 1443 3421 1493 Amen.

667 1649 3803 1682 Μ

2089 1886 2466 1948 MONITUM

724 2045 843 2100 Non
866 2047 1005 2100 lectu
1039 2046 1256 2116 indigna
1289 2056 1373 2102 est
1397 2048 1509 2103 haec
1537 2046 1783 2113 homiia,
1827 2048 1950 2102 licet
1979 2051 2047 2103 ab
2075 2050 2297 2117 Savilio,
2337 2050 2609 2104 Frontone
2644 2048 2860 2116 Duczeo,
2895 2049 3261 2113 Tillvmontio,
3295 2052 3495 2120 quibus
3524 2066 3623 2107 nos
3649 2052 3888 2123 adstipu-

657 2159 853 2221 lamnr,
877 2158 1266 2229 Chrysostomo
1295 2160 1652 2230 abjudicanda
1679 2173 1982 2217 censeatur.
2013 2164 2195 2234 Stylus
2237 2181 2340 2219 non
2371 2165 2736 2219 inventionem
2759 2165 2976 2234 quidem
3017 2165 3164 2218 illam
3205 2164 3584 2234 ChrysOstomi
3619 2165 3890 2236 praeferet,

645 2291 762 2329 .non
801 2275 1149 2344 proﬂuentem
1174 2275 1365 2329 orandi
1389 2276 1632 2340 modum,
1658 2289 1765 2330 non
1802 2276 2218 2332 similitudinum
2253 2277 2629 2347 frequentiam,
2658 2293 2764 2331 non
2791 2278 3108 2348 popularem
3141 2279 3442 2332 doctrinam
3483 2296 3498 2332 :
3533 2280 3670 2332 nihil
3708 2288 3886 2332 tamen

656 2391 745 2444 hic
780 2389 1007 2443 habetur
1031 2403 1062 2442 a
1088 2390 1268 2458 sagaci
1295 2389 1560 2458 scriptore
1589 2390 1852 2444 alienum.
1902 2390 2051 2444 Licet
2081 2401 2261 2444 autem
2323 2390 2606 2459 inscriptio
2627 2405 2846 2445 censum
2889 2399 2944 2444 et
2971 2391 3393 2459 descriptionem
3426 2391 3675 2461 Deiparat
3702 2393 3890 2462 praefe-

1761 2729 2224 2800 HOMILIA
2275 2727 2385 2798 IN
2433 2728 2770 2810 ILLUD,

796 2869 972 2913 sxrrr
1011 2863 1374 2918 aeternus
1419 2875 1668 2918 casus
1713 2875 1996 2918 AUGUSTO
2034 2858 2219 2936 (Luc.

2349 2859 2376 2917 1
2417 2858 2433 2935 )
2468 2879 2483 2928 ;
2531 2875 2611 2916 ΕΤ
2654 2874 2718 2916 ιιι
2745 2837 3265 2916 ’θεεειιιντιοιηειιι
3309 2875 3603 2917 υειΡΑιυε
3652 2858 3762 2936 (a).

2061 2988 2478 3032 W

725 3081 777 3134 Ι.
816 3077 948 3134 Cum
985 3078 1278 3132 communis
1299 3077 1530 3130 omnium
1557 3084 1796 3132 nestrum
1829 3077 2083 3132 Servator
2121 3091 2218 3129 na-

651 3151 882 3204 sciturus
909 3159 1010 3210 est,
1043 3147 1384 3204 dilectissimi.
1419 3162 1447 3200 a
1478 3147 1684 3202 Caesare
1710 3148 1946 3216 Augusto
1972 3149 2022 3200 in
2048 3155 2215 3200 totum

648 3222 833 3274 orbem
879 3228 1135 3271 terrarum
1178 3217 1472 3270 universale
1497 3219 1604 3270 exit
1631 3217 1882 3272 edictum.
1915 3216 2045 3271 Nam
2089 3231 2222 3285 quo-

654 3290 796 3343 niam
826 3288 1132 3341 universalis
1156 3287 1322 3356 gratia
1352 3286 1588 3356 quaedam
1617 3287 1710 3341 toti
1740 3286 1940 3341 mundo
1967 3285 2217 3340 affulsura

652 3369 790 3421 erat,
833 3374 894 3411 ea
922 3373 1039 3424 quae
1065 3366 1187 3410 sunt
1209 3356 1511 3426 reipublica:
1537 3371 1653 3410 cum
1682 3357 1936 3426 religione
1961 3357 2218 3426 quodam-

655 3427 814 3482 modo
839 3434 1240 3487 connectuntur,
1263 3437 1316 3482 et
1345 3425 1398 3479 in
1425 3427 1725 3480 universum
1755 3425 1937 3490 orbem
1969 3425 2026 3479 lit
2055 3440 2217 3480 unum

649 3498 925 3576 decretum
956 3496 1238 3576 Servatore
1261 3504 1529 3576 nascente.
1565 3497 1704 3576 Exiit
1731 3497 1890 3576 igitur
1931 3496 2219 3576 edictuma

651 3570 865 3623 C:csare
894 3567 1151 3636 Augusto,
1175 3575 1231 3618 ut
1258 3565 1650 3621 describerctur
1674 3565 1953 3619 universus
1970 3566 2145 3636 orbis,
2167 3565 2221 3618 in

651 3633 1090 3708 praeparationem
1139 3636 1448 3708 concordize
1490 3644 1883 3704 concentusque
1908 3633 2179 3708 religionis
2200 3675 2217 3702 ,

651 3705 987 3776 utEvangelii
1017 3705 1370 3776 przedicationi
1402 3705 1482 3758 via
1509 3713 1855 3776 sterneretur,
1894 3716 1950 3758 ut
1977 3706 2077 3758 iter
2116 3705 2216 3760 do-

654 3787 841 3831 ctrina:
867 3775 1269 3845 prmpararetur.
1298 3775 1451 3830 Prius
1478 3775 1690 3845 quidem
1728 3776 1878 3829 multi
1901 3784 2051 3830 erant
2071 3778 2220 3844 prin-

653 3843 890 3914 cipatns,
922 3843 1133 3914 quando
1159 3843 1383 3898 Cmsaris
1429 3843 1531 3900 non
1561 3855 1678 3900 erat
1704 3845 1933 3900 edictum
1965 3843 2220 3914 praeconii

659 3916 897 3986 ejusdem
928 3914 1273 3986 universalis;
1306 3923 1584 3986 postquam
1614 3924 1788 3970 autem
1808 3931 1901 3984 per
1917 3915 2219 3986 universum

653 3984 913 4041 terrarum
938 3985 1118 4038 orbem
1146 3984 1648 4054 communiquodam
1671 3986 1935 4053 przeconio
1955 3984 2222 4054 religionis

660 4056 792 4111 ﬁdes
811 4054 1146 4126 prOpaganda
1176 4053 1292 4120 fuit,
1324 4053 1758 4126 tum’universus
1785 4055 1928 4107 orbis
1975 4053 2075 4108 sub
2118 4070 2220 4126 una

657 4123 859 4181 tessera
886 4123 1161 4192 copulatur
1185 4139 1200 4176 :
1234 4136 1404 4192 neque
1424 4132 1623 4177 tantum
1644 4124 1791 4177 orbis
1819 4133 2102 4188 terrarum,
2126 4123 2220 4178 sed

608 4197 623 4209 '
653 4204 712 4250 et
737 4195 1035 4250 caelestibus
1061 4203 1270 4247 terrena
1295 4191 1610 4262 junguntur,
1641 4202 1695 4247 et
1724 4208 1916 4261 magno
1943 4191 2220 4246 hominum

658 4264 939 4345 commodo
961 4264 1127 4345 pietas
1151 4263 1328 4345 ac__Dei
1356 4265 1528 4345 cul_tus
1559 4263 1872 4345 publicatum
1924 4271 1982 4345 ut
2025 4263 2222 4345 nemini

657 4333 842 4388 divina
863 4331 1060 4402 veritas
1086 4333 1399 4388 occultetur.
1433 4331 1661 4402 Imperat
1684 4331 1864 4388 Czesar
1914 4335 2181 4402 Augustus
2203 4373 2219 4397 ,

661 4415 719 4474 et
742 4413 892 4474 paret
915 4401 1246 4474 loseph,_ac
1284 4400 1542 4474 virginem
1582 4417 1760 4474 secum
1802 4400 2040 4474 assumit.
2089 4400 2222 4474 cum

655 4471 896 4529 Grécum
925 4486 990 4526 ac
1017 4471 1265 4540 gentilem
1285 4472 1534 4541 aliquem,
1590 4471 1673 4526 vel
1717 4473 1884 4541 ipsum
1926 4473 2085 4526 etiam
2131 4471 2223 4526 Ju-

655 4543 832 4598 dzeunt
886 4541 1334 4623 interrogaveris,
1359 4542 1702 4666 quamobrem
1741 4543 1976 4623 Augusto
2018 4549 2220 4595 tantum

660 4611 877 4666 honoris
904 4612 1172 4666 obtigerit.
1204 4621 1258 4664 ut
1283 4627 1370 4665 mu
1397 4621 1451 4666 to
1478 4621 1715 4666 tempore
1753 4621 1989 4666 regnarit
2019 4611 2220 4666 (annos

660 4611 877 4668 honoris
904 4611 1172 4682 obtigerit,
1204 4621 1258 4664 ut
1283 4611 1451 4666 multo
1478 4621 1715 4681 tempore
1753 4612 1989 4680 regnarit
2019 4611 2224 4682 (annos

657 4685 910 4751 enimsex
936 4689 989 4751 et
1012 4683 1387 4751 quinquaginta
1419 4695 1734 4749 mensesque
1777 4690 2002 4749 quatuor
2030 4681 2223 4750 impe-

657 4750 865 4822 ravit),
901 4747 1124 4807 nihil—illi
1143 4747 1352 4820 quidem
1385 4747 1739 4822 respondent;
1787 4747 1886 4822 ipsi
1913 4766 2041 4822 vero
2079 4747 2223 4822 sorte

656 4820 831 4893 aliqua
857 4821 1220 4890 longissimum
1246 4821 1500 4888 temporis
1529 4821 1753 4893 spatium
1779 4821 2058 4876 obvenisse
2082 4821 2224 4893 arbig

655 4890 886 4953 trantur.
916 4905 1084 4959 neque
1110 4906 1288 4944 rerum
1314 4904 1501 4944 causas
1530 4891 1857 4959 intelligunt,
1904 4905 2097 4960 neque,
2128 4890 2221 4944 Dei

693 4961 839 5015 ralia:
881 4960 1121 5016 credunt.
1179 4960 1305 5026 Ejus
1348 4960 1489 5012 enim
1537 4969 1692 5014 :etate
1735 4968 1889 5014 natus
1936 4959 2018 5015 est
2069 4959 2224 5014 Jesus

677 5029 916 5094 Ihristus.
944 5030 1002 5084 Si
1028 5031 1184 5098 igitur
1226 5028 1577 5082 Romanorum
1631 5030 1919 5099 Imperator
1959 5031 2224 5099 Augustus

653 5045 916 5094 turrium.
944 5045 1002 5084 δι
1028 5045 1184 5098 igitur
1226 5045 1577 5082 nomanorum
1631 5045 1919 5153 tngmrator
1959 5045 2224 5099 Augusms

653 5110 707 5152 et
734 5100 956 5166 primus,
1009 5113 1076 5153 eo
1106 5099 1398 5168 imperante
1435 5099 1642 5168 solum,
1731 5099 1935 5154 alvator
1981 5101 2224 5154 Christus

655 5170 851 5238 merito
895 5169 945 5222 in
1001 5169 1112 5238 ipsa
1177 5167 1552 5222 constitutione
1605 5170 1813 5238 imperii
1863 5168 2221 5223 Romanorum

655 5237 1107 5305 dispensationem
1150 5238 1202 5291 in
1229 5253 1388 5292 carne
1429 5237 1695 5307 suscepit;
1730 5238 1858 5308 Erat
1882 5241 2073 5308 quippe
2126 5239 2224 5292 im-

657 5308 915 5362 mittenda
962 5309 1107 5376 virga
1155 5308 1365 5378 ferrea,
1402 5308 1470 5360 de
1518 5323 1619 5377 qua
1663 5309 1795 5362 dixit
1840 5307 2021 5367 David.
2064 5308 2224 5378 Reges

655 5395 740 5432 eos
768 5378 820 5449 in
849 5379 985 5449 uirga
1012 5379 1194 5449 ferrea,
1223 5388 1298 5442 et,
1331 5377 1540 5431 Postulo
1559 5394 1590 5428 a
1617 5395 1696 5432 me
1716 5419 1731 5442 ,
1751 5390 1800 5430 et
1825 5378 1952 5431 dabo
1981 5380 2067 5432 tibi
2097 5377 2224 5449 geu-

661 5459 734 5502 tes
779 5448 1100 5501 hereditatem
1157 5459 1331 5504 tuam.
1382 5457 1426 5499 et
1476 5449 1830 5514 possessionem
1875 5459 2010 5500 tuam
2052 5448 2222 5501 termi-

659 5534 753 5589 nos
799 5517 1151 5589 terra_(Psal.
1192 5516 1250 5570 Ξ.
1299 5517 1352 5571 9.
1407 5518 1503 5589 8)_;
1531 5519 1680 5586 quasi
1729 5517 1873 5589 solus
1924 5532 2043 5571 cum
2090 5518 2224 5572 Filio

662 5587 816 5643 Pater
886 5586 1270 5657 collbqueretur
1341 5601 1404 5640 ac
1449 5586 1684 5652 diceret,
1765 5586 2003 5655 Regnum
2077 5597 2222 5641 tuum

660 5659 925 5725 aspernati
964 5667 1085 5711 sunt
1120 5657 1286 5712 Judaei
1315 5697 1331 5721 ,
1386 5665 1638 5725 tuumque
1688 5657 1968 5723 imperium
2021 5660 2224 5725 probris

659 5726 981 5788 affecerunt;
1026 5726 1848 5796 contemptibilisnatioesthzec,
1897 5729 2044 5799 pauci
2078 5737 2221 5796 sunt,

729 5815 803 5878 (ο)
834 5816 1006 5868 collata
1026 5829 1134 5867 eum
1155 5819 1265 5867 cod.
1285 5822 1398 5880 Reg.
1419 5815 1481 5865 23
1490 5816 1561 5867 ιδ.

2327 3078 2414 3146 qui
2441 3077 2670 3131 aversati
2695 3084 2851 3131 sunt:
2881 3074 3094 3130 Postulo
3138 3093 3171 3130 α
3206 3093 3304 3142 me,
3353 3086 3401 3130 et
3443 3075 3576 3130 dabo
3625 3079 3714 3130 tibi
3736 3088 3900 3146 genta

2326 3148 2657 3226 hereditatem
2685 3155 2841 3226 luant,
2871 3156 2918 3226 et
2929 3148 3291 3226 possessionem
3308 3155 3446 3226 tuam
3460 3148 3700 3226 terminos
3712 3157 3855 3226 terris
3878 3165 3899 3202 :

2325 3232 2432 3271 non
2457 3217 2704 3284 angulum
2735 3217 3045 3279 Palmstinzc,
3093 3231 3266 3270 netue
3313 3218 3682 3270 circumcisam
3727 3220 3898 3271 natio-

2325 3303 2469 3340 nem.
2495 3302 2683 3340 vanam
2709 3294 2761 3338 et
2794 3288 2969 3339 anima
2995 3233 3208 3340 vecordi
3250 3286 3526 3340 Drzeditam
3549 3327 3563 3340 .
3615 3288 3711 3340 sed
3756 3287 3898 3340 Dabo

2325 3303 2469 3349 nem,
2495 3302 2683 3340 vanam
2709 3294 2761 3338 et
2794 3288 2969 3339 anima
2995 3286 3208 3340 vecordi
3250 3286 3526 3354 przeditam
3549 3327 3563 3347 ,
3615 3288 3711 3340 sed
3756 3287 3899 3341 Dabo

2326 3356 2414 3409 tibi
2433 3367 2600 3426 gentes
2625 3355 2951 3426 hereditatem
2978 3366 3133 3417 tuam,
3157 3367 3205 3409 et
3231 3357 3596 3425 possessionem
3621 3366 3764 3426 tuam
3799 3366 3900 3410 ter-

2325 3425 2488 3480 minos
2550 3436 2715 3480 terra.
2759 3425 2978 3496 HReges,
3023 3435 3200 3480 autem
3277 3440 3427 3496 eos,
3473 3425 3900 3496 quandoquidem

2327 3495 2614 3567 Evangelia
2636 3495 2857 3567 obedire
2895 3495 3200 3561 noluerunt,
3255 3494 3688 3565 quandoquidem
3711 3494 3722 3496 ἡ
3745 3499 3898 3567 mira:

2325 3567 2458 3620 culis
2483 3565 2703 3621 credere
2729 3565 3030 3631 noluerunt,
3061 3580 3212 3635 reges
3233 3579 3331 3619 eos
3350 3579 3456 3618 non
3482 3579 3738 3619 sermone
3761 3607 3777 3630 ,
3803 3565 3902 3620 sed

2329 3651 2492 3703 opere
2511 3647 2566 3692 et
2607 3636 2752 3706 virga
2799 3636 2988 3699 ferrea,
3030 3635 3263 3706 imperio
3312 3635 3595 3706 Romano;
3625 3645 3900 3706 propterea

2325 3708 2485 3776 virgie
2513 3702 2735 3776 imperio
2758 3714 2881 3760 sunt
2922 3702 3162 3776 subjecti.
3213 3704 3343 3758 Nam
3396 3720 3519 3758 cum
3566 3702 3898 3774 Je’rosol‘yma

2325 3775 2560 3831 vertisset
2577 3775 2754 3840 Iesus,
2798 3785 2857 3830 et
2878 3775 2929 3828 in
2962 3775 3161 3843 templo
3185 3783 3475 3829 mercatum
3497 3787 3562 3827 ac
3588 3777 3901 3844 negetiatio-

2327 3861 2448 3900 nem
2481 3847 2619 3914 turpi
2649 3845 2801 3900 lucro
2827 3844 3213 3900 redundantem
3244 3845 3653 3911 conspexisset,
3709 3844 3903 3898 vende-

2325 3915 2453 3970 bant
2476 3913 2670 3985 quippe
2697 3917 2860 3977 intus,
2886 3924 2940 3985 et
2958 3915 3227 3980 emebant,
3256 3923 3310 3969 et
3330 3913 3614 3968 occasione
3641 3928 3708 3969 ac
3729 3915 3901 3983 specie

2326 3984 2708 4039 sacriﬁciorum
2741 3987 2873 4038 intra
2900 3984 3075 4037 fanum
3093 3985 3272 4052 ipsum
3301 3993 3653 4038 mercaturam
3682 3998 3903 4038 exerce-

2327 4054 2456 4108 bant
2485 4072 2498 4106 :
2531 4070 2650 4108 cum
2681 4069 2809 4123 ergo
2848 4055 3048 4122 virgam
3073 4062 3126 4107 et
3155 4052 3515 4123 ﬂagellum_de
3546 4055 3796 4106 funiculis
3821 4053 3900 4106 fe-

2327 4125 2509 4186 cisset,
2541 4125 2696 4191 ejccit
2720 4121 2812 4177 eos
2840 4124 2908 4178 de
2923 4121 3138 4193 templo,
3157 4121 3341 4177 dicens
3364 4163 3381 4187 ,
3416 4121 3594 4193 Nolite
3619 4128 3791 4192 facere
3812 4123 3903 4193 do-

2327 4210 2464 4246 mum
2495 4193 2662 4247 Patris
2687 4194 2782 4247 mei
2808 4194 3013 4246 domum
3035 4191 3405 4263 negotiationis
3458 4191 3664 4263 (locis.
3691 4193 3745 4246 Ω.
3778 4192 3900 4263 i6).

2326 4264 2476 4328 Quod
2533 4265 2575 4317 si
2649 4265 2844 4332 virgam
2906 4263 3048 4315 illam
3118 4261 3480 4332 tolerassent,
3545 4277 3654 4315 non
3708 4261 3903 4332 utique

2327 4349 2420 4386 eos
2466 4335 2514 4386 in
2546 4335 2689 4402 virga
2741 4332 2910 4387 ferrea
2959 4333 3182 4386 rexisset
3220 4350 3234 4384 :
3289 4331 3502 4402 quando
3546 4341 3728 4387 autem
3764 4331 3904 4386 salu-

2329 4412 2495 4458 tarem
2521 4401 2720 4471 virgam
2765 4404 3116 4472 ignominiose
3139 4402 3502 4472 rejeccrunt,_
3527 4416 3636 4456 non
3693 4401 3903 4472 ﬂagello

2328 4474 2546 4543 subjecti
2571 4469 2714 4537 sunt,
2747 4469 2919 4540 neque
2946 4469 3218 4543 sermoni,
3249 4473 3340 4540 qui
3395 4469 3616 4543 minime
3662 4469 3904 4543 stupidas

2327 4539 2539 4612 acrique
2568 4543 2819 4611 praeditos
2836 4539 3004 4612 sensu
3039 4539 3296 4612 castigati;
3328 4541 3425 4596 sed
3451 4542 3614 4612 virgae
3665 4539 3852 4597 rm
3883 4557 3898 4612 ξ

2327 4628 2388 4666 ac
2417 4609 2783 4681 saepenumero
2811 4611 2955 4681 illam
3009 4609 3328 4681 submovere
3380 4609 3557 4666 conati
3595 4619 3759 4675 sunt,
3810 4609 3903 4664 sed

2327 4679 2728 4751 comprehendit
2757 4696 2851 4736 eos
2877 4680 3023 4750 virga
3046 4679 3216 4734 ferrea
3240 4721 3257 4746 ,
3287 4695 3430 4751 Aquae
3451 4695 3559 4734 non
3587 4681 3903 4750 simpliciter

2327 4749 2571 4822 percutit,
2627 4751 2801 4822 sede
2840 4751 3017 4804 medie
3066 4751 3218 4822 tollit.
3270 4749 3389 4816 Quo
3432 4751 3633 4822 itaque
3666 4749 3904 4818 tempore

2325 4820 2469 4891 virga
2490 4822 2657 4876 ferrea
2675 4821 3043 4891 initiunicepit
3084 4820 3394 4890 imperantis
3419 4820 3658 4891 augusti,
3691 4828 3883 4891 atate,

2329 4887 2452 4947 tunc
2481 4893 2727 4946 nimirum
2768 4900 2823 4944 et
2846 4887 3087 4944 Christus
3114 4887 3196 4944 est
3224 4901 3398 4943 natus.
3431 4889 3755 4957 Principium
3798 4888 3904 4943 Ro-

2327 4977 2604 5017 manorum
2626 4961 2942 5030 principium
2967 4959 3357 5030 pmdicationis
3379 5001 3395 5024 ,
3426 4968 3673 5028 quartum
3699 4968 3904 5030 tempo-

2326 5047 2442 5088 rum
2466 5028 2708 5102 regnum.
2738 5028 2863 5102 nec
2912 5031 3052 5102 enim
3079 5029 3215 5102 apud
3238 5029 3527 5102 prophetas
3579 5031 3806 5100 mystice
3850 5028 3902 5102 in

2327 5098 2558 5156 futurum
2583 5101 2853 5155 recondita
2877 5099 3062 5153 videre
3082 5099 3201 5153 licet
3222 5115 3236 5151 :
3260 5099 3396 5154 nihil
3419 5098 3752 5169 quippe'non
3771 5098 3901 5169 seri-

2328 5181 2475 5243 ptnm
2503 5169 3066 5243 reperitu_r__neque_in
3089 5169 3255 5232 Novo,
3285 5166 3461 5237 neque
3505 5166 3568 5243 in
3591 5167 3784 5243 Veteri
3804 5166 3903 5220 Te-

2329 5236 2618 5304 stameuto;
2649 5241 2741 5294 sed
2772 5236 2938 5293 Vetus
2966 5238 3168 5292 Novum
3191 5236 3612 5307 praeoccupavit,
3643 5248 3699 5291 et
3742 5236 3905 5290 Vetus

2330 5317 2730 5380 interpretatum
2758 5318 2842 5363 est
2870 5309 3094 5362 Novum.
3121 5311 3361 5380 Acsaepe
3403 5308 3512 5362 dixi
3563 5309 3672 5361 duo
3713 5307 3901 5360 Testa-

2328 5378 2506 5437 menta
2533 5396 2651 5435 esse
2678 5391 2732 5434 et
2751 5379 2882 5433 duas
2924 5384 3142 5432 anettlas
3188 5378 3427 5448 duasque
3467 5392 3721 5448 sorores,
3784 5392 3902 5448 qua:

2331 5453 2609 5508 Dominum
2632 5465 2794 5504 unum
2810 5449 3094 5503 satellitum
3109 5449 3160 5501 in
3177 5445 3380 5500 morem
3402 5447 3617 5516 stipant.
3645 5445 3905 5500 Dominus

2329 5522 2466 5591 apud
2493 5521 2778 5589 prophetas
2796 5519 3155 5583 annuntiatur,
3186 5517 3434 5591 Christus
3459 5519 3510 5591 in
3532 5517 3679 5591 μοι-ο
3710 5516 3904 5582 ιιι·ωὰι-

2329 5587 2479 5649 catur
2496 5587 2521 5643 ‘:
2551 5587 2656 5644 non
2675 5605 2809 5643 nova
2836 5596 2959 5642 sunt
2985 5603 3143 5652 nova,
3165 5598 3344 5642 vetera
3374 5587 3636 5654 siquidem
3669 5600 3900 5654 pratees-

2330 5672 2545 5736 s_erunt:
2564 5676 2666 5715 non
2686 5660 2944 5713 exstincta
2965 5667 3088 5736 sunt
3109 5666 3312 5736 vetera,
3327 5656 3522 5736 quippe
3543 5671 3661 5736 quin
3683 5657 3734 5708 in
3758 5655 3903 5736 {tum

2331 5734 2671 5788 Testamento
2693 5737 2818 5783 sunt
2841 5729 3100 5797 exposita.
3135 5725 3421 5781 Enimvero
3446 5725 3713 5797 Danieiem
3758 5725 3900 5778 illum

2328 5804 2522 5873 intueri
2551 5810 2721 5874 potes,
2738 5795 2989 5871 juvenem
3019 5797 3232 5870 quidem
3258 5802 3438 5867 atate,
3472 5795 3754 5869 prophetia
3775 5809 3900 5851 vero
