  <div class='ocr_page' id='page_1' title='image "/cluster/home/n/w/nwhite01/storage/ocr_20150623/50/pst.000005712496/395.png"; bbox 0 0 4220 6306; ppageno 0'>
   <div class='ocr_carea' id='block_1_1' title="bbox 675 279 777 334">
    <p class='ocr_par' dir='ltr' id='par_1_1' title="bbox 675 279 777 334">
     <span class='ocr_line' id='line_1_1' title="bbox 675 279 777 334; baseline 0 0"><span class='ocrx_word' id='word_1_1' title='bbox 675 279 777 334; x_wconf 65' lang='grc' dir='ltr'><strong>Ἰῐθ</strong></span> 
     </span>
    </p>
   </div>
   <div class='ocr_carea' id='block_1_2' title="bbox 673 384 2254 460">
    <p class='ocr_par' dir='ltr' id='par_1_2' title="bbox 673 384 2254 460">
     <span class='ocr_line' id='line_1_2' title="bbox 673 384 2254 460; baseline -0.008 -15"><span class='ocrx_word' id='word_1_2' title='bbox 673 391 765 460; x_wconf 86' lang='grc'><strong>9);</strong></span> <span class='ocrx_word' id='word_1_3' title='bbox 795 390 1013 459; x_wconf 83' lang='lat' dir='ltr'><strong>antiquo</strong></span> <span class='ocrx_word' id='word_1_4' title='bbox 1046 385 1496 460; x_wconf 76' lang='lat' dir='ltr'><strong>scilicetdierum.</strong></span> <span class='ocrx_word' id='word_1_5' title='bbox 1527 385 1666 460; x_wconf 77' lang='lat' dir='ltr'><strong>Libri</strong></span> <span class='ocrx_word' id='word_1_6' title='bbox 1694 384 1855 460; x_wconf 73' lang='lat' dir='ltr'><strong>aperti</strong></span> <span class='ocrx_word' id='word_1_7' title='bbox 1889 393 2004 437; x_wconf 85' lang='lat' dir='ltr'><strong>sunt</strong></span> <span class='ocrx_word' id='word_1_8' title='bbox 2029 399 2047 438; x_wconf 91' lang='lat'><strong><em>:</em></strong></span> <span class='ocrx_word' id='word_1_9' title='bbox 2073 391 2117 435; x_wconf 84' lang='lat' dir='ltr'><strong>et</strong></span> <span class='ocrx_word' id='word_1_10' title='bbox 2145 397 2254 460; x_wconf 69' lang='lat' dir='ltr'><strong>ecce</strong></span> 
     </span>
    </p>
   </div>
   <div class='ocr_carea' id='block_1_3' title="bbox 675 451 2257 526">
    <p class='ocr_par' dir='ltr' id='par_1_3' title="bbox 675 451 2257 526">
     <span class='ocr_line' id='line_1_3' title="bbox 675 451 2257 526; baseline -0.008 -12"><span class='ocrx_word' id='word_1_11' title='bbox 675 451 728 516; x_wconf 71' lang='lat' dir='ltr'><strong>in</strong></span> <span class='ocrx_word' id='word_1_12' title='bbox 752 451 960 513; x_wconf 66' lang='lat' dir='ltr'><strong>nubibus</strong></span> <span class='ocrx_word' id='word_1_13' title='bbox 981 459 1094 512; x_wconf 67' lang='lat' dir='ltr'><strong>cali</strong></span> <span class='ocrx_word' id='word_1_14' title='bbox 1118 458 1261 526; x_wconf 88' lang='lat' dir='ltr'><strong>quasi</strong></span> <span class='ocrx_word' id='word_1_15' title='bbox 1291 456 1426 523; x_wconf 80' lang='lat' dir='ltr'><strong>ﬁlius</strong></span> <span class='ocrx_word' id='word_1_16' title='bbox 1452 457 1668 526; x_wconf 80' lang='lat' dir='ltr'><strong>hominis</strong></span> <span class='ocrx_word' id='word_1_17' title='bbox 1686 451 1926 526; x_wconf 47' lang='lat' dir='ltr'><strong>veniens;</strong></span> <span class='ocrx_word' id='word_1_18' title='bbox 1945 465 1994 526; x_wconf 82' lang='lat' dir='ltr'><strong>et</strong></span> <span class='ocrx_word' id='word_1_19' title='bbox 2015 467 2170 526; x_wconf 56' lang='lat' dir='ltr'><strong>usque</strong></span> <span class='ocrx_word' id='word_1_20' title='bbox 2187 451 2257 526; x_wconf 76' lang='lat' dir='ltr'><strong>ad</strong></span> 
     </span>
    </p>
   </div>
   <div class='ocr_carea' id='block_1_4' title="bbox 677 520 2256 597">
    <p class='ocr_par' dir='ltr' id='par_1_4' title="bbox 677 520 2256 597">
     <span class='ocr_line' id='line_1_4' title="bbox 677 520 2256 597; baseline -0.006 -13"><span class='ocrx_word' id='word_1_21' title='bbox 677 533 933 597; x_wconf 78' lang='lat' dir='ltr'><strong>antiquum</strong></span> <span class='ocrx_word' id='word_1_22' title='bbox 959 520 1155 580; x_wconf 80' lang='lat' dir='ltr'><strong>dierum</strong></span> <span class='ocrx_word' id='word_1_23' title='bbox 1200 520 1615 597; x_wconf 53' lang='lat' dir='ltr'><strong>peruenitlDan.</strong></span> <span class='ocrx_word' id='word_1_24' title='bbox 1644 527 1696 579; x_wconf 85' lang='lat'><strong>7.</strong></span> <span class='ocrx_word' id='word_1_25' title='bbox 1739 525 1824 580; x_wconf 80' lang='grc'><strong>10.</strong></span> <span class='ocrx_word' id='word_1_26' title='bbox 1860 523 1982 597; x_wconf 71' lang='grc'><strong>13).</strong></span> <span class='ocrx_word' id='word_1_27' title='bbox 2026 523 2092 576; x_wconf 82' lang='lat' dir='ltr'><strong>Et</strong></span> <span class='ocrx_word' id='word_1_28' title='bbox 2129 520 2256 589; x_wconf 86' lang='lat' dir='ltr'><strong>quid</strong></span> 
     </span>
    </p>
   </div>
   <div class='ocr_carea' id='block_1_5' title="bbox 673 595 2254 672">
    <p class='ocr_par' dir='ltr' id='par_1_5' title="bbox 673 595 2254 672">
     <span class='ocr_line' id='line_1_5' title="bbox 673 595 2254 672; baseline -0.008 -17"><span class='ocrx_word' id='word_1_29' title='bbox 673 595 866 672; x_wconf 84' lang='lat' dir='ltr'><strong>deinde</strong></span> <span class='ocrx_word' id='word_1_30' title='bbox 895 600 1086 672; x_wconf 73' lang='lat' dir='ltr'><strong>factum</strong></span> <span class='ocrx_word' id='word_1_31' title='bbox 1119 599 1240 651; x_wconf 84' lang='lat' dir='ltr'><strong>est?</strong></span> <span class='ocrx_word' id='word_1_32' title='bbox 1265 595 1378 651; x_wconf 87' lang='lat' dir='ltr'><strong>Non</strong></span> <span class='ocrx_word' id='word_1_33' title='bbox 1405 596 1512 665; x_wconf 86' lang='lat' dir='ltr'><strong>jam</strong></span> <span class='ocrx_word' id='word_1_34' title='bbox 1545 595 1727 672; x_wconf 65' lang='lat' dir='ltr'><strong>bestia:</strong></span> <span class='ocrx_word' id='word_1_35' title='bbox 1748 636 1762 660; x_wconf 87' lang='lat'><strong>,</strong></span> <span class='ocrx_word' id='word_1_36' title='bbox 1786 611 1899 672; x_wconf 82' lang='lat' dir='ltr'><strong>non</strong></span> <span class='ocrx_word' id='word_1_37' title='bbox 1925 595 2032 662; x_wconf 87' lang='lat' dir='ltr'><strong>jam</strong></span> <span class='ocrx_word' id='word_1_38' title='bbox 2069 607 2254 672; x_wconf 72' lang='lat' dir='ltr'><strong>mare,</strong></span> 
     </span>
    </p>
   </div>
   <div class='ocr_carea' id='block_1_6' title="bbox 675 666 2252 737">
    <p class='ocr_par' dir='ltr' id='par_1_6' title="bbox 675 666 2252 737">
     <span class='ocr_line' id='line_1_6' title="bbox 675 666 2252 737; baseline -0.007 -13"><span class='ocrx_word' id='word_1_39' title='bbox 675 688 779 724; x_wconf 89' lang='lat' dir='ltr'><strong>non</strong></span> <span class='ocrx_word' id='word_1_40' title='bbox 805 671 913 737; x_wconf 87' lang='lat' dir='ltr'><strong>jam</strong></span> <span class='ocrx_word' id='word_1_41' title='bbox 952 669 1238 722; x_wconf 88' lang='lat' dir='ltr'><strong>bestiarum</strong></span> <span class='ocrx_word' id='word_1_42' title='bbox 1268 677 1469 737; x_wconf 76' lang='lat' dir='ltr'><strong>terror;</strong></span> <span class='ocrx_word' id='word_1_43' title='bbox 1506 667 1601 721; x_wconf 89' lang='lat' dir='ltr'><strong>sed</strong></span> <span class='ocrx_word' id='word_1_44' title='bbox 1635 666 1977 735; x_wconf 73' lang='lat' dir='ltr'><strong>principatum</strong></span> <span class='ocrx_word' id='word_1_45' title='bbox 2017 666 2252 737; x_wconf 88' lang='lat' dir='ltr'><strong>accepit,</strong></span> 
     </span>
    </p>
   </div>
   <div class='ocr_carea' id='block_1_7' title="bbox 674 734 2258 807">
    <p class='ocr_par' dir='ltr' id='par_1_7' title="bbox 674 734 2258 807">
     <span class='ocr_line' id='line_1_7' title="bbox 674 734 2258 807; baseline -0.008 -11"><span class='ocrx_word' id='word_1_46' title='bbox 674 752 727 796; x_wconf 89' lang='lat' dir='ltr'><strong>et</strong></span> <span class='ocrx_word' id='word_1_47' title='bbox 759 734 1130 793; x_wconf 82' lang='lat' dir='ltr'><strong>dominabatur</strong></span> <span class='ocrx_word' id='word_1_48' title='bbox 1159 740 1270 807; x_wconf 87' lang='lat' dir='ltr'><strong>ipse</strong></span> <span class='ocrx_word' id='word_1_49' title='bbox 1303 755 1316 792; x_wconf 89' lang='lat'><strong>:</strong></span> <span class='ocrx_word' id='word_1_50' title='bbox 1348 735 1576 807; x_wconf 83' lang='lat' dir='ltr'><strong>Regnum</strong></span> <span class='ocrx_word' id='word_1_51' title='bbox 1617 739 1722 806; x_wconf 82' lang='lat' dir='ltr'><strong>ejus</strong></span> <span class='ocrx_word' id='word_1_52' title='bbox 1756 734 1961 807; x_wconf 76' lang='lat' dir='ltr'><strong>regnum</strong></span> <span class='ocrx_word' id='word_1_53' title='bbox 1997 734 2258 802; x_wconf 81' lang='lat' dir='ltr'><strong>sempiter-</strong></span> 
     </span>
    </p>
   </div>
   <div class='ocr_carea' id='block_1_8' title="bbox 674 805 2255 883">
    <p class='ocr_par' dir='ltr' id='par_1_8' title="bbox 674 805 2255 883">
     <span class='ocr_line' id='line_1_8' title="bbox 674 805 2255 883; baseline -0.004 -23"><span class='ocrx_word' id='word_1_54' title='bbox 674 827 796 883; x_wconf 70' lang='lat' dir='ltr'><strong>num</strong></span> <span class='ocrx_word' id='word_1_55' title='bbox 816 852 831 870; x_wconf 84' lang='lat'><strong>,</strong></span> <span class='ocrx_word' id='word_1_56' title='bbox 861 810 997 879; x_wconf 80' lang='lat' dir='ltr'><strong>quod</strong></span> <span class='ocrx_word' id='word_1_57' title='bbox 1024 826 1121 883; x_wconf 76' lang='lat' dir='ltr'><strong>nou</strong></span> <span class='ocrx_word' id='word_1_58' title='bbox 1148 805 1388 883; x_wconf 60' lang='lat' dir='ltr'><strong>evertetur</strong></span> <span class='ocrx_word' id='word_1_59' title='bbox 1406 805 1436 870; x_wconf 54' lang='grc' dir='ltr'><em>ς’</em></span> <span class='ocrx_word' id='word_1_60' title='bbox 1454 816 1500 860; x_wconf 84' lang='lat' dir='ltr'><strong>et</strong></span> <span class='ocrx_word' id='word_1_61' title='bbox 1527 805 1790 883; x_wconf 67' lang='lat' dir='ltr'><strong>imperium</strong></span> <span class='ocrx_word' id='word_1_62' title='bbox 1817 805 1926 874; x_wconf 81' lang='lat' dir='ltr'><strong>ejus</strong></span> <span class='ocrx_word' id='word_1_63' title='bbox 1961 807 2013 856; x_wconf 89' lang='lat' dir='ltr'><strong>iu</strong></span> <span class='ocrx_word' id='word_1_64' title='bbox 2043 819 2255 883; x_wconf 62' lang='lat' dir='ltr'><strong>genera-</strong></span> 
     </span>
    </p>
   </div>
   <div class='ocr_carea' id='block_1_9' title="bbox 674 874 2255 948">
    <p class='ocr_par' dir='ltr' id='par_1_9' title="bbox 674 874 2255 948">
     <span class='ocr_line' id='line_1_9' title="bbox 674 874 2255 948; baseline -0.006 -16"><span class='ocrx_word' id='word_1_65' title='bbox 674 882 856 933; x_wconf 83' lang='lat' dir='ltr'><strong>tionem</strong></span> <span class='ocrx_word' id='word_1_66' title='bbox 875 874 1258 948; x_wconf 47' lang='lat' dir='ltr'><strong>&#39;geuerationum</strong></span> <span class='ocrx_word' id='word_1_67' title='bbox 1289 877 1395 946; x_wconf 74' lang='grc' dir='ltr'><strong>(ιο.</strong></span> <span class='ocrx_word' id='word_1_68' title='bbox 1431 895 1476 930; x_wconf 86' lang='grc' dir='ltr'><strong>υ.</strong></span> <span class='ocrx_word' id='word_1_69' title='bbox 1521 874 1630 945; x_wconf 74' lang='grc' dir='ltr'><strong>Η).</strong></span> <span class='ocrx_word' id='word_1_70' title='bbox 1676 877 2020 948; x_wconf 13' lang='grc' dir='ltr'>ΙΙιιείιιδιιιιιξ,</span> <span class='ocrx_word' id='word_1_71' title='bbox 2052 874 2255 940; x_wconf 79' lang='lat' dir='ltr'><strong>inquit,</strong></span> 
     </span>
    </p>
   </div>
   <div class='ocr_carea' id='block_1_10' title="bbox 674 945 2255 1015">
    <p class='ocr_par' dir='ltr' id='par_1_10' title="bbox 674 945 2255 1015">
     <span class='ocr_line' id='line_1_10' title="bbox 674 945 2255 1015; baseline -0.006 -12"><span class='ocrx_word' id='word_1_72' title='bbox 674 945 939 1004; x_wconf 83' lang='lat' dir='ltr'><strong>sermonis</strong></span> <span class='ocrx_word' id='word_1_73' title='bbox 985 949 1240 1002; x_wconf 89' lang='lat' dir='ltr'><strong>terminus</strong></span> <span class='ocrx_word' id='word_1_74' title='bbox 1274 945 1388 1000; x_wconf 80' lang='lat' dir='ltr'><strong>:ac</strong></span> <span class='ocrx_word' id='word_1_75' title='bbox 1433 948 1683 1014; x_wconf 88' lang='lat' dir='ltr'><strong>propheta</strong></span> <span class='ocrx_word' id='word_1_76' title='bbox 1725 947 1934 1015; x_wconf 85' lang='lat' dir='ltr'><strong>quidem</strong></span> <span class='ocrx_word' id='word_1_77' title='bbox 1981 945 2048 996; x_wconf 89' lang='lat' dir='ltr'><strong>ita</strong></span> <span class='ocrx_word' id='word_1_78' title='bbox 2095 955 2255 1015; x_wconf 82' lang='lat' dir='ltr'><strong>regna</strong></span> 
     </span>
    </p>
   </div>
   <div class='ocr_carea' id='block_1_11' title="bbox 674 1013 2257 1086">
    <p class='ocr_par' dir='ltr' id='par_1_11' title="bbox 674 1013 2257 1086">
     <span class='ocr_line' id='line_1_11' title="bbox 674 1013 2257 1086; baseline -0.006 -13"><span class='ocrx_word' id='word_1_79' title='bbox 674 1031 899 1086; x_wconf 87' lang='lat' dir='ltr'><strong>quatuor</strong></span> <span class='ocrx_word' id='word_1_80' title='bbox 929 1018 1066 1071; x_wconf 88' lang='lat' dir='ltr'><strong>videt</strong></span> <span class='ocrx_word' id='word_1_81' title='bbox 1093 1015 1250 1083; x_wconf 83' lang='lat' dir='ltr'><strong>(Ibid.</strong></span> <span class='ocrx_word' id='word_1_82' title='bbox 1281 1032 1327 1069; x_wconf 80' lang='grc' dir='ltr'><strong>υ.</strong></span> <span class='ocrx_word' id='word_1_83' title='bbox 1365 1013 1449 1070; x_wconf 83' lang='lat' dir='ltr'><strong>l5.</strong></span> <span class='ocrx_word' id='word_1_84' title='bbox 1481 1020 1650 1085; x_wconf 82' lang='lat' dir='ltr'><strong>sqq.);</strong></span> <span class='ocrx_word' id='word_1_85' title='bbox 1681 1013 1757 1086; x_wconf 83' lang='lat' dir='ltr'><strong>sie</strong></span> <span class='ocrx_word' id='word_1_86' title='bbox 1787 1015 1927 1086; x_wconf 84' lang='lat' dir='ltr'><strong>enim</strong></span> <span class='ocrx_word' id='word_1_87' title='bbox 1954 1031 2075 1069; x_wconf 89' lang='lat' dir='ltr'><strong>eum</strong></span> <span class='ocrx_word' id='word_1_88' title='bbox 2100 1013 2257 1066; x_wconf 81' lang='lat' dir='ltr'><strong>dece-</strong></span> 
     </span>
    </p>
   </div>
   <div class='ocr_carea' id='block_1_12' title="bbox 677 1085 2256 1156">
    <p class='ocr_par' dir='ltr' id='par_1_12' title="bbox 677 1085 2256 1156">
     <span class='ocr_line' id='line_1_12' title="bbox 677 1085 2256 1156; baseline -0.006 -13"><span class='ocrx_word' id='word_1_89' title='bbox 677 1085 783 1152; x_wconf 86' lang='lat' dir='ltr'><strong>bat,</strong></span> <span class='ocrx_word' id='word_1_90' title='bbox 814 1089 933 1156; x_wconf 91' lang='lat' dir='ltr'><strong>quia</strong></span> <span class='ocrx_word' id='word_1_91' title='bbox 965 1103 992 1139; x_wconf 88' lang='lat' dir='ltr'><strong>a</strong></span> <span class='ocrx_word' id='word_1_92' title='bbox 1023 1089 1181 1140; x_wconf 85' lang='lat' dir='ltr'><strong>rebus</strong></span> <span class='ocrx_word' id='word_1_93' title='bbox 1212 1085 1883 1156; x_wconf 65' lang='lat' dir='ltr'><strong>saicularibusabstinebat</strong></span> <span class='ocrx_word' id='word_1_94' title='bbox 1913 1103 1923 1134; x_wconf 92' lang='lat'><strong>:</strong></span> <span class='ocrx_word' id='word_1_95' title='bbox 1957 1101 2046 1156; x_wconf 80' lang='lat' dir='ltr'><strong>rex</strong></span> <span class='ocrx_word' id='word_1_96' title='bbox 2078 1092 2256 1137; x_wconf 91' lang='lat' dir='ltr'><strong>autem</strong></span> 
     </span>
    </p>
   </div>
   <div class='ocr_carea' id='block_1_13' title="bbox 675 1154 2258 1232">
    <p class='ocr_par' dir='ltr' id='par_1_13' title="bbox 675 1154 2258 1232">
     <span class='ocr_line' id='line_1_13' title="bbox 675 1154 2258 1232; baseline -0.004 -20"><span class='ocrx_word' id='word_1_97' title='bbox 675 1154 841 1229; x_wconf 84' lang='lat' dir='ltr'><strong>prout</strong></span> <span class='ocrx_word' id='word_1_98' title='bbox 867 1158 964 1227; x_wconf 87' lang='lat' dir='ltr'><strong>ipsi</strong></span> <span class='ocrx_word' id='word_1_99' title='bbox 993 1157 1363 1232; x_wconf 69' lang='lat' dir='ltr'><strong>conveniebat,</strong></span> <span class='ocrx_word' id='word_1_100' title='bbox 1397 1156 1466 1209; x_wconf 90' lang='lat' dir='ltr'><strong>ita</strong></span> <span class='ocrx_word' id='word_1_101' title='bbox 1496 1154 1638 1210; x_wconf 89' lang='lat' dir='ltr'><strong>videt</strong></span> <span class='ocrx_word' id='word_1_102' title='bbox 1667 1165 1931 1232; x_wconf 82' lang='lat' dir='ltr'><strong>tamqu_a_m</strong></span> <span class='ocrx_word' id='word_1_103' title='bbox 1963 1155 2012 1232; x_wconf 77' lang='lat' dir='ltr'><strong>iu</strong></span> <span class='ocrx_word' id='word_1_104' title='bbox 2043 1170 2174 1206; x_wconf 85' lang='lat' dir='ltr'><strong>auro</strong></span> <span class='ocrx_word' id='word_1_105' title='bbox 2203 1161 2258 1232; x_wconf 80' lang='lat' dir='ltr'><strong>et</strong></span> 
     </span>
    </p>
   </div>
   <div class='ocr_carea' id='block_1_14' title="bbox 674 1225 2256 1298">
    <p class='ocr_par' dir='ltr' id='par_1_14' title="bbox 674 1225 2256 1298">
     <span class='ocr_line' id='line_1_14' title="bbox 674 1225 2256 1298; baseline -0.004 -17"><span class='ocrx_word' id='word_1_106' title='bbox 674 1225 898 1298; x_wconf 78' lang='lat' dir='ltr'><strong>argento</strong></span> <span class='ocrx_word' id='word_1_107' title='bbox 920 1236 973 1282; x_wconf 90' lang='lat' dir='ltr'><strong>et</strong></span> <span class='ocrx_word' id='word_1_108' title='bbox 999 1242 1107 1283; x_wconf 64' lang='lat' dir='ltr'><strong>aere</strong></span> <span class='ocrx_word' id='word_1_109' title='bbox 1131 1239 1184 1280; x_wconf 88' lang='lat' dir='ltr'><strong>et</strong></span> <span class='ocrx_word' id='word_1_110' title='bbox 1211 1227 1350 1280; x_wconf 80' lang='lat' dir='ltr'><strong>ferro</strong></span> <span class='ocrx_word' id='word_1_111' title='bbox 1378 1241 1536 1298; x_wconf 72' lang='lat' dir='ltr'><strong>regina</strong></span> <span class='ocrx_word' id='word_1_112' title='bbox 1563 1237 1806 1298; x_wconf 84' lang='lat' dir='ltr'><strong>quatuor.</strong></span> <span class='ocrx_word' id='word_1_113' title='bbox 1833 1225 1886 1298; x_wconf 79' lang='lat' dir='ltr'><strong>Si</strong></span> <span class='ocrx_word' id='word_1_114' title='bbox 1914 1225 2054 1298; x_wconf 75' lang='lat' dir='ltr'><strong>enim</strong></span> <span class='ocrx_word' id='word_1_115' title='bbox 2083 1239 2172 1298; x_wconf 78' lang='lat' dir='ltr'><strong>rex</strong></span> <span class='ocrx_word' id='word_1_116' title='bbox 2203 1225 2256 1275; x_wconf 92' lang='lat' dir='ltr'><strong>in</strong></span> 
     </span>
    </p>
   </div>
   <div class='ocr_carea' id='block_1_15' title="bbox 674 1293 2256 1364">
    <p class='ocr_par' dir='ltr' id='par_1_15' title="bbox 674 1293 2256 1364">
     <span class='ocr_line' id='line_1_15' title="bbox 674 1293 2256 1364; baseline -0.006 -11"><span class='ocrx_word' id='word_1_117' title='bbox 674 1293 962 1353; x_wconf 52' lang='lat' dir='ltr'><strong>beluarum</strong></span> <span class='ocrx_word' id='word_1_118' title='bbox 994 1298 1172 1362; x_wconf 89' lang='lat' dir='ltr'><strong>specie</strong></span> <span class='ocrx_word' id='word_1_119' title='bbox 1207 1311 1364 1364; x_wconf 80' lang='lat' dir='ltr'><strong>regna</strong></span> <span class='ocrx_word' id='word_1_120' title='bbox 1392 1293 1640 1355; x_wconf 77' lang='lat' dir='ltr'><strong>vidisset.</strong></span> <span class='ocrx_word' id='word_1_121' title='bbox 1673 1296 1827 1363; x_wconf 83' lang='lat' dir='ltr'><strong>eique</strong></span> <span class='ocrx_word' id='word_1_122' title='bbox 1855 1295 2049 1364; x_wconf 87' lang='lat' dir='ltr'><strong>deinde</strong></span> <span class='ocrx_word' id='word_1_123' title='bbox 2089 1293 2256 1364; x_wconf 55' lang='lat' dir='ltr'><strong>inte!-</strong></span> 
     </span>
    </p>
   </div>
   <div class='ocr_carea' id='block_1_16' title="bbox 675 1361 2258 1438">
    <p class='ocr_par' dir='ltr' id='par_1_16' title="bbox 675 1361 2258 1438">
     <span class='ocr_line' id='line_1_16' title="bbox 675 1361 2258 1438; baseline -0.005 -16"><span class='ocrx_word' id='word_1_124' title='bbox 675 1378 915 1438; x_wconf 89' lang='lat' dir='ltr'><strong>pretatus</strong></span> <span class='ocrx_word' id='word_1_125' title='bbox 945 1361 1127 1421; x_wconf 89' lang='lat' dir='ltr'><strong>Daniel</strong></span> <span class='ocrx_word' id='word_1_126' title='bbox 1156 1361 1315 1426; x_wconf 78' lang='lat' dir='ltr'><strong>esset,</strong></span> <span class='ocrx_word' id='word_1_127' title='bbox 1344 1361 1848 1438; x_wconf 71' lang='lat' dir='ltr'><strong>absurdumfuisset</strong></span> <span class='ocrx_word' id='word_1_128' title='bbox 1875 1365 1923 1418; x_wconf 90' lang='lat' dir='ltr'><strong>ei</strong></span> <span class='ocrx_word' id='word_1_129' title='bbox 1951 1361 2258 1438; x_wconf 83' lang='lat' dir='ltr'><strong>dicere._Tu</strong></span> 
     </span>
    </p>
   </div>
   <div class='ocr_carea' id='block_1_17' title="bbox 673 1432 2257 1507">
    <p class='ocr_par' dir='ltr' id='par_1_17' title="bbox 673 1432 2257 1507">
     <span class='ocr_line' id='line_1_17' title="bbox 673 1432 2257 1507; baseline -0.006 -15"><span class='ocrx_word' id='word_1_130' title='bbox 673 1432 733 1492; x_wconf 77' lang='lat' dir='ltr'><strong>es</strong></span> <span class='ocrx_word' id='word_1_131' title='bbox 780 1440 945 1507; x_wconf 90' lang='lat' dir='ltr'><strong>prima</strong></span> <span class='ocrx_word' id='word_1_132' title='bbox 992 1438 1156 1490; x_wconf 81' lang='lat' dir='ltr'><strong>bestia</strong></span> <span class='ocrx_word' id='word_1_133' title='bbox 1191 1455 1204 1489; x_wconf 90' lang='lat'><strong>:</strong></span> <span class='ocrx_word' id='word_1_134' title='bbox 1236 1436 1441 1503; x_wconf 89' lang='lat' dir='ltr'><strong>probris</strong></span> <span class='ocrx_word' id='word_1_135' title='bbox 1479 1434 1737 1502; x_wconf 87' lang='lat' dir='ltr'><strong>siquidem</strong></span> <span class='ocrx_word' id='word_1_136' title='bbox 1774 1448 2080 1507; x_wconf 86' lang='lat' dir='ltr'><strong>cumquem</strong></span> <span class='ocrx_word' id='word_1_137' title='bbox 2119 1432 2257 1484; x_wconf 86' lang='lat' dir='ltr'><strong>allo-</strong></span> 
     </span>
    </p>
   </div>
   <div class='ocr_carea' id='block_1_18' title="bbox 674 1506 2259 1578">
    <p class='ocr_par' dir='ltr' id='par_1_18' title="bbox 674 1506 2259 1578">
     <span class='ocr_line' id='line_1_18' title="bbox 674 1506 2259 1578; baseline -0.004 -17"><span class='ocrx_word' id='word_1_138' title='bbox 674 1506 960 1578; x_wconf 82' lang='lat' dir='ltr'><strong>quebatur,</strong></span> <span class='ocrx_word' id='word_1_139' title='bbox 994 1509 1258 1560; x_wconf 84' lang='lat' dir='ltr'><strong>incessere</strong></span> <span class='ocrx_word' id='word_1_140' title='bbox 1296 1507 1439 1578; x_wconf 81' lang='lat' dir='ltr'><strong>visus</strong></span> <span class='ocrx_word' id='word_1_141' title='bbox 1465 1515 1645 1578; x_wconf 77' lang='lat' dir='ltr'><strong>esset:</strong></span> <span class='ocrx_word' id='word_1_142' title='bbox 1679 1519 1863 1558; x_wconf 88' lang='lat' dir='ltr'><strong>verum</strong></span> <span class='ocrx_word' id='word_1_143' title='bbox 1904 1506 2137 1578; x_wconf 77' lang='lat' dir='ltr'><strong>intuetur</strong></span> <span class='ocrx_word' id='word_1_144' title='bbox 2165 1516 2259 1578; x_wconf 72' lang='lat' dir='ltr'><strong>rex</strong></span> 
     </span>
    </p>
   </div>
   <div class='ocr_carea' id='block_1_19' title="bbox 675 1573 2258 1648">
    <p class='ocr_par' dir='ltr' id='par_1_19' title="bbox 675 1573 2258 1648">
     <span class='ocr_line' id='line_1_19' title="bbox 675 1573 2258 1648; baseline -0.004 -18"><span class='ocrx_word' id='word_1_145' title='bbox 675 1573 939 1648; x_wconf 75' lang='lat' dir='ltr'><strong>tamquam</strong></span> <span class='ocrx_word' id='word_1_146' title='bbox 973 1593 1061 1630; x_wconf 83' lang='lat' dir='ltr'><strong>rex</strong></span> <span class='ocrx_word' id='word_1_147' title='bbox 1080 1587 1179 1648; x_wconf 69' lang='lat' dir='ltr'><strong>,_et</strong></span> <span class='ocrx_word' id='word_1_148' title='bbox 1202 1575 1372 1648; x_wconf 78' lang='lat' dir='ltr'><strong>cernit</strong></span> <span class='ocrx_word' id='word_1_149' title='bbox 1395 1575 1658 1648; x_wconf 83' lang='lat' dir='ltr'><strong>propheta</strong></span> <span class='ocrx_word' id='word_1_150' title='bbox 1686 1584 1959 1648; x_wconf 78' lang='lat' dir='ltr'><strong>tamquam</strong></span> <span class='ocrx_word' id='word_1_151' title='bbox 1984 1575 2035 1627; x_wconf 90' lang='lat' dir='ltr'><strong>in</strong></span> <span class='ocrx_word' id='word_1_152' title='bbox 2055 1574 2164 1648; x_wconf 78' lang='lat' dir='ltr'><strong>alia</strong></span> <span class='ocrx_word' id='word_1_153' title='bbox 2195 1573 2258 1648; x_wconf 77' lang='lat' dir='ltr'><strong>li-</strong></span> 
     </span>
    </p>
   </div>
   <div class='ocr_carea' id='block_1_20' title="bbox 671 1643 2256 1718">
    <p class='ocr_par' dir='ltr' id='par_1_20' title="bbox 671 1643 2256 1718">
     <span class='ocr_line' id='line_1_20' title="bbox 671 1643 2256 1718; baseline -0.004 -20"><span class='ocrx_word' id='word_1_154' title='bbox 671 1643 816 1716; x_wconf 61' lang='lat' dir='ltr'><strong>gura&#39;</strong></span> <span class='ocrx_word' id='word_1_155' title='bbox 833 1649 1040 1701; x_wconf 88' lang='lat' dir='ltr'><strong>similia.</strong></span> <span class='ocrx_word' id='word_1_156' title='bbox 1077 1646 1198 1700; x_wconf 81' lang='lat' dir='ltr'><strong>lla-c</strong></span> <span class='ocrx_word' id='word_1_157' title='bbox 1223 1662 1251 1698; x_wconf 90' lang='lat' dir='ltr'><strong>a</strong></span> <span class='ocrx_word' id='word_1_158' title='bbox 1283 1647 1435 1699; x_wconf 87' lang='lat' dir='ltr'><strong>nobis</strong></span> <span class='ocrx_word' id='word_1_159' title='bbox 1465 1654 1676 1699; x_wconf 80' lang='lat' dir='ltr'><strong>narrata</strong></span> <span class='ocrx_word' id='word_1_160' title='bbox 1706 1643 1827 1700; x_wconf 81' lang='lat' dir='ltr'><strong>Sunt</strong></span> <span class='ocrx_word' id='word_1_161' title='bbox 1847 1643 2216 1718; x_wconf 25' lang='lat' dir='ltr'><strong>,Adilectissimi</strong></span> <span class='ocrx_word' id='word_1_162' title='bbox 2240 1681 2256 1706; x_wconf 96' lang='lat'><strong>,</strong></span> 
     </span>
    </p>
   </div>
   <div class='ocr_carea' id='block_1_21' title="bbox 676 1715 2260 1785">
    <p class='ocr_par' dir='ltr' id='par_1_21' title="bbox 676 1715 2260 1785">
     <span class='ocr_line' id='line_1_21' title="bbox 676 1715 2260 1785; baseline -0.004 -14"><span class='ocrx_word' id='word_1_163' title='bbox 676 1715 778 1771; x_wconf 84' lang='lat' dir='ltr'><strong>non</strong></span> <span class='ocrx_word' id='word_1_164' title='bbox 808 1719 921 1771; x_wconf 85' lang='lat' dir='ltr'><strong>sine</strong></span> <span class='ocrx_word' id='word_1_165' title='bbox 949 1733 1141 1785; x_wconf 76' lang='lat' dir='ltr'><strong>causa,</strong></span> <span class='ocrx_word' id='word_1_166' title='bbox 1171 1731 1340 1783; x_wconf 88' lang='lat' dir='ltr'><strong>neque</strong></span> <span class='ocrx_word' id='word_1_167' title='bbox 1371 1725 1571 1769; x_wconf 84' lang='lat' dir='ltr'><strong>temere</strong></span> <span class='ocrx_word' id='word_1_168' title='bbox 1596 1725 1831 1769; x_wconf 88' lang='lat' dir='ltr'><strong>veterem</strong></span> <span class='ocrx_word' id='word_1_169' title='bbox 1864 1715 2137 1785; x_wconf 83' lang='lat' dir='ltr'><strong>historiam</strong></span> <span class='ocrx_word' id='word_1_170' title='bbox 2170 1727 2260 1785; x_wconf 84' lang='lat' dir='ltr'><strong>re-</strong></span> 
     </span>
    </p>
   </div>
   <div class='ocr_carea' id='block_1_22' title="bbox 675 1783 2257 1853">
    <p class='ocr_par' dir='ltr' id='par_1_22' title="bbox 675 1783 2257 1853">
     <span class='ocr_line' id='line_1_22' title="bbox 675 1783 2257 1853; baseline -0.004 -13"><span class='ocrx_word' id='word_1_171' title='bbox 675 1789 938 1841; x_wconf 80' lang='lat' dir='ltr'><strong>texnintus</strong></span> <span class='ocrx_word' id='word_1_172' title='bbox 965 1805 979 1849; x_wconf 89' lang='lat'><strong>;</strong></span> <span class='ocrx_word' id='word_1_173' title='bbox 1012 1787 1103 1840; x_wconf 88' lang='lat' dir='ltr'><strong>sed</strong></span> <span class='ocrx_word' id='word_1_174' title='bbox 1136 1783 1202 1840; x_wconf 90' lang='lat' dir='ltr'><strong>nt</strong></span> <span class='ocrx_word' id='word_1_175' title='bbox 1229 1801 1323 1838; x_wconf 91' lang='lat' dir='ltr'><strong>vos</strong></span> <span class='ocrx_word' id='word_1_176' title='bbox 1351 1786 1605 1840; x_wconf 86' lang='lat' dir='ltr'><strong>certiores</strong></span> <span class='ocrx_word' id='word_1_177' title='bbox 1631 1785 1983 1839; x_wconf 89' lang='lat' dir='ltr'><strong>redderemini</strong></span> <span class='ocrx_word' id='word_1_178' title='bbox 2006 1824 2020 1847; x_wconf 95' lang='lat'><strong>,</strong></span> <span class='ocrx_word' id='word_1_179' title='bbox 2052 1783 2216 1853; x_wconf 80' lang='lat' dir='ltr'><strong>gloria</strong></span> <span class='ocrx_word' id='word_1_180' title='bbox 2243 1821 2257 1845; x_wconf 95' lang='lat'><strong>,</strong></span> 
     </span>
    </p>
   </div>
   <div class='ocr_carea' id='block_1_23' title="bbox 676 1854 2260 1911">
    <p class='ocr_par' dir='ltr' id='par_1_23' title="bbox 676 1854 2260 1911">
     <span class='ocr_line' id='line_1_23' title="bbox 676 1854 2260 1911; baseline -0.004 -1"><span class='ocrx_word' id='word_1_181' title='bbox 676 1859 880 1911; x_wconf 77' lang='lat' dir='ltr'><strong>honore</strong></span> <span class='ocrx_word' id='word_1_182' title='bbox 909 1874 969 1911; x_wconf 80' lang='lat' dir='ltr'><strong>ac</strong></span> <span class='ocrx_word' id='word_1_183' title='bbox 1001 1857 1150 1910; x_wconf 88' lang='lat' dir='ltr'><strong>laude</strong></span> <span class='ocrx_word' id='word_1_184' title='bbox 1173 1857 1495 1910; x_wconf 87' lang='lat' dir='ltr'><strong>cumulatum</strong></span> <span class='ocrx_word' id='word_1_185' title='bbox 1525 1865 1579 1910; x_wconf 91' lang='lat' dir='ltr'><strong>et</strong></span> <span class='ocrx_word' id='word_1_186' title='bbox 1609 1855 1922 1909; x_wconf 88' lang='lat' dir='ltr'><strong>illustratum</strong></span> <span class='ocrx_word' id='word_1_187' title='bbox 1954 1854 2115 1908; x_wconf 70' lang='lat' dir='ltr'><strong>fniSSe</strong></span> <span class='ocrx_word' id='word_1_188' title='bbox 2151 1855 2260 1905; x_wconf 79' lang='lat' dir='ltr'><strong>An-</strong></span> 
     </span>
    </p>
   </div>
   <div class='ocr_carea' id='block_1_24' title="bbox 675 1926 2261 1997">
    <p class='ocr_par' dir='ltr' id='par_1_24' title="bbox 675 1926 2261 1997">
     <span class='ocr_line' id='line_1_24' title="bbox 675 1926 2261 1997; baseline -0.003 -17"><span class='ocrx_word' id='word_1_189' title='bbox 675 1928 813 1995; x_wconf 88' lang='lat' dir='ltr'><strong>gusti</strong></span> <span class='ocrx_word' id='word_1_190' title='bbox 842 1928 1137 1997; x_wconf 87' lang='lat' dir='ltr'><strong>imperium.</strong></span> <span class='ocrx_word' id='word_1_191' title='bbox 1169 1942 1230 1980; x_wconf 90' lang='lat' dir='ltr'><strong>ac</strong></span> <span class='ocrx_word' id='word_1_192' title='bbox 1261 1928 1424 1978; x_wconf 92' lang='lat' dir='ltr'><strong>multo</strong></span> <span class='ocrx_word' id='word_1_193' title='bbox 1456 1937 1694 1997; x_wconf 88' lang='lat' dir='ltr'><strong>tempore</strong></span> <span class='ocrx_word' id='word_1_194' title='bbox 1717 1926 1957 1988; x_wconf 86' lang='lat' dir='ltr'><strong>durasse,</strong></span> <span class='ocrx_word' id='word_1_195' title='bbox 1985 1933 2261 1997; x_wconf 80' lang='lat' dir='ltr'><strong>propterea</strong></span> 
     </span>
    </p>
   </div>
   <div class='ocr_carea' id='block_1_25' title="bbox 677 1993 2262 2079">
    <p class='ocr_par' dir='ltr' id='par_1_25' title="bbox 677 1993 2262 2079">
     <span class='ocr_line' id='line_1_25' title="bbox 677 1993 2262 2079; baseline -0.004 -29"><span class='ocrx_word' id='word_1_196' title='bbox 677 1993 818 2066; x_wconf 84' lang='lat' dir='ltr'><strong>quod</strong></span> <span class='ocrx_word' id='word_1_197' title='bbox 850 1993 1237 2079; x_wconf 55' lang='lat' dir='ltr'><strong>eo&#39;iinperante</strong></span> <span class='ocrx_word' id='word_1_198' title='bbox 1268 2009 1420 2079; x_wconf 67' lang='lat' dir='ltr'><strong>natus</strong></span> <span class='ocrx_word' id='word_1_199' title='bbox 1449 2006 1530 2050; x_wconf 80' lang='lat' dir='ltr'><strong>est</strong></span> <span class='ocrx_word' id='word_1_200' title='bbox 1567 1996 1844 2058; x_wconf 82' lang='lat' dir='ltr'><strong>Christus;</strong></span> <span class='ocrx_word' id='word_1_201' title='bbox 1881 2006 2136 2079; x_wconf 70' lang='lat' dir='ltr'><strong>tantoque</strong></span> <span class='ocrx_word' id='word_1_202' title='bbox 2169 1993 2262 2079; x_wconf 81' lang='lat' dir='ltr'><strong>ho-</strong></span> 
     </span>
    </p>
   </div>
   <div class='ocr_carea' id='block_1_26' title="bbox 681 2063 2264 2132">
    <p class='ocr_par' dir='ltr' id='par_1_26' title="bbox 681 2063 2264 2132">
     <span class='ocr_line' id='line_1_26' title="bbox 681 2063 2264 2132; baseline -0.004 -11"><span class='ocrx_word' id='word_1_203' title='bbox 681 2063 811 2121; x_wconf 80' lang='lat' dir='ltr'><strong>nore</strong></span> <span class='ocrx_word' id='word_1_204' title='bbox 838 2063 1120 2120; x_wconf 89' lang='lat' dir='ltr'><strong>decoratus</strong></span> <span class='ocrx_word' id='word_1_205' title='bbox 1146 2076 1226 2120; x_wconf 88' lang='lat' dir='ltr'><strong>est</strong></span> <span class='ocrx_word' id='word_1_206' title='bbox 1256 2066 1334 2118; x_wconf 80' lang='lat' dir='ltr'><strong>vir</strong></span> <span class='ocrx_word' id='word_1_207' title='bbox 1369 2066 1453 2119; x_wconf 93' lang='lat' dir='ltr'><strong>ille</strong></span> <span class='ocrx_word' id='word_1_208' title='bbox 1479 2107 1491 2128; x_wconf 95' lang='lat'><strong>,</strong></span> <span class='ocrx_word' id='word_1_209' title='bbox 1529 2074 1584 2118; x_wconf 93' lang='lat' dir='ltr'><strong>ut</strong></span> <span class='ocrx_word' id='word_1_210' title='bbox 1622 2076 1675 2120; x_wconf 90' lang='lat' dir='ltr'><strong>et</strong></span> <span class='ocrx_word' id='word_1_211' title='bbox 1718 2080 1910 2119; x_wconf 90' lang='lat' dir='ltr'><strong>nomen</strong></span> <span class='ocrx_word' id='word_1_212' title='bbox 1940 2063 2059 2132; x_wconf 86' lang='lat' dir='ltr'><strong>cjns&#39;</strong></span> <span class='ocrx_word' id='word_1_213' title='bbox 2082 2063 2264 2117; x_wconf 85' lang='lat' dir='ltr'><strong>titulus</strong></span> 
     </span>
    </p>
   </div>
   <div class='ocr_carea' id='block_1_27' title="bbox 678 2134 2259 2204">
    <p class='ocr_par' dir='ltr' id='par_1_27' title="bbox 678 2134 2259 2204">
     <span class='ocr_line' id='line_1_27' title="bbox 678 2134 2259 2204; baseline -0.004 -14"><span class='ocrx_word' id='word_1_214' title='bbox 678 2139 831 2191; x_wconf 88' lang='lat' dir='ltr'><strong>lieret</strong></span> <span class='ocrx_word' id='word_1_215' title='bbox 857 2137 1144 2204; x_wconf 72' lang='lat' dir='ltr'><strong>dignitatis.</strong></span> <span class='ocrx_word' id='word_1_216' title='bbox 1177 2137 1380 2189; x_wconf 84' lang='lat' dir='ltr'><strong>Etenim</strong></span> <span class='ocrx_word' id='word_1_217' title='bbox 1413 2150 1590 2203; x_wconf 67' lang='lat' dir='ltr'><strong>opera:</strong></span> <span class='ocrx_word' id='word_1_218' title='bbox 1631 2137 1855 2202; x_wconf 78' lang='lat' dir='ltr'><strong>pretium</strong></span> <span class='ocrx_word' id='word_1_219' title='bbox 1884 2145 1964 2188; x_wconf 87' lang='lat' dir='ltr'><strong>est</strong></span> <span class='ocrx_word' id='word_1_220' title='bbox 1998 2134 2259 2200; x_wconf 78' lang='lat' dir='ltr'><strong>intelliga-</strong></span> 
     </span>
    </p>
   </div>
   <div class='ocr_carea' id='block_1_28' title="bbox 681 2206 2260 2274">
    <p class='ocr_par' dir='ltr' id='par_1_28' title="bbox 681 2206 2260 2274">
     <span class='ocr_line' id='line_1_28' title="bbox 681 2206 2260 2274; baseline -0.003 -15"><span class='ocrx_word' id='word_1_221' title='bbox 681 2208 747 2259; x_wconf 85' lang='lat' dir='ltr'><strong>tis</strong></span> <span class='ocrx_word' id='word_1_222' title='bbox 791 2223 909 2260; x_wconf 87' lang='lat' dir='ltr'><strong>eum</strong></span> <span class='ocrx_word' id='word_1_223' title='bbox 953 2221 1122 2260; x_wconf 87' lang='lat' dir='ltr'><strong>annos</strong></span> <span class='ocrx_word' id='word_1_224' title='bbox 1164 2219 1260 2266; x_wconf 80' lang='lat' dir='ltr'><strong>sex</strong></span> <span class='ocrx_word' id='word_1_225' title='bbox 1302 2216 1356 2258; x_wconf 92' lang='lat' dir='ltr'><strong>et</strong></span> <span class='ocrx_word' id='word_1_226' title='bbox 1393 2206 1770 2274; x_wconf 77' lang='lat' dir='ltr'><strong>quinquaginta</strong></span> <span class='ocrx_word' id='word_1_227' title='bbox 1817 2220 2066 2274; x_wconf 79' lang='lat' dir='ltr'><strong>regnasse</strong></span> <span class='ocrx_word' id='word_1_228' title='bbox 2099 2217 2260 2274; x_wconf 74' lang='lat' dir='ltr'><strong>:_cuin</strong></span> 
     </span>
    </p>
   </div>
   <div class='ocr_carea' id='block_1_29' title="bbox 677 2272 2262 2346">
    <p class='ocr_par' dir='ltr' id='par_1_29' title="bbox 677 2272 2262 2346">
     <span class='ocr_line' id='line_1_29' title="bbox 677 2272 2262 2346; baseline -0.003 -18"><span class='ocrx_word' id='word_1_229' title='bbox 677 2293 805 2330; x_wconf 85' lang='lat' dir='ltr'><strong>vero</strong></span> <span class='ocrx_word' id='word_1_230' title='bbox 843 2277 976 2329; x_wconf 91' lang='lat' dir='ltr'><strong>duos</strong></span> <span class='ocrx_word' id='word_1_231' title='bbox 1009 2287 1060 2329; x_wconf 91' lang='lat' dir='ltr'><strong>et</strong></span> <span class='ocrx_word' id='word_1_232' title='bbox 1096 2272 1440 2343; x_wconf 81' lang='lat' dir='ltr'><strong>quadraginta</strong></span> <span class='ocrx_word' id='word_1_233' title='bbox 1477 2272 1650 2346; x_wconf 79' lang='lat' dir='ltr'><strong>annos</strong></span> <span class='ocrx_word' id='word_1_234' title='bbox 1672 2272 2083 2346; x_wconf 59' lang='lat' dir='ltr'><strong>complevisset,</strong></span> <span class='ocrx_word' id='word_1_235' title='bbox 2112 2272 2262 2346; x_wconf 87' lang='lat' dir='ltr'><strong>Chri-_</strong></span> 
     </span>
    </p>
   </div>
   <div class='ocr_carea' id='block_1_30' title="bbox 677 2342 2262 2415">
    <p class='ocr_par' dir='ltr' id='par_1_30' title="bbox 677 2342 2262 2415">
     <span class='ocr_line' id='line_1_30' title="bbox 677 2342 2262 2415; baseline -0.002 -16"><span class='ocrx_word' id='word_1_236' title='bbox 677 2357 792 2400; x_wconf 85' lang='lat' dir='ltr'><strong>stus</strong></span> <span class='ocrx_word' id='word_1_237' title='bbox 817 2348 1047 2399; x_wconf 82' lang='lat' dir='ltr'><strong>nascitur</strong></span> <span class='ocrx_word' id='word_1_238' title='bbox 1074 2364 1086 2398; x_wconf 89' lang='lat'>:</span> <span class='ocrx_word' id='word_1_239' title='bbox 1118 2348 1291 2415; x_wconf 84' lang='lat' dir='ltr'><strong>itaque</strong></span> <span class='ocrx_word' id='word_1_240' title='bbox 1307 2342 1486 2413; x_wconf 28' lang='lat' dir='ltr'><strong>’spatio</strong></span> <span class='ocrx_word' id='word_1_241' title='bbox 1509 2342 1811 2414; x_wconf 74' lang='lat' dir='ltr'><strong>quindecim</strong></span> <span class='ocrx_word' id='word_1_242' title='bbox 1832 2361 2089 2399; x_wconf 86' lang='lat' dir='ltr'><strong>annorum</strong></span> <span class='ocrx_word' id='word_1_243' title='bbox 2115 2342 2262 2415; x_wconf 67' lang='lat' dir='ltr'><strong>regni</strong></span> 
     </span>
    </p>
   </div>
   <div class='ocr_carea' id='block_1_31' title="bbox 678 2413 2263 2483">
    <p class='ocr_par' dir='ltr' id='par_1_31' title="bbox 678 2413 2263 2483">
     <span class='ocr_line' id='line_1_31' title="bbox 678 2413 2263 2483; baseline -0.002 -15"><span class='ocrx_word' id='word_1_244' title='bbox 678 2418 794 2483; x_wconf 83' lang='lat' dir='ltr'><strong>ejus</strong></span> <span class='ocrx_word' id='word_1_245' title='bbox 822 2416 1064 2469; x_wconf 76' lang='lat' dir='ltr'><strong>Christus</strong></span> <span class='ocrx_word' id='word_1_246' title='bbox 1089 2413 1360 2468; x_wconf 83' lang='lat' dir='ltr'><strong>educatur.</strong></span> <span class='ocrx_word' id='word_1_247' title='bbox 1395 2413 1662 2469; x_wconf 86' lang='lat' dir='ltr'><strong>Successit</strong></span> <span class='ocrx_word' id='word_1_248' title='bbox 1692 2427 1866 2470; x_wconf 86' lang='lat' dir='ltr'><strong>autem</strong></span> <span class='ocrx_word' id='word_1_249' title='bbox 1904 2421 2140 2480; x_wconf 67' lang='lat' dir='ltr'><strong>Augusto</strong></span> <span class='ocrx_word' id='word_1_250' title='bbox 2169 2413 2263 2483; x_wconf 43' lang='lat' dir='ltr'><strong>Ti-f</strong></span> 
     </span>
    </p>
   </div>
   <div class='ocr_carea' id='block_1_32' title="bbox 679 2482 2263 2555">
    <p class='ocr_par' dir='ltr' id='par_1_32' title="bbox 679 2482 2263 2555">
     <span class='ocr_line' id='line_1_32' title="bbox 679 2482 2263 2555; baseline -0.003 -15"><span class='ocrx_word' id='word_1_251' title='bbox 679 2482 896 2552; x_wconf 69' lang='lat' dir='ltr'><strong>uerius,</strong></span> <span class='ocrx_word' id='word_1_252' title='bbox 938 2496 988 2553; x_wconf 85' lang='lat' dir='ltr'><strong>et</strong></span> <span class='ocrx_word' id='word_1_253' title='bbox 1031 2487 1080 2538; x_wconf 92' lang='lat' dir='ltr'><strong>in</strong></span> <span class='ocrx_word' id='word_1_254' title='bbox 1118 2485 1326 2538; x_wconf 88' lang='lat' dir='ltr'><strong>decimo</strong></span> <span class='ocrx_word' id='word_1_255' title='bbox 1369 2495 1556 2540; x_wconf 88' lang='lat' dir='ltr'><strong>octavo</strong></span> <span class='ocrx_word' id='word_1_256' title='bbox 1599 2501 1739 2540; x_wconf 91' lang='lat' dir='ltr'><strong>anno</strong></span> <span class='ocrx_word' id='word_1_257' title='bbox 1778 2489 1923 2555; x_wconf 84' lang='lat' dir='ltr'><strong>regni</strong></span> <span class='ocrx_word' id='word_1_258' title='bbox 1963 2485 2156 2539; x_wconf 85' lang='lat' dir='ltr'><strong>Tiberii</strong></span> <span class='ocrx_word' id='word_1_259' title='bbox 2197 2482 2263 2536; x_wconf 88' lang='lat' dir='ltr'><strong>ad</strong></span> 
     </span>
    </p>
   </div>
   <div class='ocr_carea' id='block_1_33' title="bbox 678 2556 2264 2630">
    <p class='ocr_par' dir='ltr' id='par_1_33' title="bbox 678 2556 2264 2630">
     <span class='ocr_line' id='line_1_33' title="bbox 678 2556 2264 2630; baseline -0.001 -21"><span class='ocrx_word' id='word_1_260' title='bbox 678 2571 888 2630; x_wconf 81' lang='lat' dir='ltr'><strong>crucem</strong></span> <span class='ocrx_word' id='word_1_261' title='bbox 921 2557 1062 2630; x_wconf 69' lang='lat' dir='ltr'><strong>venit</strong></span> <span class='ocrx_word' id='word_1_262' title='bbox 1086 2596 1100 2618; x_wconf 93' lang='lat'><strong>,</strong></span> <span class='ocrx_word' id='word_1_263' title='bbox 1132 2563 1185 2608; x_wconf 93' lang='lat' dir='ltr'><strong>et</strong></span> <span class='ocrx_word' id='word_1_264' title='bbox 1213 2556 1444 2630; x_wconf 82' lang='lat' dir='ltr'><strong>patitur,</strong></span> <span class='ocrx_word' id='word_1_265' title='bbox 1483 2567 1538 2630; x_wconf 82' lang='lat' dir='ltr'><strong>et</strong></span> <span class='ocrx_word' id='word_1_266' title='bbox 1583 2557 1846 2630; x_wconf 83' lang='lat' dir='ltr'><strong>resurgit,</strong></span> <span class='ocrx_word' id='word_1_267' title='bbox 1880 2569 1964 2630; x_wconf 78' lang='lat' dir='ltr'><strong>_et_</strong></span> <span class='ocrx_word' id='word_1_268' title='bbox 1987 2557 2043 2630; x_wconf 84' lang='lat' dir='ltr'><strong>in_</strong></span> <span class='ocrx_word' id='word_1_269' title='bbox 2077 2556 2264 2630; x_wconf 75' lang='lat' dir='ltr'><strong>ctelum</strong></span> 
     </span>
    </p>
   </div>
   <div class='ocr_carea' id='block_1_34' title="bbox 678 2623 2264 2695">
    <p class='ocr_par' dir='ltr' id='par_1_34' title="bbox 678 2623 2264 2695">
     <span class='ocr_line' id='line_1_34' title="bbox 678 2623 2264 2695; baseline -0.001 -17"><span class='ocrx_word' id='word_1_270' title='bbox 678 2623 958 2680; x_wconf 50' lang='lat' dir='ltr'><strong>ascendit?</strong></span> <span class='ocrx_word' id='word_1_271' title='bbox 990 2629 1066 2678; x_wconf 83' lang='lat' dir='ltr'><strong>sic</strong></span> <span class='ocrx_word' id='word_1_272' title='bbox 1094 2638 1148 2678; x_wconf 90' lang='lat' dir='ltr'><strong>ut</strong></span> <span class='ocrx_word' id='word_1_273' title='bbox 1182 2627 1287 2678; x_wconf 87' lang='lat' dir='ltr'><strong>sint</strong></span> <span class='ocrx_word' id='word_1_274' title='bbox 1317 2627 1535 2695; x_wconf 76' lang='lat' dir='ltr'><strong>Augusti</strong></span> <span class='ocrx_word' id='word_1_275' title='bbox 1564 2623 1776 2695; x_wconf 81' lang='lat' dir='ltr'><strong>quidem</strong></span> <span class='ocrx_word' id='word_1_276' title='bbox 1805 2625 2102 2695; x_wconf 86' lang='lat' dir='ltr'><strong>quindecim</strong></span> <span class='ocrx_word' id='word_1_277' title='bbox 2124 2666 2138 2689; x_wconf 90' lang='lat'><strong>,</strong></span> <span class='ocrx_word' id='word_1_278' title='bbox 2172 2623 2264 2677; x_wconf 89' lang='lat' dir='ltr'><strong>Ti-</strong></span> 
     </span>
    </p>
   </div>
   <div class='ocr_carea' id='block_1_35' title="bbox 679 2693 2265 2762">
    <p class='ocr_par' dir='ltr' id='par_1_35' title="bbox 679 2693 2265 2762">
     <span class='ocr_line' id='line_1_35' title="bbox 679 2693 2265 2762; baseline 0.001 -14"><span class='ocrx_word' id='word_1_279' title='bbox 679 2695 810 2748; x_wconf 85' lang='lat' dir='ltr'><strong>berii</strong></span> <span class='ocrx_word' id='word_1_280' title='bbox 841 2707 1016 2748; x_wconf 85' lang='lat' dir='ltr'><strong>autem</strong></span> <span class='ocrx_word' id='word_1_281' title='bbox 1042 2695 1365 2759; x_wconf 85' lang='lat' dir='ltr'><strong>octodecim;</strong></span> <span class='ocrx_word' id='word_1_282' title='bbox 1395 2693 1549 2750; x_wconf 69' lang='lat' dir='ltr'><strong>Iesus</strong></span> <span class='ocrx_word' id='word_1_283' title='bbox 1577 2693 1702 2750; x_wconf 84' lang='lat' dir='ltr'><strong>vero</strong></span> <span class='ocrx_word' id='word_1_284' title='bbox 1730 2693 1942 2750; x_wconf 79' lang='lat' dir='ltr'><strong>Tiberio</strong></span> <span class='ocrx_word' id='word_1_285' title='bbox 1972 2696 2265 2762; x_wconf 86' lang='lat' dir='ltr'><strong>imperante</strong></span> 
     </span>
    </p>
   </div>
   <div class='ocr_carea' id='block_1_36' title="bbox 680 2765 2266 2834">
    <p class='ocr_par' dir='ltr' id='par_1_36' title="bbox 680 2765 2266 2834">
     <span class='ocr_line' id='line_1_36' title="bbox 680 2765 2266 2834; baseline -0.002 -17"><span class='ocrx_word' id='word_1_286' title='bbox 680 2781 800 2819; x_wconf 89' lang='lat' dir='ltr'><strong>cum</strong></span> <span class='ocrx_word' id='word_1_287' title='bbox 847 2781 1104 2818; x_wconf 90' lang='lat' dir='ltr'><strong>annorum</strong></span> <span class='ocrx_word' id='word_1_288' title='bbox 1149 2767 1357 2834; x_wconf 83' lang='lat' dir='ltr'><strong>triginta</strong></span> <span class='ocrx_word' id='word_1_289' title='bbox 1396 2775 1566 2830; x_wconf 80' lang='lat' dir='ltr'><strong>esset,</strong></span> <span class='ocrx_word' id='word_1_290' title='bbox 1609 2781 1757 2820; x_wconf 86' lang='lat' dir='ltr'><strong>suam</strong></span> <span class='ocrx_word' id='word_1_291' title='bbox 1799 2766 1936 2834; x_wconf 89' lang='lat' dir='ltr'><strong>apud</strong></span> <span class='ocrx_word' id='word_1_292' title='bbox 1977 2765 2266 2833; x_wconf 83' lang='lat' dir='ltr'><strong>discipulos</strong></span> 
     </span>
    </p>
   </div>
   <div class='ocr_carea' id='block_1_37' title="bbox 678 2834 2266 2905">
    <p class='ocr_par' dir='ltr' id='par_1_37' title="bbox 678 2834 2266 2905">
     <span class='ocr_line' id='line_1_37' title="bbox 678 2834 2266 2905; baseline 0.001 -16"><span class='ocrx_word' id='word_1_293' title='bbox 678 2834 1006 2889; x_wconf 79' lang='lat' dir='ltr'><strong>divinitatem</strong></span> <span class='ocrx_word' id='word_1_294' title='bbox 1054 2836 1372 2895; x_wconf 88' lang='lat' dir='ltr'><strong>declaravit,</strong></span> <span class='ocrx_word' id='word_1_295' title='bbox 1417 2851 1479 2888; x_wconf 90' lang='lat' dir='ltr'><strong>ac</strong></span> <span class='ocrx_word' id='word_1_296' title='bbox 1525 2852 1618 2905; x_wconf 89' lang='lat' dir='ltr'><strong>per</strong></span> <span class='ocrx_word' id='word_1_297' title='bbox 1662 2845 1772 2890; x_wconf 89' lang='lat' dir='ltr'><strong>tres</strong></span> <span class='ocrx_word' id='word_1_298' title='bbox 1809 2836 2060 2903; x_wconf 80' lang='lat' dir='ltr'><strong>deinceps</strong></span> <span class='ocrx_word' id='word_1_299' title='bbox 2096 2850 2266 2890; x_wconf 88' lang='lat' dir='ltr'><strong>annos</strong></span> 
     </span>
    </p>
   </div>
   <div class='ocr_carea' id='block_1_38' title="bbox 681 2905 2264 2974">
    <p class='ocr_par' dir='ltr' id='par_1_38' title="bbox 681 2905 2264 2974">
     <span class='ocr_line' id='line_1_38' title="bbox 681 2905 2264 2974; baseline -0.001 -15"><span class='ocrx_word' id='word_1_300' title='bbox 681 2906 983 2974; x_wconf 59' lang='lat' dir='ltr'><strong>praedicavit</strong></span> <span class='ocrx_word' id='word_1_301' title='bbox 1013 2922 1026 2956; x_wconf 92' lang='lat'><strong>:</strong></span> <span class='ocrx_word' id='word_1_302' title='bbox 1059 2905 1254 2973; x_wconf 87' lang='lat' dir='ltr'><strong>ubique</strong></span> <span class='ocrx_word' id='word_1_303' title='bbox 1291 2905 1550 2974; x_wconf 90' lang='lat' dir='ltr'><strong>siquidem</strong></span> <span class='ocrx_word' id='word_1_304' title='bbox 1578 2907 1894 2960; x_wconf 81' lang='lat' dir='ltr'><strong>venerabilis</strong></span> <span class='ocrx_word' id='word_1_305' title='bbox 1919 2906 2150 2960; x_wconf 82' lang='lat' dir='ltr'><strong>Trinitas</strong></span> <span class='ocrx_word' id='word_1_306' title='bbox 2177 2921 2264 2958; x_wconf 94' lang='lat' dir='ltr'><strong>oc-</strong></span> 
     </span>
    </p>
   </div>
   <div class='ocr_carea' id='block_1_39' title="bbox 682 2976 2270 3044">
    <p class='ocr_par' dir='ltr' id='par_1_39' title="bbox 682 2976 2270 3044">
     <span class='ocr_line' id='line_1_39' title="bbox 682 2976 2270 3044; baseline 0.001 -16"><span class='ocrx_word' id='word_1_307' title='bbox 682 2977 847 3029; x_wconf 89' lang='lat' dir='ltr'><strong>currit</strong></span> <span class='ocrx_word' id='word_1_308' title='bbox 879 2993 891 3027; x_wconf 91' lang='lat'>:</span> <span class='ocrx_word' id='word_1_309' title='bbox 921 2976 1266 3043; x_wconf 85' lang='lat' dir='ltr'><strong>quamobrem</strong></span> <span class='ocrx_word' id='word_1_310' title='bbox 1292 2991 1414 3028; x_wconf 91' lang='lat' dir='ltr'><strong>cum</strong></span> <span class='ocrx_word' id='word_1_311' title='bbox 1444 2989 1611 3028; x_wconf 85' lang='lat' dir='ltr'><strong>annos</strong></span> <span class='ocrx_word' id='word_1_312' title='bbox 1641 2986 1749 3030; x_wconf 88' lang='lat' dir='ltr'><strong>tres</strong></span> <span class='ocrx_word' id='word_1_313' title='bbox 1789 2977 2147 3044; x_wconf 64' lang='lat' dir='ltr'><strong>prtedicasset,</strong></span> <span class='ocrx_word' id='word_1_314' title='bbox 2177 2977 2270 3029; x_wconf 85' lang='lat' dir='ltr'><strong>de-</strong></span> 
     </span>
    </p>
   </div>
   <div class='ocr_carea' id='block_1_40' title="bbox 681 3045 2267 3112">
    <p class='ocr_par' dir='ltr' id='par_1_40' title="bbox 681 3045 2267 3112">
     <span class='ocr_line' id='line_1_40' title="bbox 681 3045 2267 3112; baseline 0.003 -15"><span class='ocrx_word' id='word_1_315' title='bbox 681 3047 822 3098; x_wconf 86' lang='lat' dir='ltr'><strong>cimo</strong></span> <span class='ocrx_word' id='word_1_316' title='bbox 851 3055 1038 3099; x_wconf 89' lang='lat' dir='ltr'><strong>octavo</strong></span> <span class='ocrx_word' id='word_1_317' title='bbox 1079 3045 1273 3098; x_wconf 89' lang='lat' dir='ltr'><strong>Tiberii</strong></span> <span class='ocrx_word' id='word_1_318' title='bbox 1313 3060 1454 3098; x_wconf 91' lang='lat' dir='ltr'><strong>anno</strong></span> <span class='ocrx_word' id='word_1_319' title='bbox 1491 3045 1555 3098; x_wconf 90' lang='lat' dir='ltr'><strong>ad</strong></span> <span class='ocrx_word' id='word_1_320' title='bbox 1598 3047 1903 3100; x_wconf 82' lang='lat' dir='ltr'><strong>Passionem</strong></span> <span class='ocrx_word' id='word_1_321' title='bbox 1937 3049 2112 3112; x_wconf 86' lang='lat' dir='ltr'><strong>venit,</strong></span> <span class='ocrx_word' id='word_1_322' title='bbox 2146 3062 2267 3101; x_wconf 88' lang='lat' dir='ltr'><strong>cum</strong></span> 
     </span>
    </p>
   </div>
   <div class='ocr_carea' id='block_1_41' title="bbox 680 3115 1756 3184">
    <p class='ocr_par' dir='ltr' id='par_1_41' title="bbox 680 3115 1756 3184">
     <span class='ocr_line' id='line_1_41' title="bbox 680 3115 1756 3184; baseline -0.002 -14"><span class='ocrx_word' id='word_1_323' title='bbox 680 3117 1129 3184; x_wconf 81' lang='lat' dir='ltr'><strong>dispensationem</strong></span> <span class='ocrx_word' id='word_1_324' title='bbox 1161 3117 1210 3167; x_wconf 92' lang='lat' dir='ltr'><strong>in</strong></span> <span class='ocrx_word' id='word_1_325' title='bbox 1241 3130 1402 3170; x_wconf 86' lang='lat' dir='ltr'><strong>carne</strong></span> <span class='ocrx_word' id='word_1_326' title='bbox 1431 3115 1756 3183; x_wconf 77' lang='lat' dir='ltr'><strong>perfecisset.</strong></span> 
     </span>
    </p>
   </div>
   <div class='ocr_carea' id='block_1_42' title="bbox 753 3185 2268 3254">
    <p class='ocr_par' dir='ltr' id='par_1_42' title="bbox 753 3185 2268 3254">
     <span class='ocr_line' id='line_1_42' title="bbox 753 3185 2268 3254; baseline 0 -15"><span class='ocrx_word' id='word_1_327' title='bbox 753 3187 804 3240; x_wconf 79' lang='lat'><strong>3.</strong></span> <span class='ocrx_word' id='word_1_328' title='bbox 835 3185 1041 3238; x_wconf 56' lang='lat' dir='ltr'><strong>Accidit</strong></span> <span class='ocrx_word' id='word_1_329' title='bbox 1056 3186 1210 3254; x_wconf 85' lang='lat' dir='ltr'><strong>igitur</strong></span> <span class='ocrx_word' id='word_1_330' title='bbox 1232 3185 1284 3237; x_wconf 88' lang='lat' dir='ltr'><strong>in</strong></span> <span class='ocrx_word' id='word_1_331' title='bbox 1310 3187 1412 3238; x_wconf 90' lang='lat' dir='ltr'><strong>illis</strong></span> <span class='ocrx_word' id='word_1_332' title='bbox 1441 3185 1633 3247; x_wconf 71' lang='lat' dir='ltr'><strong>diebus,</strong></span> <span class='ocrx_word' id='word_1_333' title='bbox 1667 3186 2116 3240; x_wconf 85' lang='lat' dir='ltr'><strong>utad-lectionem</strong></span> <span class='ocrx_word' id='word_1_334' title='bbox 2145 3185 2268 3239; x_wconf 85' lang='lat' dir='ltr'><strong>red-</strong></span> 
     </span>
    </p>
   </div>
   <div class='ocr_carea' id='block_1_43' title="bbox 680 3255 2272 3326">
    <p class='ocr_par' dir='ltr' id='par_1_43' title="bbox 680 3255 2272 3326">
     <span class='ocr_line' id='line_1_43' title="bbox 680 3255 2272 3326; baseline -0.001 -15"><span class='ocrx_word' id='word_1_335' title='bbox 680 3271 887 3316; x_wconf 82' lang='lat' dir='ltr'><strong>eamus,</strong></span> <span class='ocrx_word' id='word_1_336' title='bbox 917 3257 1035 3308; x_wconf 77' lang='lat' dir='ltr'><strong>exiit</strong></span> <span class='ocrx_word' id='word_1_337' title='bbox 1063 3257 1332 3326; x_wconf 74' lang='lat' dir='ltr'><strong>edictuma</strong></span> <span class='ocrx_word' id='word_1_338' title='bbox 1356 3255 1554 3309; x_wconf 73' lang='grc' dir='ltr'><strong>ϐωδανε</strong></span> <span class='ocrx_word' id='word_1_339' title='bbox 1577 3257 1803 3326; x_wconf 79' lang='lat' dir='ltr'><strong>Augusto</strong></span> <span class='ocrx_word' id='word_1_340' title='bbox 1826 3298 1840 3322; x_wconf 92' lang='lat'><strong>,</strong></span> <span class='ocrx_word' id='word_1_341' title='bbox 1892 3267 1945 3309; x_wconf 85' lang='lat' dir='ltr'><strong>ut</strong></span> <span class='ocrx_word' id='word_1_342' title='bbox 1971 3256 2272 3310; x_wconf 84' lang='lat' dir='ltr'><strong>describere-</strong></span> 
     </span>
    </p>
   </div>
   <div class='ocr_carea' id='block_1_44' title="bbox 685 3324 2269 3397">
    <p class='ocr_par' dir='ltr' id='par_1_44' title="bbox 685 3324 2269 3397">
     <span class='ocr_line' id='line_1_44' title="bbox 685 3324 2269 3397; baseline 0.002 -19"><span class='ocrx_word' id='word_1_343' title='bbox 685 3337 766 3378; x_wconf 84' lang='lat' dir='ltr'><strong>tur</strong></span> <span class='ocrx_word' id='word_1_344' title='bbox 809 3328 1064 3397; x_wconf 84' lang='lat' dir='ltr'><strong>universus</strong></span> <span class='ocrx_word' id='word_1_345' title='bbox 1106 3324 1425 3396; x_wconf 71' lang='lat' dir='ltr'><strong>orbileuc.</strong></span> <span class='ocrx_word' id='word_1_346' title='bbox 1464 3326 1517 3379; x_wconf 75' lang='lat'><strong>2.</strong></span> <span class='ocrx_word' id='word_1_347' title='bbox 1558 3324 1804 3397; x_wconf 35' lang='lat' dir='ltr'><strong>i).’ll:ec</strong></span> <span class='ocrx_word' id='word_1_348' title='bbox 1831 3328 2115 3397; x_wconf 87' lang='lat' dir='ltr'><strong>descriptio</strong></span> <span class='ocrx_word' id='word_1_349' title='bbox 2155 3327 2269 3395; x_wconf 86' lang='lat' dir='ltr'><strong>ipsa</strong></span> 
     </span>
    </p>
   </div>
   <div class='ocr_carea' id='block_1_45' title="bbox 684 3396 2266 3464">
    <p class='ocr_par' dir='ltr' id='par_1_45' title="bbox 684 3396 2266 3464">
     <span class='ocr_line' id='line_1_45' title="bbox 684 3396 2266 3464; baseline -0.002 -14"><span class='ocrx_word' id='word_1_350' title='bbox 684 3411 860 3450; x_wconf 91' lang='lat' dir='ltr'><strong>rerum</strong></span> <span class='ocrx_word' id='word_1_351' title='bbox 886 3409 965 3449; x_wconf 86' lang='lat' dir='ltr'><strong>est</strong></span> <span class='ocrx_word' id='word_1_352' title='bbox 992 3396 1303 3460; x_wconf 83' lang='lat' dir='ltr'><strong>declaratin,</strong></span> <span class='ocrx_word' id='word_1_353' title='bbox 1333 3399 1498 3464; x_wconf 91' lang='lat' dir='ltr'><strong>prima</strong></span> <span class='ocrx_word' id='word_1_354' title='bbox 1525 3396 1611 3452; x_wconf 88' lang='lat' dir='ltr'><strong>est</strong></span> <span class='ocrx_word' id='word_1_355' title='bbox 1628 3398 1865 3451; x_wconf 83' lang='lat' dir='ltr'><strong>veritatis</strong></span> <span class='ocrx_word' id='word_1_356' title='bbox 1891 3396 2266 3460; x_wconf 85' lang='lat' dir='ltr'><strong>manifestatio,</strong></span> 
     </span>
    </p>
   </div>
   <div class='ocr_carea' id='block_1_46' title="bbox 685 3465 2272 3536">
    <p class='ocr_par' dir='ltr' id='par_1_46' title="bbox 685 3465 2272 3536">
     <span class='ocr_line' id='line_1_46' title="bbox 685 3465 2272 3536; baseline 0.002 -18"><span class='ocrx_word' id='word_1_357' title='bbox 685 3477 742 3518; x_wconf 90' lang='grc' dir='ltr'><strong>ιιι</strong></span> <span class='ocrx_word' id='word_1_358' title='bbox 776 3482 842 3518; x_wconf 91' lang='lat' dir='ltr'><strong>ne</strong></span> <span class='ocrx_word' id='word_1_359' title='bbox 871 3465 1355 3536; x_wconf 75' lang='lat' dir='ltr'><strong>gentishuniannin</strong></span> <span class='ocrx_word' id='word_1_360' title='bbox 1384 3481 1571 3536; x_wconf 84' lang='lat' dir='ltr'><strong>vagum</strong></span> <span class='ocrx_word' id='word_1_361' title='bbox 1600 3477 1742 3521; x_wconf 80' lang='lat' dir='ltr'><strong>erret</strong></span> <span class='ocrx_word' id='word_1_362' title='bbox 1770 3485 1782 3520; x_wconf 94' lang='lat'><strong>:</strong></span> <span class='ocrx_word' id='word_1_363' title='bbox 1814 3468 1928 3521; x_wconf 71' lang='lat' dir='ltr'><strong>hare</strong></span> <span class='ocrx_word' id='word_1_364' title='bbox 1949 3477 2044 3520; x_wconf 69' lang='lat' dir='ltr'><strong>&#39;est</strong></span> <span class='ocrx_word' id='word_1_365' title='bbox 2073 3467 2272 3521; x_wconf 87' lang='lat' dir='ltr'><strong>descri-</strong></span> 
     </span>
    </p>
   </div>
   <div class='ocr_carea' id='block_1_47' title="bbox 686 3535 2274 3606">
    <p class='ocr_par' dir='ltr' id='par_1_47' title="bbox 686 3535 2274 3606">
     <span class='ocr_line' id='line_1_47' title="bbox 686 3535 2274 3606; baseline 0.003 -18"><span class='ocrx_word' id='word_1_366' title='bbox 686 3539 794 3604; x_wconf 86' lang='lat' dir='ltr'><strong>ptio</strong></span> <span class='ocrx_word' id='word_1_367' title='bbox 823 3539 1009 3603; x_wconf 85' lang='lat' dir='ltr'><strong>printa.</strong></span> <span class='ocrx_word' id='word_1_368' title='bbox 1042 3535 1175 3606; x_wconf 80' lang='lat' dir='ltr'><strong>Num</strong></span> <span class='ocrx_word' id='word_1_369' title='bbox 1209 3538 1303 3604; x_wconf 84' lang='lat' dir='ltr'><strong>ipsi</strong></span> <span class='ocrx_word' id='word_1_370' title='bbox 1337 3536 1436 3589; x_wconf 88' lang='lat' dir='ltr'><strong>hoc</strong></span> <span class='ocrx_word' id='word_1_371' title='bbox 1465 3535 1792 3592; x_wconf 84' lang='lat' dir='ltr'><strong>reticuerunt</strong></span> <span class='ocrx_word' id='word_1_372' title='bbox 1827 3539 2141 3606; x_wconf 66' lang='lat' dir='ltr'><strong>prophetae?</strong></span> <span class='ocrx_word' id='word_1_373' title='bbox 2169 3537 2274 3592; x_wconf 82' lang='lat' dir='ltr'><strong>Re-</strong></span> 
     </span>
    </p>
   </div>
   <div class='ocr_carea' id='block_1_48' title="bbox 685 3605 2272 3672">
    <p class='ocr_par' dir='ltr' id='par_1_48' title="bbox 685 3605 2272 3672">
     <span class='ocr_line' id='line_1_48' title="bbox 685 3605 2272 3672; baseline 0.003 -13"><span class='ocrx_word' id='word_1_374' title='bbox 685 3620 962 3659; x_wconf 83' lang='lat' dir='ltr'><strong>curranins</strong></span> <span class='ocrx_word' id='word_1_375' title='bbox 1004 3607 1068 3657; x_wconf 87' lang='lat' dir='ltr'><strong>ad</strong></span> <span class='ocrx_word' id='word_1_376' title='bbox 1121 3605 1516 3660; x_wconf 86' lang='lat' dir='ltr'><strong>Testamentum</strong></span> <span class='ocrx_word' id='word_1_377' title='bbox 1553 3606 1753 3672; x_wconf 79' lang='lat' dir='ltr'><strong>Vetus,</strong></span> <span class='ocrx_word' id='word_1_378' title='bbox 1799 3615 1855 3661; x_wconf 91' lang='lat' dir='ltr'><strong>et</strong></span> <span class='ocrx_word' id='word_1_379' title='bbox 1901 3605 1986 3661; x_wconf 84' lang='lat' dir='ltr'><strong>res</strong></span> <span class='ocrx_word' id='word_1_380' title='bbox 2026 3606 2272 3663; x_wconf 87' lang='lat' dir='ltr'><strong>Judaicas</strong></span> 
     </span>
    </p>
   </div>
   <div class='ocr_carea' id='block_1_49' title="bbox 686 3675 2270 3745">
    <p class='ocr_par' dir='ltr' id='par_1_49' title="bbox 686 3675 2270 3745">
     <span class='ocr_line' id='line_1_49' title="bbox 686 3675 2270 3745; baseline 0.004 -19"><span class='ocrx_word' id='word_1_381' title='bbox 686 3676 942 3730; x_wconf 84' lang='lat' dir='ltr'><strong>adversus</strong></span> <span class='ocrx_word' id='word_1_382' title='bbox 993 3675 1295 3729; x_wconf 63' lang='lat' dir='ltr'><strong>Judmorum</strong></span> <span class='ocrx_word' id='word_1_383' title='bbox 1358 3676 2270 3745; x_wconf 80' lang='lat' dir='ltr'><strong>incredulitatem_pervestigemus.</strong></span> 
     </span>
    </p>
   </div>
   <div class='ocr_carea' id='block_1_50' title="bbox 687 3739 2270 3817">
    <p class='ocr_par' dir='ltr' id='par_1_50' title="bbox 687 3739 2270 3817">
     <span class='ocr_line' id='line_1_50' title="bbox 687 3739 2270 3817; baseline 0.001 -18"><span class='ocrx_word' id='word_1_384' title='bbox 687 3746 898 3817; x_wconf 80' lang='lat' dir='ltr'><strong>Testem</strong></span> <span class='ocrx_word' id='word_1_385' title='bbox 943 3747 1070 3798; x_wconf 89' lang='lat' dir='ltr'><strong>mihi</strong></span> <span class='ocrx_word' id='word_1_386' title='bbox 1117 3747 1317 3800; x_wconf 85' lang='lat' dir='ltr'><strong>advoco</strong></span> <span class='ocrx_word' id='word_1_387' title='bbox 1360 3749 1527 3801; x_wconf 90' lang='lat' dir='ltr'><strong>virum</strong></span> <span class='ocrx_word' id='word_1_388' title='bbox 1572 3748 1676 3800; x_wconf 83' lang='lat' dir='ltr'><strong>ﬁde</strong></span> <span class='ocrx_word' id='word_1_389' title='bbox 1714 3739 1928 3817; x_wconf 48' lang='lat' dir='ltr'><strong>dig&#39;n&#39;um</strong></span> <span class='ocrx_word' id='word_1_390' title='bbox 1979 3739 2227 3802; x_wconf 63' lang='lat' dir='ltr'><strong>Davidem</strong></span> <span class='ocrx_word' id='word_1_391' title='bbox 2254 3789 2270 3814; x_wconf 94' lang='lat'><strong>,</strong></span> 
     </span>
    </p>
   </div>
   <div class='ocr_carea' id='block_1_51' title="bbox 685 3815 2274 3886">
    <p class='ocr_par' dir='ltr' id='par_1_51' title="bbox 685 3815 2274 3886">
     <span class='ocr_line' id='line_1_51' title="bbox 685 3815 2274 3886; baseline 0.002 -17"><span class='ocrx_word' id='word_1_392' title='bbox 685 3815 886 3886; x_wconf 67' lang='lat' dir='ltr'><strong>Juda-is</strong></span> <span class='ocrx_word' id='word_1_393' title='bbox 909 3817 1121 3884; x_wconf 86' lang='lat' dir='ltr'><strong>quidem</strong></span> <span class='ocrx_word' id='word_1_394' title='bbox 1150 3817 1231 3868; x_wconf 89' lang='lat' dir='ltr'><strong>vel</strong></span> <span class='ocrx_word' id='word_1_395' title='bbox 1259 3817 1369 3869; x_wconf 90' lang='lat' dir='ltr'><strong>sola</strong></span> <span class='ocrx_word' id='word_1_396' title='bbox 1397 3818 1510 3886; x_wconf 84' lang='lat' dir='ltr'><strong>ejus</strong></span> <span class='ocrx_word' id='word_1_397' title='bbox 1538 3815 1805 3872; x_wconf 80' lang='lat' dir='ltr'><strong>mentione</strong></span> <span class='ocrx_word' id='word_1_398' title='bbox 1836 3819 1970 3872; x_wconf 80' lang='lat' dir='ltr'><strong>facta</strong></span> <span class='ocrx_word' id='word_1_399' title='bbox 1998 3820 2274 3872; x_wconf 79' lang='lat' dir='ltr'><strong>venerabi—</strong></span> 
     </span>
    </p>
   </div>
   <div class='ocr_carea' id='block_1_52' title="bbox 689 3885 2276 3957">
    <p class='ocr_par' dir='ltr' id='par_1_52' title="bbox 689 3885 2276 3957">
     <span class='ocr_line' id='line_1_52' title="bbox 689 3885 2276 3957; baseline 0.001 -18"><span class='ocrx_word' id='word_1_400' title='bbox 689 3885 815 3957; x_wconf 78' lang='lat' dir='ltr'><strong>lein,</strong></span> <span class='ocrx_word' id='word_1_401' title='bbox 841 3886 1092 3957; x_wconf 54' lang='lat' dir='ltr'><strong>Ecclesia:</strong></span> <span class='ocrx_word' id='word_1_402' title='bbox 1117 3901 1243 3940; x_wconf 91' lang='lat' dir='ltr'><strong>vero</strong></span> <span class='ocrx_word' id='word_1_403' title='bbox 1270 3887 1370 3939; x_wconf 85' lang='lat' dir='ltr'><strong>tide</strong></span> <span class='ocrx_word' id='word_1_404' title='bbox 1399 3889 1634 3955; x_wconf 83' lang='lat' dir='ltr'><strong>dignum.</strong></span> <span class='ocrx_word' id='word_1_405' title='bbox 1661 3890 1794 3954; x_wconf 82' lang='lat' dir='ltr'><strong>Quid</strong></span> <span class='ocrx_word' id='word_1_406' title='bbox 1822 3904 1948 3956; x_wconf 80' lang='lat' dir='ltr'><strong>ergo</strong></span> <span class='ocrx_word' id='word_1_407' title='bbox 1979 3889 2147 3957; x_wconf 90' lang='lat' dir='ltr'><strong>inquit</strong></span> <span class='ocrx_word' id='word_1_408' title='bbox 2177 3890 2276 3941; x_wconf 86' lang='lat' dir='ltr'><strong>Da-</strong></span> 
     </span>
    </p>
   </div>
   <div class='ocr_carea' id='block_1_53' title="bbox 691 3955 2276 4027">
    <p class='ocr_par' dir='ltr' id='par_1_53' title="bbox 691 3955 2276 4027">
     <span class='ocr_line' id='line_1_53' title="bbox 691 3955 2276 4027; baseline 0.002 -20"><span class='ocrx_word' id='word_1_409' title='bbox 691 3955 815 4008; x_wconf 84' lang='lat' dir='ltr'><strong>vid?</strong></span> <span class='ocrx_word' id='word_1_410' title='bbox 847 3955 1090 4008; x_wconf 79' lang='lat' dir='ltr'><strong>Dominus</strong></span> <span class='ocrx_word' id='word_1_411' title='bbox 1117 3957 1341 4027; x_wconf 75' lang='lat' dir='ltr'><strong>uarrabit</strong></span> <span class='ocrx_word' id='word_1_412' title='bbox 1363 3957 1418 4027; x_wconf 66' lang='lat' dir='ltr'><strong>iri</strong></span> <span class='ocrx_word' id='word_1_413' title='bbox 1438 3959 1688 4024; x_wconf 85' lang='lat' dir='ltr'><strong>scriptura</strong></span> <span class='ocrx_word' id='word_1_414' title='bbox 1727 3955 2027 4027; x_wconf 85' lang='lat' dir='ltr'><strong>populorum</strong></span> <span class='ocrx_word' id='word_1_415' title='bbox 2055 3955 2103 4011; x_wconf 78' lang='lat' dir='ltr'><strong>et</strong></span> <span class='ocrx_word' id='word_1_416' title='bbox 2133 3959 2276 4025; x_wconf 85' lang='lat' dir='ltr'><strong>prin-</strong></span> 
     </span>
    </p>
   </div>
   <div class='ocr_carea' id='block_1_54' title="bbox 686 4023 2275 4097">
    <p class='ocr_par' dir='ltr' id='par_1_54' title="bbox 686 4023 2275 4097">
     <span class='ocr_line' id='line_1_54' title="bbox 686 4023 2275 4097; baseline 0.003 -21"><span class='ocrx_word' id='word_1_417' title='bbox 686 4027 854 4097; x_wconf 73' lang='lat' dir='ltr'><strong>cipunt</strong></span> <span class='ocrx_word' id='word_1_418' title='bbox 880 4028 1058 4097; x_wconf 83' lang='lat' dir='ltr'><strong>horum</strong></span> <span class='ocrx_word' id='word_1_419' title='bbox 1081 4023 1365 4097; x_wconf 83' lang='lat' dir='ltr'><strong>(Psat._86.</strong></span> <span class='ocrx_word' id='word_1_420' title='bbox 1391 4023 1619 4097; x_wconf 59' lang='lat' dir='ltr'><strong>6)._Hiec</strong></span> <span class='ocrx_word' id='word_1_421' title='bbox 1645 4023 1767 4080; x_wconf 86' lang='lat' dir='ltr'><strong>sunt</strong></span> <span class='ocrx_word' id='word_1_422' title='bbox 1794 4023 1950 4081; x_wconf 83' lang='lat' dir='ltr'><strong>verba</strong></span> <span class='ocrx_word' id='word_1_423' title='bbox 1978 4023 2275 4097; x_wconf 45' lang='lat' dir='ltr'><strong>prophetae,</strong></span> 
     </span>
    </p>
   </div>
   <div class='ocr_carea' id='block_1_55' title="bbox 692 4095 2279 4166">
    <p class='ocr_par' dir='ltr' id='par_1_55' title="bbox 692 4095 2279 4166">
     <span class='ocr_line' id='line_1_55' title="bbox 692 4095 2279 4166; baseline 0.001 -18"><span class='ocrx_word' id='word_1_424' title='bbox 692 4096 804 4166; x_wconf 74' lang='lat' dir='ltr'><strong>lucc</strong></span> <span class='ocrx_word' id='word_1_425' title='bbox 818 4095 1227 4166; x_wconf 79' lang='lat' dir='ltr'><strong>Evangelii_sunt</strong></span> <span class='ocrx_word' id='word_1_426' title='bbox 1249 4095 1380 4149; x_wconf 76' lang='lat' dir='ltr'><strong>facta</strong></span> <span class='ocrx_word' id='word_1_427' title='bbox 1405 4115 1415 4148; x_wconf 91' lang='lat'><strong>:</strong></span> <span class='ocrx_word' id='word_1_428' title='bbox 1445 4095 1570 4150; x_wconf 68' lang='lat' dir='ltr'><strong>Hac</strong></span> <span class='ocrx_word' id='word_1_429' title='bbox 1594 4099 1862 4166; x_wconf 77' lang='lat' dir='ltr'><strong>descriptio</strong></span> <span class='ocrx_word' id='word_1_430' title='bbox 1885 4095 2279 4166; x_wconf 40' lang='lat' dir='ltr'><strong>primm—Ascen-</strong></span> 
     </span>
    </p>
   </div>
   <div class='ocr_carea' id='block_1_56' title="bbox 691 4163 2279 4234">
    <p class='ocr_par' dir='ltr' id='par_1_56' title="bbox 691 4163 2279 4234">
     <span class='ocr_line' id='line_1_56' title="bbox 691 4163 2279 4234; baseline 0.003 -18"><span class='ocrx_word' id='word_1_431' title='bbox 691 4165 764 4217; x_wconf 90' lang='lat' dir='ltr'><strong>dit</strong></span> <span class='ocrx_word' id='word_1_432' title='bbox 802 4163 1041 4234; x_wconf 73' lang='lat' dir='ltr'><strong>autemet</strong></span> <span class='ocrx_word' id='word_1_433' title='bbox 1069 4163 1291 4234; x_wconf 71' lang='lat' dir='ltr'><strong>Ioseph,</strong></span> <span class='ocrx_word' id='word_1_434' title='bbox 1327 4166 1522 4232; x_wconf 87' lang='lat' dir='ltr'><strong>inquit,</strong></span> <span class='ocrx_word' id='word_1_435' title='bbox 1551 4184 1582 4219; x_wconf 90' lang='lat' dir='ltr'><strong>a</strong></span> <span class='ocrx_word' id='word_1_436' title='bbox 1609 4163 1822 4221; x_wconf 66' lang='lat' dir='ltr'><strong>Galilasa</strong></span> <span class='ocrx_word' id='word_1_437' title='bbox 1850 4163 1913 4221; x_wconf 74' lang='lat' dir='ltr'><strong>ea:</strong></span> <span class='ocrx_word' id='word_1_438' title='bbox 1937 4169 2134 4221; x_wconf 81' lang='lat' dir='ltr'><strong>civitate</strong></span> <span class='ocrx_word' id='word_1_439' title='bbox 2161 4166 2279 4220; x_wconf 84' lang='lat' dir='ltr'><strong>Na-</strong></span> 
     </span>
    </p>
   </div>
   <div class='ocr_carea' id='block_1_57' title="bbox 689 4233 2281 4310">
    <p class='ocr_par' dir='ltr' id='par_1_57' title="bbox 689 4233 2281 4310">
     <span class='ocr_line' id='line_1_57' title="bbox 689 4233 2281 4310; baseline 0.004 -25"><span class='ocrx_word' id='word_1_440' title='bbox 689 4235 951 4310; x_wconf 40' lang='lat' dir='ltr'><strong>inretiat.&quot;</strong></span> <span class='ocrx_word' id='word_1_441' title='bbox 997 4233 1248 4310; x_wconf 32' lang='lat' dir='ltr'><strong>Judwam‘</strong></span> <span class='ocrx_word' id='word_1_442' title='bbox 1281 4237 1334 4287; x_wconf 87' lang='lat' dir='ltr'><strong>in</strong></span> <span class='ocrx_word' id='word_1_443' title='bbox 1381 4238 1626 4310; x_wconf 81' lang='lat' dir='ltr'><strong>civitatem</strong></span> <span class='ocrx_word' id='word_1_444' title='bbox 1675 4238 1844 4290; x_wconf 82' lang='lat' dir='ltr'><strong>Dauid</strong></span> <span class='ocrx_word' id='word_1_445' title='bbox 1865 4255 2033 4310; x_wconf 10' lang='lat' dir='ltr'><strong>,rqut‘e</strong></span> <span class='ocrx_word' id='word_1_446' title='bbox 2073 4250 2281 4310; x_wconf 83' lang='lat' dir='ltr'><strong>vocatur</strong></span> 
     </span>
    </p>
   </div>
   <div class='ocr_carea' id='block_1_58' title="bbox 691 4303 2280 4378">
    <p class='ocr_par' dir='ltr' id='par_1_58' title="bbox 691 4303 2280 4378">
     <span class='ocr_line' id='line_1_58' title="bbox 691 4303 2280 4378; baseline 0.003 -22"><span class='ocrx_word' id='word_1_447' title='bbox 691 4303 999 4378; x_wconf 65' lang='lat' dir='ltr'><strong>Battle/tem.</strong></span> <span class='ocrx_word' id='word_1_448' title='bbox 1028 4321 1090 4378; x_wconf 85' lang='lat' dir='ltr'><strong>eo</strong></span> <span class='ocrx_word' id='word_1_449' title='bbox 1107 4306 1248 4378; x_wconf 76' lang='lat' dir='ltr'><strong>quod</strong></span> <span class='ocrx_word' id='word_1_450' title='bbox 1276 4315 1398 4378; x_wconf 75' lang='lat' dir='ltr'><strong>esset</strong></span> <span class='ocrx_word' id='word_1_451' title='bbox 1427 4307 1488 4359; x_wconf 88' lang='lat' dir='ltr'><strong>de</strong></span> <span class='ocrx_word' id='word_1_452' title='bbox 1516 4307 1662 4361; x_wconf 88' lang='lat' dir='ltr'><strong>domo</strong></span> <span class='ocrx_word' id='word_1_453' title='bbox 1690 4318 1733 4361; x_wconf 86' lang='lat' dir='ltr'><strong>et</strong></span> <span class='ocrx_word' id='word_1_454' title='bbox 1764 4303 1958 4378; x_wconf 80' lang='lat' dir='ltr'><strong>familia</strong></span> <span class='ocrx_word' id='word_1_455' title='bbox 1987 4307 2154 4361; x_wconf 81' lang='lat' dir='ltr'><strong>Dauid</strong></span> <span class='ocrx_word' id='word_1_456' title='bbox 2183 4324 2200 4360; x_wconf 91' lang='lat'><em>:</em></span> <span class='ocrx_word' id='word_1_457' title='bbox 2226 4317 2280 4360; x_wconf 88' lang='lat' dir='ltr'><strong>ut</strong></span> 
     </span>
    </p>
   </div>
   <div class='ocr_carea' id='block_1_59' title="bbox 693 4375 2279 4446">
    <p class='ocr_par' dir='ltr' id='par_1_59' title="bbox 693 4375 2279 4446">
     <span class='ocr_line' id='line_1_59' title="bbox 693 4375 2279 4446; baseline 0.004 -20"><span class='ocrx_word' id='word_1_458' title='bbox 693 4375 1053 4446; x_wconf 70' lang='lat' dir='ltr'><strong>describeretur</strong></span> <span class='ocrx_word' id='word_1_459' title='bbox 1077 4377 1179 4446; x_wconf 87' lang='lat' dir='ltr'><strong>illic</strong></span> <span class='ocrx_word' id='word_1_460' title='bbox 1197 4392 1314 4446; x_wconf 67' lang='lat' dir='ltr'><strong>cum</strong></span> <span class='ocrx_word' id='word_1_461' title='bbox 1342 4375 1509 4429; x_wconf 78' lang='lat' dir='ltr'><strong>Maria</strong></span> <span class='ocrx_word' id='word_1_462' title='bbox 1535 4375 1835 4446; x_wconf 77' lang='lat' dir='ltr'><strong>desponsata</strong></span> <span class='ocrx_word' id='word_1_463' title='bbox 1855 4379 1950 4431; x_wconf 86' lang='lat' dir='ltr'><strong>sibi</strong></span> <span class='ocrx_word' id='word_1_464' title='bbox 1967 4396 2124 4432; x_wconf 76' lang='lat' dir='ltr'><strong>uxore</strong></span> <span class='ocrx_word' id='word_1_465' title='bbox 2145 4394 2279 4446; x_wconf 71' lang='lat' dir='ltr'><strong>pra:-</strong></span> 
     </span>
    </p>
   </div>
   <div class='ocr_carea' id='block_1_60' title="bbox 691 4443 2280 4519">
    <p class='ocr_par' dir='ltr' id='par_1_60' title="bbox 691 4443 2280 4519">
     <span class='ocr_line' id='line_1_60' title="bbox 691 4443 2280 4519; baseline 0.004 -23"><span class='ocrx_word' id='word_1_466' title='bbox 691 4457 874 4514; x_wconf 86' lang='lat' dir='ltr'><strong>guante</strong></span> <span class='ocrx_word' id='word_1_467' title='bbox 900 4443 1065 4519; x_wconf 3' lang='lat' dir='ltr'><strong>(pLuc.</strong></span> <span class='ocrx_word' id='word_1_468' title='bbox 1094 4445 1148 4519; x_wconf 63' lang='grc' dir='ltr'><strong>2ἒ</strong></span> <span class='ocrx_word' id='word_1_469' title='bbox 1187 4444 1323 4519; x_wconf 58' lang='grc'><strong>2.-4.</strong></span> <span class='ocrx_word' id='word_1_470' title='bbox 1356 4458 1399 4498; x_wconf 82' lang='grc' dir='ltr'>ει</span> <span class='ocrx_word' id='word_1_471' title='bbox 1425 4448 1512 4519; x_wconf 71' lang='grc' dir='ltr'><strong>Ἰ).</strong></span> <span class='ocrx_word' id='word_1_472' title='bbox 1545 4443 1674 4500; x_wconf 80' lang='lat' dir='ltr'><strong>Nam</strong></span> <span class='ocrx_word' id='word_1_473' title='bbox 1708 4450 1759 4501; x_wconf 92' lang='lat' dir='ltr'><strong>in</strong></span> <span class='ocrx_word' id='word_1_474' title='bbox 1789 4449 1915 4501; x_wconf 90' lang='lat' dir='ltr'><strong>solis</strong></span> <span class='ocrx_word' id='word_1_475' title='bbox 1941 4443 2280 4517; x_wconf 85' lang='lat' dir='ltr'><strong>sponsalibus</strong></span> 
     </span>
    </p>
   </div>
   <div class='ocr_carea' id='block_1_61' title="bbox 692 4513 2280 4585">
    <p class='ocr_par' dir='ltr' id='par_1_61' title="bbox 692 4513 2280 4585">
     <span class='ocr_line' id='line_1_61' title="bbox 692 4513 2280 4585; baseline 0.004 -18"><span class='ocrx_word' id='word_1_476' title='bbox 692 4513 975 4580; x_wconf 79' lang='lat' dir='ltr'><strong>Conceptio‘</strong></span> <span class='ocrx_word' id='word_1_477' title='bbox 999 4515 1194 4568; x_wconf 79' lang='lat' dir='ltr'><strong>evenit.</strong></span> <span class='ocrx_word' id='word_1_478' title='bbox 1231 4513 1446 4568; x_wconf 81' lang='lat' dir='ltr'><strong>Factum</strong></span> <span class='ocrx_word' id='word_1_479' title='bbox 1475 4513 1546 4570; x_wconf 86' lang='lat' dir='ltr'><strong>est</strong></span> <span class='ocrx_word' id='word_1_480' title='bbox 1575 4528 1740 4571; x_wconf 83' lang='lat' dir='ltr'><strong>autent</strong></span> <span class='ocrx_word' id='word_1_481' title='bbox 1769 4535 1883 4571; x_wconf 88' lang='lat' dir='ltr'><strong>cum</strong></span> <span class='ocrx_word' id='word_1_482' title='bbox 1912 4513 2070 4573; x_wconf 79' lang='lat' dir='ltr'><strong>essent</strong></span> <span class='ocrx_word' id='word_1_483' title='bbox 2105 4519 2201 4585; x_wconf 87' lang='lat' dir='ltr'><strong>ibi,</strong></span> <span class='ocrx_word' id='word_1_484' title='bbox 2233 4530 2280 4573; x_wconf 82' lang='lat' dir='ltr'><strong>et</strong></span> 
     </span>
    </p>
   </div>
   <div class='ocr_carea' id='block_1_62' title="bbox 691 4585 2280 4657">
    <p class='ocr_par' dir='ltr' id='par_1_62' title="bbox 691 4585 2280 4657">
     <span class='ocr_line' id='line_1_62' title="bbox 691 4585 2280 4657; baseline 0.004 -21"><span class='ocrx_word' id='word_1_485' title='bbox 691 4585 888 4657; x_wconf 86' lang='lat' dir='ltr'><strong>impleti</strong></span> <span class='ocrx_word' id='word_1_486' title='bbox 905 4596 1020 4638; x_wconf 86' lang='lat' dir='ltr'><strong>sunt</strong></span> <span class='ocrx_word' id='word_1_487' title='bbox 1051 4587 1175 4648; x_wconf 81' lang='lat' dir='ltr'><strong>dies,</strong></span> <span class='ocrx_word' id='word_1_488' title='bbox 1208 4596 1262 4637; x_wconf 89' lang='lat' dir='ltr'><strong>ut</strong></span> <span class='ocrx_word' id='word_1_489' title='bbox 1291 4598 1503 4652; x_wconf 84' lang='lat' dir='ltr'><strong>pareret,</strong></span> <span class='ocrx_word' id='word_1_490' title='bbox 1529 4598 1572 4639; x_wconf 88' lang='lat' dir='ltr'><strong>et</strong></span> <span class='ocrx_word' id='word_1_491' title='bbox 1605 4591 1790 4656; x_wconf 81' lang='lat' dir='ltr'><strong>peperit</strong></span> <span class='ocrx_word' id='word_1_492' title='bbox 1821 4590 1981 4654; x_wconf 78' lang='lat' dir='ltr'><strong>ﬁlium</strong></span> <span class='ocrx_word' id='word_1_493' title='bbox 2007 4607 2150 4643; x_wconf 87' lang='lat' dir='ltr'><strong>suum</strong></span> <span class='ocrx_word' id='word_1_494' title='bbox 2175 4592 2280 4657; x_wconf 84' lang='lat' dir='ltr'><strong>pri-</strong></span> 
     </span>
    </p>
   </div>
   <div class='ocr_carea' id='block_1_63' title="bbox 693 4656 2279 4730">
    <p class='ocr_par' dir='ltr' id='par_1_63' title="bbox 693 4656 2279 4730">
     <span class='ocr_line' id='line_1_63' title="bbox 693 4656 2279 4730; baseline 0.003 -23"><span class='ocrx_word' id='word_1_495' title='bbox 693 4656 1027 4730; x_wconf 77' lang='lat' dir='ltr'><strong>mogenitum,</strong></span> <span class='ocrx_word' id='word_1_496' title='bbox 1058 4665 1102 4706; x_wconf 86' lang='lat' dir='ltr'><strong>et</strong></span> <span class='ocrx_word' id='word_1_497' title='bbox 1132 4657 1312 4730; x_wconf 78' lang='lat' dir='ltr'><strong>pannis</strong></span> <span class='ocrx_word' id='word_1_498' title='bbox 1337 4658 1568 4730; x_wconf 63' lang='lat' dir='ltr'><strong>involvit,</strong></span> <span class='ocrx_word' id='word_1_499' title='bbox 1601 4669 1645 4709; x_wconf 92' lang='lat' dir='ltr'><strong>et</strong></span> <span class='ocrx_word' id='word_1_500' title='bbox 1677 4661 1839 4726; x_wconf 83' lang='lat' dir='ltr'><strong>posuit</strong></span> <span class='ocrx_word' id='word_1_501' title='bbox 1865 4677 1978 4712; x_wconf 88' lang='lat' dir='ltr'><strong>eum</strong></span> <span class='ocrx_word' id='word_1_502' title='bbox 2006 4662 2058 4712; x_wconf 87' lang='lat' dir='ltr'><strong>in</strong></span> <span class='ocrx_word' id='word_1_503' title='bbox 2091 4656 2279 4730; x_wconf 72' lang='lat' dir='ltr'><strong>purse-</strong></span> 
     </span>
    </p>
   </div>
   <div class='ocr_carea' id='block_1_64' title="bbox 693 4724 2274 4796">
    <p class='ocr_par' dir='ltr' id='par_1_64' title="bbox 693 4724 2274 4796">
     <span class='ocr_line' id='line_1_64' title="bbox 693 4724 2274 4796; baseline 0.005 -20"><span class='ocrx_word' id='word_1_504' title='bbox 693 4726 778 4793; x_wconf 90' lang='lat' dir='ltr'><strong>pio</strong></span> <span class='ocrx_word' id='word_1_505' title='bbox 800 4767 816 4790; x_wconf 92' lang='lat'><strong>,</strong></span> <span class='ocrx_word' id='word_1_506' title='bbox 848 4728 1093 4796; x_wconf 67' lang='lat' dir='ltr'><strong>quianon</strong></span> <span class='ocrx_word' id='word_1_507' title='bbox 1124 4726 1333 4796; x_wconf 67' lang='lat' dir='ltr'><strong>eratsis</strong></span> <span class='ocrx_word' id='word_1_508' title='bbox 1374 4724 1511 4778; x_wconf 88' lang='lat' dir='ltr'><strong>locus</strong></span> <span class='ocrx_word' id='word_1_509' title='bbox 1550 4730 1600 4778; x_wconf 89' lang='lat' dir='ltr'><strong>in</strong></span> <span class='ocrx_word' id='word_1_510' title='bbox 1640 4724 1908 4782; x_wconf 83' lang='lat' dir='ltr'><strong>diversorio</strong></span> <span class='ocrx_word' id='word_1_511' title='bbox 1939 4724 2108 4796; x_wconf 65' lang='lat' dir='ltr'><strong>(Ibid.</strong></span> <span class='ocrx_word' id='word_1_512' title='bbox 2142 4747 2189 4783; x_wconf 82' lang='grc' dir='ltr'><strong>υ.</strong></span> <span class='ocrx_word' id='word_1_513' title='bbox 2223 4732 2274 4784; x_wconf 90' lang='grc'><strong>6.</strong></span> 
     </span>
    </p>
   </div>
   <div class='ocr_carea' id='block_1_65' title="bbox 693 4794 2283 4870">
    <p class='ocr_par' dir='ltr' id='par_1_65' title="bbox 693 4794 2283 4870">
     <span class='ocr_line' id='line_1_65' title="bbox 693 4794 2283 4870; baseline 0.004 -23"><span class='ocrx_word' id='word_1_514' title='bbox 693 4797 768 4865; x_wconf 89' lang='grc'><strong>7).</strong></span> <span class='ocrx_word' id='word_1_515' title='bbox 803 4796 939 4870; x_wconf 79' lang='lat' dir='ltr'><strong>Nihil</strong></span> <span class='ocrx_word' id='word_1_516' title='bbox 973 4794 1070 4846; x_wconf 90' lang='lat' dir='ltr'><strong>hac</strong></span> <span class='ocrx_word' id='word_1_517' title='bbox 1101 4811 1156 4846; x_wconf 85' lang='lat' dir='ltr'><strong>re</strong></span> <span class='ocrx_word' id='word_1_518' title='bbox 1189 4794 1362 4870; x_wconf 69' lang='lat' dir='ltr'><strong>vilius,</strong></span> <span class='ocrx_word' id='word_1_519' title='bbox 1396 4796 1525 4870; x_wconf 86' lang='lat' dir='ltr'><strong>nihil</strong></span> <span class='ocrx_word' id='word_1_520' title='bbox 1553 4796 1748 4850; x_wconf 85' lang='lat' dir='ltr'><strong>Christi</strong></span> <span class='ocrx_word' id='word_1_521' title='bbox 1786 4794 2055 4854; x_wconf 79' lang='lat' dir='ltr'><strong>nativitnte</strong></span> <span class='ocrx_word' id='word_1_522' title='bbox 2087 4815 2283 4870; x_wconf 87' lang='lat' dir='ltr'><strong>panpe-</strong></span> 
     </span>
    </p>
   </div>
   <div class='ocr_carea' id='block_1_66' title="bbox 693 4864 2282 4938">
    <p class='ocr_par' dir='ltr' id='par_1_66' title="bbox 693 4864 2282 4938">
     <span class='ocr_line' id='line_1_66' title="bbox 693 4864 2282 4938; baseline 0.004 -19"><span class='ocrx_word' id='word_1_523' title='bbox 693 4864 821 4919; x_wconf 79' lang='lat' dir='ltr'><strong>rius.</strong></span> <span class='ocrx_word' id='word_1_524' title='bbox 861 4865 1015 4938; x_wconf 79' lang='lat' dir='ltr'><strong>.lesus</strong></span> <span class='ocrx_word' id='word_1_525' title='bbox 1047 4864 1359 4938; x_wconf 77' lang='lat' dir='ltr'><strong>mendicum</strong></span> <span class='ocrx_word' id='word_1_526' title='bbox 1377 4867 1566 4934; x_wconf 82' lang='lat' dir='ltr'><strong>agebat</strong></span> <span class='ocrx_word' id='word_1_527' title='bbox 1602 4878 1815 4935; x_wconf 85' lang='lat' dir='ltr'><strong>propter</strong></span> <span class='ocrx_word' id='word_1_528' title='bbox 1855 4886 1989 4936; x_wconf 59' lang='lat' dir='ltr'><strong>nos,</strong></span> <span class='ocrx_word' id='word_1_529' title='bbox 2014 4864 2102 4938; x_wconf 80' lang='lat' dir='ltr'><strong>qui</strong></span> <span class='ocrx_word' id='word_1_530' title='bbox 2132 4864 2282 4930; x_wconf 76' lang='lat' dir='ltr'><strong>dives</strong></span> 
     </span>
    </p>
   </div>
   <div class='ocr_carea' id='block_1_67' title="bbox 692 4934 2283 5004">
    <p class='ocr_par' dir='ltr' id='par_1_67' title="bbox 692 4934 2283 5004">
     <span class='ocr_line' id='line_1_67' title="bbox 692 4934 2283 5004; baseline 0.006 -19"><span class='ocrx_word' id='word_1_531' title='bbox 692 4945 840 4998; x_wconf 75' lang='lat' dir='ltr'><strong>erat;</strong></span> <span class='ocrx_word' id='word_1_532' title='bbox 869 4936 917 4986; x_wconf 92' lang='lat' dir='ltr'><strong>in</strong></span> <span class='ocrx_word' id='word_1_533' title='bbox 948 4935 1208 5003; x_wconf 66' lang='lat' dir='ltr'><strong>prtesepio</strong></span> <span class='ocrx_word' id='word_1_534' title='bbox 1234 4934 1392 4988; x_wconf 84' lang='lat' dir='ltr'><strong>Maria</strong></span> <span class='ocrx_word' id='word_1_535' title='bbox 1423 4934 1988 5004; x_wconf 20' lang='lat' dir='ltr'><strong>posuitSalvatoretn’;</strong></span> <span class='ocrx_word' id='word_1_536' title='bbox 2017 4934 2145 4993; x_wconf 87' lang='lat' dir='ltr'><strong>nihil</strong></span> <span class='ocrx_word' id='word_1_537' title='bbox 2169 4950 2283 4994; x_wconf 88' lang='lat' dir='ltr'><strong>erat</strong></span> 
     </span>
    </p>
   </div>
   <div class='ocr_carea' id='block_1_68' title="bbox 692 5005 2283 5079">
    <p class='ocr_par' dir='ltr' id='par_1_68' title="bbox 692 5005 2283 5079">
     <span class='ocr_line' id='line_1_68' title="bbox 692 5005 2283 5079; baseline 0.006 -23"><span class='ocrx_word' id='word_1_538' title='bbox 692 5008 830 5079; x_wconf 87' lang='lat' dir='ltr'><strong>quod</strong></span> <span class='ocrx_word' id='word_1_539' title='bbox 863 5006 1309 5079; x_wconf 75' lang='lat' dir='ltr'><strong>substernerctnr,</strong></span> <span class='ocrx_word' id='word_1_540' title='bbox 1344 5005 1473 5079; x_wconf 81' lang='lat' dir='ltr'><strong>nihil</strong></span> <span class='ocrx_word' id='word_1_541' title='bbox 1500 5020 1899 5079; x_wconf 74' lang='lat' dir='ltr'><strong>(protegeretur</strong></span> <span class='ocrx_word' id='word_1_542' title='bbox 1924 5029 1936 5063; x_wconf 91' lang='lat'>:</span> <span class='ocrx_word' id='word_1_543' title='bbox 1964 5028 2080 5063; x_wconf 88' lang='lat' dir='ltr'><strong>nam</strong></span> <span class='ocrx_word' id='word_1_544' title='bbox 2111 5027 2283 5079; x_wconf 85' lang='lat' dir='ltr'><strong>neque</strong></span> 
     </span>
    </p>
   </div>
   <div class='ocr_carea' id='block_1_69' title="bbox 693 5074 2281 5148">
    <p class='ocr_par' dir='ltr' id='par_1_69' title="bbox 693 5074 2281 5148">
     <span class='ocr_line' id='line_1_69' title="bbox 693 5074 2281 5148; baseline 0.006 -24"><span class='ocrx_word' id='word_1_545' title='bbox 693 5076 949 5148; x_wconf 73' lang='lat' dir='ltr'><strong>uhsequio</strong></span> <span class='ocrx_word' id='word_1_546' title='bbox 973 5074 1274 5148; x_wconf 73' lang='lat' dir='ltr'><strong>hnjnsutodi</strong></span> <span class='ocrx_word' id='word_1_547' title='bbox 1301 5077 1511 5148; x_wconf 84' lang='lat' dir='ltr'><strong>oultnve</strong></span> <span class='ocrx_word' id='word_1_548' title='bbox 1534 5074 1821 5146; x_wconf 74' lang='lat' dir='ltr'><strong>indigebat,</strong></span> <span class='ocrx_word' id='word_1_549' title='bbox 1849 5091 2019 5148; x_wconf 77' lang='lat' dir='ltr'><strong>nequ’e</strong></span> <span class='ocrx_word' id='word_1_550' title='bbox 2039 5074 2281 5136; x_wconf 52' lang='lat' dir='ltr'><strong>srcul&#39;ari</strong></span> 
     </span>
    </p>
   </div>
   <div class='ocr_carea' id='block_1_70' title="bbox 694 5145 2281 5221">
    <p class='ocr_par' dir='ltr' id='par_1_70' title="bbox 694 5145 2281 5221">
     <span class='ocr_line' id='line_1_70' title="bbox 694 5145 2281 5221; baseline 0.006 -24"><span class='ocrx_word' id='word_1_551' title='bbox 694 5146 794 5198; x_wconf 76' lang='lat' dir='ltr'><strong>isto</strong></span> <span class='ocrx_word' id='word_1_552' title='bbox 821 5156 1075 5212; x_wconf 75' lang='lat' dir='ltr'><strong>apparatu</strong></span> <span class='ocrx_word' id='word_1_553' title='bbox 1105 5145 1174 5196; x_wconf 80' lang='lat' dir='ltr'><strong>illi</strong></span> <span class='ocrx_word' id='word_1_554' title='bbox 1202 5159 1337 5213; x_wconf 85' lang='lat' dir='ltr'><strong>opus</strong></span> <span class='ocrx_word' id='word_1_555' title='bbox 1374 5146 1469 5199; x_wconf 79' lang='lat' dir='ltr'><strong>fuit</strong></span> <span class='ocrx_word' id='word_1_556' title='bbox 1499 5163 1513 5199; x_wconf 87' lang='lat'><strong>:</strong></span> <span class='ocrx_word' id='word_1_557' title='bbox 1543 5145 1985 5216; x_wconf 85' lang='lat' dir='ltr'><strong>quemadmodum</strong></span> <span class='ocrx_word' id='word_1_558' title='bbox 2017 5167 2190 5221; x_wconf 91' lang='lat' dir='ltr'><strong>neque</strong></span> <span class='ocrx_word' id='word_1_559' title='bbox 2215 5167 2281 5205; x_wconf 78' lang='lat' dir='ltr'><strong>ex</strong></span> 
     </span>
    </p>
   </div>
   <div class='ocr_carea' id='block_1_71' title="bbox 1963 5287 2828 5454">
    <p class='ocr_par' dir='ltr' id='par_1_71' title="bbox 1963 5287 2828 5454">
     <span class='ocr_line' id='line_1_71' title="bbox 1963 5287 2828 5454; baseline 0.001 -4"><span class='ocrx_word' id='word_1_560' title='bbox 1963 5287 2828 5454; x_wconf 58' lang='grc' dir='ltr'><strong>ἧδῖιιὶὣῖιιὶ</strong></span> 
     </span>
    </p>
   </div>
   <div class='ocr_carea' id='block_1_72' title="bbox 2153 269 2421 328">
    <p class='ocr_par' dir='ltr' id='par_1_72' title="bbox 2153 269 2421 328">
     <span class='ocr_line' id='line_1_72' title="bbox 2153 269 2421 328; baseline 0.011 -3"><span class='ocrx_word' id='word_1_561' title='bbox 2153 269 2421 328; x_wconf 69' lang='grc' dir='ltr'>διδυιυιι.</span> 
     </span>
    </p>
   </div>
   <div class='ocr_carea' id='block_1_73' title="bbox 3850 275 3985 329">
    <p class='ocr_par' dir='ltr' id='par_1_73' title="bbox 3850 275 3985 329">
     <span class='ocr_line' id='line_1_73' title="bbox 3850 275 3985 329; baseline 0 0"><span class='ocrx_word' id='word_1_562' title='bbox 3850 275 3985 329; x_wconf 81' lang='lat'><strong>800</strong></span> 
     </span>
    </p>
   </div>
   <div class='ocr_carea' id='block_1_74' title="bbox 2362 381 3979 454">
    <p class='ocr_par' dir='ltr' id='par_1_74' title="bbox 2362 381 3979 454">
     <span class='ocr_line' id='line_1_74' title="bbox 2362 381 3979 454; baseline 0.004 -20"><span class='ocrx_word' id='word_1_563' title='bbox 2362 391 2566 454; x_wconf 74' lang='lat' dir='ltr'><strong>natura:</strong></span> <span class='ocrx_word' id='word_1_564' title='bbox 2591 381 2800 454; x_wconf 78' lang='lat' dir='ltr'><strong>legibus</strong></span> <span class='ocrx_word' id='word_1_565' title='bbox 2825 391 2907 454; x_wconf 86' lang='lat' dir='ltr'><strong>est</strong></span> <span class='ocrx_word' id='word_1_566' title='bbox 2934 391 3245 451; x_wconf 87' lang='lat' dir='ltr'><strong>conceptus.</strong></span> <span class='ocrx_word' id='word_1_567' title='bbox 3273 382 3582 439; x_wconf 78' lang='lat' dir='ltr'><strong>Sufﬁciebat</strong></span> <span class='ocrx_word' id='word_1_568' title='bbox 3619 383 3764 438; x_wconf 85' lang='lat' dir='ltr'><strong>enim</strong></span> <span class='ocrx_word' id='word_1_569' title='bbox 3793 387 3979 454; x_wconf 70' lang='lat' dir='ltr'><strong>virgi-</strong></span> 
     </span>
    </p>
   </div>
   <div class='ocr_carea' id='block_1_75' title="bbox 2363 451 3982 524">
    <p class='ocr_par' dir='ltr' id='par_1_75' title="bbox 2363 451 3982 524">
     <span class='ocr_line' id='line_1_75' title="bbox 2363 451 3982 524; baseline 0.004 -22"><span class='ocrx_word' id='word_1_570' title='bbox 2363 451 2446 524; x_wconf 69' lang='lat' dir='ltr'><strong>nis</strong></span> <span class='ocrx_word' id='word_1_571' title='bbox 2475 452 2827 524; x_wconf 81' lang='lat' dir='ltr'><strong>ministerium</strong></span> <span class='ocrx_word' id='word_1_572' title='bbox 2851 469 2867 516; x_wconf 89' lang='lat'><strong>;</strong></span> <span class='ocrx_word' id='word_1_573' title='bbox 2897 453 3010 520; x_wconf 81' lang='lat' dir='ltr'><strong>ipse</strong></span> <span class='ocrx_word' id='word_1_574' title='bbox 3037 468 3165 508; x_wconf 88' lang='lat' dir='ltr'><strong>vero</strong></span> <span class='ocrx_word' id='word_1_575' title='bbox 3188 454 3741 524; x_wconf 13' lang='lat' dir='ltr'><strong>cunctaudisponebat.</strong></span> <span class='ocrx_word' id='word_1_576' title='bbox 3770 451 3982 524; x_wconf 62' lang='lat' dir='ltr'><strong>Itaque</strong></span> 
     </span>
    </p>
   </div>
   <div class='ocr_carea' id='block_1_76' title="bbox 2365 518 3976 592">
    <p class='ocr_par' dir='ltr' id='par_1_76' title="bbox 2365 518 3976 592">
     <span class='ocr_line' id='line_1_76' title="bbox 2365 518 3976 592; baseline 0.001 -20"><span class='ocrx_word' id='word_1_577' title='bbox 2365 518 2544 592; x_wconf 82' lang='lat' dir='ltr'><strong>Posuit</strong></span> <span class='ocrx_word' id='word_1_578' title='bbox 2572 538 2716 587; x_wconf 86' lang='lat' dir='ltr'><strong>eum,</strong></span> <span class='ocrx_word' id='word_1_579' title='bbox 2746 518 2944 590; x_wconf 78' lang='lat' dir='ltr'><strong>inquit,</strong></span> <span class='ocrx_word' id='word_1_580' title='bbox 2977 524 3028 575; x_wconf 84' lang='lat' dir='ltr'><strong>in</strong></span> <span class='ocrx_word' id='word_1_581' title='bbox 3067 525 3332 592; x_wconf 71' lang='lat' dir='ltr'><strong>prcsepio.</strong></span> <span class='ocrx_word' id='word_1_582' title='bbox 3369 522 3435 576; x_wconf 81' lang='lat' dir='ltr'><strong>Et</strong></span> <span class='ocrx_word' id='word_1_583' title='bbox 3474 518 3700 590; x_wconf 76' lang='lat' dir='ltr'><strong>pastores</strong></span> <span class='ocrx_word' id='word_1_584' title='bbox 3726 518 3891 577; x_wconf 54' lang='lat' dir='ltr'><strong>erant-</strong></span> <span class='ocrx_word' id='word_1_585' title='bbox 3913 527 3976 575; x_wconf 76' lang='lat' dir='ltr'><strong>iis</strong></span> 
     </span>
    </p>
   </div>
   <div class='ocr_carea' id='block_1_77' title="bbox 2361 591 3980 663">
    <p class='ocr_par' dir='ltr' id='par_1_77' title="bbox 2361 591 3980 663">
     <span class='ocr_line' id='line_1_77' title="bbox 2361 591 3980 663; baseline 0.002 -20"><span class='ocrx_word' id='word_1_586' title='bbox 2361 591 2564 658; x_wconf 79' lang='lat' dir='ltr'><strong>regione</strong></span> <span class='ocrx_word' id='word_1_587' title='bbox 2579 593 2755 663; x_wconf 81' lang='lat' dir='ltr'><strong>cadent</strong></span> <span class='ocrx_word' id='word_1_588' title='bbox 2771 591 3073 663; x_wconf 69' lang='lat' dir='ltr'><strong>excubantes</strong></span> <span class='ocrx_word' id='word_1_589' title='bbox 3091 592 3240 662; x_wconf 84' lang='lat' dir='ltr'><strong>(Luc.</strong></span> <span class='ocrx_word' id='word_1_590' title='bbox 3254 594 3308 646; x_wconf 76' lang='grc'><strong>2.</strong></span> <span class='ocrx_word' id='word_1_591' title='bbox 3327 595 3403 663; x_wconf 85' lang='lat'><strong>7).</strong></span> <span class='ocrx_word' id='word_1_592' title='bbox 3435 594 3714 648; x_wconf 70' lang='lat' dir='ltr'><strong>llatthazus</strong></span> <span class='ocrx_word' id='word_1_593' title='bbox 3737 596 3980 662; x_wconf 82' lang='lat' dir='ltr'><strong>quidem</strong></span> 
     </span>
    </p>
   </div>
   <div class='ocr_carea' id='block_1_78' title="bbox 2365 661 3976 731">
    <p class='ocr_par' dir='ltr' id='par_1_78' title="bbox 2365 661 3976 731">
     <span class='ocr_line' id='line_1_78' title="bbox 2365 661 3976 731; baseline 0 -18"><span class='ocrx_word' id='word_1_594' title='bbox 2365 675 2548 730; x_wconf 83' lang='lat' dir='ltr'><strong>magos</strong></span> <span class='ocrx_word' id='word_1_595' title='bbox 2593 661 2873 731; x_wconf 81' lang='lat' dir='ltr'><strong>advenisse</strong></span> <span class='ocrx_word' id='word_1_596' title='bbox 2920 661 3136 723; x_wconf 88' lang='lat' dir='ltr'><strong>narrat,</strong></span> <span class='ocrx_word' id='word_1_597' title='bbox 3182 661 3569 718; x_wconf 40' lang='lat' dir='ltr'><strong>Lucas&#39;autem</strong></span> <span class='ocrx_word' id='word_1_598' title='bbox 3617 661 3862 731; x_wconf 78' lang='lat' dir='ltr'><strong>pastnies</strong></span> <span class='ocrx_word' id='word_1_599' title='bbox 3912 665 3976 714; x_wconf 83' lang='lat' dir='ltr'><strong>in</strong></span> 
     </span>
    </p>
   </div>
   <div class='ocr_carea' id='block_1_79' title="bbox 2361 729 3982 802">
    <p class='ocr_par' dir='ltr' id='par_1_79' title="bbox 2361 729 3982 802">
     <span class='ocr_line' id='line_1_79' title="bbox 2361 729 3982 802; baseline 0.001 -19"><span class='ocrx_word' id='word_1_600' title='bbox 2361 729 2548 802; x_wconf 81' lang='lat' dir='ltr'><strong>eadem</strong></span> <span class='ocrx_word' id='word_1_601' title='bbox 2587 729 2749 784; x_wconf 78' lang='lat' dir='ltr'><strong>fuisse</strong></span> <span class='ocrx_word' id='word_1_602' title='bbox 2792 732 3010 802; x_wconf 83' lang='lat' dir='ltr'><strong>regione</strong></span> <span class='ocrx_word' id='word_1_603' title='bbox 3042 750 3053 784; x_wconf 87' lang='lat'><strong>:</strong></span> <span class='ocrx_word' id='word_1_604' title='bbox 3089 733 3196 787; x_wconf 87' lang='lat' dir='ltr'><strong>illic</strong></span> <span class='ocrx_word' id='word_1_605' title='bbox 3232 735 3401 802; x_wconf 89' lang='lat' dir='ltr'><strong>magi,</strong></span> <span class='ocrx_word' id='word_1_606' title='bbox 3441 733 3525 786; x_wconf 88' lang='lat' dir='ltr'><strong>hic</strong></span> <span class='ocrx_word' id='word_1_607' title='bbox 3556 729 3818 802; x_wconf 74' lang='lat' dir='ltr'><strong>pastores.</strong></span> <span class='ocrx_word' id='word_1_608' title='bbox 3855 734 3982 784; x_wconf 69' lang='lat' dir='ltr'><strong>Ve-</strong></span> 
     </span>
    </p>
   </div>
   <div class='ocr_carea' id='block_1_80' title="bbox 2363 799 3979 880">
    <p class='ocr_par' dir='ltr' id='par_1_80' title="bbox 2363 799 3979 880">
     <span class='ocr_line' id='line_1_80' title="bbox 2363 799 3979 880; baseline -0.001 -27"><span class='ocrx_word' id='word_1_609' title='bbox 2363 799 2792 880; x_wconf 72' lang='lat' dir='ltr'><strong>nitqueangelus</strong></span> <span class='ocrx_word' id='word_1_610' title='bbox 2931 816 3024 856; x_wconf 89' lang='lat' dir='ltr'><strong>eos</strong></span> <span class='ocrx_word' id='word_1_611' title='bbox 3063 817 3250 880; x_wconf 75' lang='lat' dir='ltr'><strong>magna</strong></span> <span class='ocrx_word' id='word_1_612' title='bbox 3292 799 3659 880; x_wconf 69' lang='lat' dir='ltr'><strong>proclamans,</strong></span> <span class='ocrx_word' id='word_1_613' title='bbox 3704 802 3979 880; x_wconf 63' lang='lat' dir='ltr'><strong>Magnum</strong></span> 
     </span>
    </p>
   </div>
   <div class='ocr_carea' id='block_1_81' title="bbox 2361 870 3983 942">
    <p class='ocr_par' dir='ltr' id='par_1_81' title="bbox 2361 870 3983 942">
     <span class='ocr_line' id='line_1_81' title="bbox 2361 870 3983 942; baseline 0.002 -22"><span class='ocrx_word' id='word_1_614' title='bbox 2361 870 2497 942; x_wconf 53' lang='lat' dir='ltr'><strong>uobis</strong></span> <span class='ocrx_word' id='word_1_615' title='bbox 2535 870 2683 924; x_wconf 80' lang='lat' dir='ltr'><strong>hodie</strong></span> <span class='ocrx_word' id='word_1_616' title='bbox 2717 871 2960 942; x_wconf 83' lang='lat' dir='ltr'><strong>gaudium</strong></span> <span class='ocrx_word' id='word_1_617' title='bbox 2999 870 3318 942; x_wconf 74' lang='lat' dir='ltr'><strong>evangelise,</strong></span> <span class='ocrx_word' id='word_1_618' title='bbox 3346 873 3462 940; x_wconf 80' lang='lat' dir='ltr'><strong>quia</strong></span> <span class='ocrx_word' id='word_1_619' title='bbox 3491 882 3637 942; x_wconf 71' lang='lat' dir='ltr'><strong>natus</strong></span> <span class='ocrx_word' id='word_1_620' title='bbox 3663 883 3733 926; x_wconf 81' lang='lat' dir='ltr'><strong>est</strong></span> <span class='ocrx_word' id='word_1_621' title='bbox 3760 870 3983 925; x_wconf 66' lang='lat' dir='ltr'><strong>nitiade</strong></span> 
     </span>
    </p>
   </div>
   <div class='ocr_carea' id='block_1_82' title="bbox 2363 938 3986 1010">
    <p class='ocr_par' dir='ltr' id='par_1_82' title="bbox 2363 938 3986 1010">
     <span class='ocr_line' id='line_1_82' title="bbox 2363 938 3986 1010; baseline 0 -16"><span class='ocrx_word' id='word_1_622' title='bbox 2363 938 2602 994; x_wconf 86' lang='lat' dir='ltr'><strong>Saluator</strong></span> <span class='ocrx_word' id='word_1_623' title='bbox 2643 943 2695 994; x_wconf 87' lang='lat' dir='ltr'><strong>in</strong></span> <span class='ocrx_word' id='word_1_624' title='bbox 2719 938 2934 996; x_wconf 51' lang='lat' dir='ltr'><strong>&#39;cisitate</strong></span> <span class='ocrx_word' id='word_1_625' title='bbox 2980 938 3143 995; x_wconf 83' lang='lat' dir='ltr'><strong>David</strong></span> <span class='ocrx_word' id='word_1_626' title='bbox 3174 941 3334 1010; x_wconf 83' lang='lat' dir='ltr'><strong>(Ibid.</strong></span> <span class='ocrx_word' id='word_1_627' title='bbox 3360 938 3424 996; x_wconf 51' lang='grc' dir='ltr'><strong>⁷ο.</strong></span> <span class='ocrx_word' id='word_1_628' title='bbox 3470 941 3557 996; x_wconf 76' lang='grc'><strong>10.</strong></span> <span class='ocrx_word' id='word_1_629' title='bbox 3590 943 3681 1006; x_wconf 79' lang='grc' dir='ltr'><strong>Η)</strong></span> <span class='ocrx_word' id='word_1_630' title='bbox 3712 959 3724 994; x_wconf 94' lang='lat'>:</span> <span class='ocrx_word' id='word_1_631' title='bbox 3756 954 3810 996; x_wconf 84' lang='lat' dir='ltr'><strong>et</strong></span> <span class='ocrx_word' id='word_1_632' title='bbox 3847 958 3986 996; x_wconf 67' lang='lat' dir='ltr'><strong>usus</strong></span> 
     </span>
    </p>
   </div>
   <div class='ocr_carea' id='block_1_83' title="bbox 2362 1011 3981 1080">
    <p class='ocr_par' dir='ltr' id='par_1_83' title="bbox 2362 1011 3981 1080">
     <span class='ocr_line' id='line_1_83' title="bbox 2362 1011 3981 1080; baseline 0.002 -19"><span class='ocrx_word' id='word_1_633' title='bbox 2362 1011 2550 1078; x_wconf 78' lang='lat' dir='ltr'><strong>angelo</strong></span> <span class='ocrx_word' id='word_1_634' title='bbox 2599 1011 2759 1066; x_wconf 90' lang='lat' dir='ltr'><strong>verba</strong></span> <span class='ocrx_word' id='word_1_635' title='bbox 2811 1014 3074 1076; x_wconf 79' lang='lat' dir='ltr'><strong>faciente,</strong></span> <span class='ocrx_word' id='word_1_636' title='bbox 3121 1013 3290 1080; x_wconf 90' lang='lat' dir='ltr'><strong>aperti</strong></span> <span class='ocrx_word' id='word_1_637' title='bbox 3341 1022 3465 1066; x_wconf 89' lang='lat' dir='ltr'><strong>sunt</strong></span> <span class='ocrx_word' id='word_1_638' title='bbox 3507 1012 3657 1073; x_wconf 66' lang='lat' dir='ltr'><strong>casli;</strong></span> <span class='ocrx_word' id='word_1_639' title='bbox 3707 1029 3981 1080; x_wconf 85' lang='lat' dir='ltr'><strong>unusque</strong></span> 
     </span>
    </p>
   </div>
   <div class='ocr_carea' id='block_1_84' title="bbox 2363 1081 3982 1152">
    <p class='ocr_par' dir='ltr' id='par_1_84' title="bbox 2363 1081 3982 1152">
     <span class='ocr_line' id='line_1_84' title="bbox 2363 1081 3982 1152; baseline 0.002 -22"><span class='ocrx_word' id='word_1_640' title='bbox 2363 1081 2956 1152; x_wconf 80' lang='lat' dir='ltr'><strong>apparuitcanentium</strong></span> <span class='ocrx_word' id='word_1_641' title='bbox 3007 1081 3234 1152; x_wconf 73' lang='lat' dir='ltr'><strong>hymnos</strong></span> <span class='ocrx_word' id='word_1_642' title='bbox 3287 1092 3613 1143; x_wconf 72' lang='lat' dir='ltr'><strong>concentus,</strong></span> <span class='ocrx_word' id='word_1_643' title='bbox 3658 1097 3721 1138; x_wconf 85' lang='lat' dir='ltr'><strong>ac</strong></span> <span class='ocrx_word' id='word_1_644' title='bbox 3762 1082 3982 1135; x_wconf 62' lang='lat' dir='ltr'><strong>dicen~</strong></span> 
     </span>
    </p>
   </div>
   <div class='ocr_carea' id='block_1_85' title="bbox 2365 1149 3984 1221">
    <p class='ocr_par' dir='ltr' id='par_1_85' title="bbox 2365 1149 3984 1221">
     <span class='ocr_line' id='line_1_85' title="bbox 2365 1149 3984 1221; baseline 0.001 -19"><span class='ocrx_word' id='word_1_645' title='bbox 2365 1151 2539 1221; x_wconf 89' lang='lat' dir='ltr'><strong>tium:</strong></span> <span class='ocrx_word' id='word_1_646' title='bbox 2575 1149 2750 1221; x_wconf 77' lang='lat' dir='ltr'><strong>Gloria</strong></span> <span class='ocrx_word' id='word_1_647' title='bbox 2779 1153 2830 1203; x_wconf 85' lang='lat' dir='ltr'><strong>in</strong></span> <span class='ocrx_word' id='word_1_648' title='bbox 2859 1149 3118 1221; x_wconf 71' lang='lat' dir='ltr'><strong>altissisitis</strong></span> <span class='ocrx_word' id='word_1_649' title='bbox 3145 1150 3272 1216; x_wconf 83' lang='lat' dir='ltr'><strong>Deo,</strong></span> <span class='ocrx_word' id='word_1_650' title='bbox 3305 1162 3348 1204; x_wconf 82' lang='lat' dir='ltr'><strong>et</strong></span> <span class='ocrx_word' id='word_1_651' title='bbox 3373 1153 3424 1205; x_wconf 87' lang='lat' dir='ltr'><strong>in</strong></span> <span class='ocrx_word' id='word_1_652' title='bbox 3456 1162 3590 1204; x_wconf 85' lang='lat' dir='ltr'><strong>terra</strong></span> <span class='ocrx_word' id='word_1_653' title='bbox 3621 1169 3740 1221; x_wconf 69' lang='lat' dir='ltr'><strong>pax.</strong></span> <span class='ocrx_word' id='word_1_654' title='bbox 3772 1152 3822 1204; x_wconf 82' lang='lat' dir='ltr'><strong>in</strong></span> <span class='ocrx_word' id='word_1_655' title='bbox 3859 1152 3984 1204; x_wconf 79' lang='lat' dir='ltr'><strong>ho—</strong></span> 
     </span>
    </p>
   </div>
   <div class='ocr_carea' id='block_1_86' title="bbox 2364 1220 3982 1292">
    <p class='ocr_par' dir='ltr' id='par_1_86' title="bbox 2364 1220 3982 1292">
     <span class='ocr_line' id='line_1_86' title="bbox 2364 1220 3982 1292; baseline 0.002 -22"><span class='ocrx_word' id='word_1_656' title='bbox 2364 1220 2579 1292; x_wconf 80' lang='lat' dir='ltr'><strong>minibus</strong></span> <span class='ocrx_word' id='word_1_657' title='bbox 2616 1220 2982 1292; x_wconf 77' lang='lat' dir='ltr'><strong>beneplacilum</strong></span> <span class='ocrx_word' id='word_1_658' title='bbox 3009 1220 3182 1292; x_wconf 84' lang='lat' dir='ltr'><strong>(Ibid.</strong></span> <span class='ocrx_word' id='word_1_659' title='bbox 3215 1239 3262 1274; x_wconf 76' lang='grc' dir='ltr'><strong>υ.</strong></span> <span class='ocrx_word' id='word_1_660' title='bbox 3302 1223 3424 1290; x_wconf 60' lang='lat' dir='ltr'><strong>is).</strong></span> <span class='ocrx_word' id='word_1_661' title='bbox 3461 1220 3648 1274; x_wconf 84' lang='lat' dir='ltr'><strong>(hunia</strong></span> <span class='ocrx_word' id='word_1_662' title='bbox 3688 1222 3982 1291; x_wconf 76' lang='lat' dir='ltr'><strong>siquidem</strong></span> 
     </span>
    </p>
   </div>
   <div class='ocr_carea' id='block_1_87' title="bbox 2362 1290 3986 1362">
    <p class='ocr_par' dir='ltr' id='par_1_87' title="bbox 2362 1290 3986 1362">
     <span class='ocr_line' id='line_1_87' title="bbox 2362 1290 3986 1362; baseline 0.002 -22"><span class='ocrx_word' id='word_1_663' title='bbox 2362 1290 2730 1362; x_wconf 71' lang='lat' dir='ltr'><strong>coniungenda</strong></span> <span class='ocrx_word' id='word_1_664' title='bbox 2762 1300 2919 1352; x_wconf 79' lang='lat' dir='ltr'><strong>Sunt,</strong></span> <span class='ocrx_word' id='word_1_665' title='bbox 2953 1290 3142 1362; x_wconf 67' lang='lat' dir='ltr'><strong>caéluin</strong></span> <span class='ocrx_word' id='word_1_666' title='bbox 3177 1301 3230 1345; x_wconf 90' lang='lat' dir='ltr'><strong>et</strong></span> <span class='ocrx_word' id='word_1_667' title='bbox 3265 1290 3797 1362; x_wconf 29' lang='lat' dir='ltr'><strong>terra‘counectend’a</strong></span> <span class='ocrx_word' id='word_1_668' title='bbox 3824 1303 3986 1344; x_wconf 82' lang='lat' dir='ltr'><strong>sunt</strong></span> 
     </span>
    </p>
   </div>
   <div class='ocr_carea' id='block_1_88' title="bbox 2365 1359 3985 1431">
    <p class='ocr_par' dir='ltr' id='par_1_88' title="bbox 2365 1359 3985 1431">
     <span class='ocr_line' id='line_1_88' title="bbox 2365 1359 3985 1431; baseline 0.002 -20"><span class='ocrx_word' id='word_1_669' title='bbox 2365 1359 2415 1412; x_wconf 91' lang='lat' dir='ltr'><strong>in</strong></span> <span class='ocrx_word' id='word_1_670' title='bbox 2441 1375 2656 1431; x_wconf 85' lang='lat' dir='ltr'><strong>unum,</strong></span> <span class='ocrx_word' id='word_1_671' title='bbox 2686 1372 2757 1431; x_wconf 75' lang='lat' dir='ltr'><strong>_ut</strong></span> <span class='ocrx_word' id='word_1_672' title='bbox 2799 1368 3006 1414; x_wconf 88' lang='lat' dir='ltr'><strong>terrena</strong></span> <span class='ocrx_word' id='word_1_673' title='bbox 3051 1361 3180 1414; x_wconf 87' lang='lat' dir='ltr'><strong>llant</strong></span> <span class='ocrx_word' id='word_1_674' title='bbox 3220 1359 3484 1425; x_wconf 66' lang='lat' dir='ltr'><strong>cwleSIia,</strong></span> <span class='ocrx_word' id='word_1_675' title='bbox 3525 1370 3581 1414; x_wconf 89' lang='lat' dir='ltr'><strong>ut</strong></span> <span class='ocrx_word' id='word_1_676' title='bbox 3617 1363 3705 1416; x_wconf 82' lang='lat' dir='ltr'><strong>liat</strong></span> <span class='ocrx_word' id='word_1_677' title='bbox 3747 1377 3849 1431; x_wconf 75' lang='lat' dir='ltr'><strong>pax</strong></span> <span class='ocrx_word' id='word_1_678' title='bbox 3903 1363 3985 1414; x_wconf 73' lang='lat' dir='ltr'><strong>iis</strong></span> 
     </span>
    </p>
   </div>
   <div class='ocr_carea' id='block_1_89' title="bbox 2403 1429 3984 1500">
    <p class='ocr_par' dir='ltr' id='par_1_89' title="bbox 2403 1429 3984 1500">
     <span class='ocr_line' id='line_1_89' title="bbox 2403 1429 3984 1500; baseline 0.001 -19"><span class='ocrx_word' id='word_1_679' title='bbox 2403 1429 2451 1481; x_wconf 92' lang='lat' dir='ltr'><strong>ui</strong></span> <span class='ocrx_word' id='word_1_680' title='bbox 2495 1431 2648 1499; x_wconf 83' lang='lat' dir='ltr'><strong>longe</strong></span> <span class='ocrx_word' id='word_1_681' title='bbox 2686 1429 2956 1496; x_wconf 88' lang='lat' dir='ltr'><strong>habitant,</strong></span> <span class='ocrx_word' id='word_1_682' title='bbox 2985 1441 3038 1484; x_wconf 91' lang='lat' dir='ltr'><strong>et</strong></span> <span class='ocrx_word' id='word_1_683' title='bbox 3079 1431 3142 1484; x_wconf 78' lang='lat' dir='ltr'><strong>iis</strong></span> <span class='ocrx_word' id='word_1_684' title='bbox 3182 1432 3272 1500; x_wconf 93' lang='lat' dir='ltr'><strong>qui</strong></span> <span class='ocrx_word' id='word_1_685' title='bbox 3312 1431 3494 1500; x_wconf 86' lang='lat' dir='ltr'><strong>prope.</strong></span> <span class='ocrx_word' id='word_1_686' title='bbox 3540 1429 3781 1486; x_wconf 83' lang='lat' dir='ltr'><strong>Pastores</strong></span> <span class='ocrx_word' id='word_1_687' title='bbox 3819 1445 3984 1500; x_wconf 73' lang='lat' dir='ltr'><strong>ergo</strong></span> 
     </span>
    </p>
   </div>
   <div class='ocr_carea' id='block_1_90' title="bbox 2384 1500 3983 1571">
    <p class='ocr_par' dir='ltr' id='par_1_90' title="bbox 2384 1500 3983 1571">
     <span class='ocr_line' id='line_1_90' title="bbox 2384 1500 3983 1571; baseline 0.002 -20"><span class='ocrx_word' id='word_1_688' title='bbox 2384 1500 2570 1571; x_wconf 80' lang='lat' dir='ltr'><strong>elicem</strong></span> <span class='ocrx_word' id='word_1_689' title='bbox 2615 1500 2855 1554; x_wconf 85' lang='lat' dir='ltr'><strong>nuntium</strong></span> <span class='ocrx_word' id='word_1_690' title='bbox 2902 1501 3163 1566; x_wconf 86' lang='lat' dir='ltr'><strong>audiunt;</strong></span> <span class='ocrx_word' id='word_1_691' title='bbox 3209 1517 3369 1571; x_wconf 88' lang='lat' dir='ltr'><strong>quam</strong></span> <span class='ocrx_word' id='word_1_692' title='bbox 3409 1503 3480 1557; x_wconf 90' lang='lat' dir='ltr'><strong>ob</strong></span> <span class='ocrx_word' id='word_1_693' title='bbox 3515 1517 3726 1556; x_wconf 86' lang='lat' dir='ltr'><strong>causam</strong></span> <span class='ocrx_word' id='word_1_694' title='bbox 3765 1513 3983 1571; x_wconf 81' lang='lat' dir='ltr'><strong>pasto-</strong></span> 
     </span>
    </p>
   </div>
   <div class='ocr_carea' id='block_1_91' title="bbox 2365 1569 3981 1641">
    <p class='ocr_par' dir='ltr' id='par_1_91' title="bbox 2365 1569 3981 1641">
     <span class='ocr_line' id='line_1_91' title="bbox 2365 1569 3981 1641; baseline 0.002 -20"><span class='ocrx_word' id='word_1_695' title='bbox 2365 1570 2488 1621; x_wconf 82' lang='lat' dir='ltr'><strong>res?</strong></span> <span class='ocrx_word' id='word_1_696' title='bbox 2516 1569 2658 1641; x_wconf 78' lang='lat' dir='ltr'><strong>Quia</strong></span> <span class='ocrx_word' id='word_1_697' title='bbox 2707 1571 2955 1624; x_wconf 84' lang='lat' dir='ltr'><strong>nimirum</strong></span> <span class='ocrx_word' id='word_1_698' title='bbox 3004 1569 3270 1641; x_wconf 82' lang='lat' dir='ltr'><strong>tamquam</strong></span> <span class='ocrx_word' id='word_1_699' title='bbox 3313 1586 3438 1626; x_wconf 84' lang='lat' dir='ltr'><strong>oves</strong></span> <span class='ocrx_word' id='word_1_700' title='bbox 3477 1569 3981 1636; x_wconf 81' lang='lat' dir='ltr'><strong>abcrraveranms,</strong></span> 
     </span>
    </p>
   </div>
   <div class='ocr_carea' id='block_1_92' title="bbox 2365 1639 3974 1708">
    <p class='ocr_par' dir='ltr' id='par_1_92' title="bbox 2365 1639 3974 1708">
     <span class='ocr_line' id='line_1_92' title="bbox 2365 1639 3974 1708; baseline 0.003 -17"><span class='ocrx_word' id='word_1_701' title='bbox 2365 1639 2565 1693; x_wconf 90' lang='lat' dir='ltr'><strong>mundo</strong></span> <span class='ocrx_word' id='word_1_702' title='bbox 2595 1650 2775 1708; x_wconf 87' lang='lat' dir='ltr'><strong>pastor</strong></span> <span class='ocrx_word' id='word_1_703' title='bbox 2800 1641 3014 1694; x_wconf 89' lang='lat' dir='ltr'><strong>advenit</strong></span> <span class='ocrx_word' id='word_1_704' title='bbox 3040 1639 3200 1697; x_wconf 84' lang='lat' dir='ltr'><strong>Jesus</strong></span> <span class='ocrx_word' id='word_1_705' title='bbox 3221 1641 3487 1708; x_wconf 83' lang='lat' dir='ltr'><strong>Christus,</strong></span> <span class='ocrx_word' id='word_1_706' title='bbox 3520 1642 3760 1696; x_wconf 88' lang='lat' dir='ltr'><strong>Salvator</strong></span> <span class='ocrx_word' id='word_1_707' title='bbox 3795 1642 3974 1696; x_wconf 83' lang='lat' dir='ltr'><strong>orbis</strong></span> 
     </span>
    </p>
   </div>
   <div class='ocr_carea' id='block_1_93' title="bbox 2365 1712 3978 1782">
    <p class='ocr_par' dir='ltr' id='par_1_93' title="bbox 2365 1712 3978 1782">
     <span class='ocr_line' id='line_1_93' title="bbox 2365 1712 3978 1782; baseline 0.001 -21"><span class='ocrx_word' id='word_1_708' title='bbox 2365 1717 2732 1782; x_wconf 81' lang='lat' dir='ltr'><strong>terrarum,et</strong></span> <span class='ocrx_word' id='word_1_709' title='bbox 2766 1721 3007 1782; x_wconf 83' lang='lat' dir='ltr'><strong>pastores</strong></span> <span class='ocrx_word' id='word_1_710' title='bbox 3028 1712 3116 1782; x_wconf 24' lang='lat' dir='ltr'><strong>iob</strong></span> <span class='ocrx_word' id='word_1_711' title='bbox 3166 1721 3430 1782; x_wconf 52' lang='lat' dir='ltr'><strong>[sisterent</strong></span> <span class='ocrx_word' id='word_1_712' title='bbox 3469 1713 3920 1782; x_wconf 78' lang='lat' dir='ltr'><strong>cvangelizantur</strong></span> <span class='ocrx_word' id='word_1_713' title='bbox 3961 1729 3978 1763; x_wconf 90' lang='lat'><strong>:</strong></span> 
     </span>
    </p>
   </div>
   <div class='ocr_carea' id='block_1_94' title="bbox 2367 1778 3982 1836">
    <p class='ocr_par' dir='ltr' id='par_1_94' title="bbox 2367 1778 3982 1836">
     <span class='ocr_line' id='line_1_94' title="bbox 2367 1778 3982 1836; baseline 0.002 -4"><span class='ocrx_word' id='word_1_714' title='bbox 2367 1789 2422 1832; x_wconf 92' lang='lat' dir='ltr'><strong>et</strong></span> <span class='ocrx_word' id='word_1_715' title='bbox 2450 1778 2627 1832; x_wconf 80' lang='lat' dir='ltr'><strong>Gloria</strong></span> <span class='ocrx_word' id='word_1_716' title='bbox 2657 1781 2706 1832; x_wconf 89' lang='lat' dir='ltr'><strong>iu</strong></span> <span class='ocrx_word' id='word_1_717' title='bbox 2733 1781 2990 1833; x_wconf 79' lang='lat' dir='ltr'><strong>altissimis</strong></span> <span class='ocrx_word' id='word_1_718' title='bbox 3014 1781 3120 1834; x_wconf 83' lang='lat' dir='ltr'><strong>Deo</strong></span> <span class='ocrx_word' id='word_1_719' title='bbox 3149 1778 3428 1836; x_wconf 62' lang='lat' dir='ltr'><strong>{futurum</strong></span> <span class='ocrx_word' id='word_1_720' title='bbox 3453 1783 3596 1836; x_wconf 90' lang='lat' dir='ltr'><strong>enim</strong></span> <span class='ocrx_word' id='word_1_721' title='bbox 3611 1778 3738 1836; x_wconf 55' lang='lat' dir='ltr'><strong>&#39;erat</strong></span> <span class='ocrx_word' id='word_1_722' title='bbox 3767 1791 3822 1835; x_wconf 93' lang='lat' dir='ltr'><strong>ut</strong></span> <span class='ocrx_word' id='word_1_723' title='bbox 3858 1782 3982 1835; x_wconf 82' lang='lat' dir='ltr'><strong>ho-</strong></span> 
     </span>
    </p>
   </div>
   <div class='ocr_carea' id='block_1_95' title="bbox 2369 1849 3982 1921">
    <p class='ocr_par' dir='ltr' id='par_1_95' title="bbox 2369 1849 3982 1921">
     <span class='ocr_line' id='line_1_95' title="bbox 2369 1849 3982 1921; baseline 0.004 -21"><span class='ocrx_word' id='word_1_724' title='bbox 2369 1849 2538 1921; x_wconf 81' lang='lat' dir='ltr'><strong>mines</strong></span> <span class='ocrx_word' id='word_1_725' title='bbox 2568 1851 2946 1918; x_wconf 82' lang='lat' dir='ltr'><strong>gloriliearent,</strong></span> <span class='ocrx_word' id='word_1_726' title='bbox 2993 1861 3046 1904; x_wconf 89' lang='lat' dir='ltr'><strong>ct</strong></span> <span class='ocrx_word' id='word_1_727' title='bbox 3075 1855 3276 1920; x_wconf 86' lang='lat' dir='ltr'><strong>gratias</strong></span> <span class='ocrx_word' id='word_1_728' title='bbox 3300 1861 3521 1920; x_wconf 69' lang='lat' dir='ltr'><strong>agerent</strong></span> <span class='ocrx_word' id='word_1_729' title='bbox 3548 1854 3618 1917; x_wconf 89' lang='lat' dir='ltr'><strong>ci,</strong></span> <span class='ocrx_word' id='word_1_730' title='bbox 3652 1853 3737 1921; x_wconf 90' lang='lat' dir='ltr'><strong>qui</strong></span> <span class='ocrx_word' id='word_1_731' title='bbox 3767 1867 3982 1921; x_wconf 83' lang='lat' dir='ltr'><strong>pacem</strong></span> 
     </span>
    </p>
   </div>
   <div class='ocr_carea' id='block_1_96' title="bbox 2368 1919 3978 1990">
    <p class='ocr_par' dir='ltr' id='par_1_96' title="bbox 2368 1919 3978 1990">
     <span class='ocr_line' id='line_1_96' title="bbox 2368 1919 3978 1990; baseline 0.003 -19"><span class='ocrx_word' id='word_1_732' title='bbox 2368 1919 2418 1972; x_wconf 94' lang='lat' dir='ltr'><strong>in</strong></span> <span class='ocrx_word' id='word_1_733' title='bbox 2451 1929 2644 1972; x_wconf 89' lang='lat' dir='ltr'><strong>terram</strong></span> <span class='ocrx_word' id='word_1_734' title='bbox 2673 1923 2910 1986; x_wconf 81' lang='lat' dir='ltr'><strong>miserat,</strong></span> <span class='ocrx_word' id='word_1_735' title='bbox 2937 1937 3002 1974; x_wconf 88' lang='lat' dir='ltr'><strong>eo</strong></span> <span class='ocrx_word' id='word_1_736' title='bbox 3027 1919 3167 1990; x_wconf 81' lang='lat' dir='ltr'><strong>quod</strong></span> <span class='ocrx_word' id='word_1_737' title='bbox 3196 1919 3486 1976; x_wconf 88' lang='lat' dir='ltr'><strong>inimicitiis</strong></span> <span class='ocrx_word' id='word_1_738' title='bbox 3511 1925 3562 1976; x_wconf 91' lang='lat' dir='ltr'><strong>in</strong></span> <span class='ocrx_word' id='word_1_739' title='bbox 3588 1919 3746 1976; x_wconf 81' lang='lat' dir='ltr'><strong>Deum</strong></span> <span class='ocrx_word' id='word_1_740' title='bbox 3770 1919 3978 1976; x_wconf 81' lang='lat' dir='ltr'><strong>homi-</strong></span> 
     </span>
    </p>
   </div>
   <div class='ocr_carea' id='block_1_97' title="bbox 2367 1989 3983 2060">
    <p class='ocr_par' dir='ltr' id='par_1_97' title="bbox 2367 1989 3983 2060">
     <span class='ocr_line' id='line_1_97' title="bbox 2367 1989 3983 2060; baseline 0.004 -19"><span class='ocrx_word' id='word_1_741' title='bbox 2367 2005 2462 2042; x_wconf 92' lang='lat' dir='ltr'><strong>nes</strong></span> <span class='ocrx_word' id='word_1_742' title='bbox 2489 1991 2698 2043; x_wconf 87' lang='lat' dir='ltr'><strong>liberati</strong></span> <span class='ocrx_word' id='word_1_743' title='bbox 2728 2002 2900 2044; x_wconf 84' lang='lat' dir='ltr'><strong>erant.</strong></span> <span class='ocrx_word' id='word_1_744' title='bbox 2948 1989 3011 2045; x_wconf 84' lang='lat' dir='ltr'><strong>In</strong></span> <span class='ocrx_word' id='word_1_745' title='bbox 3049 1989 3339 2046; x_wconf 69' lang='lat' dir='ltr'><strong>hominibus</strong></span> <span class='ocrx_word' id='word_1_746' title='bbox 3367 1992 3729 2060; x_wconf 84' lang='lat' dir='ltr'><strong>beneplacitum</strong></span> <span class='ocrx_word' id='word_1_747' title='bbox 3761 2008 3780 2045; x_wconf 90' lang='lat'><em>:</em></span> <span class='ocrx_word' id='word_1_748' title='bbox 3811 1993 3983 2047; x_wconf 79' lang='lat' dir='ltr'><strong>futu-</strong></span> 
     </span>
    </p>
   </div>
   <div class='ocr_carea' id='block_1_98' title="bbox 2368 2061 3983 2130">
    <p class='ocr_par' dir='ltr' id='par_1_98' title="bbox 2368 2061 3983 2130">
     <span class='ocr_line' id='line_1_98' title="bbox 2368 2061 3983 2130; baseline 0.002 -18"><span class='ocrx_word' id='word_1_749' title='bbox 2368 2075 2486 2130; x_wconf 85' lang='lat' dir='ltr'><strong>rum</strong></span> <span class='ocrx_word' id='word_1_750' title='bbox 2514 2061 2652 2113; x_wconf 91' lang='lat' dir='ltr'><strong>enim</strong></span> <span class='ocrx_word' id='word_1_751' title='bbox 2682 2070 2797 2114; x_wconf 90' lang='lat' dir='ltr'><strong>erat</strong></span> <span class='ocrx_word' id='word_1_752' title='bbox 2825 2071 2880 2114; x_wconf 92' lang='lat' dir='ltr'><strong>nt</strong></span> <span class='ocrx_word' id='word_1_753' title='bbox 2917 2077 2978 2115; x_wconf 88' lang='lat' dir='ltr'><strong>ea</strong></span> <span class='ocrx_word' id='word_1_754' title='bbox 3015 2077 3133 2128; x_wconf 72' lang='lat' dir='ltr'><strong>qua:</strong></span> <span class='ocrx_word' id='word_1_755' title='bbox 3172 2071 3300 2116; x_wconf 89' lang='lat' dir='ltr'><strong>sunt</strong></span> <span class='ocrx_word' id='word_1_756' title='bbox 3341 2064 3571 2130; x_wconf 86' lang='lat' dir='ltr'><strong>pietatis,</strong></span> <span class='ocrx_word' id='word_1_757' title='bbox 3623 2065 3865 2116; x_wconf 87' lang='lat' dir='ltr'><strong>homines</strong></span> <span class='ocrx_word' id='word_1_758' title='bbox 3912 2073 3983 2117; x_wconf 81' lang='lat' dir='ltr'><strong>ut</strong></span> 
     </span>
    </p>
   </div>
   <div class='ocr_carea' id='block_1_99' title="bbox 2369 2129 3982 2203">
    <p class='ocr_par' dir='ltr' id='par_1_99' title="bbox 2369 2129 3982 2203">
     <span class='ocr_line' id='line_1_99' title="bbox 2369 2129 3982 2203; baseline 0.004 -21"><span class='ocrx_word' id='word_1_759' title='bbox 2369 2129 2514 2203; x_wconf 84' lang='lat' dir='ltr'><strong>bona</strong></span> <span class='ocrx_word' id='word_1_760' title='bbox 2539 2131 2752 2195; x_wconf 83' lang='lat' dir='ltr'><strong>vellent,</strong></span> <span class='ocrx_word' id='word_1_761' title='bbox 2777 2141 2830 2184; x_wconf 74' lang='grc' dir='ltr'><strong>ιιι</strong></span> <span class='ocrx_word' id='word_1_762' title='bbox 2855 2132 2990 2186; x_wconf 87' lang='lat' dir='ltr'><strong>bona</strong></span> <span class='ocrx_word' id='word_1_763' title='bbox 3013 2143 3317 2186; x_wconf 86' lang='lat' dir='ltr'><strong>censerent.</strong></span> <span class='ocrx_word' id='word_1_764' title='bbox 3343 2129 3590 2188; x_wconf 75' lang='lat' dir='ltr'><strong>Pastores</strong></span> <span class='ocrx_word' id='word_1_765' title='bbox 3617 2133 3792 2203; x_wconf 89' lang='lat' dir='ltr'><strong>itaque</strong></span> <span class='ocrx_word' id='word_1_766' title='bbox 3815 2133 3982 2188; x_wconf 78' lang='lat' dir='ltr'><strong>felici</strong></span> 
     </span>
    </p>
   </div>
   <div class='ocr_carea' id='block_1_100' title="bbox 2363 2201 3980 2273">
    <p class='ocr_par' dir='ltr' id='par_1_100' title="bbox 2363 2201 3980 2273">
     <span class='ocr_line' id='line_1_100' title="bbox 2363 2201 3980 2273; baseline 0.004 -22"><span class='ocrx_word' id='word_1_767' title='bbox 2363 2201 2556 2273; x_wconf 83' lang='lat' dir='ltr'><strong>nuntio</strong></span> <span class='ocrx_word' id='word_1_768' title='bbox 2585 2212 2824 2270; x_wconf 88' lang='lat' dir='ltr'><strong>accepto,</strong></span> <span class='ocrx_word' id='word_1_769' title='bbox 2855 2213 2912 2273; x_wconf 84' lang='lat' dir='ltr'><strong>et</strong></span> <span class='ocrx_word' id='word_1_770' title='bbox 2947 2207 3045 2256; x_wconf 81' lang='lat' dir='ltr'><strong>hoc</strong></span> <span class='ocrx_word' id='word_1_771' title='bbox 3085 2203 3268 2256; x_wconf 89' lang='lat' dir='ltr'><strong>audito</strong></span> <span class='ocrx_word' id='word_1_772' title='bbox 3313 2218 3582 2268; x_wconf 82' lang='lat' dir='ltr'><strong>sermone,</strong></span> <span class='ocrx_word' id='word_1_773' title='bbox 3629 2201 3738 2256; x_wconf 80' lang='lat' dir='ltr'><strong>rem</strong></span> <span class='ocrx_word' id='word_1_774' title='bbox 3786 2205 3980 2273; x_wconf 84' lang='lat' dir='ltr'><strong>ipsam</strong></span> 
     </span>
    </p>
   </div>
   <div class='ocr_carea' id='block_1_101' title="bbox 2369 2270 3979 2338">
    <p class='ocr_par' dir='ltr' id='par_1_101' title="bbox 2369 2270 3979 2338">
     <span class='ocr_line' id='line_1_101' title="bbox 2369 2270 3979 2338; baseline 0.005 -17"><span class='ocrx_word' id='word_1_775' title='bbox 2369 2270 2634 2336; x_wconf 90' lang='lat' dir='ltr'><strong>viderunt,</strong></span> <span class='ocrx_word' id='word_1_776' title='bbox 2669 2273 2720 2324; x_wconf 93' lang='lat' dir='ltr'><strong>in</strong></span> <span class='ocrx_word' id='word_1_777' title='bbox 2753 2271 3062 2338; x_wconf 83' lang='lat' dir='ltr'><strong>speluncam</strong></span> <span class='ocrx_word' id='word_1_778' title='bbox 3094 2283 3348 2326; x_wconf 89' lang='lat' dir='ltr'><strong>venerunt</strong></span> <span class='ocrx_word' id='word_1_779' title='bbox 3377 2292 3391 2328; x_wconf 87' lang='lat'><strong>:</strong></span> <span class='ocrx_word' id='word_1_780' title='bbox 3421 2289 3526 2327; x_wconf 91' lang='lat' dir='ltr'><strong>non</strong></span> <span class='ocrx_word' id='word_1_781' title='bbox 3549 2284 3772 2327; x_wconf 84' lang='lat' dir='ltr'><strong>stratum</strong></span> <span class='ocrx_word' id='word_1_782' title='bbox 3804 2270 3979 2329; x_wconf 79' lang='lat' dir='ltr'><strong>vide-</strong></span> 
     </span>
    </p>
   </div>
   <div class='ocr_carea' id='block_1_102' title="bbox 2369 2342 3979 2415">
    <p class='ocr_par' dir='ltr' id='par_1_102' title="bbox 2369 2342 3979 2415">
     <span class='ocr_line' id='line_1_102' title="bbox 2369 2342 3979 2415; baseline 0.004 -24"><span class='ocrx_word' id='word_1_783' title='bbox 2369 2351 2510 2415; x_wconf 80' lang='lat' dir='ltr'><strong>ruut,</strong></span> <span class='ocrx_word' id='word_1_784' title='bbox 2547 2359 2648 2394; x_wconf 87' lang='lat' dir='ltr'><strong>non</strong></span> <span class='ocrx_word' id='word_1_785' title='bbox 2688 2342 3179 2415; x_wconf 74' lang='lat' dir='ltr'><strong>lectumviderunt,</strong></span> <span class='ocrx_word' id='word_1_786' title='bbox 3223 2359 3328 2398; x_wconf 90' lang='lat' dir='ltr'><strong>non</strong></span> <span class='ocrx_word' id='word_1_787' title='bbox 3365 2359 3603 2398; x_wconf 89' lang='lat' dir='ltr'><strong>mensam</strong></span> <span class='ocrx_word' id='word_1_788' title='bbox 3647 2354 3979 2415; x_wconf 79' lang='lat' dir='ltr'><strong>apparatum</strong></span> 
     </span>
    </p>
   </div>
   <div class='ocr_carea' id='block_1_103' title="bbox 2370 2410 3972 2484">
    <p class='ocr_par' dir='ltr' id='par_1_103' title="bbox 2370 2410 3972 2484">
     <span class='ocr_line' id='line_1_103' title="bbox 2370 2410 3972 2484; baseline 0.003 -23"><span class='ocrx_word' id='word_1_789' title='bbox 2370 2410 2633 2484; x_wconf 84' lang='lat' dir='ltr'><strong>viderunt,</strong></span> <span class='ocrx_word' id='word_1_790' title='bbox 2665 2413 2995 2484; x_wconf 28' lang='lat' dir='ltr'><strong>sedAblariam</strong></span> <span class='ocrx_word' id='word_1_791' title='bbox 3027 2415 3302 2469; x_wconf 88' lang='lat' dir='ltr'><strong>sedentem</strong></span> <span class='ocrx_word' id='word_1_792' title='bbox 3329 2424 3382 2468; x_wconf 89' lang='lat' dir='ltr'><strong>et</strong></span> <span class='ocrx_word' id='word_1_793' title='bbox 3406 2416 3626 2484; x_wconf 73' lang='lat' dir='ltr'><strong>Joseph,</strong></span> <span class='ocrx_word' id='word_1_794' title='bbox 3652 2410 3972 2481; x_wconf 67' lang='lat' dir='ltr'><strong>et&#39;puerum</strong></span> 
     </span>
    </p>
   </div>
   <div class='ocr_carea' id='block_1_104' title="bbox 2369 2482 3978 2554">
    <p class='ocr_par' dir='ltr' id='par_1_104' title="bbox 2369 2482 3978 2554">
     <span class='ocr_line' id='line_1_104' title="bbox 2369 2482 3978 2554; baseline 0.002 -20"><span class='ocrx_word' id='word_1_795' title='bbox 2369 2483 2701 2554; x_wconf 86' lang='lat' dir='ltr'><strong>reclinatum.</strong></span> <span class='ocrx_word' id='word_1_796' title='bbox 2754 2482 2870 2536; x_wconf 84' lang='lat' dir='ltr'><strong>Non</strong></span> <span class='ocrx_word' id='word_1_797' title='bbox 2921 2493 3309 2538; x_wconf 85' lang='lat' dir='ltr'><strong>commemorat</strong></span> <span class='ocrx_word' id='word_1_798' title='bbox 3357 2482 3550 2554; x_wconf 30' lang='lat' dir='ltr'><strong>primo’</strong></span> <span class='ocrx_word' id='word_1_799' title='bbox 3583 2487 3700 2538; x_wconf 90' lang='lat' dir='ltr'><strong>loco</strong></span> <span class='ocrx_word' id='word_1_800' title='bbox 3750 2495 3978 2553; x_wconf 87' lang='lat' dir='ltr'><strong>patrem</strong></span> 
     </span>
    </p>
   </div>
   <div class='ocr_carea' id='block_1_105' title="bbox 2370 2553 3976 2624">
    <p class='ocr_par' dir='ltr' id='par_1_105' title="bbox 2370 2553 3976 2624">
     <span class='ocr_line' id='line_1_105' title="bbox 2370 2553 3976 2624; baseline 0.001 -20"><span class='ocrx_word' id='word_1_801' title='bbox 2370 2553 2718 2624; x_wconf 81' lang='lat' dir='ltr'><strong>evangelista,</strong></span> <span class='ocrx_word' id='word_1_802' title='bbox 2757 2554 2853 2607; x_wconf 91' lang='lat' dir='ltr'><strong>sed</strong></span> <span class='ocrx_word' id='word_1_803' title='bbox 2895 2554 3111 2608; x_wconf 81' lang='lat' dir='ltr'><strong>Mariam</strong></span> <span class='ocrx_word' id='word_1_804' title='bbox 3141 2553 3369 2624; x_wconf 82' lang='lat' dir='ltr'><strong>primum</strong></span> <span class='ocrx_word' id='word_1_805' title='bbox 3410 2567 3793 2610; x_wconf 85' lang='lat' dir='ltr'><strong>commemorat</strong></span> <span class='ocrx_word' id='word_1_806' title='bbox 3823 2573 3835 2607; x_wconf 86' lang='lat'><strong>:</strong></span> <span class='ocrx_word' id='word_1_807' title='bbox 3871 2556 3976 2608; x_wconf 85' lang='lat' dir='ltr'><strong>illa</strong></span> 
     </span>
    </p>
   </div>
   <div class='ocr_carea' id='block_1_106' title="bbox 2370 2623 3976 2693">
    <p class='ocr_par' dir='ltr' id='par_1_106' title="bbox 2370 2623 3976 2693">
     <span class='ocr_line' id='line_1_106' title="bbox 2370 2623 3976 2693; baseline 0.004 -20"><span class='ocrx_word' id='word_1_808' title='bbox 2370 2623 2564 2691; x_wconf 84' lang='lat' dir='ltr'><strong>quippe</strong></span> <span class='ocrx_word' id='word_1_809' title='bbox 2593 2638 2718 2677; x_wconf 75' lang='lat' dir='ltr'><strong>Vere</strong></span> <span class='ocrx_word' id='word_1_810' title='bbox 2759 2632 2842 2676; x_wconf 89' lang='lat' dir='ltr'><strong>est</strong></span> <span class='ocrx_word' id='word_1_811' title='bbox 2883 2636 3055 2678; x_wconf 86' lang='lat' dir='ltr'><strong>mater</strong></span> <span class='ocrx_word' id='word_1_812' title='bbox 3103 2623 3273 2678; x_wconf 52' lang='lat' dir='ltr'><strong>{imo</strong></span> <span class='ocrx_word' id='word_1_813' title='bbox 3307 2642 3434 2680; x_wconf 87' lang='lat' dir='ltr'><strong>vero</strong></span> <span class='ocrx_word' id='word_1_814' title='bbox 3468 2641 3566 2680; x_wconf 88' lang='lat' dir='ltr'><strong>nec</strong></span> <span class='ocrx_word' id='word_1_815' title='bbox 3610 2627 3720 2693; x_wconf 79' lang='lat' dir='ltr'><strong>ipsa</strong></span> <span class='ocrx_word' id='word_1_816' title='bbox 3763 2638 3976 2689; x_wconf 84' lang='lat' dir='ltr'><strong>mater,</strong></span> 
     </span>
    </p>
   </div>
   <div class='ocr_carea' id='block_1_107' title="bbox 2370 2693 3980 2765">
    <p class='ocr_par' dir='ltr' id='par_1_107' title="bbox 2370 2693 3980 2765">
     <span class='ocr_line' id='line_1_107' title="bbox 2370 2693 3980 2765; baseline 0.003 -21"><span class='ocrx_word' id='word_1_817' title='bbox 2370 2693 2799 2765; x_wconf 80' lang='lat' dir='ltr'><strong>quandoquidem</strong></span> <span class='ocrx_word' id='word_1_818' title='bbox 2830 2696 3276 2765; x_wconf 64' lang='lat' dir='ltr'><strong>nonpaturaliter</strong></span> <span class='ocrx_word' id='word_1_819' title='bbox 3299 2698 3524 2765; x_wconf 85' lang='lat' dir='ltr'><strong>peperit,</strong></span> <span class='ocrx_word' id='word_1_820' title='bbox 3569 2697 3662 2748; x_wconf 86' lang='lat' dir='ltr'><strong>sed</strong></span> <span class='ocrx_word' id='word_1_821' title='bbox 3700 2712 3980 2763; x_wconf 81' lang='lat' dir='ltr'><strong>superna-</strong></span> 
     </span>
    </p>
   </div>
   <div class='ocr_carea' id='block_1_108' title="bbox 2371 2762 3978 2834">
    <p class='ocr_par' dir='ltr' id='par_1_108' title="bbox 2371 2762 3978 2834">
     <span class='ocr_line' id='line_1_108' title="bbox 2371 2762 3978 2834; baseline 0.003 -20"><span class='ocrx_word' id='word_1_822' title='bbox 2371 2762 2612 2834; x_wconf 75' lang='lat' dir='ltr'><strong>turaliter</strong></span> <span class='ocrx_word' id='word_1_823' title='bbox 2633 2762 2905 2831; x_wconf 83' lang='lat' dir='ltr'><strong>concepit.</strong></span> <span class='ocrx_word' id='word_1_824' title='bbox 2936 2763 3051 2818; x_wconf 83' lang='lat' dir='ltr'><strong>Non</strong></span> <span class='ocrx_word' id='word_1_825' title='bbox 3086 2768 3226 2818; x_wconf 87' lang='lat' dir='ltr'><strong>enim</strong></span> <span class='ocrx_word' id='word_1_826' title='bbox 3255 2762 3480 2832; x_wconf 80' lang='lat' dir='ltr'><strong>sciebat,</strong></span> <span class='ocrx_word' id='word_1_827' title='bbox 3511 2767 3634 2834; x_wconf 90' lang='lat' dir='ltr'><strong>quid</strong></span> <span class='ocrx_word' id='word_1_828' title='bbox 3662 2762 3834 2826; x_wconf 82' lang='lat' dir='ltr'><strong>ﬁeret,</strong></span> <span class='ocrx_word' id='word_1_829' title='bbox 3862 2767 3978 2819; x_wconf 81' lang='lat' dir='ltr'><strong>sed</strong></span> 
     </span>
    </p>
   </div>
   <div class='ocr_carea' id='block_1_109' title="bbox 2369 2831 3980 2905">
    <p class='ocr_par' dir='ltr' id='par_1_109' title="bbox 2369 2831 3980 2905">
     <span class='ocr_line' id='line_1_109' title="bbox 2369 2831 3980 2905; baseline 0.004 -22"><span class='ocrx_word' id='word_1_830' title='bbox 2369 2831 2588 2905; x_wconf 74' lang='lat' dir='ltr'><strong>artiﬁcis</strong></span> <span class='ocrx_word' id='word_1_831' title='bbox 2627 2835 3036 2888; x_wconf 89' lang='lat' dir='ltr'><strong>instrumentum</strong></span> <span class='ocrx_word' id='word_1_832' title='bbox 3083 2844 3217 2888; x_wconf 87' lang='lat' dir='ltr'><strong>crat.</strong></span> <span class='ocrx_word' id='word_1_833' title='bbox 3263 2831 3704 2905; x_wconf 37' lang='lat' dir='ltr'><strong>Viderunt—igitur</strong></span> <span class='ocrx_word' id='word_1_834' title='bbox 3739 2835 3980 2892; x_wconf 73' lang='lat' dir='ltr'><strong>Mariam</strong></span> 
     </span>
    </p>
   </div>
   <div class='ocr_carea' id='block_1_110' title="bbox 2373 2902 3984 2974">
    <p class='ocr_par' dir='ltr' id='par_1_110' title="bbox 2373 2902 3984 2974">
     <span class='ocr_line' id='line_1_110' title="bbox 2373 2902 3984 2974; baseline 0.004 -19"><span class='ocrx_word' id='word_1_835' title='bbox 2373 2912 2427 2955; x_wconf 89' lang='lat' dir='ltr'><strong>et</strong></span> <span class='ocrx_word' id='word_1_836' title='bbox 2458 2902 2654 2972; x_wconf 83' lang='lat' dir='ltr'><strong>Joseph</strong></span> <span class='ocrx_word' id='word_1_837' title='bbox 2688 2914 2741 2957; x_wconf 91' lang='lat' dir='ltr'><strong>et</strong></span> <span class='ocrx_word' id='word_1_838' title='bbox 2768 2920 3029 2972; x_wconf 89' lang='lat' dir='ltr'><strong>puerum:</strong></span> <span class='ocrx_word' id='word_1_839' title='bbox 3063 2906 3261 2958; x_wconf 88' lang='lat' dir='ltr'><strong>auditis</strong></span> <span class='ocrx_word' id='word_1_840' title='bbox 3301 2906 3477 2960; x_wconf 88' lang='lat' dir='ltr'><strong>verbis</strong></span> <span class='ocrx_word' id='word_1_841' title='bbox 3519 2902 3605 2959; x_wconf 71' lang='lat' dir='ltr'><strong>res</strong></span> <span class='ocrx_word' id='word_1_842' title='bbox 3647 2907 3786 2974; x_wconf 89' lang='lat' dir='ltr'><strong>ipsas</strong></span> <span class='ocrx_word' id='word_1_843' title='bbox 3817 2908 3984 2961; x_wconf 84' lang='lat' dir='ltr'><strong>vide-</strong></span> 
     </span>
    </p>
   </div>
   <div class='ocr_carea' id='block_1_111' title="bbox 2372 2975 3982 3047">
    <p class='ocr_par' dir='ltr' id='par_1_111' title="bbox 2372 2975 3982 3047">
     <span class='ocr_line' id='line_1_111' title="bbox 2372 2975 3982 3047; baseline 0.004 -23"><span class='ocrx_word' id='word_1_844' title='bbox 2372 2975 2736 3047; x_wconf 83' lang='lat' dir='ltr'><strong>runt;_mirati</strong></span> <span class='ocrx_word' id='word_1_845' title='bbox 2767 2983 2910 3047; x_wconf 90' lang='lat' dir='ltr'><strong>sunt,</strong></span> <span class='ocrx_word' id='word_1_846' title='bbox 2941 2976 3168 3030; x_wconf 88' lang='lat' dir='ltr'><strong>salutem</strong></span> <span class='ocrx_word' id='word_1_847' title='bbox 3213 2977 3352 3029; x_wconf 83' lang='lat' dir='ltr'><strong>nacti</strong></span> <span class='ocrx_word' id='word_1_848' title='bbox 3394 2987 3540 3047; x_wconf 77' lang='lat' dir='ltr'><strong>sunt.</strong></span> <span class='ocrx_word' id='word_1_849' title='bbox 3585 2975 3803 3030; x_wconf 70' lang='lat' dir='ltr'><strong>Iacebat</strong></span> <span class='ocrx_word' id='word_1_850' title='bbox 3827 2993 3982 3047; x_wconf 80' lang='lat' dir='ltr'><strong>ergo</strong></span> 
     </span>
    </p>
   </div>
   <div class='ocr_carea' id='block_1_112' title="bbox 2375 3044 3981 3115">
    <p class='ocr_par' dir='ltr' id='par_1_112' title="bbox 2375 3044 3981 3115">
     <span class='ocr_line' id='line_1_112' title="bbox 2375 3044 3981 3115; baseline 0.005 -19"><span class='ocrx_word' id='word_1_851' title='bbox 2375 3044 2631 3115; x_wconf 86' lang='lat' dir='ltr'><strong>puerulus</strong></span> <span class='ocrx_word' id='word_1_852' title='bbox 2661 3045 2752 3097; x_wconf 92' lang='lat' dir='ltr'><strong>illo</strong></span> <span class='ocrx_word' id='word_1_853' title='bbox 2790 3046 3000 3099; x_wconf 90' lang='lat' dir='ltr'><strong>interim</strong></span> <span class='ocrx_word' id='word_1_854' title='bbox 3042 3047 3138 3098; x_wconf 88' lang='lat' dir='ltr'><strong>vili</strong></span> <span class='ocrx_word' id='word_1_855' title='bbox 3182 3048 3421 3114; x_wconf 89' lang='lat' dir='ltr'><strong>corporis</strong></span> <span class='ocrx_word' id='word_1_856' title='bbox 3464 3046 3606 3100; x_wconf 87' lang='lat' dir='ltr'><strong>cultu</strong></span> <span class='ocrx_word' id='word_1_857' title='bbox 3653 3044 3981 3115; x_wconf 45' lang='lat' dir='ltr'><strong>contentu—5,</strong></span> 
     </span>
    </p>
   </div>
   <div class='ocr_carea' id='block_1_113' title="bbox 2373 3113 3987 3184">
    <p class='ocr_par' dir='ltr' id='par_1_113' title="bbox 2373 3113 3987 3184">
     <span class='ocr_line' id='line_1_113' title="bbox 2373 3113 3987 3184; baseline 0.004 -18"><span class='ocrx_word' id='word_1_858' title='bbox 2373 3113 2720 3184; x_wconf 85' lang='lat' dir='ltr'><strong>ejusdemque</strong></span> <span class='ocrx_word' id='word_1_859' title='bbox 2739 3116 3123 3170; x_wconf 91' lang='lat' dir='ltr'><strong>incrementum</strong></span> <span class='ocrx_word' id='word_1_860' title='bbox 3151 3113 3510 3184; x_wconf 81' lang='lat' dir='ltr'><strong>exspectans:</strong></span> <span class='ocrx_word' id='word_1_861' title='bbox 3537 3127 3589 3170; x_wconf 92' lang='lat' dir='ltr'><strong>et</strong></span> <span class='ocrx_word' id='word_1_862' title='bbox 3615 3113 3987 3184; x_wconf 56' lang='lat' dir='ltr'><strong>qnemadutol</strong></span> 
     </span>
    </p>
   </div>
   <div class='ocr_carea' id='block_1_114' title="bbox 2374 3181 3987 3255">
    <p class='ocr_par' dir='ltr' id='par_1_114' title="bbox 2374 3181 3987 3255">
     <span class='ocr_line' id='line_1_114' title="bbox 2374 3181 3987 3255; baseline 0.004 -19"><span class='ocrx_word' id='word_1_863' title='bbox 2374 3183 2500 3236; x_wconf 91' lang='lat' dir='ltr'><strong>dum</strong></span> <span class='ocrx_word' id='word_1_864' title='bbox 2527 3181 2713 3239; x_wconf 75' lang='lat' dir='ltr'><strong>artifex</strong></span> <span class='ocrx_word' id='word_1_865' title='bbox 2732 3186 2947 3255; x_wconf 89' lang='lat' dir='ltr'><strong>quidam</strong></span> <span class='ocrx_word' id='word_1_866' title='bbox 2977 3181 3342 3254; x_wconf 80' lang='lat' dir='ltr'><strong>exspectabat,</strong></span> <span class='ocrx_word' id='word_1_867' title='bbox 3362 3181 3520 3255; x_wconf 78' lang='lat' dir='ltr'><strong>atque</strong></span> <span class='ocrx_word' id='word_1_868' title='bbox 3549 3181 3810 3240; x_wconf 79' lang='lat' dir='ltr'><strong>ofﬁcinam</strong></span> <span class='ocrx_word' id='word_1_869' title='bbox 3832 3203 3987 3242; x_wconf 83' lang='lat' dir='ltr'><strong>con-</strong></span> 
     </span>
    </p>
   </div>
   <div class='ocr_carea' id='block_1_115' title="bbox 2374 3255 3979 3326">
    <p class='ocr_par' dir='ltr' id='par_1_115' title="bbox 2374 3255 3979 3326">
     <span class='ocr_line' id='line_1_115' title="bbox 2374 3255 3979 3326; baseline 0.004 -20"><span class='ocrx_word' id='word_1_870' title='bbox 2374 3255 2633 3316; x_wconf 85' lang='lat' dir='ltr'><strong>struebat,</strong></span> <span class='ocrx_word' id='word_1_871' title='bbox 2660 3264 2714 3309; x_wconf 92' lang='lat' dir='ltr'><strong>ut</strong></span> <span class='ocrx_word' id='word_1_872' title='bbox 2737 3266 3005 3325; x_wconf 85' lang='lat' dir='ltr'><strong>tamquam</strong></span> <span class='ocrx_word' id='word_1_873' title='bbox 3027 3257 3355 3312; x_wconf 66' lang='lat' dir='ltr'><strong>citharoedus</strong></span> <span class='ocrx_word' id='word_1_874' title='bbox 3377 3257 3589 3326; x_wconf 86' lang='lat' dir='ltr'><strong>quidam</strong></span> <span class='ocrx_word' id='word_1_875' title='bbox 3615 3259 3817 3311; x_wconf 82' lang='lat' dir='ltr'><strong>cithara</strong></span> <span class='ocrx_word' id='word_1_876' title='bbox 3839 3270 3979 3313; x_wconf 80' lang='lat' dir='ltr'><strong>iste-</strong></span> 
     </span>
    </p>
   </div>
   <div class='ocr_carea' id='block_1_116' title="bbox 2375 3327 3987 3396">
    <p class='ocr_par' dir='ltr' id='par_1_116' title="bbox 2375 3327 3987 3396">
     <span class='ocr_line' id='line_1_116' title="bbox 2375 3327 3987 3396; baseline 0.003 -21"><span class='ocrx_word' id='word_1_877' title='bbox 2375 3332 2542 3388; x_wconf 88' lang='lat' dir='ltr'><strong>retur,</strong></span> <span class='ocrx_word' id='word_1_878' title='bbox 2575 3334 2710 3379; x_wconf 92' lang='lat' dir='ltr'><strong>etut</strong></span> <span class='ocrx_word' id='word_1_879' title='bbox 2737 3327 3044 3396; x_wconf 81' lang='lat' dir='ltr'><strong>sagittarius</strong></span> <span class='ocrx_word' id='word_1_880' title='bbox 3073 3329 3139 3380; x_wconf 91' lang='lat' dir='ltr'><strong>ad</strong></span> <span class='ocrx_word' id='word_1_881' title='bbox 3183 3329 3254 3388; x_wconf 84' lang='lat' dir='ltr'><strong>id,</strong></span> <span class='ocrx_word' id='word_1_882' title='bbox 3287 3329 3430 3394; x_wconf 90' lang='lat' dir='ltr'><strong>quod</strong></span> <span class='ocrx_word' id='word_1_883' title='bbox 3457 3341 3589 3396; x_wconf 88' lang='lat' dir='ltr'><strong>opus</strong></span> <span class='ocrx_word' id='word_1_884' title='bbox 3618 3327 3826 3389; x_wconf 77' lang='lat' dir='ltr'><strong>luisset.</strong></span> <span class='ocrx_word' id='word_1_885' title='bbox 3858 3333 3987 3382; x_wconf 81' lang='lat' dir='ltr'><strong>telo</strong></span> 
     </span>
    </p>
   </div>
   <div class='ocr_carea' id='block_1_117' title="bbox 2375 3397 3986 3463">
    <p class='ocr_par' dir='ltr' id='par_1_117' title="bbox 2375 3397 3986 3463">
     <span class='ocr_line' id='line_1_117' title="bbox 2375 3397 3986 3463; baseline 0.006 -18"><span class='ocrx_word' id='word_1_886' title='bbox 2375 3402 2430 3445; x_wconf 90' lang='lat' dir='ltr'><strong>et</strong></span> <span class='ocrx_word' id='word_1_887' title='bbox 2455 3397 2646 3463; x_wconf 83' lang='lat' dir='ltr'><strong>sagitta</strong></span> <span class='ocrx_word' id='word_1_888' title='bbox 2674 3405 2911 3452; x_wconf 90' lang='lat' dir='ltr'><strong>uteretur</strong></span> <span class='ocrx_word' id='word_1_889' title='bbox 2938 3414 2952 3449; x_wconf 90' lang='lat'><strong>:</strong></span> <span class='ocrx_word' id='word_1_890' title='bbox 2981 3397 3052 3450; x_wconf 90' lang='lat' dir='ltr'><strong>ita</strong></span> <span class='ocrx_word' id='word_1_891' title='bbox 3080 3407 3135 3451; x_wconf 90' lang='lat' dir='ltr'><strong>et</strong></span> <span class='ocrx_word' id='word_1_892' title='bbox 3163 3397 3320 3452; x_wconf 79' lang='lat' dir='ltr'><strong>.lesus</strong></span> <span class='ocrx_word' id='word_1_893' title='bbox 3361 3398 3760 3452; x_wconf 82' lang='lat' dir='ltr'><strong>communicatis</strong></span> <span class='ocrx_word' id='word_1_894' title='bbox 3786 3402 3986 3454; x_wconf 85' lang='lat' dir='ltr'><strong>omni-</strong></span> 
     </span>
    </p>
   </div>
   <div class='ocr_carea' id='block_1_118' title="bbox 2376 3463 3990 3536">
    <p class='ocr_par' dir='ltr' id='par_1_118' title="bbox 2376 3463 3990 3536">
     <span class='ocr_line' id='line_1_118' title="bbox 2376 3463 3990 3536; baseline 0.004 -18"><span class='ocrx_word' id='word_1_895' title='bbox 2376 3463 2476 3518; x_wconf 88' lang='lat' dir='ltr'><strong>bus</strong></span> <span class='ocrx_word' id='word_1_896' title='bbox 2506 3466 2757 3534; x_wconf 89' lang='lat' dir='ltr'><strong>paulatim</strong></span> <span class='ocrx_word' id='word_1_897' title='bbox 2786 3479 3031 3536; x_wconf 83' lang='lat' dir='ltr'><strong>augetur.</strong></span> <span class='ocrx_word' id='word_1_898' title='bbox 3063 3469 3168 3521; x_wconf 87' lang='lat' dir='ltr'><strong>Cur</strong></span> <span class='ocrx_word' id='word_1_899' title='bbox 3196 3485 3299 3520; x_wconf 89' lang='lat' dir='ltr'><strong>non</strong></span> <span class='ocrx_word' id='word_1_900' title='bbox 3331 3469 3488 3536; x_wconf 84' lang='lat' dir='ltr'><strong>igitur</strong></span> <span class='ocrx_word' id='word_1_901' title='bbox 3514 3469 3838 3522; x_wconf 80' lang='lat' dir='ltr'><strong>confertim?</strong></span> <span class='ocrx_word' id='word_1_902' title='bbox 3875 3488 3990 3525; x_wconf 73' lang='lat' dir='ltr'><strong>cur</strong></span> 
     </span>
    </p>
   </div>
   <div class='ocr_carea' id='block_1_119' title="bbox 2378 3536 3989 3608">
    <p class='ocr_par' dir='ltr' id='par_1_119' title="bbox 2378 3536 3989 3608">
     <span class='ocr_line' id='line_1_119' title="bbox 2378 3536 3989 3608; baseline 0.002 -20"><span class='ocrx_word' id='word_1_903' title='bbox 2378 3549 2484 3608; x_wconf 66' lang='lat' dir='ltr'><strong>rion</strong></span> <span class='ocrx_word' id='word_1_904' title='bbox 2532 3536 2711 3604; x_wconf 82' lang='lat' dir='ltr'><strong>adulta</strong></span> <span class='ocrx_word' id='word_1_905' title='bbox 2759 3538 2917 3590; x_wconf 89' lang='lat' dir='ltr'><strong>simul</strong></span> <span class='ocrx_word' id='word_1_906' title='bbox 2966 3545 3124 3591; x_wconf 71' lang='lat' dir='ltr'><strong>aetate</strong></span> <span class='ocrx_word' id='word_1_907' title='bbox 3173 3540 3546 3608; x_wconf 69' lang='lat' dir='ltr'><strong>perfectiusque</strong></span> <span class='ocrx_word' id='word_1_908' title='bbox 3591 3543 3670 3594; x_wconf 83' lang='lat' dir='ltr'><strong>vir</strong></span> <span class='ocrx_word' id='word_1_909' title='bbox 3711 3538 3989 3594; x_wconf 81' lang='lat' dir='ltr'><strong>advenit?</strong></span> 
     </span>
    </p>
   </div>
   <div class='ocr_carea' id='block_1_120' title="bbox 2384 3605 3986 3677">
    <p class='ocr_par' dir='ltr' id='par_1_120' title="bbox 2384 3605 3986 3677">
     <span class='ocr_line' id='line_1_120' title="bbox 2384 3605 3986 3677; baseline 0.003 -17"><span class='ocrx_word' id='word_1_910' title='bbox 2384 3605 2535 3677; x_wconf 63' lang='lat' dir='ltr'><strong>Venit</strong></span> <span class='ocrx_word' id='word_1_911' title='bbox 2565 3616 2622 3660; x_wconf 91' lang='lat' dir='ltr'><strong>ut</strong></span> <span class='ocrx_word' id='word_1_912' title='bbox 2652 3621 2893 3661; x_wconf 90' lang='lat' dir='ltr'><strong>naturam</strong></span> <span class='ocrx_word' id='word_1_913' title='bbox 2925 3605 3515 3672; x_wconf 68' lang='lat' dir='ltr'><strong>nostramimitaretur,</strong></span> <span class='ocrx_word' id='word_1_914' title='bbox 3541 3617 3598 3662; x_wconf 91' lang='grc' dir='ltr'><strong>ιιι</strong></span> <span class='ocrx_word' id='word_1_915' title='bbox 3620 3625 3847 3662; x_wconf 86' lang='lat' dir='ltr'><strong>massam</strong></span> <span class='ocrx_word' id='word_1_916' title='bbox 3876 3626 3986 3677; x_wconf 76' lang='lat' dir='ltr'><strong>per</strong></span> 
     </span>
    </p>
   </div>
   <div class='ocr_carea' id='block_1_121' title="bbox 2377 3675 3986 3746">
    <p class='ocr_par' dir='ltr' id='par_1_121' title="bbox 2377 3675 3986 3746">
     <span class='ocr_line' id='line_1_121' title="bbox 2377 3675 3986 3746; baseline 0.003 -16"><span class='ocrx_word' id='word_1_917' title='bbox 2377 3675 2754 3731; x_wconf 83' lang='lat' dir='ltr'><strong>delibationent</strong></span> <span class='ocrx_word' id='word_1_918' title='bbox 2783 3680 3165 3733; x_wconf 87' lang='lat' dir='ltr'><strong>sanctiliearet.</strong></span> <span class='ocrx_word' id='word_1_919' title='bbox 3206 3679 3493 3732; x_wconf 85' lang='lat' dir='ltr'><strong>Enimvero</strong></span> <span class='ocrx_word' id='word_1_920' title='bbox 3519 3680 3562 3732; x_wconf 88' lang='lat' dir='ltr'><strong>si</strong></span> <span class='ocrx_word' id='word_1_921' title='bbox 3602 3682 3711 3746; x_wconf 86' lang='lat' dir='ltr'><strong>jam</strong></span> <span class='ocrx_word' id='word_1_922' title='bbox 3751 3675 3986 3735; x_wconf 71' lang='lat' dir='ltr'><strong>adultus</strong></span> 
     </span>
    </p>
   </div>
   <div class='ocr_carea' id='block_1_122' title="bbox 2378 3749 3983 3817">
    <p class='ocr_par' dir='ltr' id='par_1_122' title="bbox 2378 3749 3983 3817">
     <span class='ocr_line' id='line_1_122' title="bbox 2378 3749 3983 3817; baseline 0.004 -18"><span class='ocrx_word' id='word_1_923' title='bbox 2378 3755 2536 3817; x_wconf 60' lang='lat' dir='ltr'><strong>aetate</strong></span> <span class='ocrx_word' id='word_1_924' title='bbox 2562 3750 2814 3813; x_wconf 82' lang='lat' dir='ltr'><strong>veniSset,</strong></span> <span class='ocrx_word' id='word_1_925' title='bbox 2847 3760 2900 3804; x_wconf 91' lang='lat' dir='ltr'><strong>et</strong></span> <span class='ocrx_word' id='word_1_926' title='bbox 2931 3751 3011 3802; x_wconf 85' lang='lat' dir='ltr'><strong>vir</strong></span> <span class='ocrx_word' id='word_1_927' title='bbox 3042 3749 3329 3817; x_wconf 81' lang='lat' dir='ltr'><strong>perfectus,</strong></span> <span class='ocrx_word' id='word_1_928' title='bbox 3360 3749 3414 3803; x_wconf 92' lang='lat' dir='ltr'><strong>in</strong></span> <span class='ocrx_word' id='word_1_929' title='bbox 3449 3751 3726 3813; x_wconf 89' lang='lat' dir='ltr'><strong>mundum,</strong></span> <span class='ocrx_word' id='word_1_930' title='bbox 3772 3752 3983 3805; x_wconf 81' lang='lat' dir='ltr'><strong>dicturi</strong></span> 
     </span>
    </p>
   </div>
   <div class='ocr_carea' id='block_1_123' title="bbox 2379 3815 3983 3888">
    <p class='ocr_par' dir='ltr' id='par_1_123' title="bbox 2379 3815 3983 3888">
     <span class='ocr_line' id='line_1_123' title="bbox 2379 3815 3983 3888; baseline 0.003 -18"><span class='ocrx_word' id='word_1_931' title='bbox 2379 3815 2605 3872; x_wconf 82' lang='lat' dir='ltr'><strong>fuissent</strong></span> <span class='ocrx_word' id='word_1_932' title='bbox 2655 3820 2892 3873; x_wconf 77' lang='lat' dir='ltr'><strong>lueretici</strong></span> <span class='ocrx_word' id='word_1_933' title='bbox 2941 3815 3197 3888; x_wconf 79' lang='lat' dir='ltr'><strong>virginem</strong></span> <span class='ocrx_word' id='word_1_934' title='bbox 3237 3834 3359 3873; x_wconf 90' lang='lat' dir='ltr'><strong>cum</strong></span> <span class='ocrx_word' id='word_1_935' title='bbox 3411 3821 3628 3872; x_wconf 87' lang='lat' dir='ltr'><strong>minime</strong></span> <span class='ocrx_word' id='word_1_936' title='bbox 3670 3822 3983 3888; x_wconf 74' lang='lat' dir='ltr'><strong>peperiSse,</strong></span> 
     </span>
    </p>
   </div>
   <div class='ocr_carea' id='block_1_124' title="bbox 2383 3889 3987 3959">
    <p class='ocr_par' dir='ltr' id='par_1_124' title="bbox 2383 3889 3987 3959">
     <span class='ocr_line' id='line_1_124' title="bbox 2383 3889 3987 3959; baseline 0.004 -19"><span class='ocrx_word' id='word_1_937' title='bbox 2383 3903 2554 3957; x_wconf 86' lang='lat' dir='ltr'><strong>neque</strong></span> <span class='ocrx_word' id='word_1_938' title='bbox 2577 3906 2639 3942; x_wconf 76' lang='lat' dir='ltr'><strong>ex</strong></span> <span class='ocrx_word' id='word_1_939' title='bbox 2662 3905 2858 3959; x_wconf 75' lang='lat' dir='ltr'><strong>genuere</strong></span> <span class='ocrx_word' id='word_1_940' title='bbox 2883 3899 3071 3942; x_wconf 88' lang='lat' dir='ltr'><strong>nostro</strong></span> <span class='ocrx_word' id='word_1_941' title='bbox 3098 3904 3326 3943; x_wconf 87' lang='lat' dir='ltr'><strong>massam</strong></span> <span class='ocrx_word' id='word_1_942' title='bbox 3356 3890 3648 3957; x_wconf 82' lang='lat' dir='ltr'><strong>accepisse.</strong></span> <span class='ocrx_word' id='word_1_943' title='bbox 3679 3889 3846 3944; x_wconf 83' lang='lat' dir='ltr'><strong>Natus</strong></span> <span class='ocrx_word' id='word_1_944' title='bbox 3889 3906 3987 3946; x_wconf 76' lang='lat' dir='ltr'><strong>ess</strong></span> 
     </span>
    </p>
   </div>
   <div class='ocr_carea' id='block_1_125' title="bbox 2381 3961 3983 4030">
    <p class='ocr_par' dir='ltr' id='par_1_125' title="bbox 2381 3961 3983 4030">
     <span class='ocr_line' id='line_1_125' title="bbox 2381 3961 3983 4030; baseline 0.004 -20"><span class='ocrx_word' id='word_1_945' title='bbox 2381 3973 2508 4026; x_wconf 80' lang='lat' dir='ltr'><strong>ergo</strong></span> <span class='ocrx_word' id='word_1_946' title='bbox 2536 3976 2600 4013; x_wconf 74' lang='lat' dir='ltr'><strong>ex</strong></span> <span class='ocrx_word' id='word_1_947' title='bbox 2634 3961 2857 4028; x_wconf 80' lang='lat' dir='ltr'><strong>virgine,</strong></span> <span class='ocrx_word' id='word_1_948' title='bbox 2890 3976 3010 4013; x_wconf 84' lang='lat' dir='ltr'><strong>cum</strong></span> <span class='ocrx_word' id='word_1_949' title='bbox 3040 3977 3105 4014; x_wconf 79' lang='lat' dir='ltr'><strong>ex</strong></span> <span class='ocrx_word' id='word_1_950' title='bbox 3133 3963 3401 4013; x_wconf 87' lang='lat' dir='ltr'><strong>communi</strong></span> <span class='ocrx_word' id='word_1_951' title='bbox 3444 3975 3619 4013; x_wconf 88' lang='lat' dir='ltr'><strong>massa</strong></span> <span class='ocrx_word' id='word_1_952' title='bbox 3650 3963 3983 4030; x_wconf 70' lang='lat' dir='ltr'><strong>accepis&#39;Sct,</strong></span> 
     </span>
    </p>
   </div>
   <div class='ocr_carea' id='block_1_126' title="bbox 2384 4031 3994 4099">
    <p class='ocr_par' dir='ltr' id='par_1_126' title="bbox 2384 4031 3994 4099">
     <span class='ocr_line' id='line_1_126' title="bbox 2384 4031 3994 4099; baseline 0.004 -18"><span class='ocrx_word' id='word_1_953' title='bbox 2384 4038 2441 4081; x_wconf 92' lang='lat' dir='ltr'><strong>ut</strong></span> <span class='ocrx_word' id='word_1_954' title='bbox 2468 4031 2730 4099; x_wconf 83' lang='lat' dir='ltr'><strong>Adamum</strong></span> <span class='ocrx_word' id='word_1_955' title='bbox 2763 4042 3066 4099; x_wconf 88' lang='lat' dir='ltr'><strong>creaturam</strong></span> <span class='ocrx_word' id='word_1_956' title='bbox 3099 4039 3155 4084; x_wconf 88' lang='lat' dir='ltr'><strong>et</strong></span> <span class='ocrx_word' id='word_1_957' title='bbox 3196 4033 3503 4099; x_wconf 84' lang='lat' dir='ltr'><strong>ligineutnm</strong></span> <span class='ocrx_word' id='word_1_958' title='bbox 3534 4046 3688 4084; x_wconf 90' lang='lat' dir='ltr'><strong>suum</strong></span> <span class='ocrx_word' id='word_1_959' title='bbox 3735 4035 3994 4087; x_wconf 86' lang='lat' dir='ltr'><strong>sanctiti-</strong></span> 
     </span>
    </p>
   </div>
   <div class='ocr_carea' id='block_1_127' title="bbox 2384 4095 3991 4172">
    <p class='ocr_par' dir='ltr' id='par_1_127' title="bbox 2384 4095 3991 4172">
     <span class='ocr_line' id='line_1_127' title="bbox 2384 4095 3991 4172; baseline 0.004 -21"><span class='ocrx_word' id='word_1_960' title='bbox 2384 4111 2551 4172; x_wconf 81' lang='lat' dir='ltr'><strong>caret,</strong></span> <span class='ocrx_word' id='word_1_961' title='bbox 2581 4098 2804 4168; x_wconf 87' lang='lat' dir='ltr'><strong>ideoque</strong></span> <span class='ocrx_word' id='word_1_962' title='bbox 2834 4095 3083 4169; x_wconf 81' lang='lat' dir='ltr'><strong>paulatim</strong></span> <span class='ocrx_word' id='word_1_963' title='bbox 3111 4095 3307 4172; x_wconf 73' lang='lat' dir='ltr'><strong>crescit</strong></span> <span class='ocrx_word' id='word_1_964' title='bbox 3331 4116 3343 4150; x_wconf 91' lang='lat'><strong>:</strong></span> <span class='ocrx_word' id='word_1_965' title='bbox 3375 4118 3496 4154; x_wconf 89' lang='lat' dir='ltr'><strong>cum</strong></span> <span class='ocrx_word' id='word_1_966' title='bbox 3523 4101 3828 4155; x_wconf 81' lang='lat' dir='ltr'><strong>hominibus</strong></span> <span class='ocrx_word' id='word_1_967' title='bbox 3855 4106 3991 4172; x_wconf 88' lang='lat' dir='ltr'><strong>qui-</strong></span> 
     </span>
    </p>
   </div>
   <div class='ocr_carea' id='block_1_128' title="bbox 2385 4169 3993 4233">
    <p class='ocr_par' dir='ltr' id='par_1_128' title="bbox 2385 4169 3993 4233">
     <span class='ocr_line' id='line_1_128' title="bbox 2385 4169 3993 4233; baseline 0.004 -12"><span class='ocrx_word' id='word_1_968' title='bbox 2385 4169 2504 4222; x_wconf 89' lang='lat' dir='ltr'><strong>dem</strong></span> <span class='ocrx_word' id='word_1_969' title='bbox 2538 4182 2885 4223; x_wconf 83' lang='lat' dir='ltr'><strong>conversatur</strong></span> <span class='ocrx_word' id='word_1_970' title='bbox 2917 4182 2972 4223; x_wconf 93' lang='lat' dir='ltr'><strong>ut</strong></span> <span class='ocrx_word' id='word_1_971' title='bbox 3004 4172 3184 4233; x_wconf 89' lang='lat' dir='ltr'><strong>homo,</strong></span> <span class='ocrx_word' id='word_1_972' title='bbox 3215 4171 3307 4224; x_wconf 84' lang='lat' dir='ltr'><strong>sed</strong></span> <span class='ocrx_word' id='word_1_973' title='bbox 3334 4185 3454 4225; x_wconf 90' lang='lat' dir='ltr'><strong>cum</strong></span> <span class='ocrx_word' id='word_1_974' title='bbox 3474 4171 3543 4222; x_wconf 87' lang='lat' dir='ltr'><strong>sit</strong></span> <span class='ocrx_word' id='word_1_975' title='bbox 3570 4186 3773 4225; x_wconf 77' lang='lat' dir='ltr'><strong>natura:</strong></span> <span class='ocrx_word' id='word_1_976' title='bbox 3796 4169 3993 4228; x_wconf 76' lang='grc' dir='ltr'><strong>00ῖυί-</strong></span> 
     </span>
    </p>
   </div>
   <div class='ocr_carea' id='block_1_129' title="bbox 2384 4241 3990 4310">
    <p class='ocr_par' dir='ltr' id='par_1_129' title="bbox 2384 4241 3990 4310">
     <span class='ocr_line' id='line_1_129' title="bbox 2384 4241 3990 4310; baseline 0.004 -18"><span class='ocrx_word' id='word_1_977' title='bbox 2384 4255 2502 4302; x_wconf 89' lang='lat' dir='ltr'><strong>nus,</strong></span> <span class='ocrx_word' id='word_1_978' title='bbox 2535 4243 2649 4296; x_wconf 88' lang='lat' dir='ltr'><strong>sine</strong></span> <span class='ocrx_word' id='word_1_979' title='bbox 2675 4251 2892 4308; x_wconf 86' lang='lat' dir='ltr'><strong>peccato</strong></span> <span class='ocrx_word' id='word_1_980' title='bbox 2917 4243 3075 4295; x_wconf 78' lang='lat' dir='ltr'><strong>vitain</strong></span> <span class='ocrx_word' id='word_1_981' title='bbox 3104 4241 3350 4295; x_wconf 83' lang='lat' dir='ltr'><strong>traducit.</strong></span> <span class='ocrx_word' id='word_1_982' title='bbox 3376 4241 3510 4296; x_wconf 87' lang='lat' dir='ltr'><strong>Cum</strong></span> <span class='ocrx_word' id='word_1_983' title='bbox 3537 4257 3663 4310; x_wconf 84' lang='lat' dir='ltr'><strong>ergo</strong></span> <span class='ocrx_word' id='word_1_984' title='bbox 3691 4244 3990 4310; x_wconf 87' lang='lat' dir='ltr'><strong>puerulum</strong></span> 
     </span>
    </p>
   </div>
   <div class='ocr_carea' id='block_1_130' title="bbox 2386 4311 3990 4381">
    <p class='ocr_par' dir='ltr' id='par_1_130' title="bbox 2386 4311 3990 4381">
     <span class='ocr_line' id='line_1_130' title="bbox 2386 4311 3990 4381; baseline 0.002 -17"><span class='ocrx_word' id='word_1_985' title='bbox 2386 4311 2559 4381; x_wconf 90' lang='lat' dir='ltr'><strong>ipsum</strong></span> <span class='ocrx_word' id='word_1_986' title='bbox 2589 4313 2842 4376; x_wconf 87' lang='lat' dir='ltr'><strong>audieris,</strong></span> <span class='ocrx_word' id='word_1_987' title='bbox 2873 4323 3056 4379; x_wconf 88' lang='lat' dir='ltr'><strong>repete</strong></span> <span class='ocrx_word' id='word_1_988' title='bbox 3085 4312 3211 4364; x_wconf 89' lang='lat' dir='ltr'><strong>mibi</strong></span> <span class='ocrx_word' id='word_1_989' title='bbox 3245 4312 3578 4380; x_wconf 82' lang='lat' dir='ltr'><strong>prophetiam</strong></span> <span class='ocrx_word' id='word_1_990' title='bbox 3624 4313 3767 4364; x_wconf 89' lang='lat' dir='ltr'><strong>illam</strong></span> <span class='ocrx_word' id='word_1_991' title='bbox 3802 4315 3990 4379; x_wconf 54' lang='lat' dir='ltr'><strong>Isaia},</strong></span> 
     </span>
    </p>
   </div>
   <div class='ocr_carea' id='block_1_131' title="bbox 2385 4382 3992 4454">
    <p class='ocr_par' dir='ltr' id='par_1_131' title="bbox 2385 4382 3992 4454">
     <span class='ocr_line' id='line_1_131' title="bbox 2385 4382 3992 4454; baseline 0.001 -20"><span class='ocrx_word' id='word_1_992' title='bbox 2385 4397 2545 4454; x_wconf 80' lang='lat' dir='ltr'><strong>quant</strong></span> <span class='ocrx_word' id='word_1_993' title='bbox 2579 4384 2705 4435; x_wconf 89' lang='lat' dir='ltr'><strong>olim</strong></span> <span class='ocrx_word' id='word_1_994' title='bbox 2747 4382 2978 4445; x_wconf 75' lang='lat' dir='ltr'><strong>(licebat,</strong></span> <span class='ocrx_word' id='word_1_995' title='bbox 3031 4382 3282 4435; x_wconf 75' lang='lat' dir='ltr'><strong>Parvulas</strong></span> <span class='ocrx_word' id='word_1_996' title='bbox 3313 4392 3459 4435; x_wconf 82' lang='lat' dir='ltr'><strong>nutus</strong></span> <span class='ocrx_word' id='word_1_997' title='bbox 3507 4391 3581 4454; x_wconf 83' lang='lat' dir='ltr'><strong>est</strong></span> <span class='ocrx_word' id='word_1_998' title='bbox 3623 4384 3787 4454; x_wconf 77' lang='lat' dir='ltr'><strong>nobis,</strong></span> <span class='ocrx_word' id='word_1_999' title='bbox 3828 4387 3992 4454; x_wconf 73' lang='lat' dir='ltr'><strong>cujus</strong></span> 
     </span>
    </p>
   </div>
   <div class='ocr_carea' id='block_1_132' title="bbox 2387 4451 3995 4522">
    <p class='ocr_par' dir='ltr' id='par_1_132' title="bbox 2387 4451 3995 4522">
     <span class='ocr_line' id='line_1_132' title="bbox 2387 4451 3995 4522; baseline 0.003 -18"><span class='ocrx_word' id='word_1_1000' title='bbox 2387 4453 2698 4521; x_wconf 81' lang='lat' dir='ltr'><strong>principatus</strong></span> <span class='ocrx_word' id='word_1_1001' title='bbox 2723 4457 2888 4520; x_wconf 76' lang='lat' dir='ltr'><strong>factus</strong></span> <span class='ocrx_word' id='word_1_1002' title='bbox 2933 4462 3005 4508; x_wconf 85' lang='lat' dir='ltr'><strong>est</strong></span> <span class='ocrx_word' id='word_1_1003' title='bbox 3046 4470 3197 4522; x_wconf 65' lang='lat' dir='ltr'><strong>super</strong></span> <span class='ocrx_word' id='word_1_1004' title='bbox 3228 4453 3494 4504; x_wconf 80' lang='lat' dir='ltr'><strong>humerum</strong></span> <span class='ocrx_word' id='word_1_1005' title='bbox 3519 4453 3667 4522; x_wconf 77' lang='lat' dir='ltr'><strong>eius;</strong></span> <span class='ocrx_word' id='word_1_1006' title='bbox 3703 4451 3837 4506; x_wconf 70' lang='lat' dir='ltr'><strong>Deus</strong></span> <span class='ocrx_word' id='word_1_1007' title='bbox 3868 4451 3995 4522; x_wconf 76' lang='lat' dir='ltr'><strong>for-</strong></span> 
     </span>
    </p>
   </div>
   <div class='ocr_carea' id='block_1_133' title="bbox 2386 4520 3995 4593">
    <p class='ocr_par' dir='ltr' id='par_1_133' title="bbox 2386 4520 3995 4593">
     <span class='ocr_line' id='line_1_133' title="bbox 2386 4520 3995 4593; baseline 0.003 -18"><span class='ocrx_word' id='word_1_1008' title='bbox 2386 4520 2472 4589; x_wconf 85' lang='lat' dir='ltr'><strong>tis,</strong></span> <span class='ocrx_word' id='word_1_1009' title='bbox 2504 4520 2735 4593; x_wconf 77' lang='lat' dir='ltr'><strong>pripceps</strong></span> <span class='ocrx_word' id='word_1_1010' title='bbox 2764 4526 2923 4590; x_wconf 88' lang='lat' dir='ltr'><strong>pacis,</strong></span> <span class='ocrx_word' id='word_1_1011' title='bbox 2950 4534 3090 4593; x_wconf 81' lang='lat' dir='ltr'><strong>pater</strong></span> <span class='ocrx_word' id='word_1_1012' title='bbox 3108 4520 3263 4586; x_wconf 70' lang='lat' dir='ltr'><strong>laturi</strong></span> <span class='ocrx_word' id='word_1_1013' title='bbox 3289 4522 3462 4576; x_wconf 62' lang='lat' dir='ltr'><strong>seculi</strong></span> <span class='ocrx_word' id='word_1_1014' title='bbox 3485 4520 3636 4589; x_wconf 87' lang='lat' dir='ltr'><strong>(Isai.</strong></span> <span class='ocrx_word' id='word_1_1015' title='bbox 3660 4522 3714 4576; x_wconf 89' lang='lat'><strong>9.</strong></span> <span class='ocrx_word' id='word_1_1016' title='bbox 3740 4523 3822 4592; x_wconf 82' lang='lat'><strong>6).</strong></span> <span class='ocrx_word' id='word_1_1017' title='bbox 3845 4520 3995 4580; x_wconf 80' lang='lat' dir='ltr'><strong>Cum</strong></span> 
     </span>
    </p>
   </div>
   <div class='ocr_carea' id='block_1_134' title="bbox 2389 4594 3996 4662">
    <p class='ocr_par' dir='ltr' id='par_1_134' title="bbox 2389 4594 3996 4662">
     <span class='ocr_line' id='line_1_134' title="bbox 2389 4594 3996 4662; baseline 0.003 -17"><span class='ocrx_word' id='word_1_1018' title='bbox 2389 4594 2666 4662; x_wconf 67' lang='lat' dir='ltr'><strong>parvulbm</strong></span> <span class='ocrx_word' id='word_1_1019' title='bbox 2707 4596 2964 4657; x_wconf 86' lang='lat' dir='ltr'><strong>audieris,</strong></span> <span class='ocrx_word' id='word_1_1020' title='bbox 3006 4595 3114 4647; x_wconf 91' lang='lat' dir='ltr'><strong>noli</strong></span> <span class='ocrx_word' id='word_1_1021' title='bbox 3160 4609 3352 4646; x_wconf 89' lang='lat' dir='ltr'><strong>nomen</strong></span> <span class='ocrx_word' id='word_1_1022' title='bbox 3399 4595 3697 4661; x_wconf 84' lang='lat' dir='ltr'><strong>aspernari,</strong></span> <span class='ocrx_word' id='word_1_1023' title='bbox 3740 4595 3836 4648; x_wconf 84' lang='lat' dir='ltr'><strong>sed</strong></span> <span class='ocrx_word' id='word_1_1024' title='bbox 3890 4597 3996 4652; x_wconf 88' lang='lat' dir='ltr'><strong>Dei</strong></span> 
     </span>
    </p>
   </div>
   <div class='ocr_carea' id='block_1_135' title="bbox 2386 4663 3997 4731">
    <p class='ocr_par' dir='ltr' id='par_1_135' title="bbox 2386 4663 3997 4731">
     <span class='ocr_line' id='line_1_135' title="bbox 2386 4663 3997 4731; baseline 0.001 -13"><span class='ocrx_word' id='word_1_1025' title='bbox 2386 4664 2722 4718; x_wconf 89' lang='lat' dir='ltr'><strong>clementiam</strong></span> <span class='ocrx_word' id='word_1_1026' title='bbox 2768 4675 2822 4719; x_wconf 87' lang='lat' dir='ltr'><strong>et</strong></span> <span class='ocrx_word' id='word_1_1027' title='bbox 2859 4667 3084 4718; x_wconf 85' lang='lat' dir='ltr'><strong>salutem</strong></span> <span class='ocrx_word' id='word_1_1028' title='bbox 3133 4663 3549 4731; x_wconf 71' lang='lat' dir='ltr'><strong>dispensationis</strong></span> <span class='ocrx_word' id='word_1_1029' title='bbox 3586 4665 3876 4728; x_wconf 89' lang='lat' dir='ltr'><strong>admirare,</strong></span> <span class='ocrx_word' id='word_1_1030' title='bbox 3933 4677 3997 4721; x_wconf 89' lang='grc' dir='ltr'><strong>ιιι</strong></span> 
     </span>
    </p>
   </div>
   <div class='ocr_carea' id='block_1_136' title="bbox 2387 4734 3995 4804">
    <p class='ocr_par' dir='ltr' id='par_1_136' title="bbox 2387 4734 3995 4804">
     <span class='ocr_line' id='line_1_136' title="bbox 2387 4734 3995 4804; baseline 0.001 -16"><span class='ocrx_word' id='word_1_1031' title='bbox 2387 4735 2578 4804; x_wconf 87' lang='lat' dir='ltr'><strong>dignus</strong></span> <span class='ocrx_word' id='word_1_1032' title='bbox 2610 4738 2724 4797; x_wconf 84' lang='lat' dir='ltr'><strong>tias,</strong></span> <span class='ocrx_word' id='word_1_1033' title='bbox 2753 4737 2841 4804; x_wconf 90' lang='lat' dir='ltr'><strong>qui</strong></span> <span class='ocrx_word' id='word_1_1034' title='bbox 2865 4735 3169 4804; x_wconf 81' lang='lat' dir='ltr'><strong>evangelica</strong></span> <span class='ocrx_word' id='word_1_1035' title='bbox 3199 4735 3358 4787; x_wconf 88' lang='lat' dir='ltr'><strong>verba</strong></span> <span class='ocrx_word' id='word_1_1036' title='bbox 3387 4734 3665 4797; x_wconf 73' lang='lat' dir='ltr'><strong>exaudias,</strong></span> <span class='ocrx_word' id='word_1_1037' title='bbox 3694 4750 3793 4804; x_wconf 87' lang='lat' dir='ltr'><strong>per</strong></span> <span class='ocrx_word' id='word_1_1038' title='bbox 3824 4736 3995 4790; x_wconf 77' lang='lat' dir='ltr'><strong>[idem</strong></span> 
     </span>
    </p>
   </div>
   <div class='ocr_carea' id='block_1_137' title="bbox 2390 4807 3995 4874">
    <p class='ocr_par' dir='ltr' id='par_1_137' title="bbox 2390 4807 3995 4874">
     <span class='ocr_line' id='line_1_137' title="bbox 2390 4807 3995 4874; baseline 0 -16"><span class='ocrx_word' id='word_1_1039' title='bbox 2390 4821 2737 4874; x_wconf 81' lang='lat' dir='ltr'><strong>prosequens,</strong></span> <span class='ocrx_word' id='word_1_1040' title='bbox 2774 4822 2868 4874; x_wconf 89' lang='lat' dir='ltr'><strong>per</strong></span> <span class='ocrx_word' id='word_1_1041' title='bbox 2897 4807 3204 4874; x_wconf 84' lang='lat' dir='ltr'><strong>patientiam</strong></span> <span class='ocrx_word' id='word_1_1042' title='bbox 3249 4807 3594 4866; x_wconf 82' lang='lat' dir='ltr'><strong>exercitatus,</strong></span> <span class='ocrx_word' id='word_1_1043' title='bbox 3628 4821 3723 4874; x_wconf 86' lang='lat' dir='ltr'><strong>per</strong></span> <span class='ocrx_word' id='word_1_1044' title='bbox 3763 4808 3995 4873; x_wconf 82' lang='lat' dir='ltr'><strong>religio-</strong></span> 
     </span>
    </p>
   </div>
   <div class='ocr_carea' id='block_1_138' title="bbox 2391 4875 3995 4944">
    <p class='ocr_par' dir='ltr' id='par_1_138' title="bbox 2391 4875 3995 4944">
     <span class='ocr_line' id='line_1_138' title="bbox 2391 4875 3995 4944; baseline 0 -14"><span class='ocrx_word' id='word_1_1045' title='bbox 2391 4890 2513 4930; x_wconf 90' lang='lat' dir='ltr'><strong>nem</strong></span> <span class='ocrx_word' id='word_1_1046' title='bbox 2543 4878 2848 4939; x_wconf 81' lang='lat' dir='ltr'><strong>decertans,</strong></span> <span class='ocrx_word' id='word_1_1047' title='bbox 2874 4891 2971 4944; x_wconf 91' lang='lat' dir='ltr'><strong>per</strong></span> <span class='ocrx_word' id='word_1_1048' title='bbox 3011 4878 3287 4929; x_wconf 81' lang='lat' dir='ltr'><strong>caritatem</strong></span> <span class='ocrx_word' id='word_1_1049' title='bbox 3327 4875 3619 4942; x_wconf 79' lang='lat' dir='ltr'><strong>perlectus,</strong></span> <span class='ocrx_word' id='word_1_1050' title='bbox 3664 4890 3761 4944; x_wconf 89' lang='lat' dir='ltr'><strong>per</strong></span> <span class='ocrx_word' id='word_1_1051' title='bbox 3801 4881 3995 4930; x_wconf 86' lang='lat' dir='ltr'><strong>omnia</strong></span> 
     </span>
    </p>
   </div>
   <div class='ocr_carea' id='block_1_139' title="bbox 2391 4945 3996 5016">
    <p class='ocr_par' dir='ltr' id='par_1_139' title="bbox 2391 4945 3996 5016">
     <span class='ocr_line' id='line_1_139' title="bbox 2391 4945 3996 5016; baseline 0.001 -16"><span class='ocrx_word' id='word_1_1052' title='bbox 2391 4948 2594 5016; x_wconf 74' lang='lat' dir='ltr'><strong>integer</strong></span> <span class='ocrx_word' id='word_1_1053' title='bbox 2619 4947 2786 4999; x_wconf 80' lang='lat' dir='ltr'><strong>lactus</strong></span> <span class='ocrx_word' id='word_1_1054' title='bbox 2816 4949 2865 4998; x_wconf 90' lang='lat' dir='ltr'><strong>in</strong></span> <span class='ocrx_word' id='word_1_1055' title='bbox 2891 4946 3108 4999; x_wconf 89' lang='lat' dir='ltr'><strong>Christo</strong></span> <span class='ocrx_word' id='word_1_1056' title='bbox 3148 4945 3272 4999; x_wconf 83' lang='lat' dir='ltr'><strong>Jesu</strong></span> <span class='ocrx_word' id='word_1_1057' title='bbox 3303 4945 3533 4999; x_wconf 90' lang='lat' dir='ltr'><strong>Domino</strong></span> <span class='ocrx_word' id='word_1_1058' title='bbox 3563 4958 3750 5000; x_wconf 85' lang='lat' dir='ltr'><strong>nostro</strong></span> <span class='ocrx_word' id='word_1_1059' title='bbox 3798 4964 3815 5002; x_wconf 88' lang='lat'><strong>:</strong></span> <span class='ocrx_word' id='word_1_1060' title='bbox 3861 4964 3996 5002; x_wconf 87' lang='lat' dir='ltr'><strong>cum</strong></span> 
     </span>
    </p>
   </div>
   <div class='ocr_carea' id='block_1_140' title="bbox 2390 5016 4000 5086">
    <p class='ocr_par' dir='ltr' id='par_1_140' title="bbox 2390 5016 4000 5086">
     <span class='ocr_line' id='line_1_140' title="bbox 2390 5016 4000 5086; baseline 0.002 -18"><span class='ocrx_word' id='word_1_1061' title='bbox 2390 5033 2496 5086; x_wconf 90' lang='lat' dir='ltr'><strong>quo</strong></span> <span class='ocrx_word' id='word_1_1062' title='bbox 2528 5019 2667 5070; x_wconf 85' lang='lat' dir='ltr'><strong>Patri</strong></span> <span class='ocrx_word' id='word_1_1063' title='bbox 2697 5017 2856 5069; x_wconf 91' lang='lat' dir='ltr'><strong>simul</strong></span> <span class='ocrx_word' id='word_1_1064' title='bbox 2884 5031 3004 5069; x_wconf 89' lang='lat' dir='ltr'><strong>cum</strong></span> <span class='ocrx_word' id='word_1_1065' title='bbox 3036 5016 3237 5084; x_wconf 88' lang='lat' dir='ltr'><strong>Spiritu</strong></span> <span class='ocrx_word' id='word_1_1066' title='bbox 3273 5026 3460 5070; x_wconf 88' lang='lat' dir='ltr'><strong>sancto</strong></span> <span class='ocrx_word' id='word_1_1067' title='bbox 3484 5016 3676 5085; x_wconf 84' lang='lat' dir='ltr'><strong>gloria,</strong></span> <span class='ocrx_word' id='word_1_1068' title='bbox 3723 5028 4000 5085; x_wconf 73' lang='lat' dir='ltr'><strong>potestas,</strong></span> 
     </span>
    </p>
   </div>
   <div class='ocr_carea' id='block_1_141' title="bbox 2393 5087 3786 5141">
    <p class='ocr_par' dir='ltr' id='par_1_141' title="bbox 2393 5087 3786 5141">
     <span class='ocr_line' id='line_1_141' title="bbox 2393 5087 3786 5141; baseline -0.001 -1"><span class='ocrx_word' id='word_1_1069' title='bbox 2393 5087 2562 5140; x_wconf 90' lang='lat' dir='ltr'><strong>bonor</strong></span> <span class='ocrx_word' id='word_1_1070' title='bbox 2592 5097 2645 5140; x_wconf 82' lang='lat' dir='ltr'><strong>et</strong></span> <span class='ocrx_word' id='word_1_1071' title='bbox 2668 5087 2910 5141; x_wconf 88' lang='lat' dir='ltr'><strong>adoratio</strong></span> <span class='ocrx_word' id='word_1_1072' title='bbox 2939 5089 2990 5140; x_wconf 91' lang='lat' dir='ltr'><strong>in</strong></span> <span class='ocrx_word' id='word_1_1073' title='bbox 3018 5088 3209 5140; x_wconf 64' lang='lat' dir='ltr'><strong>sascula</strong></span> <span class='ocrx_word' id='word_1_1074' title='bbox 3231 5087 3568 5141; x_wconf 73' lang='lat' dir='ltr'><strong>steculorum.</strong></span> <span class='ocrx_word' id='word_1_1075' title='bbox 3594 5090 3786 5140; x_wconf 83' lang='lat' dir='ltr'><strong>Amen.</strong></span> 
     </span>
    </p>
   </div>
   <div class='ocr_carea' id='block_1_142' title="bbox 2839 5241 3998 5297">
    <p class='ocr_par' dir='ltr' id='par_1_142' title="bbox 2839 5247 3998 5297">
     <span class='ocr_line' id='line_1_142' title="bbox 2917 5247 3912 5258; baseline 0.002 -3"><span class='ocrx_word' id='word_1_1076' title='bbox 2917 5247 3428 5258; x_wconf 68' lang='lat'><strong>—.———_—___-_—</strong></span> <span class='ocrx_word' id='word_1_1077' title='bbox 3439 5249 3834 5258; x_wconf 70' lang='lat'><strong>._——-..—_.</strong></span> <span class='ocrx_word' id='word_1_1078' title='bbox 3853 5251 3912 5257; x_wconf 80' lang='lat'><strong>__</strong></span> 
     </span>
     <span class='ocr_line' id='line_1_143' title="bbox 2839 5247 3998 5297; baseline 0 -1"><span class='ocrx_word' id='word_1_1079' title='bbox 2839 5247 3998 5297; x_wconf 39' lang='grc' dir='ltr'><strong>*φη-Ἣ*</strong></span> <span class='ocrx_word' id='word_1_1080' title='bbox 3929 5291 3982 5297; x_wconf 84' lang='lat'><strong>---</strong></span> 
     </span>
    </p>
   </div>
   <div class='ocr_carea' id='block_1_143' title="bbox 1438 5483 3219 5552">
    <p class='ocr_par' dir='ltr' id='par_1_143' title="bbox 1438 5483 3219 5552">
     <span class='ocr_line' id='line_1_144' title="bbox 1438 5483 3219 5552; baseline 0.001 -4"><span class='ocrx_word' id='word_1_1081' title='bbox 1438 5485 1546 5548; x_wconf 76' lang='lat' dir='ltr'><strong>AD</strong></span> <span class='ocrx_word' id='word_1_1082' title='bbox 1587 5483 2004 5548; x_wconf 81' lang='lat' dir='ltr'><strong>HOMILIAM</strong></span> <span class='ocrx_word' id='word_1_1083' title='bbox 2047 5487 2128 5548; x_wconf 85' lang='lat' dir='ltr'><strong>IN</strong></span> <span class='ocrx_word' id='word_1_1084' title='bbox 2167 5487 2545 5550; x_wconf 77' lang='lat' dir='ltr'><strong>JOANNEM</strong></span> <span class='ocrx_word' id='word_1_1085' title='bbox 2589 5485 3219 5552; x_wconf 72' lang='lat' dir='ltr'><strong>PRECURSOREM.</strong></span> 
     </span>
    </p>
   </div>
   <div class='ocr_carea' id='block_1_144' title="bbox 769 5584 2283 5656">
    <p class='ocr_par' dir='ltr' id='par_1_144' title="bbox 769 5584 2283 5656">
     <span class='ocr_line' id='line_1_145' title="bbox 769 5584 2283 5656; baseline -0.002 -11"><span class='ocrx_word' id='word_1_1086' title='bbox 769 5588 940 5645; x_wconf 73' lang='lat' dir='ltr'><strong>Probe</strong></span> <span class='ocrx_word' id='word_1_1087' title='bbox 963 5590 1203 5646; x_wconf 78' lang='lat' dir='ltr'><strong>iecerunt</strong></span> <span class='ocrx_word' id='word_1_1088' title='bbox 1228 5587 1461 5644; x_wconf 84' lang='lat' dir='ltr'><strong>Ssvilius</strong></span> <span class='ocrx_word' id='word_1_1089' title='bbox 1485 5596 1539 5641; x_wconf 91' lang='lat' dir='ltr'><strong>et</strong></span> <span class='ocrx_word' id='word_1_1090' title='bbox 1563 5584 1765 5640; x_wconf 80' lang='lat' dir='ltr'><strong>Fronto</strong></span> <span class='ocrx_word' id='word_1_1091' title='bbox 1789 5587 2013 5639; x_wconf 71' lang='lat' dir='ltr'><strong>Ducazus</strong></span> <span class='ocrx_word' id='word_1_1092' title='bbox 2033 5588 2121 5656; x_wconf 90' lang='lat' dir='ltr'><strong>qui</strong></span> <span class='ocrx_word' id='word_1_1093' title='bbox 2147 5588 2283 5642; x_wconf 86' lang='lat' dir='ltr'><strong>hanc</strong></span> 
     </span>
    </p>
   </div>
   <div class='ocr_carea' id='block_1_145' title="bbox 700 5657 2284 5727">
    <p class='ocr_par' dir='ltr' id='par_1_145' title="bbox 700 5657 2284 5727">
     <span class='ocr_line' id='line_1_146' title="bbox 700 5657 2284 5727; baseline -0.003 -12"><span class='ocrx_word' id='word_1_1094' title='bbox 700 5661 970 5715; x_wconf 84' lang='lat' dir='ltr'><strong>homiliam</strong></span> <span class='ocrx_word' id='word_1_1095' title='bbox 1035 5664 1084 5714; x_wconf 92' lang='lat' dir='ltr'><strong>in</strong></span> <span class='ocrx_word' id='word_1_1096' title='bbox 1138 5658 1330 5725; x_wconf 89' lang='lat' dir='ltr'><strong>Spttria</strong></span> <span class='ocrx_word' id='word_1_1097' title='bbox 1374 5658 1713 5725; x_wconf 87' lang='lat' dir='ltr'><strong>ablegarunt.</strong></span> <span class='ocrx_word' id='word_1_1098' title='bbox 1763 5657 1904 5711; x_wconf 82' lang='lat' dir='ltr'><strong>Nihil</strong></span> <span class='ocrx_word' id='word_1_1099' title='bbox 1962 5658 2045 5710; x_wconf 89' lang='lat' dir='ltr'><strong>hic</strong></span> <span class='ocrx_word' id='word_1_1100' title='bbox 2091 5660 2284 5727; x_wconf 82' lang='lat' dir='ltr'><strong>quippe</strong></span> 
     </span>
    </p>
   </div>
   <div class='ocr_carea' id='block_1_146' title="bbox 700 5728 2282 5804">
    <p class='ocr_par' dir='ltr' id='par_1_146' title="bbox 700 5728 2282 5804">
     <span class='ocr_line' id='line_1_147' title="bbox 700 5728 2282 5804; baseline 0 -21"><span class='ocrx_word' id='word_1_1101' title='bbox 700 5731 1083 5804; x_wconf 70' lang='lat' dir='ltr'><strong>Chrysostomo</strong></span> <span class='ocrx_word' id='word_1_1102' title='bbox 1112 5730 1327 5800; x_wconf 71' lang='lat' dir='ltr'><strong>dignum</strong></span> <span class='ocrx_word' id='word_1_1103' title='bbox 1363 5747 1377 5784; x_wconf 87' lang='lat'><strong>:</strong></span> <span class='ocrx_word' id='word_1_1104' title='bbox 1422 5731 1599 5783; x_wconf 85' lang='lat' dir='ltr'><strong>omnia</strong></span> <span class='ocrx_word' id='word_1_1105' title='bbox 1630 5729 1796 5800; x_wconf 87' lang='lat' dir='ltr'><strong>tropis</strong></span> <span class='ocrx_word' id='word_1_1106' title='bbox 1839 5728 2154 5794; x_wconf 79' lang='lat' dir='ltr'><strong>redundant,</strong></span> <span class='ocrx_word' id='word_1_1107' title='bbox 2192 5747 2282 5783; x_wconf 85' lang='lat' dir='ltr'><strong>an-</strong></span> 
     </span>
    </p>
   </div>
   <div class='ocr_carea' id='block_1_147' title="bbox 2395 5588 4008 5661">
    <p class='ocr_par' dir='ltr' id='par_1_147' title="bbox 2395 5588 4008 5661">
     <span class='ocr_line' id='line_1_148' title="bbox 2395 5588 4008 5661; baseline 0.004 -19"><span class='ocrx_word' id='word_1_1108' title='bbox 2395 5588 2704 5652; x_wconf 88' lang='lat' dir='ltr'><strong>tithesibus,</strong></span> <span class='ocrx_word' id='word_1_1109' title='bbox 2731 5589 2960 5659; x_wconf 88' lang='lat' dir='ltr'><strong>aliisque</strong></span> <span class='ocrx_word' id='word_1_1110' title='bbox 2989 5588 3193 5659; x_wconf 81' lang='lat' dir='ltr'><strong>ﬁguris,</strong></span> <span class='ocrx_word' id='word_1_1111' title='bbox 3230 5605 3350 5661; x_wconf 63' lang='lat' dir='ltr'><strong>quae</strong></span> <span class='ocrx_word' id='word_1_1112' title='bbox 3383 5591 3558 5644; x_wconf 91' lang='lat' dir='ltr'><strong>minus</strong></span> <span class='ocrx_word' id='word_1_1113' title='bbox 3605 5593 3834 5660; x_wconf 84' lang='lat' dir='ltr'><strong>peritum</strong></span> <span class='ocrx_word' id='word_1_1114' title='bbox 3873 5609 4008 5648; x_wconf 85' lang='lat' dir='ltr'><strong>ora-</strong></span> 
     </span>
    </p>
   </div>
   <div class='ocr_carea' id='block_1_148' title="bbox 2397 5671 2852 5726">
    <p class='ocr_par' dir='ltr' id='par_1_148' title="bbox 2397 5671 2852 5726">
     <span class='ocr_line' id='line_1_149' title="bbox 2397 5671 2852 5726; baseline -0.011 -13"><span class='ocrx_word' id='word_1_1115' title='bbox 2397 5671 2568 5713; x_wconf 85' lang='lat' dir='ltr'><strong>torem</strong></span> <span class='ocrx_word' id='word_1_1116' title='bbox 2604 5671 2852 5726; x_wconf 78' lang='lat' dir='ltr'><strong>arguunt.</strong></span> 
     </span>
    </p>
   </div>
   <div class='ocr_carea' id='block_1_149' title="bbox 2469 5728 3701 5800">
    <p class='ocr_par' dir='ltr' id='par_1_149' title="bbox 2469 5728 3701 5800">
     <span class='ocr_line' id='line_1_150' title="bbox 2469 5728 3701 5800; baseline 0.005 -18"><span class='ocrx_word' id='word_1_1117' title='bbox 2469 5729 2841 5800; x_wconf 82' lang='lat' dir='ltr'><strong>lnterpretatio</strong></span> <span class='ocrx_word' id='word_1_1118' title='bbox 2870 5728 3052 5786; x_wconf 78' lang='lat' dir='ltr'><strong>Latina</strong></span> <span class='ocrx_word' id='word_1_1119' title='bbox 3078 5739 3160 5788; x_wconf 81' lang='lat' dir='ltr'><strong>est</strong></span> <span class='ocrx_word' id='word_1_1120' title='bbox 3191 5731 3475 5788; x_wconf 80' lang='lat' dir='ltr'><strong>Frontonis</strong></span> <span class='ocrx_word' id='word_1_1121' title='bbox 3509 5732 3701 5788; x_wconf 67' lang='lat' dir='ltr'><strong>Ducmi.</strong></span> 
     </span>
    </p>
   </div>
  </div>
