4220 6306
148 300 152 304 ’
223 331 317 388 stt

223 446 416 500 ctenim
441 449 676 497 vestrum
702 435 980 492 Dominum
1005 433 1133 486 estis
1155 431 1362 485 imitati.
1397 429 1594 483 Nautas
1617 423 1801 495 appel-

226 514 382 567 labo?
410 513 545 567 tales
573 510 715 564 enim
744 508 905 570 estis,
931 519 1053 558 eum
1095 502 1462 571 experimento
1510 500 1651 571 ipso__
1672 510 1800 571 pro:

224 564 688 638 cellamll—tietuum
719 564 1044 633 sustinentis.
1069 564 1470 627 Gubernatores
1487 564 1582 622 vos
1602 564 1805 638 dicam?

222 634 606 707 eienimieslis.
645 650 797 704 Sicut
836 638 1691 714 peritissimus'gubernator,_qui
1736 634 1803 714 ad

223 721 671 776 clavum'sedens
719 708 850 770 artis
896 715 1082 782 peritia
1120 708 1494 782 tempestatem
1518 708 1720 772 evitat,
1750 713 1807 758 et

223 794 542 846 incolumem
582 795 847 844 serratim
888 781 1075 838 navem
1120 781 1184 836 ad
1225 781 1562 850 tranquillqu
1597 786 1804 847 portmu

226 862 478 916 deducit:
509 860 587 914 sic
609 869 666 914 et
694 873 788 911 vos
816 856 964 910 estis.
996 853 1102 908 Sed
1144 861 1196 905 et
1235 849 1530 917 discipulos
1574 863 1670 901 vos
1697 861 1792 898 vo-

221 931 398 987 cabo?
427 930 591 1000 parati
616 929 758 983 enim
793 927 923 1000 estis
944 923 1009 976 ad
1036 922 1411 1000 ohmlientiam.
1437 922 1505 973 At
1524 917 1808 1000 magistros

227 1016 321 1055 vos
341 986 559 1055 dicam?
593 1000 797 1053 ltursus
839 996 1032 1058 dicam,
1068 992 1243 1046 Estis:
1277 992 1439 1044 totius
1478 986 1634 1044 enim
1665 986 1810 1040 orbis

226 1071 463 1141 magistri
496 1069 690 1141 fuistis.
722 1066 857 1132 Quid
882 1079 1010 1133 ergo
1038 1061 1316 1141 dicemus?
1347 1059 1511 1113 Ilodie
1533 1058 1684 1112 vobis
1713 1071 1807 1141 ap:

224 1132 428 1210 pon'ere
453 1137 781 1210 spiritualem
814 1132 1052 1210 menSam
1096 1132 1220 1187 volo
1244 1170 1273 1210 ,_
1301 1146 1420 1199 qua:
1471 1143 1578 1182 non
1616 1138 1810 1210 corpus

221 1203 420 1274 reiicit,
466 1203 560 1265 sed
609 1208 851 1276 spiritum
897 1203 1181 1276 conﬁrmat
1213 1219 1227 1253 :
1264 1203 1547 1276 imo__ve‘ro,
1589 1213 1710 1276 qua:
1758 1205 1812 1276 et

225 1269 422 1350 corpus
464 1269 697 1350 reiicit,
723 1285 777 1330 et
824 1274 1055 1350 animam
1080 1282 1314 1350 __purga_t.
1359 1269 1503 1324 Talis
1547 1270 1688 1322 enim
1730 1275 1814 1320 est

226 1342 411 1404 mensa
440 1348 752 1419 spiritualis.
784 1359 890 1400 non
921 1345 1055 1419 sicut
1079 1342 1167 1395 illa
1193 1344 1498 1419 gulosorum
1519 1378 1535 1404 ,
1563 1353 1682 1419 qua:
1720 1352 1808 1388 sa-

224 1407 655 1488 tietatem'parit.
681 1417 870 1488 Sermo
895 1407 1421 1488 quippe_spirituali_s
1453 1418 1564 1473 est,
1615 1407 1810 1487 bonum

225 1491 479 1544 emittens
500 1478 723 1543 odorem
748 1487 763 1516 ί
795 1503 808 1538 :
840 1478 1002 1553 quem
1029 1478 1118 1552 qui
1151 1478 1366 1535 revocat
1392 1481 1445 1533 in
1476 1478 1810 1553 memoriam,

230 1561 521 1613 nonaliter
553 1567 714 1626 atque
752 1555 796 1608 is
851 1548 939 1622 qui
993 1548 1317 1626 miguentuut
1359 1548 1627 1626 comedit,
1679 1548 1812 1626 odo:

227 1645 342 1684 rem
384 1615 662 1683 suavitatis
704 1615 946 1689 eructat,
995 1615 1198 1676 et'uon
1243 1623 1414 1674 solum
1459 1619 1624 1672 odore
1659 1615 1814 1689 sumi

228 1702 463 1768 seipsum
486 1707 715 1762 recreat,
736 1695 826 1749 sed
852 1705 904 1748 et
931 1688 1201 1768 proximos
1223 1691 1320 1768 sihi
1343 1688 1702 1768 suaveolentia
1727 1701 1817 1768 Ire-

229 1757 357 1838 plet.
384 1758 676 1838 Atlcndite,
703 1757 890 1835 'quaaso
915 1757 1179 1838 {verbum
1205 1762 1344 1814 enim
1380 1759 1624 1838 proferre
1655 1757 1812 1838 volo;

230 1829 352 1893 nam
385 1847 509 1892 sunt
541 1829 754 1905 quidam
788 1851 851 1888 ex
882 1833 1269 1905 ttrinatorihus,
1307 1832 1396 1898 qui
1442 1844 1500 1883 se
1538 1845 1568 1883 e
1607 1830 1726 1881 navi
1766 1829 1815 1878 iu

231 1926 380 1963 mare
406 1903 696 1976 dejieiunt,
729 1915 783 1957 ut
810 1903 1127 1971 profundum
1173 1909 1512 1976 percurraut,
1545 1910 1598 1952 et
1635 1908 1818 1952 extra-

232 1979 363 2033 baut
393 1971 737 2046 margaritam
771 1988 910 2046 :nos
941 1987 1068 2026 vero
1094 1971 1250 2024 navis
1276 1972 1395 2046 loco
1433 1980 1585 2046 vetus
1625 1983 1686 2020 ac
1724 1983 1819 2020 nec.

231 2064 353 2102 vum
373 2040 771 2102 Testamentum
797 2045 1071 2104 habentes,
1094 2057 1187 2109 pro
1202 2040 1561 2109 gubernaculo
1582 2052 1816 2098 crucem,

232 2134 330 2186 pro
358 2119 717 2186 gubernatore
748 2114 1038 2178 Christum,
1069 2112 1185 2164 loco
1215 2119 1439 2186 proreta:
1468 2110 1700 2186 Patrem,
1724 2122 1819 2176 pro

230 2179 464 2257 iephvyro
509 2187 762 2257 Spiritum
814 2192 1226 2257 sanctumtpro
1270 2181 1387 2257 velo
1430 2179 1820 2257 gratiam,.pro

231 2248 412 2312 na'uti's
432 2248 741 2325 discipulos.
778 2269 872 2322 pro
901 2248 1540 2325 vectoribusprophetas,
1570 2248 1819 2325 projicia-

230 2344 352 2382 mus
392 2319 599 2381 nosmet
631 2319 789 2392 ipsos
804 2325 872 2378 de
908 2321 1026 2375 navi
1060 2321 1110 2372 in
1143 2322 1357 2392 pelagus
1397 2319 1779 2392 sententiarum
1800 2357 1815 2381 ,

232 2414 339 2451 non
367 2408 426 2450 ut
457 2390 795 2466 margaritam
816 2435 829 2454 ,
861 2393 955 2466 sed
984 2400 1039 2444 ut
1068 2390 1208 2466 quod
1255 2390 1534 2455 margarita
1572 2397 1655 2443 est
1697 2402 1819 2457 pre-

233 2469 422 2522 tiosius
442 2508 456 2530 ,
492 2463 853 2521 exti-ahamus.
891 2463 1078 2516 Parate
1098 2465 1305 2513 animos
1337 2473 1577 2530 vestros,
1605 2472 1817 2530 quaeso,

230 2546 286 2592 et
315 2548 418 2590 tota
445 2528 741 2590 intentione
765 2535 975 2596 mentis,
1002 2546 1120 2600 qua:
1145 2530 1412 2593 dicuntur,
1436 2529 1615 2583 audite
1643 2545 1655 2579 :
1685 2528 1822 2581 sicut

231 2609 376 2660 enim
405 2617 527 2660 ante
558 2605 687 2669 dixi,
719 2604 1000 2672 margarita
1031 2601 1312 2669 pretiosius
1337 2600 1588 2672 quiddam
1611 2614 1673 2652 ex
1699 2612 1822 2665 pro-

234 2677 402 2732 fundo
418 2678 798 2730 sententiarum
822 2670 937 2727 sum
959 2679 1312 2724 extracturus.
1338 2670 1414 2723 Ne
1441 2670 1597 2738 igitur
1618 2678 1822 2722 vosmet

234 2749 536 2816 negligatis,
565 2760 664 2816 nec
696 2745 970 2816 brutorum
999 2743 1166 2794 instar
1190 2755 1282 2816 vos
1308 2742 1538 2808 geratis:
1565 2738 1819 2807 scriptum

232 2811 330 2872 esf
347 2811 485 2870 enim
518 2833 530 2868 :
567 2815 740 2868 Nolite
781 2815 973 2866 mittere
1014 2811 1318 2878 margaritas
1364 2821 1482 2862 ante
1527 2825 1704 2878 porcos
1730 2849 1744 2872 ,
1775 2817 1824 2860 et

233 2889 387 2940 nolite
419 2887 664 2955 projicere
690 2894 867 2937 sancta
901 2879 1106 2955 canibus
1132 2877 1345 2955 (Manli.
1377 2881 1536 2955 Tuo“).
1568 2877 1702 2955 Cum
1727 2893 1818 2931 au-

235 2970 340 3011 tem
376 2951 565 3025 porcos
591 2956 770 3018 audis,
800 2969 905 3007 non
937 2952 1002 3025 de
1033 2951 1201 3008 brutis
1245 2951 1562 3025 animalibus
1582 2951 1824 3025 testimes

231 3031 338 3082 diei
363 3019 388 3090 ;’
422 3039 476 3080 et
521 3041 680 3080 canes
723 3039 840 3077 cum
874 3022 1061 3085 audis,
1095 3037 1198 3073 non
1227 3020 1292 3076 de
1319 3021 1540 3074 canibus
1582 3020 1695 3072 iStis
1719 3019 1822 3073 dici

236 3107 411 3167 putes.
448 3098 644 3150 l’orcos
674 3095 826 3167 enim,
845 3103 995 3146 vocat
1033 3106 1125 3167 eos
1164 3091 1258 3167 qui
1298 3091 1578 3167 luxuriose
1604 3090 1821 3167 vivunt;

233 3158 398 3222 canes
421 3177 571 3219 vocat
597 3182 708 3226 eos,
741 3164 830 3232 qui
858 3173 1058 3216 temere
1085 3162 1136 3215 in
1163 3158 1440 3232 Uotninum
1470 3160 1615 3215 rabie
1639 3158 1823 3232 perciti

235 3241 657 3293 insurrexerunt.
691 3231 868 3288 Facite
909 3247 1037 3302 ergo
1076 3231 1397 3302 voseignos
1435 3232 1500 3285 ad
1530 3231 1828 3302 suscipien-

233 3311 360 3362 dam
405 3308 741 3376 margaritam
782 3319 939 3373 quam
979 3300 1139 3358 vobis
1187 3300 1342 3355 hodie
1380 3317 1499 3376 sum
1531 3301 1822 3376 oblaturus.

233 3371 932 3446 Siquidcm'agricolzenon
965 3375 1230 3446 incassum
1260 3372 1690 3446 sem_inant,_uisi
1734 3371 1830 3423 bo-

235 3440 334 3502 ves
364 3449 509 3516 prius
533 3440 821 3514 jtiuxeriut,
853 3453 906 3498 ct
931 3452 1164 3516 aratrum
1195 3443 1472 3516 duxerint,
1504 3440 1685 3506 Spinas
1711 3455 1829 3516 era-

234 3511 503 3578 dicarint,
535 3511 722 3571 sulcos
762 3514 1145 3583 prosciderint;
1190 3524 1242 3564 et
1280 3512 1357 3564 sic
1383 3513 1596 3583 demunt
1626 3511 1828 3583 semina

237 3601 401 3641 terra:
445 3581 822 3662 committunt,
865 3595 919 3662 et.
963 3599 1083 3639 cum
1120 3583 1476 3662 descenderit
1500 3581 1728 3662 pluvia,
1775 3581 1826 3662 in

238 3671 399 3713 teme
448 3659 650 3711 viscera
687 3673 747 3711 ea
791 3657 1029 3717 delerat;
1079 3661 1132 3707 et
1176 3668 1296 3705 niox
1329 3663 1469 3706 terra
1499 3651 1563 3706 iis
1592 3651 1830 3718 exceptis

235 3730 442 3796 spicam
488 3728 746 3794 producit.
783 3725 1154 3796 Verumtamen
1204 3723 1289 3775 illa
1335 3723 1536 3796 semina
1583 3721 1827 3796 hyetuent

237 3793 577 3866 exspectant,
608 3808 662 3850 et
689 3804 927 3850 aestatem
957 3808 1012 3850 et
1039 3794 1263 3847 imbrem
1293 3793 1560 3866 ca-lt-steut
1581 3831 1594 3853 ,
1624 3801 1675 3844 et
1699 3793 1830 3846 Solis

241 3863 441 3933 radios,
472 3880 525 3922 et
558 3869 747 3921 messis
779 3877 1017 3935 tempus,
1051 3874 1104 3918 et
1130 3865 1214 3916 illa
1247 3874 1373 3916 tunc
1400 3863 1451 3915 in
1483 3863 1674 3916 horrea
1703 3877 1832 3914 con~

242 3939 448 3991 vehunt
472 3957 485 3992 :
513 3948 566 3991 at
592 3954 691 4006 ego
717 3953 819 3990 non
852 3938 1094 4006 hyemetn
1117 3974 1132 3996 ,
1163 3950 1266 3986 non
1298 3943 1536 4006 mstatetu
1559 3973 1574 3994 ,
1608 3947 1704 4006 nec
1745 3947 1831 3983 ra-

241 4011 364 4062 dios
392 4010 521 4062 solis
544 4001 816 4074 exspecto.
843 4001 947 4060 non
975 4005 1196 4059 imbretn
1220 4020 1233 4064 ;
1263 4019 1434 4071 neque
1461 4003 1623 4074 boies
1643 4001 1829 4070 jungo,

243 4073 678 4150 nequearatrum
704 4077 874 4150 duco,
904 4091 1074 4150 neque
1102 4075 1278 4150 sulcos
1305 4073 1624 4150 proscinde,
1660 4087 1834 4141 neque

243 4144 429 4214 spinas
472 4149 642 4202 evello
667 4167 681 4204 :
706 4148 964 4215 siquidem
990 4144 1167 4200 ibodie
1209 4146 1450 4205 setnino,
1481 4144 1639 4197 hodie
1668 4152 1830 4215 meto.

244 4218 364 4273 Non
395 4223 538 4274 enim
582 4214 779 4273 excolo
801 4216 1018 4271 rationis
1052 4225 1324 4284 expertem
1359 4225 1552 4269 terram
1580 4254 1593 4274 .
1624 4214 1715 4267 sed
1745 4229 1833 4266 ra-

247 4291 395 4342 tione
445 4289 719 4358 przeditam
764 4300 992 4349 terram;
1026 4304 1129 4341 non
1171 4301 1358 4341 sensus
1402 4295 1713 4358 expertem,
1740 4284 1834 4336 sed

247 4374 412 4414 sensu
445 4354 756 4422 praadltam;
804 4375 906 4413 nou
953 4359 1128 4412 anima
1175 4368 1477 4415 carentem,
1509 4355 1601 4408 sed
1631 4354 1835 4406 anima-

249 4375 756 4481 SCIISUdN‘mtl-L'lll];
804 4375 906 4413 11011
953 4375 1128 4412 antma
1175 4375 1441 4410 Cill'elltCﬂ]
1464 4396 1477 4415 ,
1509 4375 1601 4408 seu
1631 4375 1835 4406 annna-

249 4440 380 4482 tam.
433 4439 480 4482 ⁴ι
509 4431 627 4482 felix
659 4445 758 4498 ego
789 4429 927 4498 quod
965 4429 1080 4482 talis
1110 4438 1264 4481 terrm
1296 4442 1413 4479 sum
1446 4425 1675 4498 agricola
1705 4437 1838 4477 con-

248 4501 468 4553 stitutus
494 4517 506 4552 :
538 4509 661 4553 tunc
690 4496 830 4553 cnim
860 4501 1043 4554 beatus
1071 4514 1210 4560 sutn,
1237 4512 1356 4549 cum
1390 4498 1440 4551 in
1468 4511 1624 4547 aures
1653 4496 1838 4564 loquor

248 4585 437 4623 eorum
478 4571 564 4638 qui
625 4569 867 4638 audiunt.
919 4570 986 4622 Et
1040 4569 1226 4622 iterum
1271 4566 1400 4638 dicit
1440 4582 1453 4618 :
1492 4564 1839 4638 laobedientia

247 4650 463 4692 mortem
490 4636 726 4707 operatur
751 4637 936 4709 (Ecclt.
969 4638 1057 4692 25.
1088 4637 1176 4706 12)
1199 4639 1298 4704 (α).
1325 4636 1513 4709 Beatus
1537 4636 1694 4709 igitur
1714 4647 1834 4709 ego,

253 4710 395 4764 beati
421 4720 476 4764 et
501 4705 616 4762 vos.
647 4705 775 4762 Nam
802 4708 958 4763 Jesus
984 4710 1035 4770 in
1059 4705 1345 4775 Evangelii)
1364 4706 1491 4760 dicit
1517 4708 1581 4757 ad
1609 4705 1840 4775 discipu-

251 4781 336 4834 los
362 4795 484 4833 suos
513 4799 524 4831 :
549 4780 696 4831 Beati
721 4780 867 4842 estis,
913 4780 958 4832 si
998 4773 1276 4834 sermonem
1318 4791 1478 4830 meum
1528 4773 1841 4833 servaveritis

252 4851 435 4910 (Joan.
459 4850 510 4904 8.
540 4850 627 4904 50.
653 4850 768 4915 51).
800 4847 1073 4908 Attendite
1115 4847 1298 4915 igitur,
1347 4853 1401 4898 et
1440 4846 1662 4904 arrectis
1695 4845 1838 4898 auri-

255 4862 435 4910 (Joan.
459 4862 510 4904 δ.
540 4862 627 4904 δυ.
653 4862 768 4915 et).
800 4862 1073 4908 Attenatte
1115 4862 1298 4969 igitur,
1347 4862 1401 4898 et
1440 4862 1662 4904 arreetts
1695 4862 1838 4898 auri-

255 4921 376 4983 bus,
411 4936 528 4987 qua:
553 4921 821 4984 dicuntur,
855 4919 1100 4984 excipite.
1175 4917 1260 4970 olo
1283 4915 1423 4987 enim
1446 4915 1672 4987 quadam
1696 4929 1842 4965 cout-

255 4983 530 5060 paratione
559 4989 709 5043 vobis
731 5031 744 5052 ,
777 4990 901 5060 quid
938 4983 1013 5060 Asit
1047 4988 1181 5060 Deus
1226 4983 1526 5060 ostendere:
1557 4985 1844 5050 Fingamus

252 5053 399 5111 enim
433 5059 595 5113 Deum
627 5061 773 5125 quasi
795 5053 1073 5111 hominem
1107 5058 1156 5113 in
1188 5057 1407 5123 scopulo
1437 5053 1709 5108 sedentem
1735 5094 1747 5113 ,
1791 5064 1845 5106 et

253 5130 449 5182 exinde
480 5129 890 5197 prospicientem
917 5131 966 5186 in
999 5129 1299 5179 universum
1333 5140 1498 5197 mare,
1530 5133 1584 5177 et
1606 5138 1766 5197 uach
1795 5126 1842 5174 in

253 5215 324 5252 eo
356 5193 714 5260 transeuntes,
745 5199 886 5267 quod
913 5199 982 5250 ob
1013 5208 1286 5267 ventorum
1319 5196 1619 5267 violentiam
1657 5193 1848 5267 llucttts

255 5269 457 5322 excitet
485 5284 546 5321 ac
576 5263 836 5336 procellas
862 5286 872 5318 :
907 5268 999 5320 sed
1030 5265 1381 5336 peritissimus
1405 5265 1730 5336 gubernator
1742 5263 1850 5336 ali-

257 5355 379 5406 quts
406 5332 735 5392 contendens
763 5353 884 5393 cum
917 5332 1184 5400 ﬂuctibus,
1213 5335 1385 5388 navim
1412 5332 1478 5387 ad
1509 5332 1847 5400 tranquillum

329 5536 344 5564 ν
383 5540 449 5581 tta
473 5532 569 5581 duo
594 5533 746 5594 Regii.
781 5539 830 5581 In
877 5532 1011 5580 Edito
1041 5531 1168 5591 haec,
1192 5530 1365 5581 bonum
1395 5527 1612 5579 eminens
1635 5526 1850 5585 odorem,

258 5591 570 5766 αεξέῗηιΐίίιηε
611 5652 770 5704 locum
795 5668 891 5703 non
915 5654 1099 5715 reperi.
1128 5661 1297 5702 Locum
1323 5653 1489 5701 videas
1513 5652 1626 5703 huic
1647 5652 1765 5702 satis
1787 5651 1853 5699 sio

261 5717 331 5766 mi
354 5730 453 5766 cm.
474 5718 524 5765 iu
548 5724 689 5766 neut.
715 5718 764 5766 8.
788 5715 870 5766 Ξο.

261 5715 453 5778 utilem,
474 5718 524 5765 iu
548 5724 689 5766 neut.
715 5718 764 5768 8.
788 5715 870 5769 20.

1254 316 1321 374 lN
1361 304 1853 370 VENERABILEM
1891 302 2174 366 CRUCEM
2215 307 2474 366 SERMO.

3411 317 3512 372 818

1915 434 2126 495 portum
2147 423 2416 499 deducere
2439 422 2639 499 studet,
2669 423 2808 499 qutid
2838 425 3132 499 seretiuum
3176 437 3386 499 tempus
3415 448 3514 486 eos

1914 504 2121 565 urgeat,
2147 496 2338 550 timens
2361 510 2428 548 ne
2449 495 2586 548 torte
2609 495 2870 563 navigium
2900 497 3055 550 undis
3076 495 3352 563 obruatur,
3386 516 3516 554 cum

1915 566 2034 620 alia:
2079 579 2242 619 naves
2289 579 2548 635 prospero
2593 579 2753 618 cursu
2811 575 3010 629 rectam
3062 568 3199 621 viam
3255 577 3516 634 teneant,

1913 637 2034 691 alite
2077 645 2355 690 ventorum
2405 635 2604 704 impetu
2647 635 3058 704 sulmtergantur
3103 647 3156 692 et
3205 638 3514 695 dissolvan-

1917 716 2039 771 tur,
2087 706 2217 762 dum
2264 705 2480 776 quidam
2538 706 2872 765 moriuntur.
2925 707 3142 777 quidam
3197 710 3516 777 superstites

1918 777 2051 831 liunt
2072 818 2086 841 ,
2120 785 2174 831 et
2207 777 2403 830 misero
2430 785 2643 830 temone
2685 785 2933 844 correpto
2959 776 3190 831 evadunt
3218 819 3234 842 ,
3267 776 3517 835 ﬂuctibus

1919 846 2231 902 decumanis
2273 846 2324 899 in
2356 856 2549 919 terram
2579 846 2732 915 ejecti
2759 886 2773 908 ,
2802 855 2857 900 et
2888 847 3116 919 aliorum
3141 863 3365 917 corpora
3403 850 3514 919 jam

1921 925 2251 988 mortuorum
2282 915 2512 984 proiecta
2543 915 3011 988 certttttitur.jla:e
3035 928 3212 970 autem
3228 915 3330 988 ‘qui
3363 915 3514 980 sedet

1923 988 1975 1041 iu
1995 987 2216 1054 scopulo
2240 996 2555 1040 contuetur:
2592 986 2676 1040 hic
2704 1001 2834 1041 vero
2864 986 3005 1040 Dcus
3036 997 3116 1041 est
3135 1029 3151 1053 ,
3182 986 3274 1046 et.
3308 1001 3358 1043 ut
3388 1001 3516 1046 ante

1918 1057 2048 1122 dixi,
2080 1056 2192 1110 hate
2228 1055 2279 1109 iu
2330 1057 2574 1111 oratione
2612 1056 2730 1110 {icta
2773 1070 3029 1125 propono.
3079 1059 3306 1123 Quando
3331 1071 3512 1114 autem

1919 1126 2104 1182 dixero
2136 1127 2302 1180 Deum
2328 1126 2602 1180 sedentem
2635 1127 2686 1180 in
2714 1127 2962 1185 excelsis.
3004 1127 3110 1180 noli
3134 1128 3441 1185 existimare
3462 1130 3515 1192 in

1919 1197 2147 1272 excelsis
2173 1204 2516 1272 tantumesse
2547 1197 2692 1272 illum
2715 1236 2731 1260 ,
2761 1195 2856 1272 sed
2885 1198 3044 1250 etiam
3078 1197 3308 1272 ubique:
3343 1197 3519 1272 neque

1919 1268 2062 1337 enim
2104 1267 2342 1320 locormn
2369 1266 2616 1320 distantia
2648 1267 2926 1337 separatur
2953 1308 2966 1331 ,
3014 1282 3134 1321 cmn
3178 1266 3290 1337 ipse
3317 1271 3414 1324 sibi
3430 1266 3521 1326 ’sit

1921 1336 2092 1408 locus,
2125 1344 2181 1408 et
2210 1338 2322 1405 ipse
2342 1337 2518 1389 omnia
2535 1337 2743 1406 capiat,
2775 1336 2904 1390 nihil
2933 1347 3108 1391 autem
3138 1336 3288 1392 illum
3320 1343 3516 1408 capiat.

1921 1406 2057 1472 Quid
2085 1407 2225 1459 enim
2260 1408 2626 1478 incorpoream
2658 1415 2904 1478 naturam
2935 1422 3129 1474 capere
3173 1418 3349 1478 potest
3373 1406 3519 1472 [ex-

1923 1486 2127 1544 pertem
2156 1476 2391 1531 materiae
2411 1518 2428 1542 ,
2456 1476 2849 1531 interminatam
2880 1518 2894 1538 ,
2925 1476 3347 1547 investigabilem
3373 1521 3388 1544 ,
3419 1497 3517 1534 ex»

1924 1557 2127 1615 pertem
2147 1547 2409 1612 interitus,
2436 1548 2784 1600 immortalem
2812 1556 2867 1601 et
2896 1547 3520 1615 incompreheusibilem?

1923 1614 2012 1670 Sic
2041 1618 2183 1673 enim
2229 1617 2368 1684 apud
2419 1617 2534 1683 pios
2575 1617 2857 1685 concipere
2897 1614 3104 1685 Oportet
3159 1619 3342 1672 Deum.
3396 1621 3522 1675 lla'e

1924 1689 2064 1740 enim
2093 1695 2174 1740 est
2202 1702 2326 1755 spes
2348 1695 2548 1751 nostra,
2583 1687 2721 1741 sicut
2748 1688 3002 1755 scriptum
3025 1697 3138 1741 est:
3175 1687 3300 1741 Ilwc
3324 1691 3520 1744 estvita

1923 1766 2112 1838 interna
2143 1797 2166 1840 ι
2189 1766 2240 1809 ut
2274 1767 2576 1840 coquoscant
2605 1765 2651 1840 te
2667 1755 3054 1840 'solum_1ter_u‘m
3070 1757 3269 1840 _De_um,
3300 1770 3345 1812 et
3373 1776 3522 1840 quem

1925 1827 2105 1879 misisti
2131 1797 2309 1908 desum
2327 1797 2596 1908 fil/digitm
2626 1797 2804 1908 {1'9};
2840 1797 3519 1908 Πξιῇξιῖἅὲ

1925 1911 2022 1950 nos
2043 1897 2440 1970 reprehendunt
2465 1896 2725 1970 hreretiei,
2758 1907 2812 1952 et
2840 1907 2895 1951 ut
2925 1896 3153 1966 imperiti
3174 1896 3522 1970 s_uut,legunt

1925 1976 1980 2037 et
2008 1982 2112 2019 non
2147 1967 2466 2037 intelligunt.
2499 1967 2771 2020 Christum
2802 1982 2929 2021 vero
2949 1983 3070 2021 cum
3098 1968 3272 2032 audis,
3309 1967 3412 2027 uoti
3432 1990 3519 2024 so-

1927 2035 2201 2090 lummodo
2230 2035 2393 2090 Deum
2426 2046 2578 2105 putes
2599 2076 2613 2100 ,
2659 2052 2830 2107 neque
2854 2038 3022 2092 solam
3065 2038 3520 2107 distienmtionem

1926 2106 1979 2159 in
2011 2122 2191 2172 carne,
2221 2108 2312 2160 sed
2349 2103 2633 2175 utrumque
2662 2103 2818 2160 simul
2851 2149 2865 2170 ,
2911 2116 2966 2161 et
2991 2103 3163 2161 Deum
3199 2103 3524 2166 Verbumct

1925 2176 2380 2244 dispensationem
2401 2178 2450 2229 iu
2467 2192 2649 2231 carne.
2682 2176 2956 2245 Siquidem
2979 2177 3234 2231 esuriisse
3249 2177 3520 2238 Christum

1925 2247 2037 2300 scio
2063 2289 2079 2312 ,
2111 2257 2166 2302 et
2190 2248 2303 2300 scio
2333 2247 2599 2301 Christum
2621 2247 2696 2316 de
2711 2248 2944 2316 quinque
2971 2248 3197 2316 panibus
3221 2257 3277 2302 et
3312 2249 3523 2306 duobus

1927 2317 2160 2439 piscibus
2186 2318 2408 2372 satiasse
2428 2317 2660 2386 quinque
2683 2315 2956 2371 hominum
2974 2315 3171 2387 ’tnillia,
3186 2329 3385 2388 prteter
3405 2336 3527 2376 mu-

1949 2387 2089 2439 icres
2118 2395 2172 2439 et
2193 2388 2470 2439 parvulos:
2500 2390 2613 2439 scio
2641 2387 2912 2439 Christum
2939 2386 3081 2439 sitim
3115 2402 3326 2439 nassum
3358 2405 3480 2439 esse
3504 2434 3519 2439 -

1949 2387 2089 2440 ieres
2118 2395 2172 2440 et
2193 2388 2470 2456 parvulos:
2500 2390 2613 2442 scio
2641 2387 2912 2441 Christum
2939 2386 3081 2443 sitim
3115 2386 3327 2457 passum
3358 2405 3480 2446 esse
3504 2434 3520 2455 ,

1926 2465 1980 2511 et
2000 2457 2113 2511 scio
2144 2457 2412 2513 Christum
2441 2473 2632 2526 aquam
2654 2458 2705 2511 in
2729 2458 2910 2512 vinum
2939 2468 3206 2514 inuitasse:
3234 2463 3347 2514 scio
3369 2460 3527 2520 Chri-

1926 2536 2066 2612 stum
2093 2528 2398 2612 navigasse,
2423 2538 2478 2584 et
2505 2529 2619 2583 seio
2647 2527 2916 2584 Christum
2947 2543 3109 2598 super
3133 2543 3310 2612 aquas
3330 2532 3521 2612 atnhu-

1924 2597 2066 2651 lasse
2091 2615 2104 2651 :
2136 2597 2249 2652 scio
2275 2598 2544 2654 Christum
2572 2613 2692 2654 esse
2719 2608 2988 2654 mortuum
3007 2597 3027 2659 ζ
3047 2609 3101 2653 et
3120 2597 3232 2655 scio
3253 2600 3522 2658 Christum

1929 2676 2179 2738 mortuos
2196 2670 2483 2723 suscitasse
2509 2687 2524 2724 :
2552 2669 2664 2723 scio
2693 2669 2966 2723 Christum
3013 2669 3184 2727 Pilato
3205 2671 3478 2726 adstitisse
3505 2715 3522 2738 ,

1928 2747 1984 2792 et
2009 2738 2120 2791 scio
2143 2736 2414 2793 Christum
2441 2741 2507 2793 ad
2531 2740 2702 2794 Patris
2732 2740 3010 2794 dexteram
3033 2742 3344 2796 consedisse
3369 2760 3383 2796 :
3411 2736 3524 2798 scio

1928 2808 2198 2880 Christum
2226 2824 2255 2862 a
2280 2809 2478 2864 Judzeis
2508 2811 2679 2880 sputis
2707 2807 2874 2864 fuisse
2901 2825 3254 2879 conspersum
3287 2853 3302 2877 ,
3332 2823 3386 2867 et
3412 2815 3526 2868 scio

1927 2878 2199 2950 Christum
2225 2881 2292 2934 ab
2321 2881 2523 2949 angelis
2542 2878 2796 2934 adorari:
2825 2881 2998 2934 ethoc
3019 2878 3233 2950 quidem
3263 2883 3330 2938 ad
3353 2882 3525 2941 deita-

1931 2958 2035 3002 tem
2064 2947 2241 3002 refero
2261 2991 2276 3012 ,
2321 2947 2446 3006 illud
2475 2965 2602 3005 vero
2626 2953 2843 3020 assigno
2871 2947 3206 3005 humanitati.
3237 2951 3525 3021 Propterea

1932 3034 2159 3087 namque
2190 3030 2473 3089 utrumque
2513 3021 2743 3073 diximus
2770 3062 2782 3084 ,
2812 3023 3064 3089 quoniam
3099 3022 3212 3076 scio
3251 3023 3526 3078 Christum

1929 3090 1995 3143 de
2026 3089 2411 3161 litariauatum,
2438 3102 2493 3145 et
2516 3091 2628 3147 seio
2658 3090 2949 3153 Christum,
2978 3092 3070 3161 qui
3099 3101 3183 3146 est
3207 3101 3330 3148 ante
3359 3109 3530 3149 sa-cu-

1932 3162 1999 3214 la.
2035 3159 2406 3216 Glorilicemus
2433 3176 2561 3230 ergo
2595 3161 2865 3215 Christum
2894 3159 3078 3216 Jesum
3127 3178 3338 3218 murum
3381 3165 3534 3220 inex-

1936 3230 2755 3303 pugnabilem,irlundatnentum,
2784 3232 2926 3303 quod
2960 3247 3120 3303 supra
3151 3245 3354 3303 petram
3400 3233 3527 3290 fun-

1931 3303 2112 3376 datum
2153 3310 2255 3356 est.
2307 3302 2442 3376 Dicit
2477 3301 2815 3376 ipse__Pe_tro,
2858 3302 2932 3356 Tu
2969 3319 3021 3356 et
3052 3301 3237 3358 Petrus
3258 3346 3274 3371 ,
3304 3314 3350 3358 et
3379 3321 3531 3376 super

1933 3375 2063 3426 hanc
2084 3379 2274 3445 petram
2289 3372 2565 3445 gwdiﬁcabo
2587 3371 2879 3445 Ecclesium
2897 3390 3080 3445 uncam,
3113 3384 3159 3428 et
3181 3385 3341 3444 porta:
3371 3371 3526 3445 inferi

1933 3460 2032 3497 non
2061 3441 2400 3511 pravalcbunt
2429 3444 2668 3496 adversus
2687 3459 2797 3495 eam
2829 3444 3040 3512 (Matth.
3073 3445 3158 3498 16.
3181 3441 3304 3511 ⁷18).
3330 3441 3532 3504 Simili—

1935 3524 2018 3568 ter
2040 3522 2218 3566 autem
2246 3522 2301 3566 et
2336 3513 2527 3567 Paulus
2555 3512 2684 3566 dicit
2707 3555 2721 3576 ,
2768 3512 3185 3569 Fundamentum
3210 3517 3356 3571 aliud
3379 3532 3527 3571 nemo

1936 3593 2095 3652 potest
2118 3599 2330 3652 ponere,
2363 3595 2544 3653 preter
2569 3584 2625 3636 id
2646 3584 2783 3654 quod
2811 3586 3027 3652 positum
3057 3595 3152 3654 est,
3183 3587 3320 3654 quod
3339 3597 3410 3647 est
3436 3587 3528 3648 Je-

1934 3672 2020 3709 sus
2038 3654 2313 3722 Christus(
2347 3657 2397 3708 1.
2434 3655 2550 3707 Cor.
2585 3656 2636 3707 5.
2683 3656 2736 3708 11
2778 3657 2813 3722 ).
2858 3655 3006 3725 Rogo
3035 3672 3165 3725 ergo
3196 3671 3290 3714 vos
3322 3665 3380 3711 ιιι
3405 3673 3528 3720 cum

1935 3727 2079 3778 omni
2108 3725 2516 3778 mansuetudine
2547 3725 2700 3779 nobis
2732 3736 2916 3787 mutuo
2945 3725 3296 3782 attendamus.
3321 3726 3453 3781 Nam
3478 3731 3530 3788 iu

1939 3797 2035 3849 hac
2064 3795 2279 3862 quidem
2304 3795 2410 3848 vita
2442 3810 2564 3850 esca
2603 3804 2656 3848 et
2678 3807 2803 3863 potu
2833 3838 2847 3861 ,
2895 3807 2949 3852 et
2986 3799 3143 3850 variis
3171 3798 3532 3865 voluptatibus

1939 3866 2356 3937 inescamurziu
2401 3866 2575 3937 futura
2617 3881 2742 3937 vero
2778 3867 3036 3937 judicium
3083 3878 3136 3921 et
3182 3869 3525 3937 supplicium.

1936 3937 2013 3991 Ne
2042 3936 2198 4006 igitur
2222 3935 2397 3989 locum
2433 3936 2623 3992 demus
2648 3936 2880 3994 diabolo.
2925 3935 3048 3997 Non
3092 3938 3227 3994 enim
3251 3935 3339 3991 'est
3387 3941 3531 3993 nobis

1937 4007 2225 4061 colluctatio
2253 4008 2493 4061 adversus
2520 4023 2723 4064 carnem
2748 4017 2794 4058 et
2816 4008 3142 4077 sanguinem.
3168 4009 3258 4062 sed
3283 4009 3528 4068 adversus

1939 4079 2271 4147 principatus,
2305 4079 2544 4136 adversus
2571 4086 2838 4147 potestates
2857 4119 2872 4143 ,
2903 4081 3148 4134 adversus
3171 4080 3349 4137 mundi
3367 4091 3532 4139 recto-

1941 4146 2024 4203 res
2052 4149 2368 4206 tenebrarum
2387 4149 2560 4202 swculi
2577 4147 2728 4216 hujus
2746 4146 2961 4218 (Ep/tes,
2994 4149 3049 4203 6.
3074 4148 3184 4218 12).
3217 4150 3535 4207 Studeamus

1940 4221 2382 4290 igiturccternam
2424 4233 2634 4290 ptenam
2682 4217 2938 4286 effugere.
2970 4217 3085 4275 Non
3130 4217 3271 4273 enim
3319 4234 3532 4289 pinnam

1939 4289 2215 4350 constituit
2234 4291 2391 4354 Deus,
2417 4300 2472 4342 ttt
2505 4289 2557 4344 in
2586 4303 2702 4347 eam
2725 4290 3030 4352 mittamur;
3066 4290 3158 4344 sed
3184 4299 3240 4348 ut
3270 4292 3392 4344 tein
3414 4305 3534 4344 eam

1943 4361 2249 4430 prolapsum
2288 4361 2511 4427 eripiat:
2538 4359 2695 4412 talem
2725 4359 2866 4430 enim
2903 4360 3227 4430 clementem
3273 4361 3535 4414 habemus

1946 4429 2110 4486 Deum
2143 4470 2158 4494 ,
2203 4446 2270 4501 ac
2300 4430 2720 4484 misericordem.
2754 4429 3092 4484 Testiﬁcatur
3111 4446 3342 4501 namque
3371 4432 3536 4486 David

1942 4502 2147 4561 dicens,
2186 4500 2322 4553 Deus
2339 4501 2506 4568 judea:
2524 4502 2717 4568 justus,
2746 4509 2793 4550 et
2820 4501 2998 4569 fortis,
3035 4501 3081 4554 ei
3103 4500 3334 4569 patiens,
3361 4511 3406 4553 et
3432 4520 3536 4556 non

1944 4575 2094 4641 infert
2122 4572 2250 4622 iram
2278 4589 2365 4640 per
2390 4571 2613 4638 singulos
2634 4570 2758 4626 dies.
2795 4568 2914 4623 Nisi
2934 4568 3159 4624 conversi
3187 4572 3401 4640 fueritis.
3425 4573 3540 4640 gla-

1945 4645 2082 4701 dium
2107 4658 2255 4698 suum
2298 4642 2540 4700 vibrabit;
2569 4656 2746 4692 arcum
2778 4656 2925 4694 suum
2959 4641 3168 4699 tetendit
3196 4682 3212 4706 ,
3255 4650 3302 4694 et
3342 4645 3540 4710 paravit

1947 4714 2112 4777 illum,
2143 4722 2189 4764 et
2210 4713 2259 4763 iu
2285 4728 2340 4764 eo
2372 4712 2564 4778 paravit
2586 4712 2912 4781 vasarmortis
2941 4711 2959 4780 (
2989 4710 3134 4781 Psal.
3162 4713 3212 4763 7.
3245 4711 3312 4765 12
3341 4715 3381 4781 ).
3410 4712 3535 4766 llzec

1946 4783 2070 4837 dicit
2104 4786 2259 4846 Deus,
2297 4798 2399 4833 non
2433 4791 2602 4834 utuos
2628 4780 2854 4848 judicet,
2881 4779 2974 4835 sed
3003 4779 3071 4835 ne‘
3100 4782 3312 4836 desides
3340 4779 3529 4835 Simus.

1948 4854 2002 4908 Si
2021 4853 2162 4908 enim
2192 4867 2287 4906 uos
2317 4852 2542 4920 perdere
2576 4852 2828 4922 voluisset
2857 4891 2882 4922 ,ν
2912 4869 3017 4905 non
3051 4855 3230 4919 utique
3257 4853 3529 4922 proprium

1952 4939 2046 4992 pro
2076 4923 2226 4976 nobis
2255 4922 2565 4992 sanguinem
2599 4921 2838 4975 fudisset.
2873 4921 3093 4977 Mortem
3125 4924 3281 4991 igitur
3305 4921 3454 4987 obiit,
3487 4933 3545 4976 ut

1953 4991 2003 5048 ie
2037 4993 2432 5047 immortalitate
2458 4991 2720 5045 donaret:
2751 4993 2957 5058 esuriit,
2992 5002 3051 5046 ut
3077 5003 3125 5046 te
3146 5008 3240 5047 sua
3263 5006 3424 5047 carne
3454 5010 3542 5047 sa-

1953 5066 2104 5117 tiaret
2138 5080 2151 5117 :
2182 5064 2344 5116 sitivit
2366 5103 2380 5124 ,
2416 5071 2472 5114 ut
2501 5073 2551 5114 te
2574 5063 2789 5129 proprio
2810 5062 3067 5131 sanguine
3097 5072 3334 5130 potaret:
3368 5063 3419 5115 in
3447 5080 3541 5115 na-

1951 5137 2000 5187 vi
2028 5134 2290 5196 consedit,
2321 5143 2376 5186 ut
2405 5142 2455 5184 te
2481 5145 2639 5198 supra
2674 5132 2964 5186 Cheruhim
2988 5133 3313 5188 collocaret:
3366 5131 3545 5202 bapti-

1953 5211 2291 5270 zatusest,ot
2323 5213 2372 5256 te
2395 5202 2754 5258 illutuiuaret:
2785 5203 2954 5271 alapis
2975 5218 3144 5257 cassus
3165 5212 3248 5257 est
3271 5244 3286 5268 ,
3315 5212 3372 5255 ut
3403 5213 3453 5256 te
3485 5206 3537 5256 in

1959 5276 2259 5329 libertatem
2307 5272 2603 5328 vindicaret
2630 5288 2644 5324 :
2679 5273 2846 5326 viator
2887 5273 3057 5327 factus
3087 5284 3169 5326 est
3189 5314 3204 5335 ,
3239 5283 3294 5326 ut
3323 5281 3375 5327 te
3400 5275 3550 5332 omni

1958 5347 2141 5399 labore
2171 5344 2459 5397 liberaret:
2487 5343 2771 5410 navigavit,
2805 5353 2861 5395 ut
2891 5344 2982 5395 tihi
3013 5354 3215 5397 metum
3249 5344 3546 5398 eximeret:

1957 5415 2225 5473 dormivit,
2257 5423 2312 5466 ut
2339 5429 2551 5466 omnem
2576 5427 2604 5464 a
2637 5423 2686 5466 te
2713 5427 2895 5466 curam
2923 5413 3192 5482 abigeret:
3228 5429 3295 5469 ex
3317 5415 3542 5468 muliere

1959 5486 2174 5553 prodiit,
2205 5493 2260 5536 ttt
2289 5482 2726 5551 transgressionis
2753 5482 2878 5535 Eva:
2907 5484 2956 5535 in
2990 5484 3235 5548 paradiso
3262 5483 3549 5553 miserere,

1961 5551 2045 5610 tur
2071 5570 2085 5607 :
2117 5554 2277 5607 homo
2306 5553 2600 5622 appellatus
2630 5561 2712 5605 est
2739 5591 2755 5616 ,
2800 5563 2856 5605 ut
2885 5563 2950 5622 te
2976 5556 3129 5606 deum
3163 5563 3376 5607 vocaret
3403 5569 3416 5603 :
3447 5551 3542 5622 Fi-

1963 5625 2064 5679 lius
2092 5623 2324 5678 hominis
2346 5621 2522 5677 dictus
2550 5629 2652 5687 est,
2684 5631 2744 5675 ut
2769 5630 2820 5676 te
2848 5623 2899 5674 in
2928 5621 3091 5674 lilium
3116 5622 3397 5685 adoptaret
3425 5621 3547 5683 Dei;

1966 5696 2172 5773 accepit
2202 5709 2320 5771 qua:
2352 5701 2532 5752 nostra
2555 5700 2728 5762 erant,
2761 5701 2813 5747 et
2851 5692 2996 5753 dedit
3039 5694 3190 5754 nobis
3213 5707 3347 5757 sua;
3375 5691 3550 5755 oravit
