3976 6180
1779 166 1895 227 10A
1904 166 2058 227 NNIS
2094 168 2401 231 CASSIAN!

3630 184 3695 245 ει

446 294 642 340 norum
691 283 909 336 actuum
938 274 1182 351 exempla
1213 279 1429 337 venisse
1456 298 1467 334 :
1500 280 1750 339 videlicet
1787 292 1845 339 ut
1872 283 2032 340 disci-
2058 290 2111 349 Α
2135 301 2251 341 rum
2282 289 2449 359 stirpe
2474 288 2885 363 descenderant,
2914 304 2938 336 ο
2965 292 3393 369 divina'opejim
3420 310 3482 353 ac
3509 299 3697 370 pietate

443 376 647 449 plinam
677 372 796 442 ejus
836 381 1127 443 sequentes
1171 373 1440 442 homines,
1473 374 1601 430 dum
1648 390 1744 443 per
1781 377 2026 431 eamdem

446 468 593 521 viam
624 463 843 518 virtutis
890 462 1226 529 incederent,
1275 464 1342 518 ad
1373 464 1566 521 eadem
1594 467 1856 523 virtutum
1885 483 2029 539 prte-

447 559 556 616 mia
604 558 1000 629 pervenirent:
1049 566 1453 623 sevacuantes,
1502 569 1762 629 quantum
1796 561 1849 614 in
1899 561 2031 629 ipsis

448 650 575 717 luit,
605 664 765 704 omne
794 650 931 703 sacri
959 648 1223 703 adventus
1251 649 1451 705 donum
1498 660 1552 705 et
1591 666 1805 707 omnem
1832 651 2031 709 divina

450 742 845 811 redemptionis
881 743 1147 813 gratiam,
1179 758 1303 797 cum
1334 744 1477 807 idem
1507 746 1756 801 dicerent
1785 745 2031 802 homines

449 835 709 905 consequi
738 849 899 905 posse
929 835 1185 899 vivendo,
1217 835 1359 906 quod
1393 836 1734 905 prastitisset
1762 838 1905 892 Deus
1935 852 2033 908 pro

452 928 688 983 humana
714 928 888 983 salule
916 927 1217 983 moriendo.
1250 928 1586 984 Addiderunt
1613 946 1827 1000 quoque
1852 931 2035 986 Domi-

452 1037 607 1088 num,
637 1022 1083 1091 Salvatoremque
1111 1030 1351 1076 nostrum
1386 1030 1507 1091 post
1537 1022 1803 1091 baptisma
1832 1022 2034 1078 factum

452 1128 577 1169 esse
606 1112 902 1177 Christum,
936 1124 1053 1182 post
1081 1114 1534 1168 resurrectionem
1562 1114 1727 1168 Deum
1763 1132 1776 1166 :
1806 1116 2035 1170 alterum

452 1206 791 1275 assignantes
820 1205 1091 1259 unctionis
1123 1206 1400 1275 mysterio,
1436 1206 1660 1259 alterum
1692 1206 1886 1261 merito
1916 1220 2038 1275 pas-

453 1295 625 1351 sionis
660 1312 672 1347 :
706 1299 848 1350 unde
883 1296 1115 1350 advertit
1160 1311 1332 1349 novus
1375 1312 1517 1351 nunc
1553 1297 1697 1366 jam,
1730 1313 1837 1353 non
1876 1313 2037 1353 nova:

2133 381 2305 434 sanati
2332 390 2475 446 sunt,
2508 387 2746 442 orandus
2772 402 2987 459 quoque
3037 390 3197 445 etiam
3256 405 3399 446 nunc
3451 391 3698 450 Dominus

2132 470 2275 528 Deus
2298 482 2483 530 uoster
2510 487 2623 546 est,
2656 488 2713 533 ut
2742 480 2865 549 quia
2884 492 3262 537 consentanea:
3279 484 3380 537 sibi
3410 482 3465 538 in
3489 486 3697 554 quibus-

2133 562 2254 617 dam
2279 575 2403 621 sunt
2428 562 2455 603 δ
2488 568 2709 636 pristina
2737 570 2823 623 illa
2851 571 3071 627 haeresis
3099 581 3154 627 et
3183 572 3296 627 hate
3326 590 3484 640 nova,
3517 578 3699 632 simili-

2135 654 2233 709 bus
2254 658 2513 712 malorum
2544 659 2708 714 initiis
2736 660 2964 716 similem
2993 663 3256 719 bonorum
3278 666 3479 719 exitum
3512 668 3701 738 largia-

2136 754 2242 801 tur.
2279 757 2301 784 ο
2330 747 2592 817 Leporius
2608 751 2751 806 enim
2784 761 2911 808 tunc
2939 756 3253 823 monachus,
3289 757 3449 812 modo
3478 760 3705 829 presby-

2135 846 2240 907 ter,
2268 840 2358 909 qui
2386 856 2458 897 ex
2486 841 2717 913 Pelagii,
2752 855 2810 898 ut
2837 860 3001 914 supra
3054 846 3308 912 diximus,
3348 848 3704 916 institutione,

2134 930 2219 986 vel
2248 931 2427 1002 potius
2456 936 2737 1002 pravitate,
2775 936 3111 992 descendens
3140 938 3278 1008 apud
3306 938 3506 993 Gallias
3532 956 3707 995 asser-

2138 1030 2223 1077 tor
2252 1026 2521 1094 praedicta:
2552 1027 2844 1096 haereseos,
2901 1039 2995 1083 aut
3026 1032 3169 1086 inter
3198 1031 3421 1099 primos,
3453 1041 3545 1087 aut
3572 1033 3709 1088 inter

2135 1116 2422 1187 maximos,
2454 1119 2553 1174 fuit
2580 1136 2609 1175 a
2638 1122 2793 1176 nobis
2810 1121 3135 1187 admonitus,
3165 1139 3194 1177 a
3227 1124 3336 1179 Deo
3360 1126 3705 1191 emendatus;

2138 1206 2210 1261 ita
2237 1210 2377 1265 male
2396 1220 2711 1281 conceptam
2734 1216 3135 1284 persuasionem
3160 1216 3441 1285 magniﬁce
3460 1218 3709 1273 condem-

2140 1303 2310 1369 navit,
2351 1314 2411 1359 ut
2467 1320 2573 1361 non
2627 1309 2806 1363 minus
2828 1324 2968 1379 pene
3004 1311 3316 1367 admiranda
3348 1313 3417 1367 sit
3446 1312 3712 1368 correctio

456 1391 731 1446 haereseos
760 1400 969 1455 auctor,
1001 1390 1093 1460 qui
1145 1390 1430 1446 Dominum
1458 1392 1903 1462 Salvatoremque
1948 1407 2040 1446 no-
2140 1392 2472 1465 illius,quam
2507 1398 2677 1453 illzesa
2708 1401 2999 1456 multorum
3034 1402 3194 1467 lides;
3224 1404 3348 1473 quia
3377 1405 3608 1476 primum
3631 1411 3715 1459 est

454 1491 628 1537 strum
662 1482 965 1535 solitarium
1010 1480 1283 1536 hominem
1335 1494 1517 1537 natum
1562 1498 1685 1540 CSSC
1728 1481 2035 1551 contendit,

2140 1500 2380 1542 errorem
2414 1490 2625 1555 penitus
2656 1505 2763 1546 non
2790 1491 3096 1559 incurrere,
3118 1495 3413 1550 secundum
3458 1496 3597 1552 bene
3627 1511 3715 1551 re-

457 1575 604 1632 idem
635 1591 695 1630 se
725 1575 945 1629 omnino
967 1575 1147 1630 dicere
1176 1574 1318 1645 quod
1347 1576 1717 1645 Pelagianism
1744 1587 1868 1630 ante
1888 1575 2039 1630 dixe.
2141 1578 2384 1648 pudiare.
2411 1578 2462 1634 Is
2484 1595 2613 1651 ergo
2639 1583 2691 1637 in
2719 1598 2779 1639 se
2808 1599 3079 1652 reversus,
3103 1602 3210 1641 non
3239 1588 3412 1641 solum
3436 1589 3489 1643 in
3515 1589 3717 1656 Africa,

462 1676 595 1723 runt
628 1684 641 1720 :
674 1677 728 1721 et
758 1681 1096 1737 consequens
1125 1666 1297 1721 errori
1328 1680 1427 1721 suo
1454 1680 1597 1730 esse,
1628 1676 1686 1719 ut
1734 1668 1824 1736 qui
1856 1667 2040 1733 utique
2070 1666 2117 1727 B
2142 1670 2237 1725 ubi
2262 1681 2385 1725 tunc
2407 1680 2522 1727 erat
2547 1683 2707 1744 atque
2733 1691 2875 1732 nunc
2896 1686 2999 1744 est,
3019 1688 3125 1732 tam
3154 1692 3392 1733 errorem
3414 1694 3569 1734 suum
3596 1694 3720 1734 cum

455 1759 577 1816 sine
615 1769 839 1831 peccato
875 1759 1172 1815 solitarium
1220 1759 1495 1813 hominem
1538 1760 1724 1814 Jesum
1760 1758 2037 1815 Christum

460 1851 661 1905 vixisse
706 1853 939 1916 asserit,
971 1864 1163 1904 omnes
1191 1864 1403 1918 quoque
1432 1865 1529 1919 per
1556 1864 1617 1905 se
1645 1850 1893 1905 homines
1921 1852 2041 1906 sine

459 1954 691 2016 peccato
734 1958 895 2013 posse
922 1958 1042 1999 esse
1091 1942 1430 2010 blasphemet
1472 1960 1485 1995 :
1528 1958 1627 1998 nec
1682 1945 2039 1999 necessariam

461 2052 678 2110 quoque
706 2037 955 2107 exemplo
985 2036 1131 2090 illius
1159 2035 1342 2090 dicant
1364 2035 1793 2106 redemptionem
1826 2036 2040 2090 Domini

463 2128 654 2194 fuisse,
686 2146 807 2186 cum
836 2130 903 2184 ad
933 2131 1153 2185 caeleste
1181 2144 1403 2199 regnum
1435 2143 1535 2182 suo
1564 2138 1767 2184 tantum
1798 2130 2041 2185 homines

460 2220 587 2277 nisu
640 2221 724 2292 (ut
772 2221 942 2291 aiunt)
971 2221 1188 2276 valeant
1238 2220 1546 2290 pervenire.
1584 2219 1693 2274 Nec
1729 2220 1948 2274 dubium
1990 2219 2041 2274 id

463 2322 584 2380 est,
626 2329 685 2369 re
726 2316 842 2383 ipsa
894 2316 1113 2384 penitus
1167 2313 1498 2369 declarante.
1542 2312 1680 2368 Hinc
1723 2312 1867 2367 enim
1912 2311 2045 2366 illud

463 2411 580 2469 est,
625 2402 653 2442 ι’
698 2404 839 2473 quod
876 2404 1356 2460 intercessionibus
1403 2403 1517 2457 suis
1564 2402 2043 2472 Pelagianistarum

462 2494 715 2565 querelas
753 2497 925 2561 fovet,
964 2506 1020 2550 et
1058 2497 1279 2566 scriptis
1316 2496 1429 2550 suis
1471 2510 1663 2551 causas
1707 2496 1919 2551 illorum
1959 2510 2047 2551 as-

465 2587 648 2643 serit:
690 2589 833 2658 quod
880 2590 1148 2646 subtiliter
1197 2591 1303 2657 his,
1332 2593 1438 2656 vel,
1483 2603 1539 2645 ut
1584 2592 1763 2645 verius
1790 2589 2044 2656 dixerim,

466 2678 701 2735 subdole
729 2681 1118 2749 patrocinatur,
1144 2691 1198 2737 et
1225 2684 1642 2752 consanguinea:
1661 2682 1762 2735 sibi
1785 2680 2045 2751 improbi-

2138 1760 2327 1817 dolore
2356 1779 2516 1830 quam
2556 1766 2675 1821 sine
2719 1767 2924 1833 pudore
2969 1767 3249 1824 confessus
3278 1778 3378 1836 est,
3407 1770 3505 1823 sed
3556 1770 3719 1827 etiam

2138 1852 2204 1905 ad
2227 1868 2417 1908 omnes
2440 1854 2728 1910 admodum
2750 1856 2943 1912 Galliae
2981 1858 3230 1913 civitates
3262 1860 3468 1915 tlehiles
3511 1862 3724 1916 contes-

2140 1943 2311 1998 sionis
2330 1958 2393 1999 ac
2426 1944 2670 2013 planctus
2698 1946 2780 2001 sui
2829 1948 3034 2002 litteras
3059 1949 3245 2005 dedit:
3271 1951 3479 2006 scilicet
3529 1963 3593 2009 ut
3635 1949 3725 2007 ubi

2141 2034 2377 2088 deviatio
2402 2034 2527 2103 ejus
2547 2037 2699 2105 prius
2726 2038 2939 2108 cognita
2966 2050 3111 2106 erat,
3142 2040 3255 2093 illic
3282 2042 3444 2096 etiam
3468 2040 3723 2096 emenda-

2143 2128 2219 2182 tio
2246 2137 2591 2194 nosceretur;
2618 2138 2673 2184 et
2697 2132 2787 2199 qui
2837 2140 3006 2187 testes
3036 2130 3236 2188 erroris
3272 2142 3429 2188 antea
3482 2132 3715 2199 fuerant,

2142 2217 2303 2274 iidem
2326 2227 2511 2289 postea
2539 2222 2892 2276 correctionis
2919 2231 3121 2278 essent.

2766 2335 2996 2391 CAPUT
3040 2335 3103 2392 V.

2147 2424 2421 2500 Publicnm
2445 2436 2704 2500 peccatum
2727 2430 2933 2497 publica
2957 2431 3275 2500 confessione
3294 2430 3596 2485 diluendum
3618 2447 3728 2486 esse

2218 2497 3001 2570 Leporiiexemploﬂcon/irntat,
3028 2497 3182 2554 simul
3208 2517 3271 2554 ea:
3315 2504 3428 2570 ejus
3476 2502 3733 2556 sententia

2220 2568 2404 2624 docens
2429 2570 2553 2640 quid
2577 2570 2641 2623 de
2676 2569 2826 2624 Verbi
2857 2569 3221 2625 loicarnatione
3244 2568 3570 2625 sentiendum
3596 2573 3687 2626 sit.

2223 2678 2305 2733 Ex
2352 2682 2507 2750 cujus
2554 2682 2915 2749 confessione,
2974 2682 3059 2737 vel
3108 2684 3285 2750 potius
3330 2682 3730 2754 deploratione,

468 2770 833 2840 tatiimproho
857 2771 1181 2842 suffragatur
1204 2772 1424 2840 allecto,
1455 2774 1639 2828 scicus
1666 2772 1876 2828 scilicet
1903 2772 2053 2840 ejus-
2152 2772 2405 2826 nonnulla
2434 2773 2716 2828 inserenda
2742 2773 3194 2837 existimavimus,
3212 2772 3413 2842 duplici
3442 2789 3510 2829 ex
3535 2786 3734 2830 causa:

469 2860 592 2916 dem
639 2877 699 2919 se
726 2877 848 2918 esse
876 2878 1101 2929 sensus,
1133 2864 1376 2934 ejusdem
1417 2864 1641 2934 spiritus
1664 2904 1679 2930 ,
1707 2872 1764 2919 et
1801 2862 1921 2919 ideo
1947 2862 2049 2917 do-

467 2952 591 3011 lens
619 2956 885 3025 cognitam
917 2954 1083 3029 [Lips.
1118 2956 1170 3009 in
1198 2972 1362 3028 marg.
1394 2952 1701 3027 cognatam]
1739 2954 1841 3010 sibi
1879 2954 2052 3010 haere-

2153 2872 2212 2916 ut
2233 2864 2501 2920 correctio
2525 2880 2712 2920 eorum
2735 2874 2789 2920 et
2820 2863 2972 2919 nobis
2995 2862 3303 2918 testimonio
3338 2874 3392 2920 et
3419 2864 3504 2919 his
3523 2868 3616 2934 qui
3640 2882 3740 2921 nu-

2157 2962 2267 3009 tant
2292 2958 2541 3025 exemplo
2569 2968 2712 3012 esset
2738 2972 2753 3021 ;
2784 2972 3121 3026 quorumque
3140 2970 3381 3011 errorem
3425 2958 3577 3025 sequi
3626 2973 3738 3014 non

473 3046 575 3102 sim
605 3046 674 3100 ab
702 3046 938 3103 Ecclesia
966 3061 1089 3102 esse
1109 3047 1456 3117 disjunctam,
1494 3062 1654 3117 quam
1681 3047 1784 3103 scit
1808 3046 1911 3103 sibi
1942 3047 2049 3101 uti-
2080 3033 2128 3098 C
2158 3047 2721 3114 erubuissent,eorum
2749 3045 3183 3101 emendationem
3206 3046 3353 3115 sequi
3378 3061 3482 3100 non
3510 3048 3743 3105 erubes-

476 3150 581 3207 que
606 3138 961 3208 perversitate
980 3140 1345 3209 coniunctam.
1393 3178 1421 3219 χ

1069 3252 1297 3309 CAPUT
1334 3252 1421 3307 IV.

543 3337 798 3412 Leporius
820 3358 925 3396 una
950 3358 1070 3396 cum
1095 3344 1215 3397 aliis
1237 3344 1499 3464 rianullis
1541 3342 1984 3416 Pelagianismum

1130 3428 1281 3464 recan
1306 3430 1336 3464 a
1366 3449 1380 3464 ο

1130 3428 1380 3465 recantat.

549 3502 658 3561 Sed
688 3511 867 3557 tamen
892 3501 1017 3571 quia
1047 3500 1123 3555 illi
1148 3502 1238 3568 qui
1262 3500 1331 3553 de
1360 3500 1460 3555 hac
1487 3500 1849 3568 pestilentium
1873 3501 2055 3570 spina-

2157 3147 2377 3202 cerent;
2406 3152 2469 3191 ac
2516 3137 2657 3192 sient
2674 3136 2838 3192 simili
2860 3135 3177 3207 aegritudine
3200 3135 3625 3199 ittlirmarentur,
3657 3137 3733 3192 ita

2157 3228 2321 3285 simili
2348 3228 2586 3284 remedio
2624 3237 2965 3282 sanarentur.
3012 3227 3060 3280 Is
3091 3241 3219 3294 ergo
3266 3225 3442 3294 agnita
3469 3226 3745 3295 opinionis

2158 3337 2271 3377 sua:
2300 3324 2675 3391 perversitate,
2705 3329 2761 3375 et
2805 3320 3044 3389 inspecta
3078 3317 3203 3373 ﬁdei
3234 3317 3375 3384 luce,
3406 3318 3648 3375 scribens
3674 3319 3743 3374 ad

2159 3416 2443 3482 episcOpos
2471 3416 2798 3480 Gallicanos,
2850 3414 2920 3467 ita
2954 3426 3179 3466 exorsus
3218 3418 3303 3465 est
3333 3428 3345 3463 :
3371 3410 3506 3476 Quid
3563 3412 3614 3465 in
3656 3426 3746 3468 me

2158 3504 2421 3573 primum,
2461 3517 2495 3557 o
2520 3503 2723 3557 domini
2767 3502 2873 3557 mei
2912 3500 3204 3558 venerandi
3234 3511 3288 3556 et
3328 3499 3622 3556 beatissimi
3651 3514 3745 3555 sa-

1556 3638 1811 3695 ALARDI
1848 3638 2080 3695 ΕΑΖᾸΞΙ
2118 3638 2679 3697 COMMENTARlUS.

552 3744 580 3774 ⁸
604 3735 682 3789 Ita
706 3733 861 3787 divus
887 3730 1191 3786 Bernartius
1219 3729 1438 3786 Petrum
1468 3730 1829 3784 Ahaillardum
1862 3729 2057 3785 similia

480 3822 603 3863 eum
639 3803 854 3873 Pelagio
884 3800 1223 3873 sentientem,
1267 3801 1537 3869 redarguit
1561 3798 1773 3873 _(Epis_t.
1807 3801 1928 3869 190)
1956 3819 1967 3852 :
1999 3801 2061 3855 Si

484 3880 581 3932 hoc
602 3870 918 3945 sapit,'cum
954 3871 1164 3942 Pelagio
1194 3873 1399 3945 desipit.
1433 3871 1697 3939 Quidquid
1726 3870 1911 3945 horum
1939 3886 2056 3923 sen-

482 3949 598 4008 tiat,
615 3940 751 4015 patet
774 3956 1020 4011 quantum
1037 3940 1174 4012 quod
1199 3946 1251 3996 in
1280 3940 1390 4015 ipso
1414 3953 1487 4015 est
1507 3941 1832 4015 evacurt_alt_i
1853 3940 2061 4015 dispen—

485 4010 729 4072 sationem
752 4010 995 4083 ntysterii.
1017 4010 1105 4083 qui
1128 4010 1369 4065 totum‘de
1397 4010 1563 4083 salute
1581 4010 1756 4083 tribuit
1786 4010 2061 4083 deuotioni,

486 4079 823 4159 generationi’
848 4086 978 4159 nihil
997 4079 1143 4151 {qui
1172 4090 1357 4159 nostra:
1386 4080 1601 4159 gloriam
1628 4079 1988 4159 redemptionis
2016 4088 2065 4159 et

488 4150 742 4211 iummam
797 4155 980 4207 salutis
1020 4150 1122 4204 non
1173 4151 1432 4203 invirtute
1457 4152 1645 4214 crucis,
1676 4165 1778 4201 non
1804 4151 1857 4201 in
1908 4150 2067 4214 pretio

489 4227 777 4289 sanguinis,
809 4225 898 4275 sed
926 4224 981 4275 in
1027 4229 1216 4273 nostra:
1242 4221 1503 4273 constituit
1528 4219 1921 4272 conversationis
1948 4234 2068 4289 p_ro-

488 4287 727 4367 fectibus.
766 4287 897 4367 Mihi
940 4300 1110 4367 nigrm
1138 4289 1270 4367 absit
1300 4290 1532 4367 gloriari
1574 4290 1671 4342 nisi
1703 4290 1756 4341 in
1787 4304 1936 4367 cruce
1962 4287 2071 4367 Dp-

489 4358 616 4418 inmi
640 4364 801 4416 nostri
827 4361 953 4415 Iesu
978 4358 1167 4431 Christi
1189 4358 1336 4431 (Gal:
1360 4360 1460 4430 vr),
1482 4361 1536 4413 in
1566 4376 1667 4429 quo
1692 4359 2071 4431 estsalussvita

489 4443 539 4489 et
566 4432 869 4487 resurrectio
897 4441 1087 4483 nostra.
1113 4430 1177 4483 Et
1201 4428 1403 4498 quidem
1418 4428 1530 4482 tria
1552 4428 1786 4497 quaedam
1815 4429 2072 4495 prmipua

488 4506 547 4559 in
574 4507 669 4557 hoc
694 4520 841 4573 opere
868 4515 1053 4555 nostra:
1081 4501 1262 4554 salutis
1284 4501 1527 4573 intueor:
1548 4502 1779 4573 formam
1807 4499 2073 4573 humilita-

494 4576 648 4639 tis,iu
673 4568 772 4643 qua
796 4572 929 4625 Deus
950 4573 1275 4643 semetipsum
1300 4570 1615 4629 exinanivit;
1639 4568 2070 4643 charitatismen-

494 4640 694 4710 suram,
721 4658 869 4710 quam
903 4657 1059 4704 usque
1076 4641 1144 4693 ad
1168 4650 1399 4705 mortem,
1432 4652 1477 4692 et
1511 4648 1726 4693 mortem
1769 4640 1959 4699 crucis,
1984 4652 2071 4692 ea:-

496 4715 691 4780 tendit;
722 4709 1497 4782 ﬁdemptionissacramentum,
1523 4725 1637 4779 quia
1676 4709 1838 4779 ipsum
1859 4718 2072 4782 mortem

494 4801 649 4853 quam
675 4779 905 4847 pertulit,
923 4781 1150 4834 sustulit.
1170 4779 1372 4853 Horum
1393 4780 1612 4853 duorum
1637 4783 1811 4845 priora
1833 4781 2070 4853 si_c_sunt,

496 4848 561 4906 ac
583 4855 626 4905 si
650 4869 801 4916 super
822 4852 977 4905 inane
996 4854 1199 4920 pingas.
1223 4850 1469 4920 Magnum
1485 4852 1715 4920 profecto
1740 4858 1785 4900 et
1806 4848 1955 4920 valde
1985 4865 2074 4920 ne-

497 4923 775 4977 cessarium
799 4917 1119 4984 humilitatis,
1151 4917 1394 4989 magnum
1418 4929 1465 4971 et
1488 4917 1643 4989 omni
1674 4919 1969 4989 acceptione
1993 4917 2075 4968 di-

498 5006 658 5063 gnum
682 4991 947 5063 charitatis
968 4986 1274 5057 exemplum,
1305 4988 1395 5063 sed
1425 5002 1525 5063 non
1559 4986 1739 5063 habent
1769 4986 2075 5063 fundamen-

501 5057 634 5125 ium,
662 5077 721 5113 ac
744 5058 962 5130 proinde
976 5076 1071 5130 nec
1099 5069 1309 5123 statum,
1336 5059 1378 5130 si
1406 5058 1537 5110 desit
1564 5057 1861 5130 redemptio.

574 5130 604 5171 δ
624 5124 924 5199 Quomodo
945 5127 1223 5199 Nestorius
1248 5129 1380 5199 suis
1420 5124 1893 5199 intercessionibus
1923 5124 2075 5179 Pela-

502 5193 784 5275 gianoium
810 5199 1059 5275 querelas
1088 5198 1303 5264 foverit,
1333 5208 1389 5275 et
1440 5193 1819 5275 s_nis__scriptis
1838 5209 2074 5275 causam

500 5264 722 5328 illorum
754 5264 1075 5333 defenderit,
1105 5276 1254 5337 patet
1280 5282 1348 5321 ex
1373 5269 1539 5337 ipsius
1568 5264 1762 5321 litteris
1789 5264 2079 5337 ad_Co:le_s-

500 5344 675 5465 tinbum
707 5356 900 5465 ιιίἕῶιῐι
927 5340 1091 5407 datis,
1106 5334 1255 5409 'quas
1299 5336 1494 5391 recitat
1518 5337 1781 5393 Baronius
1808 5334 1980 5407 (Tom.
2006 5335 2075 5404 Υ,

502 5428 562 5465 su
624 5428 709 5465 an.
862 5449 877 5465 .

502 5414 596 5467 sub
624 5428 709 5465 an.
725 5414 877 5467 ιδο).

584 5413 1038 5537 ιαέέιῗέἶῖεωη
1063 5479 1266 5537 indicat
1289 5475 1550 5548 quosdam
1570 5491 1640 5533 ex
1662 5477 1959 5547 Pelagianis
2008 5480 2077 5535 ad

426 5550 431 5555 ’
509 5553 778 5610 saniorem
800 5559 1033 5604 mentem
1064 5560 1119 5603 et
1146 5548 1303 5603 tidem
1332 5548 1651 5607 catholicam
1679 5558 1980 5619 revocatos,
2019 5549 2076 5608 in

509 5624 704 5695 quibus
734 5619 1016 5691 Leperius,
1046 5621 1115 5675 de
1141 5631 1249 5686 quo
1272 5619 1432 5674 intra.

2097 4538 2148 4598 D

2235 3730 2261 3768 δ
2302 3732 2534 3786 Pristina
2566 3732 2867 3797 Pelagiana,
2912 3733 2963 3786 id
3004 3742 3105 3794 est,
3134 3730 3403 3795 anterior;
3436 3743 3579 3785 nova
3609 3729 3750 3787 Nes-

2166 3800 2407 3864 toriann,
2438 3802 2490 3854 id
2520 3814 2622 3863 est,
2654 3806 2940 3867 posterior,
2971 3812 3027 3855 ut
3056 3802 3253 3854 dictum
3283 3810 3385 3854 est.

2243 3880 2265 3907 ο
2308 3871 2385 3925 De
2406 3887 2511 3939 quo
2542 3871 2611 3923 ita
2645 3871 2954 3925 Gennadius
2977 3871 3079 3939 (De
3106 3871 3243 3925 Viris
3267 3869 3444 3923 Illust.
3469 3885 3583 3937 cap.
3609 3868 3704 3937 59)
3736 3886 3751 3923 :

2167 3940 2419 4009 chorius
2468 3940 2639 3993 adhuc
2687 3941 2990 4003 monathus,
3041 3953 3214 4004 postea
3243 3943 3521 4011 presbyter,
3551 3956 3757 4008 praesu-

2170 4027 2309 4063 mens
2332 4012 2394 4064 de
2417 4011 2637 4082 puritate
2667 4012 2800 4067 vitm.
2823 4028 2974 4082 quam
3005 4012 3219 4063 arbitrio
3250 4023 3445 4064 tantum
3476 4020 3521 4082 et
3563 4020 3759 4082 conatu

2171 4084 2400 4153 proprio,
2418 4080 2537 4153 non
2574 4082 2664 4134 Dei
2691 4097 2744 4133 se
2770 4081 2839 4132 ad
2854 4082 3031 4133 'utorio
3049 4082 3353 4153 Aobtinuisse
3364 4080 3620 4153 credebat,
3654 4080 3761 4136 Pe-

2173 4149 2650 4223 lagianumdogma
2678 4161 2896 4223 coeperat
2919 4151 3092 4223 sequi;
3120 4152 3210 4203 sed
3250 4168 3281 4202 a
3311 4149 3597 4223 Gallicanis
3623 4153 3758 4206 doc-

2172 4220 2368 4274 toribus
2394 4220 2711 4282 admonitus,
2742 4228 2789 4273 ct
2822 4222 2872 4273 in
2904 4222 3080 4286 Africa
3105 4237 3192 4286 per
3216 4222 3555 4290 Augustinum
3582 4238 3763 4276 emen-

2172 4292 2346 4353 datus,
2378 4292 2580 4360 scripsit
2606 4291 2977 4344 em~ndatiauis
3008 4305 3112 4344 sua:
3159 4290 3413 4353 libellum,
3446 4292 3501 4343 in
3552 4307 3657 4360 quo
3709 4301 3760 4346 et

2173 4362 2421 4426 satisfacit
2462 4360 2526 4413 de
2572 4377 2767 4432 errore,
2798 4374 2843 4413 ct
2872 4361 3067 4432 gratias
3094 4362 3202 4432 agit
3225 4362 3314 4432 Ade
3352 4361 3707 4413 emendatione
3739 4378 3763 4415 :

2172 4419 2327 4484 simul
2371 4430 2579 4498 etquod
2610 4433 2672 4483 de
2702 4419 3065 4485 lucariiatione
3110 4419 3303 4485 Christi
3348 4432 3483 4482 male
3523 4440 3764 4498 senserat

2174 4497 2464 4570 corrigens,
2485 4501 2789 4553 catholicam
2814 4503 3109 4555 sententiam
3137 4501 3253 4553 tnlit
3282 4500 3453 4552 dicens
3486 4514 3504 4552 :
3535 4497 3763 4553 Manen-

2176 4573 2307 4623 tibus
2336 4572 2387 4623 in
2407 4570 2608 4624 Christo
2636 4571 2690 4624 in
2720 4587 2815 4623 sua
2836 4572 3120 4625 substantia
3148 4570 3345 4623 duabus
3366 4570 3765 4629 naturis,unam

2174 4641 2482 4711 credendum
2506 4640 2631 4695 Filii
2660 4640 2754 4711 [lci
2776 4658 3063 4711 personam.
3098 4641 3224 4695 Hmc
3244 4638 3765 4711 Gennadius.Porro

2174 4710 2319 4765 hunc
2369 4719 2644 4763 auctoer
2694 4709 2858 4763 fuisse
2910 4711 3155 4764 Nestorio
3196 4709 3506 4778 suzeipsius
3535 4710 3768 4768 haeresis

2174 4779 2465 4835 Cassianus
2496 4781 2680 4834 itidem
2710 4781 2940 4834 afﬁrmat
2969 4781 3105 4834 lihro
3128 4796 3200 4835 vn
3240 4781 3309 4836 de
3358 4780 3768 4849 lucarnatione,

2175 4852 2265 4903 uhi
2298 4852 2438 4903 inter
2462 4851 2567 4902 alia
2602 4850 2719 4904 haec
2749 4850 2928 4915 habet,
2957 4852 3261 4905 Nestorium
3294 4850 3574 4911 alloquens
3611 4867 3624 4902 :
3674 4849 3769 4905 Ita

2175 4933 2298 4991 ergo
2322 4930 2368 4973 et
2394 4929 2447 4991 tu
2479 4918 2779 4988 Pelagiana:
2803 4920 3050 4976 hrcreseos
3071 4922 3277 4991 spinosa
3298 4917 3518 4991 soboles,
3535 4922 3772 4976 ostendis

2176 4988 2476 5057 ingermiue
2501 4992 2634 5057 quod
2662 5000 2805 5058 pater
2838 5003 2954 5046 tuus
2973 4988 3208 5043 habuisse
3228 4988 3452 5058 traditur
3471 4990 3526 5041 in
3551 4992 3777 5046 radice?

2184 5059 2433 5131 Leporius
2462 5062 2597 5113 enim
2625 5062 2715 5115 ille
2745 5061 2825 5129 (ut
2854 5061 3099 5131 Lepori‘us
3132 5057 3417 5131 discipulus
3450 5074 3574 5111 suus
3604 5061 3773 5131 dixit)

2184 5126 2464 5201 Dominum
2496 5144 2726 5183 nostrum
2751 5126 3002 5184 asserebat
3023 5126 3285 5201 Christum
3294 5127 3497 5201 factum
3541 5144 3651 5182 esse
3678 5126 3777 5201 per

2186 5200 2513 5271 baptismum,
2540 5210 2593 5253 tu
2623 5202 2675 5253 in
2696 5202 2944 5271 baptismo
2975 5198 3222 5271 templum
3250 5196 3379 5251 dicis
3412 5201 3600 5271 factum
3658 5196 3777 5271 esse

2185 5267 2274 5341 per
2315 5268 2586 5341 Spiritum.
2649 5267 2774 5324 Non
2796 5267 3000 5338 quidem
3039 5267 3107 5319 ad
3133 5267 3344 5341 plenum
3386 5268 3779 5341 eaden3_vcrba

2186 5335 2325 5404 sunt,
2359 5335 2470 5393 'sed
2515 5341 2582 5392 ad
2634 5335 2997 5409 plenumuna
3049 5335 3517 5409 peruersitas,etc.
3543 5335 3780 5409 Notavit

2188 5409 2447 5464 Baronius
2477 5410 2590 5479 (sub
2619 5407 2756 5479 anno
2782 5407 2909 5477 420)
2934 5409 3097 5463 alium
3137 5408 3321 5463 itidem
3377 5407 3613 5479 inveniri
3666 5408 3779 5463 Le-

2185 5480 2395 5551 porium
2424 5476 2618 5551 genere
2636 5476 3019 5551 clarissimum,
3047 5480 3100 5533 in
3117 5477 3462 5551 monasterio
3484 5477 3545 5534 S.
3576 5476 3779 5551 Augu-

2182 5548 2702 5679 stinliypzqiitentem,
2728 5550 2796 5606 de
2825 5566 2932 5621 quo
2960 5552 3074 5619 ipse
3100 5548 3438 5619 Augustinus
3477 5561 3647 5606 setm.
3702 5550 3780 5605 50

2323 5636 2339 5676 ι
2469 5636 2532 5677 Is.

2323 5636 2532 5677 IVOI'III.
