3976 6180
1853 174 1882 187 οι

196 257 254 317 55
1196 253 1286 312 DE
1325 251 1836 312 INCARNATIONE
1872 251 2143 311 CHRISTI
2179 255 2311 314 LIB.
2353 257 2396 314 1.
3356 260 3431 320 ιο

197 379 438 444 cerdotes,
479 387 720 431 accusem
752 370 966 436 nescio,
999 378 1053 425 et
1096 370 1222 439 quid
1270 371 1325 426 in
1376 388 1464 427 me
1511 371 1742 442 primum
1769 376 1824 436 Α
1848 372 1966 439 Dei,
1999 372 2092 438 qui
2118 373 2220 428 sibi
2253 381 2376 427 ante
2417 372 2619 428 saecula
2663 383 2818 432 natus
2856 390 2920 432 ex
2954 371 3245 444 Patre‘est,
3276 377 3433 436 nobis

199 484 423 526 excusem
453 484 543 521 non
587 465 833 519 invenio.
866 464 954 520 Sic
985 464 1248 532 imperitia
1279 472 1335 520 et
1362 465 1636 535 superbia,
1667 466 1746 522 sic

199 562 344 616 stulta
367 559 653 628 simplicitas
685 570 810 610 cum
844 553 1199 624 persuasione
1245 556 1431 617 noxia.
1461 555 1540 610 sic
1571 555 1747 612 fervor

198 669 310 708 cum
348 650 757 720 intemperantia,
790 650 892 713 sic,
940 656 998 701 ut
1041 647 1224 702 verius
1265 649 1462 715 dicam,
1497 664 1619 704 cum
1665 653 1748 708 sui

196 745 499 800 diminutione
525 742 725 797 debilis
758 739 916 806 ﬁdes,
940 739 1101 792 simul
1132 740 1182 792 in
1217 754 1300 794 me
1323 741 1498 794 omnia
1530 754 1746 812 recepta

199 839 457 907 viguerunt,
489 845 547 889 ut
577 845 658 889 tot
690 843 746 888 et
770 832 936 886 tantis
965 832 1124 886 simul
1155 834 1226 887 sit
1251 841 1306 888 et
1333 833 1581 889 obedisse
1608 850 1743 889 con-

195 928 322 994 fusio,
349 939 398 984 et
424 930 535 984 haec
578 927 771 982 eadem
798 925 867 980 ab
892 924 1078 980 animo
1109 926 1345 996 potuisse
1368 927 1582 992 cedere,
1612 925 1744 982 mihi

191 1021 416 1090 stupenda
456 1020 767 1092 gratulatio.
824 1018 890 1072 Et
939 1027 1062 1089 post
1110 1033 1278 1088 pauca
1330 1019 1648 1090 subiungit:
1683 1019 1742 1077 Si

186 1125 298 1180 ergo
323 1112 527 1167 minime
549 1111 914 1182 percipientes
945 1109 1086 1164 hanc
1118 1111 1408 1179 potentiam
1437 1111 1551 1179 Dei,
1577 1127 1740 1168 sensu

186 1213 352 1258 nostro
393 1215 442 1259 et
477 1205 686 1275 propria
741 1204 954 1259 ratione
1001 1203 1293 1271 sapientes,
1326 1204 1478 1273 quasi
1511 1204 1566 1257 in
1607 1205 1742 1258 inle-

182 1294 310 1350 riora
341 1297 493 1370 [Lips.
525 1299 576 1350 in
601 1315 766 1367 marg.
800 1296 954 1366 quasi
985 1293 1261 1365 interiora]
1296 1308 1355 1348 se
1395 1294 1539 1349 Deus
1580 1309 1739 1362 agere

181 1385 419 1457 videatur,
445 1391 513 1443 ita
542 1390 816 1444 hominem
838 1403 960 1442 cum
987 1386 1098 1440 Deo
1121 1398 1300 1439 natum
1324 1400 1446 1440 esse
1469 1385 1732 1452 dicamus,

177 1485 223 1531 ut
247 1492 478 1534 seorsum
501 1497 620 1551 quze
641 1481 734 1534 Dei
762 1489 888 1534 sunt
912 1477 1014 1532 soli
1038 1477 1150 1532 Deo
1170 1477 1381 1541 demus,
1407 1487 1462 1532 et
1487 1493 1731 1534 seorsum

173 1585 276 1638 qua:
303 1581 424 1626 sunt
452 1573 684 1627 hominis
714 1572 814 1628 soli
842 1571 1047 1627 homini
1073 1581 1408 1638 reputemus,
1435 1579 1460 1608 ι
1484 1582 1730 1641 quartam

171 1662 594 1719 manifestissime
623 1663 1012 1717 introducimus
1040 1662 1094 1716 in
1124 1661 1386 1716 Trinitate
1419 1677 1724 1732 personam,

1848 481 1877 520 a
1918 474 2159 534 tempore
2202 466 2270 521 de
2299 465 2502 534 Spiritu
2533 475 2742 532 sancto,
2771 477 2829 523 et
2857 469 3021 524 Maria
3060 485 3277 540 semper
3319 473 3430 527 vir-

1847 560 1972 630 gine
2003 560 2198 614 factum
2231 560 2525 626 hominem,
2559 562 2727 616 Deum
2766 574 2968 616 natum.
3011 564 3076 618 Et
3110 565 3432 623 confitentes

1847 664 2136 722 utramque
2161 653 2516 707 substantiam
2545 653 2726 708 carnis
2757 669 2821 708 ac
2856 654 3038 720 Verbi,
3073 672 3235 709 unum
3281 674 3429 713 enm-

1847 747 2079 813 demque
2111 746 2279 801 Deum
2325 759 2487 817 atque
2518 748 2790 802 hominem
2844 748 3257 816 inseparabilem
3291 765 3431 805 sem-

1847 855 1944 910 per
1988 840 2070 908 pia
2102 839 2223 894 ﬁdei
2255 841 2572 895 credulitate.
2619 840 2978 910 suscipimus;
3008 850 3064 895 et
3091 857 3154 895 ex
3190 853 3432 912 tempore

1845 942 2112 1002 susceptze
2138 933 2339 1000 carnis,
2369 933 2450 987 sic
2475 931 2502 970 δ
2527 933 2706 987 omnia
2740 932 2967 987 dicimus
2994 950 3114 1004 quae
3152 946 3305 990 erant
3337 937 3430 993 Dei

1845 1027 2106 1081 transisse
2143 1025 2196 1079 in
2238 1025 2534 1092 hominem,
2567 1035 2626 1079 ut
2657 1025 2834 1079 omnia
2864 1040 2984 1094 qute
3012 1037 3167 1081 erant
3197 1028 3428 1084 hominis

1843 1118 1894 1174 in
1945 1119 2113 1173 Deum
2163 1118 2433 1172 venirent.
2487 1116 2605 1171 Ειε
2635 1116 2735 1171 hac
2785 1116 3140 1186 intelligentia
3193 1119 3428 1174 Verbum

1840 1211 2039 1265 factum
2069 1211 2140 1264 sit
2169 1224 2319 1272 caro,
2345 1224 2452 1264 non
2484 1220 2540 1262 ut
2570 1209 2932 1264 conversione
2955 1219 3048 1261 aut
3075 1209 3429 1264 mutabilitate

1837 1305 2016 1375 aliqua
2045 1303 2270 1373 coeperit
2295 1316 2417 1356 esse
2443 1301 2585 1372 quod
2630 1317 2736 1356 non
2778 1311 2916 1363 erat,
2945 1301 3042 1355 sed
3089 1309 3147 1354 ut
3191 1303 3427 1370 potentia

1838 1397 2034 1452 divina:
2077 1395 2498 1466 dispensationis
2544 1390 2781 1450 Verb'um
2833 1394 3007 1447 Patris
3053 1408 3342 1462 numquam
3396 1409 3427 1450 a

1837 1488 1994 1543 Patre
2038 1486 2346 1552 discedens,
2382 1485 2543 1538 homo
2592 1486 2807 1556 proprie
2838 1484 2955 1539 ﬁeri
2984 1483 3316 1555 dignaretur,
3347 1485 3427 1538 in-

1837 1586 2197 1642 carnatusque
2223 1577 2292 1631 sit
2322 1577 2633 1638 unigenitus
2662 1586 2878 1630 secreto
2907 1577 3000 1630 illo
3030 1576 3288 1646 mysterio
3316 1591 3426 1647 quo

1837 1669 1945 1741 [ΑΙ.
1977 1668 2143 1741 quod]
2173 1669 2287 1738 ip~e
2318 1668 2502 1733 novit;
2528 1677 2770 1722 nostrum
2803 1684 3037 1739 namque
3067 1679 3150 1724 est
3175 1670 3422 1739 credere,

166 1762 213 1806 et
237 1754 298 1808 de
323 1772 428 1809 uno
459 1755 598 1810 Filio
625 1755 740 1810 Deo
770 1771 872 1810 non
896 1771 1081 1821 unum,
1107 1755 1203 1809 sed
1236 1754 1411 1810 facere
1443 1758 1728 1826 incipimus
1760 1765 1808 1826 Β
1836 1763 1984 1817 illius
2017 1776 2197 1817 nosse.
2228 1762 2306 1816 Ac
2331 1761 2413 1814 sic
2441 1762 2555 1830 ipse
2585 1762 2726 1814 Deus
2767 1761 3025 1824 Verbum,
3055 1771 3224 1815 totum
3253 1765 3424 1818 susci-

162 1843 293 1898 duos
321 1844 590 1914 Christos,
622 1846 760 1916 quod
809 1860 836 1898 a
885 1847 1031 1903 nobis
1070 1847 1184 1917 jam
1226 1849 1340 1917 ipse
1384 1849 1643 1904 Dominus
1671 1863 1726 1906 et

159 1935 302 1992 Deus
345 1935 594 1992 Christus
621 1938 848 1994 avertat!
896 1939 1037 2009 Ergo
1072 1941 1394 1996 conﬁtemur
1437 1942 1721 1999 Dominum

157 2041 212 2083 ac
244 2029 412 2085 Deum
442 2039 681 2087 nostrum
712 2031 889 2088 Jesum
941 2032 1213 2089 Christum
1261 2035 1477 2090 unicum
1527 2037 1719 2090 Filium

1833 1856 1987 1926 piens
2032 1854 2175 1923 quod
2221 1863 2305 1908 est
2352 1852 2608 1917 h0minis,
2640 1851 2804 1905 homo
2834 1852 2933 1917 sit;
2980 1861 3032 1907 et
3060 1850 3085 1889 ἀ
3120 1865 3423 1924 assumptus

1833 1946 1997 2001 homo
2044 1956 2213 2000 totum
2252 1943 2565 2013 accipiendo
2595 1943 2736 2012 quod
2782 1944 2876 1999 Dei
2922 1956 3024 2006 est.
3065 1945 3211 2000 aliud
3260 1961 3423 2016 quam

1834 2037 1976 2094 Deus
2002 2054 2123 2093 esse
2156 2054 2260 2092 non
2295 2037 2489 2107 pOSsit.
2521 2034 2638 2091 Non
2687 2047 2863 2092 tamen
2909 2038 3031 2106 quia
3061 2047 3082 2075 ο
3112 2040 3421 2094 incarnatus

1227 2133 1488 2189 ALARDI
1527 2135 1759 2191 ΟΑΖᾸΞΙ
1795 2136 2358 2194 COMMENTARIUS.

213 2229 236 2257 ⁸
271 2220 354 2276 Sic
383 2222 722 2299 Augustinus
760 2235 997 2282 tractatu
1026 2226 1095 2282 78
1136 2227 1190 2281 in
1217 2226 1478 2282 Joannem
1506 2246 1520 2282 :
1551 2229 1725 2299 Agno-

155 2307 350 2357 scamus,
381 2296 585 2365 inquit,
620 2300 878 2368 geminant
912 2299 1277 2362 substantiam,
1315 2300 1538 2352 divinam
1579 2296 1723 2353 scili-

154 2373 232 2438 εῖτ,
262 2381 356 2433 qua
380 2369 607 2435 (variatis
636 2378 707 2422 est
736 2368 920 2434 Patri;
943 2380 990 2422 et
1017 2370 1316 2434 humanam,
1343 2388 1441 2438 qua
1466 2371 1631 2423 minor
1653 2380 1726 2425 cst

152 2431 286 2506 [ἀινέ
307 2452 325 2488 :
356 2431 472 2490 ulrn
489 2454 640 2506 mque
670 2450 840 2492 autent
871 2431 1024 2494 simul
1061 2457 1161 2493 non
1197 2431 1321 2500 duo,
1355 2431 1450 2495 sed
1483 2458 1616 2493 unus
1652 2450 1727 2495 est

153 2502 372 2572 Christus,
402 2528 468 2563 ne
512 2502 577 2560 sit
613 2513 957 2577 quaternitas,
999 2528 1101 2564 non
1141 2511 1367 2564 Trinitas
1402 2512 1561 2565 Deus.
1601 2511 1726 2565 Viu-

152 2579 510 2666 ςειιῐὶιιδνὶιριξι
554 2579 850 2661 Lirinensis
889 2581 1274 2666 (Ερηιηιοηξς.)
1303 2599 1419 2666 cap.
1455 2583 1595 2664 18.et
1631 2582 1724 2652 22)

152 2649 268 2702 inter
293 2653 425 2704 alios
459 2653 783 2718 luereticos,
833 2649 1108 2706 anathema
1154 2651 1279 2705 dicit
1325 2649 1585 2714 Nestorio,
1637 2649 1724 2706 ne-

150 2722 265 2793 nanti
292 2738 351 2776 ea;
393 2722 627 2790 Virgine
656 2720 822 2775 Deum
852 2732 1057 2785 natum,
1101 2734 1165 2784 et,
1207 2725 1419 2793 explosa
1463 2723 1724 2779 Trinitatis

150 2790 243 2855 ﬁde,
269 2794 682 2861 quaternitatcm
705 2794 850 2846 nobis
877 2795 1243 2848 introducenti.

202 2861 222 2898 δ
254 2863 354 2918 Per
387 2866 554 2918 illam
596 2865 1138 2921 communicationem
1170 2866 1481 2920 idiomatum
1509 2881 1574 2921 ex
1605 2865 1724 2920 uni-

151 2940 230 2986 tate
253 2951 516 3000 pt-rsonzr
541 2935 595 2988 in
627 2933 843 2990 Christo
871 2939 1247 2998 resultantem.
1269 2938 1336 2990 de
1366 2954 1468 3006 qua
1499 2937 1722 2992 interius

151 3006 405 3072 agendum,
443 3021 562 3077 qua
594 3006 654 3057 lit
701 3018 758 3058 ut
804 3009 1162 3077 proprietates
1211 3009 1444 3062 hominis
1492 3009 1621 3068 Deo.
1671 3017 1726 3063 et

153 3079 496 3151 proprietates
531 3076 629 3151 Dei
677 3076 1059 3151 homini,vere
1097 3080 1404 3151 tribuantur
1447 3079 1720 3151 (Euthym.

153 3146 187 3195 in
219 3164 255 3200 c.
293 3165 345 3202 tv
390 3146 620 3212 Joan.),
651 3157 704 3201 et
741 3151 808 3202 de
845 3164 948 3203 una
983 3148 1184 3203 Christi
1217 3146 1466 3217 persoua'
1488 3146 1727 3202 vicissim

153 3221 509 3276 enuntientur.
549 3232 670 3270 cum
703 3219 772 3270 sit
805 3218 947 3272 idem
1003 3232 1229 3271 numero
1278 3219 1422 3268 Deus
1452 3228 1502 3267 et
1541 3219 1729 3276 homo,

154 3296 186 3356 ct
208 3298 251 3342 ut
271 3287 476 3345 σιντερὶ
496 3285 738 3356 _l'eliciter
758 3287 1071 3356 loquuntur,
1101 3287 1423 3356 Θεάνθρωπος
1449 3297 1462 3333 :
1497 3282 1734 3356 Qui‘licet

155 3354 246 3413 Dm
276 3363 354 3414 sit
392 3367 448 3409 et
485 3353 674 3417 homo,
709 3369 808 3405 non
834 3349 943 3406 duo
974 3363 1175 3415 tamen,
1206 3349 1294 3406 sed
1326 3367 1457 3405 unus
1486 3363 1560 3404 est
1584 3349 1734 3405 Chri-

158 3437 241 3490 stus,
266 3432 347 3484 ait
379 3428 451 3480 Β.
491 3423 825 3495 Athanasius
855 3425 909 3477 in
931 3424 1207 3495 symbolo.

207 3510 221 3535 ε
250 3500 467 3554 Tribus
506 3494 685 3546 modis
717 3510 821 3546 una
856 3492 1152 3548 subStantia
1185 3493 1383 3547 dicitur
1423 3492 1540 3547 ﬂeri
1577 3492 1680 3546 alia
1709 3511 1720 3544 :

158 3565 393 3641 (Euthym.
445 3567 507 3618 in
541 3580 658 3641 cap.
697 3579 711 3618 ι
741 3562 926 3633 .Ioan.)
956 3585 967 3616 ι
1001 3565 1388 3641 Priuio_utodo
1430 3579 1522 3641 per
1553 3571 1724 3616 inula-

157 3635 340 3703 tionetii,
385 3637 815 3692 conversionem
857 3651 953 3688 seu
1003 3636 1376 3688 transitionem
1427 3635 1586 3688 unius
1633 3649 1726 3687 na-

156 3715 265 3761 tura:
287 3714 338 3763 in
369 3711 646 3767 alterum,
673 3707 751 3760 sic
783 3715 840 3758 ut
878 3706 1046 3760 altera
1093 3705 1391 3759 substantia
1420 3704 1472 3756 in
1505 3704 1726 3758 alterius

155 3787 364 3834 naturam
379 3786 789 3841 eommutetur,
806 3787 862 3830 ut
883 3792 1002 3830 cum
1021 3791 1154 3840 aqua
1182 3779 1236 3829 lit
1263 3776 1468 3835 vinum.
1491 3775 1648 3829 Joan.
1665 3789 1722 3838 tt;

157 3849 276 3919 virga
303 3863 566 3920 serpens,
604 3847 878 3920 Exodavt.
902 3847 1152 3920 Secundo
1180 3863 1273 3916 per
1299 3844 1722 3907 succeSsiOnem,

157 3926 202 3971 ut
222 3917 329 3975 cum
361 3917 426 3977 ei
462 3932 633 3974 nocte
665 3919 721 3971 lit
745 3917 881 3982 dies,
911 3933 978 3971 ex
1011 3917 1176 3971 nihilo
1203 3932 1471 3976 crcauua,
1500 3931 1562 3970 ex
1590 3930 1725 3982 pane

158 4003 320 4059 corpus
348 3993 568 4047 Chri~ti
599 3991 650 4042 in
678 3989 1025 4048 eucharistia,
1055 3998 1108 4041 et
1135 3990 1187 4042 in
1207 3986 1420 4042 caeteris
1449 3987 1500 4059 in
1530 3987 1726 4053 quibus

158 4057 294 4115 altera
323 4061 644 4116 subsmntia
674 4061 726 4113 in
754 4059 977 4112 alterius
1003 4062 1160 4125 plane
1187 4057 1513 4112 intereuntis
1548 4062 1725 4110 locum

158 4136 377 4188 succedi.
415 4133 617 4184 't‘ertio
647 4147 741 4199 per
763 4130 1187 4196 assumptionem
1213 4129 1327 4182 sive
1354 4129 1724 4182 accessionem

159 4203 347 4257 alterius
377 4204 709 4257 substantiae
732 4217 828 4255 seu
857 4212 1086 4262 naturae,
1118 4201 1191 4253 ita
1219 4211 1275 4253 ut
1299 4214 1360 4253 ex
1391 4209 1616 4266 utraque
1648 4200 1729 4252 in-

161 4274 345 4339 columi,
391 4275 556 4328 salva
589 4280 642 4326 et
673 4273 900 4341 integra.
954 4287 1120 4341 unum
1166 4271 1466 4341 subjecrum
1505 4274 1724 4335 existat,

161 4357 255 4410 qua:
284 4345 603 4416 hypostasis
638 4340 851 4397 dicitur.
882 4341 972 4416 Sic
1004 4340 1206 4416 ferrum
1239 4344 1294 4416 tit
1326 4340 1482 4410 ignis,
1509 4356 1636 4416 _c_um
1671 4343 1724 4395 in

1834 2233 2030 2286 minem
2079 2233 2436 2302 intelligentes
2477 2233 2766 2288 humanam
2795 2238 3070 2302 naturam.
3094 2228 3202 2302 Qui
3240 2236 3419 2284 tamen

1835 2303 2003 2358 sicubi
2034 2299 2480 2367 circumspectius
2505 2306 2780 2370 magisque
2815 2300 3028 2369 proprie
3059 2299 3204 2364 loqui
3234 2302 3420 2356 volue-

1834 2383 1979 2442 runt,
2011 2390 2116 2428 non
2147 2374 2442 2434 hominem,
2474 2374 2567 2428 sed
2617 2374 3003 2427 humanitatem
3035 2387 3063 2422 a
3113 2370 3292 2442 Verbo
3327 2385 3419 2425 as.

1834 2441 2100 2516 stunptam
2126 2448 2282 2514 eique
2314 2447 2516 2498 unitam
2550 2446 2836 2498 dixerunt:
2869 2443 3136 2516 quomodo
3164 2441 3419 2516 fjequen-

1837 2513 2050 2569 tius‘ae
2098 2513 2352 2569 libentius
2398 2515 2562 2569 loeuti
2612 2527 2735 2568 sunt
2782 2514 3116 2582 posteriores
3158 2513 3416 2580 theon-gi,

1835 2586 2137 2654 praesertim
2163 2587 2465 2640 scholastici
2492 2606 2502 2638 :
2537 2587 2699 2640 Nobis
2725 2588 2862 2638 enim
2885 2585 2934 2635 in
2963 2585 3042 2637 his
3071 2600 3185 2648 qum
3210 2584 3417 2655 religio-

1828 2673 1944 2710 nem
1973 2667 2225 2727 spectant,
2258 2659 2325 2708 ad
2354 2669 2540 2710 certam
2565 2658 2795 2726 regulam
2819 2657 2955 2724 loqui
2981 2655 3058 2722 [as
3082 2664 3188 2718 est;
3217 2671 3280 2727 ne
3308 2672 3416 2707 rer-

1827 2725 2010 2781 borum
2050 2729 2256 2781 licentia
2295 2729 2446 2781 etiam
2489 2727 2555 2782 de
2599 2725 2762 2798 rebus,
2789 2742 2903 2796 qu
2935 2727 3012 2779 his
3057 2725 3417 2798 significantur

1828 2798 2039 2868 impiam
2078 2801 2254 2868 gignat
2286 2799 2591 2868 Opinionem,
2635 2799 2709 2852 ait
2742 2793 2811 2853 SI
2839 2793 3168 2866 Augustinus
3206 2793 3346 2864 (Lib.
3381 2809 3415 2847 ι

1826 2870 1891 2922 de
1920 2869 2069 2923 (.‘irit.
2091 2869 2213 2932 Dei,
2243 2885 2361 2934 cap.
2393 2868 2504 2938 ’23).

1904 2949 1926 2977 ε·
1968 2939 2210 2995 Notanda
2253 2949 2379 2993 sunt
2406 2936 2613 3009 aliquot
2638 2938 2897 2994 vocabula
2928 2936 3124 3009 quibus
3163 2940 3220 2984 ut
3251 2946 3416 3009 syno-

1830 3010 2011 3093 nymis
2056 3020 2280 3093 utuntur
2313 3003 2512 3093 [fures
2530 3011 2597 3065 ad
2628 3003 3041 3093 signiﬁcandum
3087 3003 3415 3093 Incat'natio-

1829 3075 1916 3154 nis
1949 3085 2290 3154 mySterium.
2323 3081 2560 3154 Primum
2591 3075 2878 3154 est—ipsum
2909 3075 3292 3154 lncarnationis
3323 3091 3414 3130 vo-

1832 3147 2104 3217 cabulum,
2150 3150 2295 3217 quod
2343 3151 2466 3201 licet
2498 3152 2549 3200 in
2576 3147 2887 3217 _Scripturis
2920 3147 3411 3217 tioncxprimatur,

1835 3227 2018 3268 tamen
2049 3214 2376 3278 a'Pa'trihus,
2422 3226 2530 3268 tam
2575 3215 2782 3268 Latinis
2823 3228 2980 3281 quam
3021 3214 3247 3272 Graecis.
3294 3225 3417 3279 post

1837 3286 2122 3339 Concilium
2148 3285 2444 3348 Niczcnum,
2477 3295 2778 3352 opportune
2809 3284 3082 3338 inventum
3112 3291 3168 3336 et
3195 3298 3417 3348 usurpa-

1836 3363 1948 3409 tum
1977 3366 2076 3420 est,
2110 3364 2297 3422 utpote
2327 3372 2390 3408 ex
2417 3356 2521 3408 illis
2553 3354 2730 3408 verbis
2755 3355 3011 3414 Joannis:
3047 3352 3269 3406 Verbum
3294 3369 3416 3408 caro

1831 3429 2026 3494 factum
2046 3438 2118 3479 est
2141 3426 2319 3496 (Joan.
2349 3430 2414 3490 ι),
2446 3426 2725 3480 manifeste
2747 3426 3066 3496 derivatum.
3095 3423 3242 3496 Idem
3268 3427 3413 3480 enim

1829 3503 1932 3558 est,
1989 3494 2222 3551 Verbum
2270 3511 2486 3551 carnem
2535 3497 2669 3560 tieri,
2717 3508 2770 3551 et
2820 3495 3112 3551 incarnari.
3166 3494 3225 3548 Ut
3317 3512 3411 3552 tier

1827 3569 2208 3636 synecdochen
2259 3582 2386 3620 caro
2441 3583 2535 3634 pro
2588 3568 2803 3622 homine
2851 3568 3086 3635 ponitur,
3141 3580 3266 3635 pars
3293 3573 3304 3628 ζ
3341 3581 3412 3621 »ro

1829 3643 1974 3700 toto;
2025 3639 2168 3706 quod
2218 3641 2268 3689 in
2319 3637 2612 3705 Scripturis
2656 3639 3148 3707 frequentissimum
3191 3647 3310 3690 est’
3355 3646 3413 3692 ut

1828 3707 2062 3760 ostendit
2093 3708 2154 3761 Β.
2189 3707 2515 3765 Augustinus
2540 3707 2763 3761 Enchir.
2793 3723 2910 3773 cap.
2938 3711 3028 3767 54.
3057 3720 3110 3761 et
3139 3720 3261 3760 nota
3285 3720 3412 3762 sunt

1828 3778 2114 3844 exempla:
2158 3776 2359 3828 Videbit
2391 3780 2554 3830 omnis
2584 3793 2703 3828 caro
2745 3777 2972 3829 salutare
3006 3776 3102 3830 Dei
3133 3775 3266 3843 (Isai
3297 3781 3406 3840 XL).

1831 3845 1956 3899 Non
1992 3847 2172 3900 timebo
2205 3848 2329 3916 quid
2369 3847 2521 3915 faciat
2566 3847 2689 3896 mihi
2729 3863 2849 3898 caro
2886 3846 3057 3911 (Psal.
3096 3847 3288 3916 cxvii).
3336 3846 3416 3900 Ea:

1831 3917 2068 3989 operibus
2100 3915 2226 3989 legis
2253 3934 2352 3989 non
2374 3915 2747 3989 jttstiﬁcabitur
2773 3916 2946 3989 omnis
2965 3931 3082 3989 caro
3109 3915 3284 3989 (llam.
3311 3927 3413 3984 tu).

1829 3985 2006 4052 Quare
2034 3985 2167 4042 cuni
2188 4004 2256 4042 ex
2288 3985 2387 4041 illo'
2408 3987 2630 4042 Joannis
2668 3987 2886 4040 oraculo
2917 3985 3206 4040 deductum
3252 3986 3416 4042 fuerit

1831 4057 2219 4113 lucarnationis
2263 4058 2606 4121 vocabulum,
2650 4058 2932 4122 aptissime
2972 4057 3195 4109 denotat
3237 4055 3411 4120 ipsum

1832 4134 2175 4199 mysterium,
2204 4129 2346 4198 quod
2379 4129 2520 4184 Deus
2554 4129 2642 4184 tiei
2673 4128 2840 4183 Filius
2877 4127 3051 4183 factus
3083 4137 3298 4199 est_t_i0u
3328 4141 3418 4179 so-

1830 4196 1939 4252 lum
1972 4216 2122 4268 caro,
2151 4196 2243 4255 sed
2269 4200 2454 4266 homo,
2479 4201 2566 4270 qui
2598 4203 2816 4254 nomine
2842 4200 3020 4254 carnis
3047 4196 3412 4266 signiﬁcatur;

1831 4271 2027 4326 dicitur
2071 4272 2211 4326 enim
2269 4272 2496 4326 Verbum
2544 4273 2902 4335 incarnatum,
2950 4286 3057 4325 non
3099 4271 3219 4340 quia
3262 4271 3412 4323 carni

1831 4340 2116 4407 inclusum,
2140 4357 2228 4396 aut
2261 4343 2410 4396 carui
2441 4343 2772 4412 copulatmn,
2798 4343 3071 4412 quomodo
3119 4341 3259 4410 apud
3306 4345 3416 4412 Au-

163 4427 260 4468 cum
294 4411 367 4470 it'a—
413 4416 782 4476 convertitur,
825 4424 884 4466 ut
926 4415 1127 4466 ferrum
1159 4413 1297 4482 ignis
1340 4427 1444 4466 non
1489 4412 1723 4476 dicatur,
1756 4415 2102 4481 Dgustinum
2148 4413 2346 4466 dicitur
2395 4411 2692 4467 incarnatio
2738 4411 3060 4473 animarum,
3108 4416 3273 4475 epist.
3320 4411 3414 4474 28,

164 4487 234 4536 sed
264 4489 457 4541 ferrum
497 4487 746 4555 ignitum,
779 4483 902 4552 quia
948 4492 1192 4538 naturam
1239 4493 1294 4539 et
1339 4482 1724 4555 proprietatem

165 4559 447 4623 utriusque,
504 4554 633 4609 ferri
679 4555 933 4607 videlicet
975 4564 1028 4608 et
1075 4555 1237 4624 ignis,
1283 4560 1587 4624 conservet.
1616 4554 1727 4624 _Sic

167 4625 290 4692 (nam
327 4617 444 4680 hac.
467 4625 823 4680 similitudine
858 4617 1231 4678 utuntur'SS.
1253 4622 1460 4692 Patres)
1504 4617 1728 4672 Verbum

165 4709 266 4767 caro
291 4699 482 4762 factum
509 4708 600 4760 est,
624 4697 764 4767 quod
784 4710 1001 4749 carnem
1033 4710 1131 4750 seu
1161 4703 1404 4748 naturam
1440 4691 1728 4767 humanam

163 4763 206 4817 in
234 4781 292 4820 se
320 4763 788 4835 susceperit,—non
833 4767 974 4833 quod
1019 4767 1072 4818 in
1115 4780 1233 4819 eam
1276 4776 1595 4817 conversum
1637 4763 1728 4835 sit,

164 4846 241 4890 ant
268 4840 318 4892 in
347 4834 768 4905 ejus’pereuntis
798 4837 973 4890 locum
1004 4837 1349 4891 successerit.
1387 4835 1552 4890 Sicuti
1582 4834 1726 4888 enim

166 4914 346 4971 primus
396 4910 564 4962 homo
607 4908 805 4963 dicitur
853 4907 1028 4961 factus
1077 4907 1130 4960 in
1178 4907 1410 4960 animam
1457 4906 1727 4959 viventem

168 4975 296 5049 (Cen.
329 4980 389 5049 ι).
419 4995 518 5035 seu
548 4981 724 5032 anima
757 4979 970 5038 vivens.
1005 4977 1145 5045 quod
1184 4978 1414 5049 animam
1457 4976 1726 5049 viventem

167 5047 250 5118 sibi
273 5046 530 5104 divinitus
555 5049 866 5118 inspiratam
891 5049 1018 5104 etin
1045 5063 1204 5100 unam
1236 5046 1569 5118 hypOstasim
1587 5060 1728 5118 eon-

169 5116 330 5174 llatam
355 5115 654 5190 acceperit,
675 5125 756 5175 sic
779 5120 1013 5174 Verbum
1038 5119 1236 5174 factum
1261 5115 1517 5190 estcaro.
1549 5115 1607 5190 id
1623 5127 1727 5190 est,

170 5191 434 5260 assumpsit
461 5186 680 5246 carnem
707 5192 755 5244 in
781 5192 1038 5245 unitatem
1060 5203 1310 5260 personae
1332 5186 1552 5260 divinae.
1575 5186 1728 5254 Quod

172 5257 354 5316 duobus
390 5263 677 5318 versiculis
719 5263 971 5327 exposuit
1009 5257 1078 5315 Sf
1116 5257 1444 5316 Athanasius
1485 5259 1537 5312 in
1585 5274 1730 5328 sym-

172 5330 312 5388 bolo:
346 5333 494 5388 Unus
525 5345 696 5386 autem
731 5349 830 5385 non
861 5333 1186 5386 conversione
1213 5329 1496 5384 divinitatis
1527 5330 1581 5382 in
1609 5345 1729 5382 car-

173 5415 288 5472 nem,
308 5405 396 5458 sed
421 5405 774 5472 assumptione
802 5404 1134 5457 humanitatis
1154 5405 1206 5456 in
1237 5401 1421 5464 Deum,
1455 5415 1589 5455 unus
1616 5416 1726 5454 om-

175 5471 280 5526 nino
323 5492 424 5529 non
458 5471 761 5544 confusione
794 5475 1114 5544 substantias,
1141 5473 1230 5527 sed
1257 5473 1453 5544 unitate
1480 5486 1728 5544 personas.

232 5544 254 5578 ‘
291 5544 379 5600 Sic
408 5545 502 5600 lib.
534 5541 570 5602 ti
602 5562 723 5616 cap.
753 5545 787 5599 5
814 5563 826 5598 :
865 5543 1035 5598 Homo
1061 5545 1236 5616 unitas
1264 5542 1395 5616 Deo».
1415 5541 1732 5616 Cujusnmodi

176 5611 448 5686 locutione,
469 5617 594 5674 licet
624 5610 938 5686 improprie,
971 5615 1318 5686 subinderusi
1349 5610 1731 5686 _l_’att‘es_(Aug-

178 5681 251 5740 lib.
275 5687 334 5760 de
349 5691 521 5760 Agaue
542 5681 739 5743 Chrisi.
762 5681 817 5741 εξ
834 5681 932 5752 ll,
951 5697 997 5739 et
1021 5703 1176 5741 serm.
1202 5685 1236 5740 8
1258 5685 1321 5738 de
1348 5683 1498 5738 Verb.
1527 5681 1730 5760 Datin),

178 5756 501 5832 Ituime'qui
524 5760 764 5819 Nestorii
786 5771 1027 5831 tempora
1053 5765 1476 5830 praecesserunt;
1510 5770 1610 5826 per
1637 5756 1735 5812 ho-

1834 4487 2108 4552 mnltoqne
2132 4485 2309 4537 minus
2339 4485 2676 4537 incarnatum
2703 4485 2828 4552 quia
2851 4485 2904 4536 in
2927 4497 3146 4552 carne_m
3171 4494 3412 4552 versum,

1832 4554 1923 4622 sed
1949 4547 2074 4622 quia
2118 4552 2333 4605 Verbum
2363 4570 2484 4604 caro
2517 4547 2830 4620 factum'est,
2868 4552 2918 4601 id
2945 4562 3048 4613 est,
3077 4549 3217 4600 Deus
3246 4547 3417 4622 lactus

1833 4620 2016 4680 homo,
2047 4630 2259 4675 servata
2295 4623 2573 4684 utriusque
2621 4622 2946 4685 proprii-late
2977 4627 3206 4671 naturas.
3240 4620 3320 4678 Qu
3343 4632 3418 4670 -re

1833 4693 1954 4758 plus
2005 4690 2381 4756 complectitur
2432 4689 2748 4741 vocabulum
2804 4686 3193 4740 [incarnationis
3249 4699 3411 4753 quant

1833 4760 2154 4815 vocabulum
2207 4758 2420 4812 uniouis
2465 4769 2516 4812 et
2557 4758 2979 4822 commixtionis,
3015 4759 3210 4826 quibus
3253 4758 3416 4812 etiam

1835 4831 2056 4884 vocibus
2086 4828 2186 4882 hac
2215 4832 2268 4883 in
2304 4845 2364 4884 re
2391 4837 2603 4885 veteres
2635 4830 2720 4883 usi
2750 4831 3113 4898 reperiuntur.
3140 4826 3271 4882 Nam
3300 4828 3418 4882 ani-

1833 4917 1973 4957 mam
2009 4903 2212 4956 unitum
2246 4903 2394 4958 carni
2424 4910 2568 4958 recte
2598 4900 2916 4965 dixerimus,
2951 4913 3058 4952 non
3107 4909 3284 4954 autem
3338 4900 3417 4954 in-

1831 4986 2127 5034 eat-natam,
2173 4974 2274 5029 hoc
2309 4989 2495 5037 sensu,
2542 4973 2591 5027 id
2631 4983 2737 5036 est,
2777 4985 2994 5026 carnem
3047 4971 3272 5036 faetam;
3311 4988 3413 5025 non

1831 5046 1973 5098 enim
2003 5045 2181 5098 anima
2223 5060 2350 5100 caro
2379 5055 2470 5099 aut
2500 5045 2666 5098 homo
2711 5042 2850 5096 facta
2876 5053 2978 5109 est,
3013 5044 3106 5098 sed
3137 5058 3204 5097 ex
3234 5042 3414 5096 anima

1832 5123 1888 5169 et
1929 5131 2093 5169 carne
2131 5116 2364 5182 efﬁcitur
2405 5117 2585 5168 homo.
2628 5112 2798 5167 Porro
2837 5115 3154 5170 vocabulum
3201 5112 3418 5182 unionis

1831 5185 2091 5240 Erasmus
2122 5178 2352 5256 quodam
2401 5187 2520 5238 loco
2569 5193 2838 5252 tamquam
2887 5187 3147 5239 uovntium
3176 5191 3230 5234 et
3261 5177 3417 5232 scho-

1831 5257 2081 5311 lasticam
2105 5255 2369 5325 repudiat,
2401 5270 2506 5308 non
2532 5258 2817 5312 attendens
2840 5255 3202 5326 gravissimos
3225 5259 3415 5326 aucto-

1832 5341 1922 5381 res
1937 5328 2037 5382 hoe
2060 5320 2366 5395 frequenter
2381 5340 2684 5393 usurpasse.
2707 5327 2815 5383 Leo
2837 5320 3002 5380 serm.
3023 5325 3047 5375 1
3065 5321 3140 5395 de
3160 5320 3378 5395 Nativit.
3401 5341 3414 5377 :

1835 5398 2063 5462 Natura,
2095 5393 2290 5465 inquit,
2324 5398 2628 5452 inviolabilis
2658 5410 2858 5451 natura
2888 5402 2961 5447 est
2988 5393 3128 5447 unita
3159 5394 3413 5465 possibili.

1832 5468 2136 5524 Concilium
2170 5464 2608 5522 Chalcedonense
2648 5468 2777 5520 dicit
2821 5474 3132 5519 naturarum
3162 5464 3414 5519 unionem

1834 5539 1888 5595 in
1911 5537 2127 5593 Christo
2149 5553 2272 5592 esse
2293 5538 2511 5592 factam.
2553 5537 2622 5591 Et
2650 5536 2741 5590 alii
2782 5535 2967 5590 Patres
3009 5535 3207 5605 passim
3241 5537 3308 5589 ita
3339 5537 3415 5589 lo-

1835 5620 2091 5679 quuntur.
2122 5609 2451 5664 Vocabulum
2479 5609 2605 5664 item
2636 5607 3037 5663 commixtionis
3074 5607 3285 5661 tametsi
3315 5607 3415 5662 du-

1836 5681 2132 5736 riusculum
2161 5681 2324 5736 videri
2359 5690 2555 5747 potest,
2601 5691 2778 5735 tamen
2821 5695 2850 5734 a
2899 5680 3145 5735 Patrihus
3186 5679 3416 5734 subinde

1833 5763 2144 5820 usurpatur.
2167 5752 2530 5813 Tertullianus
2548 5753 2604 5814 in
2624 5753 2914 5822 Apotoget.
2937 5749 3202 5818 Nascitur,
3224 5750 3413 5816 inquit,
