3976 6180
533 228 603 288 τι
1859 224 2141 283 JOANNIS
2178 225 2494 284 CASSIANI
3727 230 3799 293 ﬂ

535 345 757 414 dicitur,
786 351 841 400 et
868 342 1165 409 immixtus,
1196 341 1478 397 diminutio
1518 338 1633 411 ejus
1680 348 1763 395 est
1809 338 2117 410 accipienda
2144 343 2192 403 Α
2223 340 2363 394 Dens
2391 340 2551 395 homo
2572 342 2732 397 Jesus
2760 340 3011 398 Christus
3036 341 3207 399 Filius
3252 343 3371 402 Dei.
3411 343 3491 400 Ac
3529 344 3684 400 sicin
3717 341 3799 403 al-v'

537 438 893 501 suhstantite;
926 437 1079 491 novit
1122 434 1264 488 enim
1315 433 1454 488 Deus
1498 433 1617 487 sine
1646 433 1728 486 sui
1776 434 2125 502 corruptione

538 534 785 598 misceri,
818 539 874 587 et
914 542 1089 587 tamen
1122 530 1174 584 in
1209 530 1434 584 veritate
1475 527 1720 592 misceri;
1771 528 1921 580 novit
1962 529 2013 579 in
2065 540 2127 582 se

537 625 609 680 ita
657 625 931 695 suscipere
979 631 1037 676 ut
1085 622 1221 676 nihil
1266 622 1317 676 ei
1369 629 1580 675 crescat
1628 618 1940 687 augmenti,
1989 616 2128 672 sicut

534 718 775 787 seipsnm
808 725 975 771 totum
1021 714 1173 769 novit
1203 712 1506 783 infundere,
1539 721 1597 766 ut
1627 712 1761 766 nihil
1795 711 2003 766 accidat
2032 712 2126 766 de-

538 809 798 863 trimenti.
845 808 965 863 Non
1003 823 1133 879 ergo
1176 807 1243 861 ad
1291 807 1705 876 intelligentiam
1738 806 2125 861 imbecillitatis

537 912 737 957 nostra:
783 901 1076 957 secundum
1126 902 1619 969 experimentorum
1671 900 1904 955 visibilia
1953 899 2121 954 docu-

536 1004 716 1049 menta
743 992 1000 1048 facientes
1022 992 1383 1064 conjecturam
1408 993 1474 1046 de
1492 991 1789 1061 :equalibus
1808 1006 1867 1045 se
1893 990 2121 1045 invicem

538 1086 971 1158 ingredientibus
1010 1085 1299 1154 creaturis,
1348 1094 1595 1156 putemus
1625 1083 1795 1138 Deum
1826 1083 2125 1137 hominem-

537 1196 643 1251 que
675 1180 1051 1250 commixtum,
1081 1187 1136 1232 et
1178 1178 1271 1231 tali
1313 1175 1633 1231 confusione
1664 1177 1846 1231 carnis
1878 1184 1933 1229 et
1962 1174 2124 1231 Verbi

537 1274 688 1345 quasi
716 1273 935 1343 aliquod
965 1285 1161 1340 corpus
1188 1270 1461 1325 enectum.
1497 1278 1523 1305 ι
1550 1269 1705 1323 Absit
1751 1267 1824 1322 ita
1877 1268 2122 1335 credere,

537 1376 596 1421 ut
639 1360 897 1421 conflatili
947 1362 1349 1434 quodammodo
1379 1378 1576 1433 genere
1625 1362 1758 1415 duas
1804 1371 2021 1415 naturas
2068 1360 2123 1415 in

539 1473 699 1512 unam
750 1457 998 1511 redactas
1046 1456 1372 1511 arbitremur
1411 1470 1532 1510 esse
1578 1454 1969 1520 substantiam;
2018 1452 2121 1507 hu-

534 1549 773 1618 jusmodi
801 1548 943 1603 enim
975 1547 1287 1602 commixtio
1318 1546 1487 1617 partis
1528 1547 1805 1615 utriusque
1845 1544 2121 1612 corruptio

540 1649 642 1695 est.
678 1640 816 1694 Deus
844 1640 1011 1703 enim,
1042 1640 1132 1710 qui
1171 1654 1339 1709 capax
1385 1654 1488 1693 non
1521 1638 1778 1708 capabilis
1822 1648 1925 1703 est,
1958 1651 2123 1708 pene-

2227 439 2491 487 terutrutn
2526 448 2686 486 unum
2722 433 2781 488 lit
2810 433 3042 488 Verbum
3081 442 3137 488 et
3171 448 3338 489 caro:
3371 445 3428 488 ut
3472 444 3719 490 manente
3746 436 3797 492 in

2226 540 2321 580 sua
2354 525 2684 595 perfectione
2724 526 3039 580 naturaliter
3064 538 3296 594 utraque
3338 527 3657 596 substantia,
3688 530 3796 586 sine

2225 621 2308 674 sui
2339 619 2675 690 prarjudicio,
2718 631 2773 674 et
2813 620 3128 673 humanitati
3174 618 3354 673 divina
3384 623 3794 689 communicent,

2225 722 2281 766 et
2328 712 2596 766 divinitati
2643 711 2879 766 humana
2921 710 3261 781 participant.
3309 710 3417 766 Nec
3454 714 3590 765 alter
3642 712 3802 780 Deus,

2224 804 2361 860 alter
2400 804 2586 870 homo,
2616 805 2711 859 sed
2759 804 2901 858 idem
2952 806 3065 873 ipse
3113 802 3255 857 Deus
3295 803 3387 873 qui
3431 813 3484 857 et
3530 803 3723 867 homo;
3759 814 3807 858 et

2226 900 2461 955 vicissim
2489 901 2673 964 homo,
2703 900 2795 969 qui
2824 908 2881 954 et
2912 898 3059 953 Deus
3084 896 3238 952 .lesus
3265 896 3512 951 Chrisms
3542 912 3679 950 unus
3710 895 3802 950 Dei

2227 992 2396 1049 Filius
2426 1001 2764 1063 nuncupetur
2801 1000 2856 1047 et
2902 1006 3033 1046 vere
3073 991 3183 1044 sit:
3215 1001 3270 1045 et
3293 989 3417 1045 ideo
3460 990 3512 1043 id
3541 990 3801 1059 agendum

2226 1085 2380 1140 nobis
2421 1100 2637 1155 semper
2680 1095 2761 1140 est
2808 1094 2867 1140 et
2912 1082 3267 1150 credendum,
3296 1092 3358 1137 ut
3387 1083 3672 1137 Dominum
3713 1097 3807 1136 no-

2225 1186 2397 1231 strum
2428 1176 2609 1231 Jesum
2647 1176 2925 1231 Christum
2973 1173 3169 1230 Filium
3218 1173 3334 1241 Dei,
3382 1173 3555 1228 Deum
3599 1189 3800 1242 verum,

2224 1284 2384 1338 quem
2416 1284 2538 1323 eum
2571 1269 2727 1323 Patre
2755 1282 2969 1336 semper
2994 1276 3049 1322 et
3090 1268 3352 1336 tequalem
3385 1266 3533 1321 Patri
3564 1276 3685 1321 ante
3709 1282 3805 1321 sas-

2225 1362 2344 1416 cnla
2374 1362 2717 1426 conlitemur,
2741 1361 2990 1415 eumdem
3012 1376 3041 1414 a
3070 1370 3312 1431 tempore
3343 1370 3609 1429 suscepta:
3634 1359 3806 1414 carnis

2226 1452 2422 1507 factum
2476 1452 2649 1508 Deum
2696 1452 2972 1509 hominem
3020 1469 3125 1507 non
3172 1468 3460 1523 negemus;
3494 1468 3617 1518 nec,
3660 1452 3808 1522 quasi

2228 1562 2321 1615 per
2356 1545 2554 1615 gradus
2582 1556 2637 1600 et
2668 1556 2914 1615 tempora
2946 1547 3315 1617 proficientem
3364 1547 3417 1601 in
3451 1547 3641 1615 Deum,
3672 1547 3809 1602 alte-

2225 1635 2339 1691 rius
2385 1644 2555 1691 status
2606 1634 2775 1690 fuisse
2820 1645 2949 1691 ante
2993 1638 3449 1692 resurrectionem
3501 1637 3809 1703 credamus,

539 1740 687 1784 trans
716 1747 822 1786 non
858 1731 1227 1801 penetrabilis,
1263 1730 1489 1799 implens
1526 1746 1632 1784 ntn
1676 1729 1989 1799 iinplebilis,
2029 1728 2120 1794 qui
2148 1749 2195 1809 Β
2224 1732 2449 1787 alterius
2498 1741 2621 1801 post
2668 1732 3150 1797 resurrecdonem,
3179 1732 3277 1786 sed
3315 1730 3557 1801 ejusdem
3598 1745 3813 1799 semper

538 1824 735 1893 ubique
775 1824 933 1879 simul
965 1833 1108 1879 totus
1138 1833 1241 1889 est,
1274 1833 1329 1880 et
1376 1824 1574 1892 ubique
1617 1822 1843 1876 ditInsus
1887 1832 1989 1887 est,
2026 1836 2119 1889 per

538 1915 859 1971 inlusionem
887 1918 1144 1987 potentia:
1186 1933 1297 1973 sure
1337 1916 1760 1971 misericorditer
1792 1925 1995 1969 natura:
2036 1922 2122 1968 est

539 2012 738 2064 mixtus
762 2010 1031 2066 humanm.
1060 2012 1127 2066 Et
1156 2022 1276 2081 post
1307 2025 1470 2081 pauca
1496 2028 1513 2067 :
1537 2010 1784 2064 Nascitur
1811 2024 1940 2077 ergo
1964 2008 2122 2062 nobis

540 2105 753 2174 proprie
781 2105 848 2161 de
876 2106 1079 2175 Spiritu
1122 2114 1314 2161 sancto
1366 2114 1417 2159 et
1459 2104 1627 2158 Maria
1672 2117 1888 2172 semper
1918 2102 2124 2172 virgine

2228 1826 2579 1896 plenitudinis
2608 1837 2767 1897 atque
2797 1826 3035 1881 virtutis.
3070 1826 3137 1880 Et
3168 1828 3293 1881 item
3324 1827 3484 1895 paulo
3508 1836 3637 1895 post
3666 1846 3680 1881 :
3707 1825 3814 1883 Sed

2227 1919 2352 1986 quia
2397 1918 2632 1974 Verbum
2675 1918 2817 1973 Deus
2850 1920 2900 1973 in
2934 1919 3207 1973 hominem
3236 1919 3520 1988 dignanter
3541 1919 3815 1974 hominem

2229 2011 2573 2077 suscipiendo
2596 2010 2900 2075 descendit,
2924 2019 2977 2066 et
3001 2025 3098 2079 per
3118 2012 3518 2079 susceptionem
3538 2011 3631 2065 Dei
3659 2014 3818 2065 homo

2230 2100 2479 2157 ascendit
2507 2102 2562 2156 in
2586 2102 2843 2168 Verbum,
2873 2100 2901 2141 ιδ
2930 2111 3080 2158 totus
3107 2101 3247 2159 Deus
3278 2102 3515 2158 Verbum
3536 2101 3711 2158 lactus
3732 2106 3818 2157 est

1605 2260 1858 2316 ALARDl
1898 2259 2129 2316 GAZZEI
2168 2256 2710 2316 COMMENTARIUS

540 2398 695 2450 homo
721 2396 830 2450 Deo
856 2399 1066 2451 ntixtus.
1096 2398 1397 2469 Cyprianus
1432 2397 1523 2450 lib.
1558 2394 1903 2469 de‘Van-itate
1944 2392 2120 2445 idolo-

543 2484 701 2521 rum:
743 2469 878 2522 Deus
921 2486 1035 2521 cum
1074 2466 1278 2521 homine
1327 2469 1583 2519 miscetur.
1641 2466 1864 2533 Vigilius
1915 2472 2120 2533 martyr

542 2538 633 2591 lib.
668 2548 899 2592 tcontra
941 2540 1217 2607 Eutychen
1253 2555 1267 2594 :
1302 2538 1472 2591 Filius
1519 2538 1612 2589 Dei
1660 2537 1921 2589 ostendere
1952 2534 2119 2607 uoluit

545 2610 706 2662 nostri
745 2612 943 2681 generis
982 2606 1239 2675 naturam,
1271 2625 1359 2681 per
1390 2608 1765 2681 commixtionis
1796 2606 2120 2681 individuam

544 2674 813 2733 unitatem.
838 2683 1164 2749 Augustinus
1188 2674 1317 2734 vero
1341 2680 1566 2749 epistola
1599 2679 1775 2749 tertia,
1804 2692 1922 2745 qum
1949 2674 2121 2749 estad

546 2746 945 2817 Volusiannm,
983 2752 1113 2805 dicit
1171 2753 1336 2805 Deum
1377 2746 1591 2803 homini
1644 2748 1961 2800 admixtum.
2014 2746 2123 2800 Leo

2220 2408 2335 2463 qua:
2377 2393 2475 2444 sibi
2519 2394 2731 2445 invicem
2776 2401 2899 2446 sunt
2934 2394 3333 2459 multiformium
3376 2393 3820 2464 blasphemiarum

2222 2468 2523 2532 cognatione
2546 2479 2812 2529 connexa},
2845 2464 2909 2517 de
2942 2466 3005 2517 iis
3039 2467 3360 2533 potissimum
3381 2467 3637 2521 erroribus
3660 2468 3823 2522 decli-

2223 2536 2409 2587 nandis
2439 2536 3023 2609 obseruantiam‘pestrm
3062 2539 3343 2589 devotionis
3381 2538 3658 2595 admoneo.
3694 2555 3824 2609 quo-

2222 2620 2337 2677 rum
2379 2622 2510 2657 unus
2559 2605 2754 2657 dudum
2805 2604 3048 2658 Nestorio
3103 2620 3313 2660 auctore
3362 2616 3674 2677 consurgere
3707 2604 3825 2663 ἠοη

2224 2676 2434 2749 impune
2487 2677 2729 2749 tentavit,
2775 2677 2912 2730 alius
2960 2693 3125 2741 nuper
3173 2680 3288 2749 pari
3327 2676 3678 2749 egosecratione
3724 2680 3825 2732 da-

2225 2746 2483 2817 mnandus
2508 2745 2738 2815 Eutyche
2764 2759 3019 2799 assertore
3046 2745 3306 2817 prorupit.
3339 2747 3477 2800 Nunt
3501 2751 3590 2803 ille
3620 2751 3828 2803 beatam

543 2834 707 2873 sertn.
733 2823 766 2875 3
795 2822 862 2875 de
891 2822 1097 2875 Nativ.:
1132 2821 1251 2875 Non
1275 2823 1367 2886 sic,
1398 2822 1586 2888 inquit,
1619 2829 1851 2872 creatura
1881 2818 1933 2868 in
1958 2817 2121 2868 socie-

544 2901 695 2943 tatem
732 2894 814 2946 sui
850 2890 1109 2947 Creatoris
1148 2902 1410 2961 assumpta
1440 2901 1534 2951 est,
1569 2902 1622 2943 ut
1664 2890 1751 2941 ille
1790 2888 2123 2961 inhabitator,

543 2972 590 3015 et
630 2963 727 3015 illa
772 2962 1122 3017 habitaculum
1164 2972 1290 3017 esset
1304 2957 1334 3029 ;⁷
1374 2964 1463 3017 sed
1508 2963 1580 3015 ita
1630 2970 1683 3014 ut
1734 2970 1921 3011 natura
1962 2957 2128 3029 altera

548 3031 698 3083 alteri
737 3035 1051 3088 misceretur.
1088 3028 1325 3104 Denique
1362 3034 1671 3095 Cassianus,
1704 3033 1786 3083 vel
1822 3030 1997 3097 potius
2025 3028 2130 3104 _Le-

553 3104 768 3170 porius,
823 3104 923 3157 hoc
976 3106 1094 3159 loco
1139 3099 1271 3161 dicit
1323 3107 1487 3159 Deum
1544 3104 1879 3156 ineat-natum
1928 3111 1981 3153 et
2024 3099 2128 3152 int-

553 3172 796 3247 mixtum,
818 3190 935 3247 non
982 3180 1243 3245 negative,
1276 3180 1424 3247 quasi
1453 3191 1557 3229 non
1587 3178 1832 3247 mixtum,
1858 3173 1950 3225 sed
1985 3172 2129 3239 po~i-

552 3243 659 3297 tive
688 3243 1111 3316 etafﬁi-tnative,
1143 3243 1305 3316 quasi
1331 3250 1467 3301 intra
1502 3247 1723 3298 mixtum
1755 3244 1832 3296 vel
1872 3258 2131 3316 commix-

551 3324 682 3367 tum.
719 3315 873 3369 Unde
894 3318 1073 3371 subdit
1102 3313 1437 3385 po'stmodntn
1466 3335 1479 3371 :
1516 3316 1674 3370 Novit
1704 3316 1836 3366 enim
1865 3313 2001 3365 Deus
2022 3314 2133 3365 sine

551 3387 629 3438 sui
660 3388 987 3451 corruptione
1014 3390 1231 3439 misceri.
1262 3391 1527 3440 Cancrum
1563 3386 1851 3448 prudenter
1879 3385 2132 3435 admonet

552 3454 1007 3522 Augu~lititts,epi
1042 3459 1144 3506 tola
1176 3458 1426 3520 praedicta
1454 3458 1516 3505 ad
1547 3452 2133 3522 Volnsiatitttn.debere

551 3519 952 3579 hic'aadttorem
983 3519 1291 3576 catholicum
1320 3524 1553 3575 recedere
1574 3539 1605 3573 a
1627 3519 1989 3572 consuetudine
2018 3534 2134 3569 cor-

554 3610 766 3664 porum,
812 3611 910 3657 qua
952 3594 1111 3670 solent
1151 3595 1261 3670 duo
1304 3594 1525 3661 liquores
1567 3594 1641 3644 ita
1688 3589 2030 3670 commisceri,
2071 3597 2134 3670 ut

554 3676 728 3719 neuter
768 3673 931 3718 servet
976 3666 1315 3733 integritatem
1355 3682 1524 3729 suam,
1560 3676 1904 3733 quamquam,
1936 3663 2130 3726 inquit,

555 3747 601 3789 et
641 3739 691 3789 in
733 3736 855 3806 ipsis
890 3732 1188 3805 corporibus
1226 3738 1335 3789 aeri
1372 3739 1463 3789 luo:
1496 3732 1799 3802 incorrupta
1839 3732 2128 3806 misceatur.

553 3807 737 3875 Itaque
753 3804 906 3873 Vjttxla
938 3804 1076 3861 hanc
1102 3807 1377 3877 Augustini
1409 3807 1850 3866 admonitionem,
1879 3818 1999 3855 cum
2033 3804 2135 3877 hoc

554 3872 953 3931 cortittiiuliotiis
994 3872 1214 3933 verbum
1256 3881 1492 3939 auditur,
1525 3878 1607 3932 vel
1660 3878 1871 3945 legitur,
1919 3890 2023 3945 non
2063 3872 2130 3925 ad

557 3949 821 4016 liquorntn
859 3949 1170 4004 mixtionem
1208 3951 1600 4017 respiciendum
1640 3944 1744 4009 est,
1778 3945 1870 4017 sed
1904 3944 1969 3995 ad
2012 3958 2130 3995 eam

555 4015 723 4086 magis
749 4035 848 4085 qua
880 4020 966 4073 lttx
1002 4030 1167 4073 totum
1200 4015 1377 4071 aerem
1411 4029 1724 4086 penetrans,
1758 4015 1805 4066 ei
1840 4020 2133 4086 p_t‘l‘tlllsce-

558 4084 666 4143 tur;
699 4084 849 4143 Unde
880 4092 1131 4155 Cyrillus,
1167 4091 1216 4141 in
1251 4090 1387 4141 libro
1414 4084 1503 4155 qui
1535 4087 1733 4141 dicitur
1764 4084 1937 4142 Golia,
1974 4091 2134 4151 negat

555 4168 800 4214 naturam
858 4161 1091 4210 divinam
1149 4159 1200 4210 itl
1261 4159 1589 4210 humanitate
1647 4168 1953 4221 perpessam
2011 4168 2133 4207 esse

556 4232 1013 4283 commistionein.
1050 4230 1113 4280 Et
1141 4230 1189 4279 in
1216 4229 1389 4279 officio
1413 4227 1785 4280 ecclesiastico
1826 4224 2035 4276 canitur
2063 4224 2132 4279 de

556 4297 771 4353 Christo
814 4315 825 4349 :
877 4298 1001 4350 Non
1035 4300 1451 4351 commixtionem
1487 4313 1688 4367 passus,
1730 4311 1891 4362 neque
1925 4295 2134 4367 divisio-

558 4370 688 4422 nem.
725 4370 981 4434 Superest
1018 4380 1263 4433 quat-tum
1308 4372 1387 4420 his
1422 4366 1615 4433 aliine,
1658 4381 1756 4421 nec
1794 4366 1969 4418 minus
2016 4366 2130 4418 tisi-

559 4448 724 4493 lalutn
749 4484 763 4505 ,
796 4440 1182 4507 assutnptionis
1212 4440 1529 4493 VoCahnlntn
1554 4479 1567 4498 ,
1617 4454 1721 4504 quo
1775 4436 2134 4489 communiter

556 4519 772 4565 utentes
804 4510 989 4581 l'atres
1016 4511 1103 4581 (S.
1131 4510 1232 4562 Leo
1258 4511 1407 4577 epist.
1436 4511 1504 4564 97
1530 4525 1647 4579 cap.
1675 4507 1785 4575 ll),
1813 4517 1869 4560 et
1898 4507 2129 4572 theologi

2157 3209 2204 3272 C

2230 2815 2455 2891 Mariam
2482 2817 2733 2891 virginem
2765 2818 2982 2891 hominis
3010 2815 3366 2871 tantummodo
3401 2836 3555 2871 ausus
3585 2830 3663 2873 est
3694 2836 3830 2891 prte-

2229 2887 2402 2957 dicare
2432 2887 2747 2956 genitricem,
2778 2898 2833 2939 ut
2862 2888 2912 2939 in
2942 2900 3187 2957 conceptu
3228 2891 3344 2957 eius
3388 2898 3435 2941 et
3469 2903 3625 2956 partu
3681 2887 3831 2945 nulla

2242 2956 2389 3010 Verbi
2420 2967 2464 3009 et
2493 2958 2663 3008 carnis
2683 2961 2821 3023 facta
2850 2958 3010 3009 unitio
3034 2956 3348 3021 crederetur,
3378 2962 3499 3027 quia
3534 2959 3628 3014 Dei
3654 2958 3831 3014 Filius

2231 3043 2333 3079 non
2360 3027 2681 3147 ipsoJactus
2730 3028 2795 3079 sit
2835 3028 3056 3079 hominis
3088 3027 3247 3095 ﬁlius,
3281 3030 3373 3081 sed
3416 3042 3584 3081 creata
3628 3031 3834 3086 homini

2231 3099 2341 3147 sola
2387 3113 2441 3147 se
2523 3098 2788 3147 ianatione
2830 3099 3121 3147 sociaverit.
3158 3097 3309 3147 Ωιιοά
3350 3100 3621 3147 catholicae
3668 3118 3834 3147 aui-ps

2231 3099 2341 3150 sola
2387 3113 2441 3149 se
2484 3097 2788 3166 dignatione
2830 3099 3121 3151 sociaverit.
3158 3097 3309 3163 Quod
3350 3100 3621 3152 catholicae
3668 3118 3834 3156 aures

2234 3184 2554 3237 nequaquam
2584 3168 2805 3221 tolerare
2824 3178 3118 3239 potuerunt,
3142 3184 3255 3235 qua!
3280 3170 3355 3220 sic
3378 3167 3668 3237 Evangelia
3698 3174 3837 3224 veri-

2237 3242 2356 3291 tatis
2393 3239 2601 3291 imbuta!
2632 3250 2773 3302 sunt,
2807 3249 2859 3291 ut
2894 3239 3182 3295 ﬁrmissime
3216 3241 3443 3292 noverint
3482 3242 3681 3291 uutfant
3723 3258 3835 3296 esse

2238 3310 2467 3363 humano
2494 3310 2669 3379 generi
2699 3325 2839 3375 spem
2866 3308 3070 3368 salutis,
3108 3311 3209 3380 nisi
3232 3309 3342 3376 ipse
3369 3320 3499 3362 esset
3524 3310 3671 3380 filius
3710 3312 3835 3365 Vir-

2236 3382 2394 3449 ginis,
2434 3376 2521 3446 qu'i
2563 3389 2760 3432 creator
2802 3391 2871 3432 est
2913 3382 3110 3431 matris.
3160 3376 3261 3431 Hic
3306 3391 3474 3433 autem
3525 3376 3835 3437 recentiori:

2234 3450 2496 3516 sacrilegii
2520 3452 2767 3513 profanus
2782 3460 3006 3501 assertor
3028 3450 3307 3501 unitioncm
3321 3453 3525 3517 quidem
3543 3453 3593 3502 in
3620 3452 3835 3505 Christo

2236 3517 2464 3591 duarum
2488 3523 2751 3584 confessus
2783 3530 2853 3571 est
2884 3531 3209 3591 naturarum,
3240 3521 3329 3572 sed
3363 3522 3475 3591 ipsa
3506 3523 3747 3573 unitione
3779 3523 3835 3576 id

2237 3586 2361 3638 dicit
2388 3586 2641 3651 e/I'ectum,
2675 3597 2733 3640 ut
2752 3604 2815 3641 ea:
2844 3590 3041 3642 duabus
3069 3606 3172 3642 una
3196 3586 3494 3653 remaneret,
3527 3591 3837 3648 nullatenus

2238 3658 2450 3711 alterius
2481 3661 2726 3711 existente
2756 3658 3061 3725 substantia,
3095 3660 3229 3729 quod
3260 3664 3433 3730 utique
3464 3663 3573 3722 ﬁeri
3606 3662 3708 3713 nisi
3741 3674 3839 3718 aut

2238 3732 2629 3794 consumptione
2652 3739 2741 3781 aut
2766 3732 3089 3792 separatione
3115 3748 3215 3783 non
3246 3743 3431 3798 posset.
3460 3732 3582 3785 Ha-c
3608 3734 3667 3786 S.
3693 3732 3836 3799 Leo,

2238 3800 2371 3853 duas
2403 3799 2636 3851 hmreses
2674 3800 2987 3853 describens
3036 3802 3193 3854 simul
3241 3811 3295 3853 et
3336 3806 3637 3855 eonttttans.
3696 3804 3840 3860 Vide

2238 3870 2489 3939 eumdem
2521 3871 2747 3935 epistola
2779 3870 2869 3929 97.
2902 3880 2955 3924 et
2977 3874 3254 3938 epistolam
3288 3872 3526 3925 l‘laviani
3556 3875 3620 3924 ad
3646 3874 3838 3939 ipsum

2238 3938 2497 3998 Leonem.
2525 3950 2577 3991 et
2606 3940 3002 3993 Theodoretutn
3037 3942 3131 3993 lib.
3165 3958 3219 3994 tv
3251 3944 3316 3996 de
3341 3942 3470 3998 Fab.
3506 3938 3709 3996 “mret.

2308 4009 2473 4084 bqlloc
2496 4012 2725 4084 explicat
2748 4012 3109 4084 Datnasfenns
3132 4014 3182 4084 in
3208 4013 3346 4067 hunc
3366 4014 3578 4066 modum
3602 4013 3746 4084 (Lib.
3776 4030 3842 4071 ιιι

2241 4079 2461 4134 Ortltod.
2494 4079 2642 4135 Fidei
2672 4099 2781 4152 cap.
2807 4084 2860 4145 7)
2888 4102 2899 4135 :
2923 4082 3083 4153 Totus
3113 4081 3405 4153 (Christus)
3437 4096 3509 4137 est
3546 4079 3681 4137 Deus
3717 4102 3842 4151 per-

2238 4154 2434 4219 fectus;
2485 4153 2576 4202 sed
2612 4151 2918 4205 non’totunt
2950 4151 3235 4219 Deus,‘svd
3262 4165 3310 4207 et
3350 4154 3522 4208 homo.
3575 4155 3639 4207 Et
3693 4166 3842 4212 totus

2236 4222 2389 4273 homo
2421 4227 2699 4290 perfectus,
2731 4239 2829 4275 non
2861 4233 3025 4277 totum
3072 4234 3241 4276 autem
3284 4224 3474 4291 homo;
3515 4244 3615 4279 non
3656 4232 3841 4281 solum

2236 4297 2369 4365 enim
2400 4292 2571 4355 homo,
2599 4293 2686 4344 sed
2708 4306 2749 4345 et
2780 4294 2937 4349 Dens.
2965 4294 3105 4347 Nam
3132 4306 3313 4360 totum,
3340 4307 3415 4349 est
3440 4308 3638 4349 natura!
3668 4300 3842 4365 signi—

2236 4363 2531 4430 ﬁcutt’vum;
2578 4373 2713 4415 totus
2757 4376 2945 4431 autem,
2981 4366 3351 4435 Ityposlascos;
3392 4363 3844 4433 quemadmodum

2237 4435 2382 4486 aliud
2415 4444 2614 4508 natura:
2642 4442 2739 4499 est,
2772 4436 2908 4488 alius
2939 4446 3119 4508 autent
3144 4439 3492 4508 [typostascos.
3536 4435 3634 4508 Ubi
3677 4454 3844 4492 com-

2238 4516 2486 4576 mentans
2532 4504 2688 4558 Jnan.
2743 4509 2984 4559 (loislteus
3029 4526 3041 4559 :
3091 4505 3154 4560 In
3179 4504 3563 4576 'supcrsanctw,
3623 4507 3838 4574 inquit,

558 4583 756 4636 docent
786 4583 837 4634 in
864 4573 1078 4635 Christo
1110 4598 1211 4635 non
1244 4573 1486 4634 naturain
1518 4596 1546 4632 a
1579 4573 1789 4641 natura,
1815 4593 1988 4645 neque
2016 4592 2133 4643 per-
2160 4586 2213 4645 D
2238 4573 2513 4628 Trinitatis
2537 4578 2777 4645 mysterio
2803 4578 2983 4630 itidem
3005 4589 3050 4629 et
3076 4573 3456 4631 Incarrtatiouis
3476 4573 3839 4647 enuntianda,

558 4667 743 4708 sonant
775 4668 803 4704 a
838 4666 1083 4719 persona,
1124 4654 1217 4704 sed
1253 4661 1493 4705 naturam
1526 4652 1811 4705 humanam
1843 4663 1871 4701 a
1904 4662 2133 4713 persona

559 4725 735 4778 divina
768 4738 1117 4790 assumptum.
1150 4722 1281 4776 Vide
1323 4724 1637 4791 Magistrum
1664 4720 1910 4775 Sentent.
1950 4720 2042 4772 lib.
2075 4733 2136 4771 ιιι

558 4795 688 4847 dist.
725 4794 779 4856 5,
818 4804 872 4847 et
912 4794 1016 4846 DD.
1070 4794 1287 4845 ibidem.
1336 4794 1429 4846 Est
1471 4806 1646 4845 autem
1680 4793 1783 4843 hoc
1827 4791 2137 4843 assumendi

560 4865 780 4916 verbum
807 4864 927 4917 huic
954 4866 1207 4934 mysterio
1237 4863 1389 4918 valde
1410 4863 1891 4934 accommodantur,
1919 4861 2061 4934 unde
2084 4868 2139 4934 et

560 4948 626 4987 eo
648 4928 1024 5001 similibusque
1044 4933 1320 5001 Scriptura
1350 4950 1453 4985 non
1483 4948 1603 4984 raro
1631 4932 1816 4982 utitur.
1852 4930 2044 4982 Paulus
2072 4928 2138 4981 ad

562 5002 820 5057 Hellra-os
848 5018 884 5054 ιι
910 5000 1217 5072 :Nusqttam
1245 5004 1453 5071 angelos
1476 5000 1833 5071 apprehendit,
1856 5001 1944 5050 sed
1971 5014 2140 5051 semen

563 5073 1224 5143 Abrahwintiapeéwsrott,
1260 5073 1644 5143 apprehendit,
1673 5073 1900 5143 accepit,
1931 5084 2140 5143 assum-

560 5146 689 5214 psit.
734 5142 814 5197 Ad
856 5138 1088 5211 Philipp.
1123 5138 1480 5199 ttszo‘r'mam
1516 5141 1645 5194 servi
1684 5138 1881 5206 ἔλαϐεν,
1930 5140 2143 5208 accepit,

559 5217 857 5271 assumpsit.

634 5231 995 5341 ιωῗὶῖέἕέιιιίιιι
1037 5280 1137 5337 fuit
1166 5284 1387 5355 haeresis
1411 5282 1748 5355 Eutychetis,
1766 5280 1984 5355 abbatis
2004 5281 2147 5335 Con-

563 5356 1055 5424 stantinopolitani,
1070 5355 1181 5424 qui.
1198 5363 1255 5407 ut
1282 5353 1533 5408 Nestorio
1553 5353 1965 5417 contradiceret,
1982 5367 2143 5407 unam

563 5435 771 5483 tantum
802 5423 1034 5480 asseruit
1064 5423 1114 5481 in
1142 5423 1357 5480 Christo
1386 5432 1629 5477 naturam
1658 5441 1724 5478 ex
1755 5424 1961 5478 duabus
1990 5433 2145 5475 natu-

564 5500 639 5553 ris
687 5499 739 5551 in
794 5498 906 5563 ipsa
960 5496 1333 5551 lnearnatione
1384 5495 1668 5549 cOnllatani
1720 5504 1774 5549 et
1827 5495 2138 5561 confusam;

563 5586 720 5640 quem
751 5585 871 5625 cunt
899 5567 1157 5640 Dioscoro
1184 5566 1548 5640 Alexandrino
1580 5568 1816 5640 synodus
1844 5566 2143 5640 Chalcedo-

564 5636 745 5695 nensis
788 5638 1081 5699 damnavit,
1124 5654 1261 5690 anno
1308 5639 1517 5691 Domini
1567 5636 1692 5690 451.
1744 5638 1875 5689 llinc
1921 5639 1977 5689 S.
2030 5636 2141 5690 Leo

564 5723 728 5766 lerat.
773 5714 805 5766 8
843 5707 1115 5766 deﬂet".
1149 5724 1165 5761 :
1198 5708 1327 5763 Post
1354 5709 1600 5772 diversas,
1629 5708 1816 5776 inquit,
1850 5708 2139 5773 impietates

2240 4656 2394 4719 totus,
2435 4647 2592 4709 alius,
2640 4657 2687 4699 et
2735 4649 2930 4701 similia
2975 4650 3183 4701 nomina
3228 4651 3278 4701 in
3318 4650 3600 4701 masculino
3646 4666 3847 4719 genere

2240 4718 2554 4787 hypostasim
2575 4728 2623 4769 et
2653 4734 2922 4784 personam
2951 4720 3242 4789 designant,
3281 4720 3332 4771 in
3364 4729 3544 4773 neutro
3584 4718 3707 4772 vero
3742 4738 3844 4774 na-

2239 4796 2409 4860 turain
2431 4800 2475 4839 et
2504 4791 2613 4858 ejus
2639 4792 2973 4860 proprictates
3000 4792 3283 4844 insinuant.
3320 4789 3599 4859 Propterea
3628 4792 3684 4842 in
3721 4791 3844 4844 Tri-

2240 4858 2401 4909 nitate
2430 4858 2875 4913 admittitur'alius
2901 4877 3007 4913 esse
3046 4860 3221 4923 Pater,
3253 4869 3301 4912 et
3330 4858 3464 4912 alius
3493 4860 3687 4913 Filius.
3725 4862 3842 4915 Sed

2242 4930 2517 4999 non_aliud
2555 4928 2735 4994 Pater,
2760 4932 2906 4983 aliud
2937 4928 3127 4995 Filius,
3162 4932 3282 4999 quia
3319 4930 3514 4983 dit‘crsa
3545 4942 3616 4983 est
3649 4930 3845 4987 Patris

2242 5006 2289 5051 et
2318 4997 2444 5049 Filii
2471 5016 2709 5068 persona,
2744 5018 2845 5054 non
2878 5011 3046 5054 tamen
3081 4997 3185 5052 alia
3214 5000 3363 5051 unius
3394 5012 3439 5053 et
3467 5001 3685 5054 alterius
3716 5006 3847 5056 sub-

2245 5070 2454 5122 stantia.
2506 5070 2550 5122 Ε
2594 5072 2815 5135 diverso,
2858 5072 2909 5123 in
2958 5070 3291 5136 susceptionis
3334 5070 3577 5123 humana:
3624 5084 3845 5127 natura:

2248 5142 2571 5203 commercio,
2604 5143 2746 5197 aliud
2776 5142 2913 5193 Deus
2932 5150 2978 5191 et
3000 5140 3143 5191 aliud
3167 5140 3341 5201 honto,
3367 5158 3467 5193 non
3498 5151 3669 5193 tamw
3695 5145 3847 5198 alius

2248 5208 2391 5262 Deus
2415 5219 2462 5260 et
2489 5211 2621 5263 alius
2655 5214 2823 5275 homo,
2856 5211 2973 5274 quia
3003 5209 3217 5263 diversi:
3244 5221 3375 5263 sunt
3395 5210 3491 5264 Dei
3525 5221 3570 5263 et
3601 5212 3847 5269 hominis

2248 5291 2463 5353 natura,
2496 5299 2597 5335 non
2629 5280 3191 5353 tamen_persona:.Sic
3219 5291 3351 5335 recte
3380 5283 3663 5336 dixerimus
3690 5285 3847 5353 quod

2248 5351 2479 5424 Christus
2508 5362 2589 5405 est
2620 5362 2759 5424 totus
2792 5351 2929 5424 Deus
2968 5352 3222 5424 perfectus
3260 5362 3308 5407 et
3353 5363 3487 5405 tatus
3516 5352 3671 5404 homo
3705 5351 3844 5424 ‘per-

2246 5421 2427 5490 fectus,
2455 5440 2579 5474 cum.
2599 5422 2731 5473 nihil
2768 5422 2933 5473 eidem
2975 5423 3107 5475 desit
3147 5424 3429 5476 divinitatis
3472 5439 3639 5493 neque
3674 5421 3845 5480 etiam

2248 5493 2617 5555 humanitatis;
2661 5510 2762 5545 non
2805 5503 2971 5545 tamen
3021 5504 3181 5546 totum
3224 5506 3298 5548 est
3343 5494 3513 5557 Deus,
3560 5509 3679 5546 cum
3730 5512 3846 5551 non

2245 5566 2409 5617 solum
2439 5564 2621 5617 habeat
2649 5576 2889 5616 naturam
2918 5567 3164 5632 divinant,
3202 5566 3290 5619 sed
3315 5577 3362 5619 et
3396 5568 3713 5629 humanam;
3749 5585 3847 5621 ne-

2245 5653 2342 5705 que
2370 5646 2527 5689 totum
2556 5644 2629 5687 est
2661 5637 2829 5699 homo,
2864 5652 2977 5689 cum
3017 5641 3170 5691 etiam
3199 5636 3380 5691 habeat
3404 5638 3597 5691 dicitur
3624 5645 3853 5694 natura

2247 5708 2671 5763 communionem.
2703 5708 2793 5764 Sic
2820 5707 2935 5764 ille.
3640 5737 3649 5745 °
