3976 6180
225 302 292 373 es
1215 302 1305 358 ne
1342 246 2172 361 lNCARNA‘l‘lONE/C'HRISTI
2211 306 2343 362 LIB.
2383 309 2445 365 tt.

3398 299 3487 383 so‘

230 378 371 481 totus
396 418 557 479 homo.
581 417 699 475 Non
726 418 883 477 enim
903 417 1051 475 Deus
1072 416 1231 474 Pater
1258 418 1424 473 homo
1459 417 1632 475 factus
1670 426 1775 485 est,
1803 424 1851 482 Α
1882 434 2047 487 marg.
2079 418 2390 491 dissentit].
2421 419 2498 475 lta
2523 428 2582 476 ut
2601 420 2692 491 qui
2721 427 2913 477 contra
2946 421 3053 479 hoc
3088 426 3295 483 sentire
3324 378 3469 488 uita;

233 525 326 567 nec
354 510 549 579 Spiritus
570 520 795 569 sanctus
815 554 832 580 ,
858 512 957 569 sed
979 509 1298 581 Uaigenitus
1326 509 1535 575 Patris;
1557 509 1780 580 ideoque

229 620 330 661 una
356 620 552 676 persona
580 603 903 675 accipienda
934 613 1018 661 est
1055 603 1239 661 carnis
1266 612 1317 659 et
1348 601 1534 668 Verbi,
1566 611 1625 659 ut
1652 603 1781 663 ﬁde-

230 695 346 755 liter
363 699 462 754 sine
484 699 663 767 aliqua
692 696 1042 756 dubitatione
1083 697 1372 753 credamus
1414 712 1579 752 unum
1625 712 1780 753 εει-ο

228 790 421 859 demque
446 790 536 846 Dei
566 789 793 853 Filium,
825 790 1243 859 inseparabilem
1268 804 1488 859 semper
1505 798 1530 826 ⁸
1549 788 1779 861 gemina

225 882 524 951 substantiae,
570 885 740 957 etiam
791 882 1065 957 gigantem
1113 882 1447 939 nominatum
1490 882 1542 937 in
1587 881 1779 947 diebus

218 974 374 1031 carnis
413 960 523 1039 sum.
565 958 815 1049 (Psafm:
854 977 1032 1046 xvut),
1074 984 1129 1032 et
1177 990 1306 1032 vere
1348 991 1568 1046 semper
1593 975 1778 1031 omnia

212 1070 427 1139 gessisse
450 1084 569 1139 qua
609 1078 741 1126 sunt
782 1068 1039 1132 taurinis,
1070 1074 1129 1123 et
1164 1083 1291 1123 vere
1331 1083 1551 1137 semper
1587 1082 1781 1138 posse-

212 1158 346 1215 disse
370 1176 487 1230 qua
512 1162 599 1218 Dei
628 1172 779 1216 sunt.
804 1161 1076 1228 Quoniam
1110 1169 1163 1215 et
1196 1160 1276 1215 sic
1312 1161 1590 1231 cruciﬁxus
1618 1169 1777 1215 estea:

212 1250 510 1323 inﬁrmitate,
530 1255 621 1310 sed
648 1255 771 1310 uiuit
802 1271 859 1317 ea
893 1254 1079 1309 virtute
1106 1252 1207 1309 Dei
1237 1252 1305 1325 (ll
1335 1250 1457 1309 Cor.
1488 1252 1629 1323 xm).

793 1392 1024 1451 CAPUT
1054 1390 1125 1448 Vl

230 1495 444 1561 Consors
487 1505 860 1560 catholicorum
892 1506 1132 1559 doctrina
1171 1505 1247 1559 uti
1285 1505 1579 1560 orthodoxa
1607 1505 1737 1575 ﬁdes

737 1576 1099 1647 unplectenda
1122 1583 1221 1630 est.

260 1706 407 1764 lianc
433 1723 575 1780 ergo
599 1707 630 1751 ι
664 1709 784 1779 eius
809 1711 1233 1777 confessionem,
1256 1710 1310 1764 id
1336 1718 1437 1776 est,
1471 1710 1771 1767 catholico-

196 1812 303 1853 rum
327 1801 577 1855 omnium
599 1801 781 1866 fidem,
804 1812 856 1856 et
871 1818 1053 1857 omnes
1078 1802 1316 1858 Africani
1339 1804 1601 1872 episcopi,
1627 1805 1771 1862 unde
1802 1806 1849 1867 B
1875 1809 2112 1864 divinam
2144 1825 2302 1880 opem
2328 1811 2380 1864 in
2414 1812 2571 1865 novis
2600 1812 2872 1868 luereticis
2897 1822 3053 1869 vetus
3081 1813 3334 1880 haeresis,
3384 1823 3443 1871 ut

191 1890 491 1955 scribebat,
526 1904 582 1946 et
606 1907 789 1957 omnes
842 1892 1125 1964 Gallicani,
1182 1894 1248 1949 ad
1289 1910 1426 1962 quos
1470 1895 1769 1966 scribebat,

190 1984 700 2051 comprobaverunt.
733 1986 917 2057 Neque
947 1988 1086 2041 ullus
1114 1986 1292 2041 adhuc
1310 1988 1534 2042 omnino
1563 1988 1773 2042 exstitit

186 2076 264 2129 cui
296 2076 432 2131 fides
472 2078 592 2133 haec
618 2080 731 2135 sine
759 2081 1103 2136 infidelitatis
1141 2081 1370 2137 crimine
1415 2081 1765 2152 displiceret,

188 2166 296 2237 quia
320 2167 589 2236 professio
611 2170 902 2240 impietatis
927 2183 1034 2236 est,
1066 2174 1351 2241 probatam
1380 2188 1579 2244 negare
1601 2177 1770 2243 pieta-

186 2264 299 2316 tem.
330 2259 605 2318 Sufficere
630 2278 758 2332 ergo
786 2264 943 2325 solus
968 2279 1111 2318 nunc
1140 2263 1208 2318 ad
1238 2264 1625 2320 confutandam
1654 2265 1765 2321 bte-

186 2350 328 2405 resim
352 2352 590 2410 deberet
636 2369 938 2411 consensus
962 2357 1225 2422 omnium,
1275 2358 1399 2427 quia
1449 2357 1770 2414 indubitatae

184 2444 409 2500 veritatis
438 2446 817 2504 manifestatio
848 2457 931 2504 est
961 2451 1253 2505 auctoritas
1284 2453 1684 2517 universorum,
1715 2460 1772 2507 et

186 2538 397 2605 perfracta
424 2540 579 2599 ratio
604 2541 750 2598 facta
798 2550 886 2605 est
926 2541 1016 2597 ubi
1045 2557 1206 2598 nemo
1229 2542 1482 2598 dissensit
1514 2542 1688 2618 [Lips.
1717 2544 1772 2598 in

1884 522 1993 577 tur,
2017 512 2174 582 hujus
2202 512 2377 582 prima
2410 516 2592 569 statim
2617 516 2793 570 fronte
2819 531 2925 570 non
2960 526 3067 572 tam
3100 519 3173 574 sit
3201 522 3469 584 audienda

1882 606 2135 673 assertio,
2162 622 2318 677 quam
2350 607 2656 663 damnanda
2700 610 3063 679 perversitas:
3107 612 3235 682 quia
3267 619 3472 688 pra-ju-J

1881 699 2085 755 dicium
2133 716 2316 756 secum
2364 702 2725 758 damnationis
2774 703 3052 771 exhibuit,
3084 709 3173 775 qui
3206 708 3469 777 judicium

1880 792 2253 853 universitatis
2302 793 2615 863 impugnat;
2666 802 2722 849 et
2775 794 3066 851 audientiae
3126 797 3303 853 locum
3361 819 3470 860 non
3540 809 3544 812 ‘

1883 884 2067 953 habet,
2091 884 2244 957 quia
2291 888 2501 943 cunctis
2557 895 2755 943 statuta
2806 888 3083 944 convellit.
3138 890 3471 949 Conﬁrmata

1881 979 2023 1034 enim
2055 979 2222 1035 semel
2248 979 2316 1034 ab
2336 979 2590 1034 omnibus
2621 980 2871 1040 veritate.
2904 980 3162 1051 quidquid
3189 998 3377 1039 contra
3417 984 3470 1042 id

1877 1072 2048 1136 venit,
2082 1071 2187 1125 hoc
2215 1072 2335 1140 ipso
2359 1071 2542 1125 statim
2583 1070 2789 1125 falsitas
2817 1086 2942 1127 esse
2973 1074 3302 1128 noscendum
3336 1083 3420 1130 est
3447 1090 3465 1143 ,

1878 1160 2022 1232 quod
2068 1175 2096 1215 a
2146 1162 2378 1217 veritate
2421 1162 2692 1216 dissentit.
2725 1162 2803 1216 Ac
2838 1176 2936 1231 per
2965 1161 3071 1218 hoc
3112 1164 3362 1220 sufficere
3413 1166 3467 1221 ei

1877 1254 2040 1310 etiam
2073 1252 2124 1306 id
2146 1253 2319 1308 Solum
2346 1254 2599 1309 convenit
2623 1254 2689 1309 ad
2724 1255 3045 1310 sententiam
3073 1255 3463 1326 damnationis,

1876 1347 2019 1417 quod
2046 1346 2600 1417 discrepatajudieio
2629 1349 2888 1403 veritatis.
2942 1349 3051 1406 Sed
3105 1360 3286 1406 tamen
3338 1354 3466 1423 quia

1876 1437 2074 1493 rationi
2104 1453 2209 1493 non
2237 1440 2393 1493 obest
2420 1452 2599 1493 sermo
2633 1440 2880 1508 rationis,
2928 1448 2984 1496 et
3012 1456 3231 1512 semper
3258 1446 3463 1501 veritas

1877 1533 2134 1588 ventilata
2166 1532 2284 1601 plus
2325 1533 2533 1600 rutilat,
2562 1532 2863 1603 meliusque
2885 1543 2969 1589 est
2995 1543 3244 1590 errantes
3274 1535 3465 1603 dispu-

1879 1626 2096 1680 tationis
2118 1625 2396 1681 curatione
2424 1627 2647 1697 corrigi,
2678 1642 2839 1697 quam
2889 1642 3137 1684 censuras
3178 1632 3471 1695 severitate

1875 1716 2155 1781 damnari;
2188 1718 2427 1772 curanda
2459 1728 2563 1784 est,
2597 1730 2858 1789 quantum
2901 1721 2957 1775 in
3012 1723 3172 1778 nobis
3215 1732 3322 1789 est,
3372 1736 3466 1793 per

3447 1856 3465 1883 ο

1881 1913 2096 1971 recepta
2130 1918 2229 1972 per
2274 1918 2484 1957 sacram
2514 1904 2943 1960 misericordiam
2967 1906 3225 1973 sanitate,
3255 1909 3466 1965 medela

1881 1995 2061 2064 potius
2087 2009 2275 2049 eorum
2315 1994 2407 2048 det
2458 2004 2661 2049 sancta:
2708 1994 2831 2051 fidei
2882 1998 3252 2053 testimonium
3306 2015 3467 2071 quam

1877 2084 2334 2155 damnatiojustm
2365 2088 2667 2141 severitatis
2688 2088 3026 2155 exemplum.
3072 2090 3229 2144 Adsit
3256 2099 3468 2145 tantum

1873 2178 2220 2248 disputationi
2244 2193 2306 2234 ac
2336 2180 2574 2233 sermoni
2601 2179 2669 2233 de
2699 2195 2759 2234 se
2787 2179 2972 2234 habito
2998 2181 3113 2247 ipsa
3147 2181 3383 2242 Veritas,
3411 2189 3473 2237 et

1873 2272 2075 2342 pietate
2102 2272 2191 2324 illa
2223 2286 2325 2340 qua
2350 2271 2493 2326 Deus
2526 2271 2589 2326 ad
2620 2271 2871 2327 homines
2892 2272 3079 2329 venire
3103 2272 3355 2344 dignatus
3386 2281 3467 2337 est

1875 2361 2125 2416 humanis
2155 2362 2433 2418 erroribus
2486 2363 2811 2431 cpituletur,
2860 2365 2952 2435 qui
3000 2364 3070 2419 ad
3121 2363 3223 2419 hoc
3266 2380 3327 2420 se
3379 2363 3466 2421 vel

1878 2455 2112 2510 maxime
2165 2453 2216 2508 in
2267 2453 2432 2509 terris
2484 2463 2648 2524 atque
2676 2456 2729 2509 in
2758 2455 2975 2511 homine
3007 2457 3157 2512 nasci
3182 2456 3372 2523 voluit,
3406 2463 3465 2512 ut

1877 2544 2099 2601 falsitati
2126 2545 2358 2614 amplius
2391 2546 2541 2601 locus
2567 2561 2692 2603 esse
2721 2562 2829 2602 non
2864 2554 3068 2618 posset.

1248 2656 1382 2712 ΔΒΑ
1393 2656 1508 2712 RDI
1547 2655 1781 2714 GAZAEI
1816 2653 2387 2714 COMMENTARIUS.

236 2774 262 2807 ⁸
292 2767 367 2824 ita
391 2770 557 2826 canit
589 2767 843 2825 Ecclesia
869 2768 922 2824 in
952 2768 1157 2840 hymno
1177 2767 1247 2824 de
1274 2767 1564 2823 Nativitate

409 2881 653 2948 Gemina:
677 2882 824 2948 gigas
844 2881 1154 2948 substantia,

399 2940 609 2993 Alacris
631 2940 872 2994 ut'currat
891 2946 1015 2993 viam
1040 2958 1055 3006 ;

179 3044 397 3121 illudens
434 3046 511 3099 ad
538 3046 683 3121 illud
708 3047 909 3117 psalmi
937 3064 1064 3103 xvttt
1090 3065 1103 3101 :
1125 3046 1425 3103 Exsultavit
1450 3055 1509 3102 ut
1525 3050 1673 3121 gigas
1698 3048 1767 3101 ad

178 3120 465 3170 currendum
492 3118 585 3170 via
593 3134 659 3168 ut.

224 3186 247 3226 δ
283 3190 449 3255 Ejus,
488 3188 707 3255 supple,
768 3187 991 3254 Leporii
1015 3228 1031 3251 ,
1074 3204 1236 3257 quam
1286 3190 1355 3242 ad
1406 3190 1568 3240 linem
1600 3201 1773 3252 usque

179 3260 331 3331 capitis
379 3259 767 3331 praecedentis
814 3268 1135 3331 prosecutus
1175 3268 1288 3331 est.
1346 3257 1537 3331 Mirum
1586 3265 1773 3331 autem

1873 2767 2051 2829 420),
2080 2759 2367 2837 aoteq’nam
2399 2782 2427 2822 a
2455 2768 2705 2824 Nestorio
2754 2782 2849 2823 sua
2893 2769 3119 2825 hmresis
3157 2768 3465 2838 promulga‘

1873 2849 2047 2901 retur,
2074 2840 2304 2893 inveniri
2327 2854 2443 2892 eam
2468 2856 2495 2894 a
2525 2841 2775 2910 Leporio,
2798 2855 2896 2893 suo
2918 2843 3087 2909 ipsius
3113 2841 3297 2894 libello
3314 2839 3467 2910 peni.-

1876 2918 1961 2981 tus
1990 2911 2345 2974 confutatam,
2376 2907 2747 2981 assertaiiique
2769 2926 2828 2963 ea
2854 2912 2921 2965 de
2944 2907 3007 2965 re
3037 2913 3253 2962 sincere
3275 2907 3466 2961 catho-

1875 2980 2036 3034 licam
2070 2982 2251 3046 liilem,
2285 2996 2388 3050 qua
2442 2980 2689 3037 Christus
2721 2982 2980 3034 Dominus
3002 2981 3058 3050 in
3086 2992 3466 3050 utia_persona

1874 3065 2038 3106 verus
2069 3052 2209 3106 Deus
2238 3047 2513 3115 et'ltomo,
2542 3064 2591 3107 et
2625 3052 2969 3105 sanctissima
3002 3047 3152 3115 virgo
3180 3048 3339 3103 Maria
3374 3049 3467 3108 Dei

1878 3121 2113 3186 genitrix
2135 3132 2189 3174 et
2212 3122 2443 3184 Deipara
2473 3122 2589 3186 jure
2613 3118 2896 3172 astruitur.
2930 3118 2997 3171 Et
3024 3132 3217 3187 magno
3247 3122 3466 3187 quidem

1876 3190 2145 3240 miraculo
2177 3191 2380 3239 factum
2403 3198 2485 3240 est
2514 3198 2573 3240 ut
2600 3191 2715 3254 ipse
2738 3197 2893 3241 antea
2923 3189 3305 3253 ltmresiart-lta,
3330 3193 3467 3245 adeo

1880 3257 2371 3328 sincera‘adeoque
2398 3272 2525 3309 vera
2552 3255 2893 3328 confessione
2922 3258 3200 3312 damnaret
3228 3275 3346 3327 quae
3374 3277 3467 3328 pu-

178 3315 300 3392 ut”
354 3315 485 3391 e'st,
538 3324 686 3392 quod
731 3332 791 3378 et-
818 3315 1108 3376 Baronius
1136 3323 1447 3378 observavit
1472 3322 1609 3392 (Sub
1638 3338 1774 3374 anno
1803 3315 1849 3377 C
1881 3325 2037 3393 guaci
2064 3315 2430 3393 diSputuiioue
2457 3337 2581 3383 ante
2604 3326 2896 3383 defendere
2930 3315 3325 3385 consuevisset.

1104 3555 1579 3667 LIBER
1638 3552 2515 3665 SECUNDUS.

686 3856 918 3916 CAPUT
956 3853 1247 3913 PRIMUM.

186 3948 537 4009 Posteriorum‘
566 3952 925 4007 hereticorum
970 3966 1170 4005 errores
1190 3951 1244 4002 in
1269 3947 1565 4003 auctoribus
1609 3957 1761 4019 atque

278 4026 651 4082 inuntoribus
676 4024 787 4077 suis
812 4023 1086 4076 danmatos
1112 4031 1161 4075 et
1185 4026 1479 4091 confutatos
1506 4036 1632 4074 esse.

237 4139 495 4211 Quoniam
571 4138 769 4194 libello,
811 4135 987 4207 primo
1043 4135 1292 4206 quietiam
1352 4134 1756 4204 praemisimus,

187 4231 357 4296 quibus
392 4243 666 4287 Hiovttm
720 4228 1035 4285 bereticum
1089 4244 1158 4285 ex
1204 4228 1436 4298 antiquis
1491 4226 1761 4283 btereseos

188 4322 415 4394 stirpibus
442 4322 733 4395 pullulare
762 4322 1213 4391 approbaremus,
1253 4320 1507 4376 sufficere
1543 4321 1759 4391 quidem

190 4412 228 4467 ei
272 4415 333 4471 ad
359 4414 754 4482 excipiendam
806 4414 967 4480 insta:
1018 4413 1381 4468 damnationis
1440 4412 1762 4468 sententiam

194 4501 609 4575 debetpriorum
657 4504 1041 4560 haereticorum
1083 4503 1229 4574 iusta
1270 4502 1569 4558 damnatio.
1626 4503 1762 4569 Quia

196 4609 298 4652 clm
322 4603 548 4657 easdem
572 4600 786 4654 radices
814 4598 1029 4667 habeat,
1059 4606 1220 4668 atque
1250 4598 1445 4651 iisdem
1492 4596 1766 4649 erroribus

194 4686 211 4760 Ι
226 4688 366 4764 Lips.
392 4696 445 4746 in
470 4708 641 4765 marg.
681 4687 1003 4761 scrobibus]
1053 4697 1312 4759 emergat,
1364 4686 1499 4741 satis
1546 4685 1663 4756 jam
1712 4687 1765 4739 in

196 4782 500 4841 auctoribus
529 4785 639 4839 suis
667 4785 786 4854 ipse
810 4784 1099 4839 damnatus
1123 4791 1240 4845 est;
1281 4781 1516 4836 maxime
1537 4795 1659 4835 cum
1688 4776 1769 4834 id-

201 4870 354 4940 ipsum
385 4874 531 4942 quod
556 4876 657 4941 ipsi
682 4881 952 4937 asserunt,
982 4872 1145 4928 etiam
1170 4871 1225 4925 hi
1250 4871 1339 4942 qui
1373 4871 1616 4940 proxime
1645 4877 1770 4924 ante

203 4961 445 5021 hosmale
466 4967 643 5021 secuti
671 4975 799 5021 sunt
844 4964 985 5020 bene
1034 4963 1474 5030 condemnarint,
1511 4974 1567 5016 ut
1614 4961 1768 5015 suffi-

206 5066 312 5113 cere
332 5056 415 5113 his
441 5056 661 5115 abunde
700 5058 811 5127 jam
847 5057 900 5113 in
926 5057 1251 5111 alterutrum
1278 5069 1499 5109 suorum
1524 5054 1772 5122 exempla

208 5143 440 5213 debeant,
469 5150 559 5204 vel
587 5148 779 5204 horum
800 5149 1013 5205 sciiicet
1030 5147 1120 5219 qui
1148 5144 1441 5210 emendati,
1473 5144 1560 5199 vel
1580 5159 1769 5200 eorum

209 5238 284 5306 qui
297 5241 643 5296 condemnati
660 5249 805 5295 sunt.
834 5240 890 5295 Si
916 5240 1057 5295 enim
1089 5236 1292 5308 corrigi
1318 5245 1545 5307 queunt,
1571 5236 1771 5291 habent

210 5327 257 5384 in
279 5344 491 5391 suorum
524 5334 957 5393 correctionibus
1000 5332 1302 5399 medelam;
1352 5330 1398 5386 si
1432 5331 1628 5400 corrigi
1661 5345 1767 5385 non

212 5432 415 5493 neunt,
443 5426 653 5483 habent
678 5428 731 5483 in
763 5441 992 5483 suorum
1016 5425 1367 5483 damnatione
1404 5425 1725 5480 sententiam
1750 5440 1766 5479 :

1872 3865 2050 3910 tamen
2103 3868 2172 3908 ne
2215 3851 2529 3921 praeiudicio
2583 3856 2754 3924 magis
2804 3856 3088 3912 adversum
3146 3874 3244 3913 eos
3294 3875 3456 3928 quam

1866 3948 2071 4018 judicio
2110 3948 2182 4001 uti
2212 3946 2358 4000 velle
2380 3945 2779 4013 existimemur,
2810 3946 2980 4015 ipsam
3037 3963 3223 4003 eorum
3262 3952 3312 4004 in
3351 3968 3435 4007 me

1869 4040 2014 4096 dium
2049 4038 2356 4108 pestiferam
2398 4038 2843 4108 propositionem,
2874 4038 2958 4093 vel
2995 4039 3171 4105 potius
3205 4041 3458 4111 blasphe-

1871 4143 2107 4190 mantem
2132 4135 2424 4189 amentiam
2446 4134 2786 4203 proferamus
2811 4152 2825 4187 :
2855 4133 3127 4190 Sumentes
3149 4134 3203 4187 in
3226 4135 3463 4191 omnibus

1869 4237 2066 4280 scutum
2090 4227 2233 4295 ﬁdei,
2264 4235 2311 4280 et
2330 4227 2561 4299 gladium
2589 4229 2821 4294 spiritus,
2855 4228 2994 4298 quod
3026 4236 3098 4282 est
3124 4226 3332 4282 verbum
3364 4226 3462 4284 Dei

1872 4318 2093 4391 (Ep/tes.
2140 4322 2259 4386 vt),
2308 4320 2513 4374 scilicet
2552 4328 2607 4373 ut
2656 4334 2952 4389 resurgens
2979 4321 3178 4376 vetusti
3209 4320 3462 4377 draconis

1870 4422 2033 4482 caput
2089 4413 2229 4467 idem
2275 4411 2444 4467 divini
2479 4415 2750 4467 sermonis
2778 4412 2989 4481 gladius
3017 4414 3179 4467 etiam
3229 4429 3373 4467 nunc
3406 4413 3459 4465 in

1870 4505 2032 4560 novis
2059 4505 2321 4575 anguibus
2343 4504 2580 4567 desecet,
2606 4508 2693 4569 Qui
2718 4506 2870 4571 prius
2893 4506 2944 4555 in
2976 4504 3211 4569 antiquis
3236 4516 3461 4567 serpen-

1872 4598 2017 4651 tibus
2068 4596 2387 4665 amputavit.
2442 4596 2577 4647 Natu
2625 4608 2746 4645 cum
2796 4593 2937 4645 idem
2971 4592 3159 4642 ltorutn
3210 4606 3365 4643 error
3394 4592 3462 4643 sit

1872 4688 1961 4757 qui
1994 4686 2208 4739 illorum
2236 4682 2352 4749 fuit,
2385 4698 2482 4751 pro
2506 4682 2819 4735 desectimie
2844 4680 3067 4735 istorum
3094 4679 3279 4734 haberi
3301 4678 3462 4734 debet

1872 4776 2115 4833 desectio
2146 4775 2399 4829 illorum:
2430 4784 2485 4828 et
2525 4773 2647 4844 quia
2681 4782 3024 4827 renascentes
3051 4772 3256 4826 colubri
3294 4772 3461 4842 pesti-

1872 4869 2021 4926 feros
2047 4868 2101 4923 in
2144 4866 2385 4923 Ecclesia
2428 4866 2640 4922 Domini
2682 4865 2839 4920 flatus
2888 4876 3052 4933 agunt
3090 4873 3146 4918 et
3184 4866 3460 4923 tabescere

1873 4960 2132 5033 quosdam
2165 4958 2336 5015 sibilis
2366 4963 2477 5014 suis
2510 4959 2734 5021 faciunt,
2784 4955 3058 5025 jungenda
3110 4964 3193 5012 est
3239 4966 3458 5027 propter

1874 5069 2039 5111 novas
2070 5053 2415 5108 inﬁrmitates
2443 5050 2679 5119 antiquis
2708 5047 3078 5103 curationibus
3121 5065 3312 5104 recens
3346 5064 3459 5101 ine-

1873 5146 2013 5211 dela,
2039 5155 2097 5200 ut
2113 5146 2274 5201 etiam
2298 5145 2341 5199 si
2371 5143 2498 5196 illud
2518 5140 2661 5209 quod
2694 5141 2842 5209 prius
2860 5148 3034 5194 actum
3066 5150 3150 5194 est
3177 5155 3282 5192 non
3315 5138 3458 5189 valet

1872 5239 1939 5295 ad
1972 5236 2247 5309 languoris
2280 5234 2684 5289 damnationem
2716 5229 2893 5306 [Lips.
2929 5232 2983 5283 in
3010 5244 3175 5296 marg.
3226 5224 3458 5279 curatio-

1872 5329 2070 5401 nem],
2101 5331 2205 5384 huc
2231 5337 2413 5381 tamen
2453 5325 2594 5396 quod
2624 5343 2767 5383 nunc
2800 5326 3009 5393 agimus
3036 5319 3213 5374 valeat
3246 5318 3312 5375 ad
3345 5318 3454 5375 lana

1870 5422 2148 5494 guentium
2187 5418 2489 5474 sanitatem.

1256 5585 1513 5643 ALARDI
1551 5584 1783 5640 GAZEI
1822 5580 2386 5641 COMMENTARIUS.

275 5713 298 5743 ⁸
334 5703 553 5778 Scilicet
574 5704 911 5775 Nestorium,
940 5704 1110 5778 ipsius
1135 5702 1378 5762 Cassiani
1409 5710 1655 5773 tempore
1682 5707 2008 5756 esortumet
2035 5697 2433 5769 synchronum,
2464 5707 2627 5765 quem
2665 5691 2827 5746 etiam
2857 5688 2915 5745 in
2954 5688 3281 5759 mimicae.
3301 5699 3451 5746 vocet

218 5766 796 5837 Numnam.
