3976 6180
482 294 543 355 δι
1532 315 1559 321 τ·
1803 290 2067 351 JOANNIS

2172 294 2429 353 ASSIANI
3671 306 3747 365 δ’

1099 409 1330 469 CAPUT
1382 409 1449 466 11.

490 487 755 579 Virginem
801 507 1089 579 Deiparam,
1123 522 1225 559 non
1255 518 1468 579 tantnm_
1492 507 1860 579 Xptctoréuou.‘
1892 522 2066 561 verum

556 575 706 633 eiium
717 575 1018 643 emamw
1033 576 1293 631 Christum
1306 594 1417 631 vere
1430 575 1595 630 Deum
1609 594 1717 631 esse
1727 581 2063 633 demonstrat.

560 694 701 749 Dicis
732 694 930 764 itaque,
965 691 1208 764 quisquis
1246 706 1306 748 es
1346 691 1439 747 ille
1468 691 1744 757 haeretice,
1776 691 1868 761 qui
1896 690 2065 746 Deum

2094 417 2240 480 Aes
2292 412 2511 483 Virgine
2556 421 2744 470 natum
2789 428 2977 485 negas,
3008 414 3231 472 Mariam
3281 424 3509 473 matrem
3540 416 3748 477 Domini

2174 506 2342 561 nostri
2366 506 2492 561 Jesu
2514 508 2711 562 Christi
2745 517 2768 545 ⁸
2796 510 3071 574 Θεοτόκον,
3116 508 3167 562 id
3215 518 3322 574 est,
3379 518 3603 565 matrem
3634 510 3751 577 Dei,

2173 600 2435 667 appellari
2464 615 2569 655 non
2594 615 2773 669 posse,
2802 601 2896 656 sed
2917 602 3277 676 Χριστοτῶων,
3304 603 3406 656 hoc
3427 612 3531 668 est,
3554 603 3751 660 Christi

2175 698 2384 746 tantum
2441 702 2708 758 matrem,
2768 706 2875 746 non
2922 690 3058 747 Dei'
3103 707 3261 748 nemo
3311 692 3479 761 enim,
3532 694 3750 763 inquis,

1552 824 1814 880 ALARDI
1850 824 2087 882 GALEI
2122 824 2499 881 COMMENTA
2512 825 2689 883 RIUS.

572 954 578 959 .
618 917 717 985 Qui
742 918 960 987 Mariam
988 917 1356 974 beatissimam
1382 915 1652 987 virginem
1680 930 1811 987 vere
1838 924 1893 969 et
1928 931 2058 984 pro-

480 988 597 1057 prie
646 986 906 1044 Θιοτόκον.
942 988 991 1042 id
1021 999 1126 1052 est,
1174 986 1491 1055 Deiparam,
1543 1001 1639 1057 seu
1677 986 1811 1057 Dei__
1833 996 2058 1040 matrem

481 1055 796 1126 negaverint
846 1059 1127 1125 hmretici,
1188 1059 1240 1111 in
1289 1058 1488 1125 duplici
1538 1055 1841 1111 differentia
1899 1072 2057 1122 repe-

481 1130 714 1181 rinnlttr.
778 1128 909 1183 Nam
972 1128 1383 1191 Valentiniani,
1438 1128 1527 1197 qui
1586 1142 1783 1193 corpus
1837 1128 2059 1182 caeleste

480 1197 696 1253 Christo
727 1202 1057 1259 tribuebant.
1090 1210 1144 1253 et
1172 1214 1293 1253 cum
1323 1200 1391 1251 de
1417 1199 1558 1252 cmlo
1589 1199 1793 1264 lapsam
1830 1213 1924 1263 per
1949 1198 2061 1251 Μ-ι-

480 1268 615 1323 ΐίειιιι
662 1272 812 1338 quasi
875 1285 971 1337 per
1007 1270 1254 1324 canalem
1304 1270 1526 1323 fluxisse
1574 1268 1926 1332 asserebant;
1960 1283 2059 1323 nec

481 1354 587 1392 non
619 1340 895 1394 Manichzei
918 1382 934 1401 ,
988 1341 1076 1408 qui
1103 1352 1301 1407 corpus
1332 1340 1729 1408 pbantasticum
1762 1338 1809 1391 ei
1840 1338 2062 1408 alonge-

480 1412 609 1463 bant
641 1452 655 1474 ,
706 1422 756 1463 et
789 1411 832 1461 si
860 1410 948 1477 qui
977 1411 1068 1465 alii
1092 1411 1287 1465 similia
1335 1411 1652 1469 commenti,
1684 1423 1804 1461 cum
1839 1423 1936 1475 per
1965 1413 2065 1464 hoc

481 1492 791 1534 assererem
814 1478 1089 1535 Christum
1118 1480 1247 1535 nihil
1272 1481 1339 1534 de
1364 1480 1529 1533 Maria
1557 1490 1783 1533 transse
1812 1479 2063 1533 substan-

482 1552 593 1615 tite,
627 1564 1025 1617 consequenter
1047 1568 1163 1605 eam
1191 1550 1389 1606 Christi
1414 1562 1644 1604 matrem
1669 1552 2059 1618 pernegabant.

481 1621 586 1674 Abi
622 1636 750 1673 Vt‘l'O
780 1620 977 1675 Christi
1012 1634 1237 1676 matrem
1263 1638 1383 1676 eam
1413 1620 1649 1675 confessi
1674 1622 1911 1688 quidem,
1966 1621 2061 1675 5rd

482 1689 577 1743 Dei
614 1700 866 1755 matrem,
911 1707 973 1747 ac
1002 1694 1279 1756 Θιοτόκον.
1330 1693 1382 1747 id
1433 1702 1537 1753 est.
1570 1691 1855 1758 Deiparam
1901 1706 2063 1759 nega-

480 1771 627 1824 runt,
654 1771 712 1813 ιιι
739 1761 995 1816 Photinus
1023 1776 1075 1815 et
1111 1764 1416 1824 Neuorius,
1443 1761 1658 1815 tametsi
1681 1777 1745 1815 ex
1768 1762 1874 1814 alio
1902 1773 2063 1827 atque

480 1830 587 1885 alio
618 1830 989 1887 fintdamento.
1024 1833 1285 1888 Photinus
1314 1833 1577 1897 siquidem
1604 1841 1726 1901 post
1758 1831 2057 1897 Ebiooitas,

480 1902 549 1971 de
575 1917 808 1971 quorum
838 1920 1027 1959 errore
1049 1906 1299 1970 superius
1327 1904 1524 1957 dictum
1553 1914 1656 1965 est,
1690 1902 1809 1955 ideo
1840 1902 2059 1957 bimam

482 1970 834 2027 Dcitnatrem
858 1976 1095 2042 negavit,
1127 1980 1251 2043 quia
1277 1973 1547 2028 Cbrismm
1578 1988 1683 2027 non
1720 1973 1912 2040 Deum,
1964 1974 2061 2028 sed

484 2056 675 2110 purum
718 2044 985 2098 hominem
1016 2042 1445 2110 eSsc’credebtt,
1473 2044 1559 2111 qui
1594 2052 1767 2096 tamen
1801 2046 1914 2096 suis
1959 2042 2064 2095 vir-

483 2112 687 2184 tutibus
712 2129 778 2169 eo
809 2116 1127 2184 profecisset
1156 2115 1406 2178 tandem,
1442 2113 1693 2184 utiFilius
1726 2114 1815 2166 Dei
1864 2128 2060 2184 cogno-

486 2182 821 2240 minareturi
856 2185 1135 2240 Nestorius
1176 2200 1309 2239 vero
1335 2200 1452 2239 eam
1504 2183 1596 2236 Dei
1644 2192 1870 2235 matrem
1902 2183 2060 2239 fateri

482 2254 656 2325 noluit
680 2297 695 2319 ,
726 2256 849 2325 quia
881 2271 1140 2323 personas
1188 2255 1459 2308 dividebat
1490 2254 1541 2306 in
1573 2253 1789 2306 Clu-isto
1815 2294 1830 2316 ,
1878 2254 2064 2325 dieens

483 2324 647 2395 alium
680 2324 806 2380 esSc
835 2330 923 2395 qui
953 2328 1021 2381 ab
1067 2338 1273 2379 :eterno
1303 2324 1515 2393 genitus
1549 2325 1615 2375 sit
1644 2340 1713 2376 ex
1745 2325 1857 2395 Deo,
1874 2324 2062 2395 Patre,

486 2394 554 2445 ab
585 2396 681 2448 illo
704 2394 918 2449 homine
948 2400 1038 2462 qui
1072 2400 1123 2450 in
1146 2408 1389 2463 tempore
1412 2406 1567 2448 natus
1594 2404 1739 2447 esset
1761 2410 1823 2447 ex
1848 2394 2063 2461 Virgine

486 2475 680 2531 matre,
705 2468 843 2518 duos
864 2467 1118 2521 videlicet
1141 2468 1304 2531 filios,
1330 2467 1558 2521 alterum
1590 2464 1682 2517 Dei
1713 2465 1907 2524 P-tll'iS.
1930 2466 2065 2520 alle-

485 2548 605 2605 rnm
660 2535 891 2604 Virginis
944 2542 1167 2605 matris;
1218 2539 1367 2591 illum
1405 2539 1568 2591 Deum
1602 2550 1663 2589 ac
1705 2534 1796 2589 Dei
1846 2535 2059 2600 Fiium,

486 2602 631 2657 hunc
660 2602 932 2661 hominem
960 2620 1011 2659 et
1051 2602 1283 2661 hominis
1336 2607 1499 2660 filium
1529 2606 1882 2660 c0n~titucns.
1927 2605 2068 2660 Sunt

486 2684 664 2728 autem
691 2678 805 2730 hmc
832 2678 940 2730 duo
965 2678 1139 2744 capita
1172 2680 1431 2731 doctrinze
1459 2676 1790 2729 Nestortana:
1820 2677 1891 2729 ita
1923 2676 2067 2731 inter

486 2758 548 2797 se
590 2760 833 2801 connexa
892 2758 948 2802 et
994 2750 1346 2811 ευΙιωΓιτηιὶη,
1402 2758 1457 2801 ut
1506 2746 1679 2801 altero
1710 2747 1948 2799 admisso
1975 2756 2068 2800 aut

487 2827 703 2882 negato.
732 2818 963 2873 alterum
991 2822 1149 2872 etiam
1199 2818 1405 2871 admitti
1456 2827 1548 2870 ant
1606 2817 1787 2885 negari
1838 2831 2067 2872 necesse

486 2885 594 2950 sit;
626 2898 679 2942 et
706 2903 813 2942 uno
844 2889 1142 2949 destructo.
1185 2892 1413 2943 alterum
1447 2887 1703 2941 similiter
1730 2888 2064 2955 destruatur,

487 2967 546 3029 ut
572 2972 669 3025 per
696 2975 756 3013 se
785 2970 952 3029 patet.
987 2961 1041 3014 Si
1074 2960 1219 3014 enim
1257 2958 1504 3014 Cbrisms
1539 2957 1715 3012 Maria:
1738 2959 1879 3011 littus
1908 2974 2069 3013 Verus

489 3025 632 3099 Dens
658 3032 749 3093 sit,
785 3025 967 3099 ntiquc
1022 3032 1243 3085 Mariam
1294 3030 1412 3099 t-jus
1468 3039 1734 3092 matrem,
1784 3030 2018 3084 Θεοτόκον
2048 3071 2063 3095 ,

489 3096 798 3164 Deiparam,
828 3096 952 3171 esse
982 3096 1449 3171 cottseqnens'cst.
1488 3102 1552 3153 Et
1574 3100 1641 3153 ab
1660 3099 1911 3171 οιιιιονίιυ
1939 3116 2068 3154 con-

489 3172 763 3235 sequentis
793 3170 859 3224 ad
908 3170 1214 3241 oppositn’n
1257 3170 1651 3232 antecedentis,
1680 3185 1724 3224 st
1755 3170 1914 3224 Morta
1938 3172 2066 3241 Dei-

489 3250 617 3306 para
640 3256 754 3311 non
789 3248 891 3310 est,
921 3240 1019 3295 nec
1049 3245 1231 3310 utique
1282 3241 1528 3297 Christus
1576 3241 1692 3311 ejus
1740 3241 1882 3296 illius
1930 3240 2070 3297 Dens

489 3317 591 3381 est.
624 3310 724 3378 Qui
752 3328 882 3380 ergo
912 3314 1077 3366 Deum
1110 3331 1175 3367 ex
1207 3314 1419 3381 Virgine
1461 3310 1641 3366 nattun
1684 3322 1865 3379 negat,
1897 3322 1955 3365 ut
1984 3313 2071 3368 Itic

488 3380 560 3433 ait
582 3383 805 3442 Auctor,
831 3397 896 3434 ex
928 3380 1317 3447 consequenti,
1333 3384 1553 3435 Mariam
1578 3384 1852 3449 Θεοτὸκον,
1882 3382 1931 3433 id
1964 3394 2067 3444 est,

491 3449 713 3505 Matrem
747 3449 837 3503 Dei
870 3450 1157 3509 inliciatur,
1179 3464 1227 3502 et
1254 3468 1283 3501 e
1306 3451 1541 3503 diverso.
1576 3457 1650 3502 Ac
1675 3451 1899 3515 proinde
1924 3465 2071 3514 qua:-

490 3534 721 3589 Cnmqne
750 3520 931 3572 valent
960 3518 1024 3570 ad
1059 3517 1387 3589 probandam
1435 3520 1518 3570 vel
1570 3516 1773 3569 Christi
1819 3516 2070 3589 di\ittil;t-

493 3587 745 3654 tem,'vel
778 3590 1091 3641 idiomatum
1121 3587 1575 3651 communionem,
1607 3601 1831 3655 qua-que
1862 3597 1972 3639 tum
2003 3587 2070 3640 ab

492 3661 615 3713 alii.
646 3658 919 3718 Patribns,
946 3671 1058 3710 tum
1088 3672 1117 3709 a
1142 3656 1403 3711 Cassiano
1429 3659 1478 3709 in
1511 3657 1653 3711 hunc
1691 3658 1851 3711 linem
1886 3656 2068 3726 profe-

492 3740 706 3792 rnnlttr,
740 3729 928 3782 eadem
962 3728 1140 3781 nmzia
1167 3731 1345 3782 valent
1374 3730 1439 3781 ad
1473 3729 1807 3797 probandum
1859 3729 2069 3783 beatam

494 3798 770 3866 Virginem
794 3814 920 3854 vero
940 3812 987 3855 et
1010 3800 1257 3854 absolute
1282 3813 1402 3854 esse
1425 3800 1516 3855 Dei
1544 3810 1789 3855 matrem.
1812 3800 2069 3865 Θιοτόκον,

498 3884 560 3922 ac
592 3870 902 3937 Deiparam,
954 3872 1138 3937 sicque
1185 3870 1253 3923 ab
1297 3872 1547 3926 omnibus
1580 3871 1736 3936 pleno
1781 3887 1875 3924 ore
1931 3887 2070 3923 nun-

492 3944 813 4008 cnpantlam.
863 3943 999 3998 llinc
1026 3941 1083 3998 S.
1117 3942 1377 4011 Cyrillus,
1416 3943 1637 4011 epistola
1682 3942 1872 4006 prima,
1919 3941 2073 3995 valde

496 4014 725 4065 miratur
777 4027 871 4067 eos
925 4016 1014 4081 qni
1069 4013 1317 4066 dubitant
1378 4028 1444 4064 an
1507 4012 1567 4064 Β.
1626 4011 1788 4078 Virgo
1822 4011 2073 4081 Deipara

496 4084 760 4136 nominari
792 4080 1023 4146 debeat,
1065 4096 1257 4136 necoe.
1300 4082 1360 4135 Si
1400 4096 1644 4149 namque.
1687 4080 1892 4147 inquit,
1938 4080 2074 4149 Deus

495 4162 541 4205 et
586 4153 839 4206 Dominus
884 4164 1054 4206 noster
1086 4153 1239 4205 Jesus
1293 4148 1554 4212 Christus,
1601 4151 1858 4221 quomodo
1919 4148 2073 4221 Virgo

494 4239 609 4292 qua
636 4224 784 4276 illum
818 4225 1007 4290 peperit
1046 4221 1273 4287 Deipara
1324 4237 1424 4274 non
1468 4222 1588 4275 est?
1616 4220 1706 4292 Et
1748 4220 1948 4275 ibidem
1997 4220 2074 4273 ιιι-

497 4291 600 4345 tius
630 4297 698 4347 de
728 4294 944 4347 nomine
989 4293 1233 4361 Deipara:
1264 4292 1509 4356 disserit,
1544 4302 1598 4345 et
1628 4291 1767 4344 hanc
1796 4306 1917 4345 esse
1948 4306 2075 4359 apo-

496 4364 758 4416 stolorum
790 4363 1087 4416 doctrinam
1121 4372 1379 4425 tesmtur,
1409 4377 1718 4431 supponens
1760 4370 1817 4415 ut
1843 4378 1956 4416 rem
1987 4378 2076 4414 no-

2094 1732 2141 1793 Β

2093 3100 2142 3165 C
2174 3106 2335 3149 tatem
2388 3098 2651 3163 supplicio
2683 3098 2848 3153 fuisse
2892 3110 3273 3166 cottstttttpltttn

2165 915 2389 991 imbutus
2415 917 2678 991 Opinione,
2704 915 3047 991 Judaicorum
3078 922 3375 991 dogmatum
3400 937 3515 981 quae
3559 924 3761 979 tenebat

2167 985 2743 1060 Nestorius'ucerrimus
2765 989 2941 1060 fautor
2962 1028 2982 1056 ,
3009 1002 3058 1044 et
3085 992 3133 1044 ei
3148 985 3226 1043 'ad
3255 992 3605 1056 episcopatum
3640 1012 3762 1060 pro-

2164 1057 2411 1125 ﬁciscenti
2438 1074 2625 1123 comes,
2658 1060 2747 1112 ubi
2777 1059 3048 1114 Nestorius
3077 1077 3191 1115 cum
3236 1060 3505 1115 Theodoro
3550 1064 3606 1116 in
3635 1057 3756 1121 urbe

2169 1127 2482 1200 illapsoestia
2510 1145 2837 1200 congressus,
2888 1132 3073 1185 audita
3117 1132 3261 1186 illius
3290 1132 3547 1197 doctrina,
3583 1150 3614 1185 a
3642 1151 3757 1188 cera

2164 1199 2353 1267 pietote
2381 1199 2627 1263 descivit;
2657 1200 2983 1266 Anastasius,
3016 1206 3250 1268 inquant,
3283 1212 3341 1255 ut
3370 1219 3400 1254 a
3423 1202 3686 1257 Theodulo
3707 1207 3758 1261 in

2165 1269 2381 1345 epistola
2406 1270 2632 1345 quadam
2659 1271 2722 1323 de
2747 1272 2987 1345 iisrebus
3014 1274 3264 1335 scriptum
3292 1282 3368 1345 est
3385 1312 3401 1335 ,
3452 1276 3506 1327 in
3532 1274 3757 1345 disputa-

2165 1340 2301 1391 tione
2331 1342 2472 1410 apud
2496 1346 2744 1410 populum
2772 1340 3029 1396 Christum
3054 1354 3229 1397 sancte
3258 1342 3527 1406 colentem,
3572 1340 3626 1396 in
3655 1345 3754 1399 Ec-

2165 1357 2301 1391 uone
2331 1357 2470 1463 (1qu
2496 1357 2744 1410 populum
2772 1357 3029 1396 Christum
3054 1357 3229 1397 sancte
3258 1357 3527 1406 rotantem,
3572 1360 3626 1396 tn
3655 1357 3754 1399 Ec-

2164 1411 2320 1461 clesia
2376 1410 2920 1479 'onstantinopolitana
2943 1412 3115 1466 habita
3140 1455 3153 1477 ,
3186 1414 3361 1479 palam
3393 1430 3549 1467 ansns
3575 1423 3648 1468 est
3678 1415 3756 1469 di-

2164 1496 2277 1565 cere
2303 1495 2322 1533 :
2372 1478 2539 1534 Nemo
2568 1480 2792 1565 Mariam
2838 1480 3119 1565 peiparam
3156 1478 3320 1537 vocet.
3370 1482 3536 1565 μασιν,
3568 1486 3752 1551 inquit,

2167 1549 2318 1625 homo
2360 1561 2491 1625 erat,
2536 1564 2689 1625 atque
2726 1551 2789 1604 ab
2837 1549 3382 1625 honiineDeusnasci
3424 1549 3530 1608 non
3573 1549 3754 1625 potest.

2169 1620 2300 1684 Qutc
2324 1621 2525 1687 quidem
2555 1624 2703 1675 verba
2747 1639 2864 1675 cum
2913 1623 3139 1691 populus
3184 1623 3389 1678 Christo
3430 1620 3758 1681 consecratus

2167 1692 2389 1756 graviter
2439 1702 2486 1743 et
2531 1692 2709 1746 acerbe
2752 1694 2942 1761 ferret.
2972 1705 3020 1747 et
3059 1695 3451 1761 disputationem
3478 1696 3625 1748 illam
3654 1712 3758 1751 non

2168 1762 2279 1833 sine
2308 1778 2463 1833 causa
2493 1762 2700 1816 haberet
2748 1780 2841 1829 pro
2895 1764 3244 1833 blasphemia,
3278 1764 3578 1823 Nestorius.
3609 1767 3759 1820 istius

2165 1830 2499 1903 blasphemia:
2519 1845 2701 1886 auctor
2716 1843 2763 1887 et
2786 1834 2915 1893 dum.
2948 1830 3050 1888 non
3070 1838 3237 1889 solum
3268 1852 3369 1889 non
3398 1836 3659 1903 prohibuit
3691 1838 3757 1891 il-

2170 1902 2295 1963 lam,
2347 1919 2505 1971 neque
2553 1914 2740 1957 rectam
2789 1921 3072 1973 sanamque
3115 1902 3406 1960 doctrinam
3434 1915 3629 1960 tutatus
3659 1916 3757 1973 est,

2166 1986 2339 2043 verum
2368 1974 2519 2026 etiam
2546 1976 2694 2027 verba
2718 1990 2896 2028 revera
2919 1977 2973 2029 in
3005 1978 3184 2041 primis
3210 1976 3455 2030 roborare
3466 1978 3749 2043 contendit,

2165 2050 2213 2095 et
2242 2042 2307 2115 _in_
2352 2044 2445 2115 eis_
2464 2045 2798 2113 defendendis
2827 2047 2998 2100 acrius
3023 2047 3225 2101 institit.
3275 2048 3442 2115 Atque
3468 2063 3565 2100 sua
3592 2042 3753 2110 ipsius

2166 2112 2578 2187 Opinionehisci
2586 2116 2833 2187 adjuncta
2853 2127 3004 2187 atque
3026 2118 3155 2171 adeo
3184 2112 3433 2183 ascripta,
3468 2133 3757 2187 venenoque

2166 2183 2424 2259 {animisni
2443 2185 2507 2259 _in
2532 2182 2815 2259 Ecclesium
2837 2186 2998 2253 eiusa
3017 2198 3065 2241 et
3091 2189 3270 2259 ejecta,
3303 2188 3463 2241 multo
3504 2182 3753 2255 majorem

2168 2251 2538 2328 blasphemiam
2557 2256 2746 2328 docere
2770 2251 2988 2310 conatus
3014 2251 3127 2324 est
3152 2251 3279 2311 adeo
3306 2268 3361 2311 ut
3380 2262 3450 2312 ad
3477 2260 3558 2312 sui
3584 2251 3760 2328 ipsius

2168 2325 2350 2397 gpitis
2376 2326 2670 2397 perniciem,
2699 2326 2830 2380 hanc
2861 2328 3070 2397 impiam
3114 2330 3438 2391 sententiam,
3464 2325 3705 2383 nimirum
3736 2343 3753 2380 :

2167 2392 2284 2459 Ego
2303 2410 2419 2446 eum
2442 2396 2527 2463 qui
2547 2397 2725 2465 spatiis
2755 2392 3047 2465 menstruis,
3077 2398 3175 2452 hoc
3202 2408 3299 2463 est,
3335 2400 3557 2453 bimestri
3582 2408 3633 2453 et
3666 2398 3756 2452 tri-

2168 2468 2363 2539 mestri,
2394 2474 2439 2518 et
2468 2467 2541 2519 ita
2564 2468 2825 2539 deinceps,
2851 2469 3150 2534 adoleverit,
3184 2468 3346 2524 Deum
3373 2478 3506 2524 certe
3536 2486 3641 2522 non
3663 2486 3757 2539 ap-

2170 2534 2449 2601 pellavero,
2486 2536 2714 2607 proferre
2743 2534 2843 2590 non
2866 2539 3141 2603 dubitaret,
3166 2540 3297 2593 sicut
3323 2550 3429 2593 tum
3457 2558 3486 2591 a
3517 2534 3757 2605 Socrate,

2169 2613 2277 2657 tum
2305 2622 2337 2657 a
2368 2609 2537 2672 priore
2565 2607 2785 2661 concilio
2818 2608 3006 2676 Ephesi
3033 2610 3303 2674 celebrato,
3338 2613 3606 2677 perspicue
3640 2626 3758 2663 nar-

2168 2687 2339 2751 ra'um
2367 2689 2463 2751 est.
2497 2678 2792 2751 [lucusque
2817 2680 3095 2751 Evagrins,
3124 2682 3219 2751 qui
3249 2691 3305 2735 et
3346 2680 3570 2735 inferius
3593 2680 3752 2751 (Cap.

2169 2744 2206 2816 'l
2231 2746 2458 2815 ejusdem
2487 2748 2607 2816 lib.)
2635 2744 2819 2802 scribit
2848 2744 3097 2805 eumdem
3121 2744 3427 2805 Nestorium
3458 2765 3487 2803 a
3528 2744 3764 2806 concilio

2172 2815 2443 2877 Ephesium
2464 2815 2805 2882 damnatum,
2825 2830 2873 2873 et
2899 2822 2949 2873 in
2973 2821 3151 2875 Oasim
3177 2820 3597 2874 fatno~issimnm
3620 2821 3739 2876 εχει
3756 2848 3767 2863 ι

2170 2884 2225 2939 lti
2258 2888 2456 2950 locum,
2510 2888 2801 2943 Theodosii
2845 2891 3188 2958 imperatoris
3233 2892 3456 2945 decreto
3500 2891 3763 2957 deporta-

2171 2963 2308 3017 tum,
2342 2958 2515 3025 lingua
2562 2973 2591 3011 a
2642 2959 2917 3013 vermibus
2953 2974 3152 3022 exesa,
3179 2974 3243 3014 ac
3286 2971 3400 3013 toto
3443 2971 3760 3028 computre-

2170 3038 2356 3080 scente
2383 3042 2635 3100 corpore,
2663 3028 2827 3100 digno
2854 3031 2923 3082 ob
2952 3029 3292 3084 imminutam
3318 3030 3765 3100 Deiparzedigni-

3323 3100 3343 3170 (
3381 3099 3506 3155 Vide
3556 3099 3757 3170 Baron.

2173 3177 2297 3220 tom.
2332 3166 2395 3234 V,
2438 3184 2576 3221 anno
2626 3166 2731 3224 450
2761 3170 2799 3237 ).
2851 3168 3153 3225 δυὺδετὶιιὶι
3195 3166 3572 3225 Theodoretus
3626 3169 3765 3225 Fab.

2176 3237 2378 3292 Ilmrct.
2421 3253 2542 3304 cap.
2571 3239 2636 3303 4,
2687 3240 2778 3293 ubi
2828 3240 2975 3306 Ita-c,
3027 3241 3169 3295 inter
3196 3240 3321 3302 alia,
3364 3240 3433 3294 de
3462 3240 3763 3297 Nestorio:

2174 3307 2434 3371 Primum,
2468 3310 2660 3376 inquit,
2688 3311 2826 3383 quod
2853 3312 3095 3364 innovare
3119 3327 3385 3383 aggressus
3408 3320 3503 3383 est,
3537 3311 3635 3383 fuit
3662 3328 3767 3383 non

2171 3391 2405 3452 oportere
2430 3388 2662 3452 sanctam
2702 3380 2982 3452 Virginem,
3015 3397 3128 3452 quia
3166 3380 3259 3434 Dei
3292 3379 3518 3435 Verbum
3538 3379 3766 3449 peperit.

2171 3448 2310 3512 quod
2334 3462 2397 3498 es
2414 3450 2536 3520 ipsa
2559 3464 2763 3520 carnem
2787 3448 3032 3519 suscepit,
3066 3449 3349 3517 Deiparam
3374 3448 3639 3520 Conﬁteri,
3675 3452 3768 3505 sed

2174 3513 2781 3591 tantum‘Christiparum
2805 3560 2821 3582 ,
2869 3513 2987 3573 cum
3014 3513 3185 3575 tamen
3218 3513 3559 3591 antiquissimi
3585 3522 3767 3575 ortho-

2173 3584 2322 3661 doxa;
2366 3585 2484 3653 ﬁdei
2520 3587 2888 3661 praedicatores
2926 3607 2991 3644 ea:
3028 3592 3310 3661 apostolica
3339 3584 3625 3645 traditione
3674 3592 3770 3646 do-

2172 3656 2368 3709 cuerint
2394 3656 2655 3711 nominare
2679 3667 2726 3711 et
2761 3661 2966 3713 credere
2990 3656 3203 3715 matrem
3230 3661 3454 3715 Domini.
3487 3663 3552 3715 Et
3581 3665 3633 3713 in
3661 3662 3769 3717 line

2172 3740 2293 3793 cap.
2329 3727 2445 3799 haec.
2471 3727 2539 3781 de
2586 3728 2784 3782 infelici
2814 3728 3043 3783 Nestorii
3086 3733 3232 3785 exitu
3267 3750 3281 3786 :
3336 3730 3489 3787 Unde
3527 3735 3771 3799 quoniam

2174 3798 2475 3872 turpissima
2509 3800 2809 3872 e_t_maa:ime
2852 3802 3193 3872 ignominiosa
3220 3814 3382 3872 m_orte
3412 3798 3625 3870 perituri
3651 3808 3771 3856 sunt

2172 3868 2360 3937 iniqui,
2402 3868 2718 3941 pontiﬁcatu
2738 3885 2827 3935 per
2853 3868 3055 3924 sanctos
3102 3873 3192 3941 qui
3245 3868 3434 3941 Ephesi
3469 3873 3768 3939 congregati

2176 3938 2857 4014 [μεθ-ρης-άὶυριιρ-ευῇϊᾳςὶο
2886 3944 3074 4011 ejectus
3103 3938 3200 4014 est,
3227 3953 3275 4014 et
3293 3938 3302 3941 ⁷
3306 3945 3463 4014 jussu
3492 3938 3772 4014 imperatos

2174 4011 2253 4094 ris.
2273 4008 2713 4094 Ousim'habitarﬁ
2729 4008 3025 4077 damnatus,
3039 4012 3203 4094 [uturi
3230 4008 3505 4094 impiorum
3525 4008 3770 4082 supplicii

2175 4080 2319 4132 ilﬁiac
2344 4080 2495 4152 coepit
2519 4081 2797 4152 exordium
2823 4098 2842 4147 ;
2884 4094 2936 4134 nt
2960 4080 3051 4152 qui
3090 4100 3122 4135 a
3160 4099 3255 4136 sua
3280 4080 3507 4137 amentia
3536 4080 3772 4138 consum-

2174 4161 2293 4219 ptus
2320 4151 2406 4223 sit,
2438 4160 2484 4202 et
2510 4151 2581 4223 in,
2614 4167 2667 4204 se
2704 4153 2896 4205 dictum
2926 4152 3163 4222 Apostoli
3192 4156 3519 4223 compleverit
3550 4170 3569 4208 :
3628 4155 3772 4220 Quo-

2176 4221 2414 4294 runtdam
2446 4222 2959 4294 hontinnmqreccata
2983 4224 3267 4294 manifesta
3294 4221 3444 4289 sunt,
3477 4225 3773 4293 praeceden-

2176 4292 2262 4364 tia_
2289 4290 2358 4364 ad
2388 4291 2651 4364 judicium
2671 4293 2697 4364 γ(
2722 4290 2901 4364 irim.
2923 4310 2957 4348 ν
3074 4290 3199 4348 llzec
3227 4290 3608 4348 Tlteodoretus
3631 4311 3646 4350 :
3678 4294 3772 4362 qui

2176 4362 2393 4430 quidem
2426 4362 2719 4431 aliquando
2743 4362 2989 4418 Nestorii‘
3007 4364 3280 4418 studiosus
3306 4374 3356 4418 et
3390 4364 3591 4431 fautor,
3620 4375 3771 4434 post-

496 4434 781 4527 tissitttatp,
812 4434 1102 4527 secundum
1137 4433 1292 4487 ﬁdem
1312 4476 1340 4527 ,Ι
1360 4433 1632 4527 Christum
1662 4434 1934 4515 hqminem
1956 4447 2076 4486 esse
2104 4467 2154 4527 υ
2180 4446 2264 4527 εδ.
2289 4444 2476 4527 mmet:
2507 4433 2871 4527 resipiscens}.
2896 4436 3164 4527 e‘qtndem.
3196 4438 3431 4527 grqviter
3475 4433 3772 4527 insectatus

496 4504 687 4559 Deum.
722 4505 788 4561 Ut
815 4514 991 4557 autem
1022 4505 1137 4558 hanc
1165 4520 1283 4573 qua:
1309 4505 1376 4559 de
1402 4504 1648 4559 Nestorio
1676 4503 1902 4573 ejusque
1929 4518 2079 4557 erro-

494 4575 645 4629 ribus
670 4576 925 4636 diximus,
954 4574 1180 4629 clariora
1213 4576 1551 4644 certioraque
1578 4576 1897 4633 reddantur,
1929 4584 2078 4627 vete-

494 4661 615 4700 rum
646 4647 963 4701 auctoritate
989 4645 1328 4711 comprobari
1359 4648 1498 4700 ratio
1522 4648 1777 4713 postulat.
1805 4645 1895 4700 Sic
1916 4644 2077 4714 igitur

495 4716 779 4786 Evagrius,
823 4714 1101 4770 Socratem
1136 4714 1274 4783 (Lib.
1319 4733 1388 4772 vn
1424 4733 1543 4787 cap.
1583 4717 1676 4784 52)
1715 4727 1772 4770 et
1809 4718 1942 4769 alios
1982 4731 2072 4787 se-

495 4797 676 4849 cotus,
691 4788 993 4842 Nestorium
1010 4789 1233 4856 ejusque
1257 4786 1478 4842 lucresis
1492 4786 1798 4856 primordia
1818 4786 2075 4842 describit

493 4856 634 4926 (Lib.
660 4873 675 4910 ι
698 4874 808 4928 cap.
835 4856 893 4924 2)
928 4875 938 4908 :
977 4855 1273 4928 Nestorius,
1296 4859 1386 4928 qui
1419 4859 1596 4924 lingua
1616 4855 1791 4928 _Deunt
1815 4873 2076 4928 oppugna-

493 4924 591 4985 Dll.
635 4928 722 4995 qui
751 4927 972 4980 alterunt
1000 4945 1114 4980 cum
1155 4924 1354 4995 Caipha
1395 4936 1574 4978 contra
1606 4924 1805 4979 Filium
1849 4924 2071 4995 Dei'co-

492 4996 594 5066 egit
616 4994 909 5059 concilium,
942 5002 1025 5066 qui
1051 4994 1379 5064 blasphemia:
1408 4998 1656 5066 ofﬁcinam
1697 4998 1750 5048 in
1796 5013 1897 5063 qua
1924 4994 2073 5047 Chri-

491 5077 598 5121 stus
626 5066 794 5117 denuo
818 5068 1104 5119 trucidatur
1134 5077 1181 5121 et
1211 5068 1500 5122 divenditur
1518 5067 1782 5130 instruxit,
1814 5067 1902 5134 qui
1925 5075 2073 5117 uatu-

490 5155 577 5191 ras
606 5137 748 5191 illius
768 5136 883 5209 (qui
898 5136 972 5209 in,
987 5138 1095 5209 ipsa
1123 5155 1274 5191 cruce
1298 5156 1359 5193 ne
1380 5154 1435 5191 os
1463 5136 1697 5209 quidem,
1727 5136 1801 5187 uti
1828 5136 2073 5209 scriptum

490 5222 584 5277 est,
634 5208 843 5262 omnino
888 5206 1063 5259 habuit
1090 5213 1432 5275 confractum,
1475 5206 1637 5278 neque
1664 5216 1844 5260 uestem
1872 5206 2073 5276 penitus

492 5280 717 5334 textilem
744 5296 775 5331 a
805 5278 1076 5347 parricidis
1106 5278 1392 5344 discissam)
1425 5280 1593 5333 divisit
1623 5278 1923 5347 diremitque
1942 5318 1955 5340 ,
1982 5295 2073 5331 vo-

490 5365 599 5403 cem
630 5351 762 5403 hanc
789 5347 1065 5418 Deiparam
1095 5366 1126 5402 a
1156 5348 1331 5402 multis
1362 5349 1502 5401 lectis
1532 5353 1869 5419 spectatisque
1898 5347 2075 5400 Patri-

492 5420 584 5491 bus
630 5420 930 5491 fabricatam
978 5422 1167 5490 repulit
1207 5430 1359 5491 atque
1403 5421 1530 5473 adeo
1574 5424 1782 5491 rejecit,
1821 5429 1866 5473 et
1901 5435 2070 5491 vocent

491 5489 856 5545 Cms‘rmnsu
885 5507 916 5543 a
945 5508 999 5544 se
1036 5489 1344 5547 ’reterato‘rie
1393 5491 1603 5561 effictam
1625 5489 1684 5545 et
1726 5493 1998 5561 con/latam
2031 5490 2072 5543 ei

492 5561 770 5633 opposuit,
815 5562 1245 5633 seditionibusque
1282 5560 1498 5631 inﬁnitis
1512 5562 1733 5633 _refersit
1763 5560 2067 5633 Ecclesium,

494 5630 645 5701 atque
666 5632 919 5703 intestina
934 5646 995 5683 ac
1017 5632 1153 5684 civili
1166 5630 1442 5703 sanguinis
1464 5630 1715 5698 e/I'usionc
1742 5630 1971 5699 replerit.
1996 5633 2071 5703 Et

564 5712 615 5758 st
643 5717 805 5773 pauca
839 5720 852 5756 :
883 5702 1201 5773 Consertatio
1230 5702 1283 5755 in
1314 5702 1552 5756 Ecclesiis
1577 5714 1815 5765 suscepta
1844 5704 1960 5756 hinc
1983 5702 2071 5756 ha-

525 5776 600 5832 uit
644 5772 869 5832 initium.
919 5772 1221 5831 Anastasius
1270 5774 1478 5843 quidam
1529 5774 1794 5844 presbyter
1838 5790 2069 5844 perversa

2183 4511 2288 4556 est.
2325 4505 2419 4557 llis
2444 4503 2659 4557 demum
2688 4504 2896 4559 accedit
2919 4504 3235 4561 Vincentius
3258 4505 3557 4560 Lirinensis
3598 4506 3769 4559 nostri

2182 4572 2423 4629 Cassiani
2475 4574 2717 4646 aequalis,
2767 4574 3018 4646 idemque
3050 4576 3430 4631 haereticorum
3475 4576 3771 4631 insectator

2182 4648 2515 4699 acerrimus:
2545 4643 2841 4710 Nestorius,
2872 4643 3045 4716 inquit
3068 4646 3399 4715 (Commonit.
3431 4661 3471 4710 ι,
3500 4664 3617 4716 cap.
3654 4646 3769 4716 Π),

2183 4716 2444 4768 contrario
2475 4715 2767 4784 Apollinari
2790 4715 2991 4780 morbo,
3022 4720 3144 4770 dum
3170 4733 3278 4772 sese
3305 4720 3433 4771 duas
3473 4717 3529 4771 in
3565 4715 3769 4773 Christo

2181 4785 2495 4837 substantias
2523 4787 2839 4857 distinguere
2865 4788 3094 4856 simulat,
3127 4790 3255 4841 duas
3282 4788 3561 4842 introducit
3585 4803 3771 4855 repen-

2182 4863 2229 4927 te
2256 4867 2606 4927 personas,et
2632 4857 2868 4911 inaudito
2911 4860 3100 4912 scelere
3150 4859 3282 4913 duos
3328 4865 3436 4910 vult
3480 4874 3589 4913 esse
3630 4859 3769 4927 ﬁlios

2183 4924 2297 4985 Dei.
2330 4926 2460 4978 duos
2488 4924 2761 4991 Christos;
2806 4945 2967 4982 unum
2998 4929 3180 4993 Deum,
3227 4928 3445 4980 alterum
3476 4924 3771 4995 hominem;

2183 5011 2341 5047 unum
2371 4997 2457 5062 qui
2485 5012 2547 5051 ex
2570 4996 2744 5063 Patre,
2760 4997 2979 5054 alterum
2995 5000 3081 5063 qui
3108 5000 3171 5051 sit
3192 5009 3465 5067 generatus
3494 5015 3559 5051 ex
3576 4998 3770 5053 Matre.

2181 5068 2349 5135 Atque
2377 5068 2492 5121 ideo
2517 5071 2697 5123 asserit
2734 5082 2963 5123 sanctam
2994 5068 3221 5121 Mariam
3263 5084 3365 5122 non
3392 5069 3659 5133 Θεοτόκον,
3680 5068 3772 5124 sed

2181 5140 2525 5211 Eata'ro'ro'uou
2541 5156 2650 5211 esse
2680 5140 2983 5211 dicendam;
3012 5138 3134 5211 quia
3154 5137 3346 5211 scilicet
3378 5154 3443 5192 e:r.
3470 5156 3533 5193 ea
3554 5156 3659 5193 non
3683 5141 3771 5195 ille

2181 5205 2417 5279 Christus
2440 5210 2528 5279 qui
2569 5210 2739 5274 Deus,
2770 5210 2859 5262 sed
2903 5209 2990 5261 ille
3026 5205 3121 5278 qui
3166 5221 3275 5261 erat
3306 5209 3458 5263 homo
3503 5221 3651 5265 natus
3680 5213 3765 5264 sit.

2182 5277 2309 5348 llaec
2334 5277 2470 5345 ipse,
2502 5289 2556 5334 et
2582 5296 2710 5348 quae
2726 5290 3019 5348 sequuntur
3048 5277 3114 5333 in
3141 5280 3386 5334 eamdem
3417 5282 3767 5335 sententiam.

2180 5346 2350 5402 Porro
2395 5346 2653 5405 adversus
2696 5346 3025 5415 Nestorium,
3074 5359 3133 5404 ut
3158 5350 3360 5405 dictum
3392 5362 3500 5416 est,
3530 5364 3763 5420 congre-

2175 5430 2295 5488 gata
2322 5422 2561 5492 synodus
2582 5420 2901 5475 universalis
2932 5421 3233 5491 Ephesius,
3270 5431 3432 5491 atque
3463 5423 3608 5476 inter
3627 5435 3765 5492 qua-

2174 5497 2298 5543 tuor
2323 5490 2522 5558 primas
2549 5499 2604 5545 et
2628 5490 3004 5547 sacrosanctas
3027 5493 3187 5548 tertio
3214 5490 3636 5547 lococelebrata
3667 5490 3769 5546 sub

2173 5558 2465 5619 Ctelestino
2495 5563 2751 5633 pontifice
2788 5572 2843 5615 et
2868 5565 3070 5635 Cyrillo
3102 5562 3469 5617 Alexandrino
3514 5562 3636 5631 ejus
3682 5561 3767 5635 vi-

2173 5646 2265 5688 ces
2285 5632 2528 5704 gerente,
2560 5635 2846 5703 praedictos
2870 5632 3082 5689 errores
3118 5648 3241 5689 cum
3273 5648 3372 5688 suo
3414 5645 3639 5689 auctore
3669 5632 3767 5687 da-

2172 5707 2396 5767 mnavit,
2429 5705 2576 5759 edito
2604 5704 2801 5760 ibidem
2833 5706 2935 5761 hoc
2960 5706 3181 5761 decreto
3210 5724 3221 5759 :
3259 5705 3318 5761 Si
3366 5705 3481 5774 quis
3509 5721 3610 5774 non
3637 5719 3766 5757 con-

2170 5774 2345 5846 ﬁtetur
2371 5776 2762 5834 Emmanuelem
2784 5778 3064 5835 secundum
3106 5778 3373 5834 veritatem
3415 5792 3528 5834 esse
3575 5773 3765 5843 Deum,
