3976 6180
517 160 591 223 εδ
1851 144 2135 206 JOANNIS
2172 142 2483 203 CASSIANI
3712 144 3776 203 ω

526 296 553 325 ι
579 284 939 352 antiquiorem
967 296 1028 337 se
1057 279 1216 350 parit.
1241 277 1318 333 Ac
1346 276 1414 332 de
1439 275 1542 330 hoc
1569 271 1785 344 quidem
1810 279 1917 325 tam
1942 270 2110 325 stulto
2138 272 2187 331 Α
2214 269 2380 323 ratu?
2417 267 2475 323 Si
2507 266 2692 337 utique
2721 265 2880 320 homo
2910 280 2977 321 ex
3009 262 3250 335 homine,
3294 272 3352 321 et
3394 277 3523 321 caro
3561 268 3778 319 tantum-

522 387 845 447 argumento
878 415 893 439 ,
950 387 1063 443 quo
1123 368 1454 424 nativitatem
1505 366 1596 420 Dei
1643 361 1846 419 Carnali
1910 361 2112 415 intelli-

523 472 705 540 gentia
742 468 1112 522 aestimandam
1167 471 1344 529 putas,
1375 469 1432 513 et
1461 458 1774 521 mysterium
1816 453 2111 521 maiestatis

525 560 776 617 hutnauis
798 558 976 612 credis
1003 553 1335 608 censendum
1375 562 1499 603 esse
1525 547 1851 610 rationibus,
1899 557 2108 612 postea,

524 654 571 709 si
632 651 771 706 Deus
828 656 1049 711 annuet,
1101 642 1536 712 disputabimus;
1597 653 1740 692 nunc
1796 637 2010 690 interim
2057 644 2113 690 et

525 742 798 801 Christum
829 740 1020 802 Deum,
1043 749 1089 792 et
1121 736 1340 791 Mariam
1365 743 1591 787 matrem
1620 730 1711 783 Dei
1740 729 1938 782 divinis
1962 726 2113 781 testi-

522 839 624 893 bus
653 836 1037 907 approbemus.
1068 829 1206 885 Audi
1231 830 1410 897 itaque
1432 827 1740 893 loquentem
1767 821 1832 874 ad
1867 830 2109 889 pastores

526 928 595 984 de
638 927 729 981 Dei
757 935 879 979 ortu
908 925 1153 991 angelum
1186 918 1318 973 Dei:
1372 915 1541 969 Natus
1587 924 1681 977 est,
1740 913 1933 982 inquit,
1971 909 2112 962 vobis

524 1020 676 1074 hodie
708 1014 968 1075 Salvator,
996 1014 1081 1083 qui
1104 1021 1176 1065 est
1215 1009 1452 1063 Christus
1499 1004 1778 1072 Dominus,
1808 1005 1864 1056 in
1911 1002 2111 1056 civitate

525 1112 694 1167 David
725 1108 904 1180 (Lucro
946 1111 1027 1174 tt).
1060 1103 1135 1158 Ne
1154 1102 1328 1157 solum
1377 1100 1562 1167 utique
1608 1098 1660 1150 in
1691 1095 1906 1150 Christo
1938 1094 2112 1147 horni-

524 1218 647 1259 nem
672 1202 1022 1269 intelligeres,
1054 1204 1108 1250 et
1133 1192 1346 1248 Domini
1387 1192 1481 1245 tibi
1514 1201 1567 1244 et
1594 1188 1889 1243 Salvatoris
1914 1199 2108 1239 nomen

524 1295 743 1364 adjecit,
760 1292 962 1347 scilicet
986 1298 1040 1341 ut
1057 1302 1216 1357 quem
1238 1282 1575 1340 Salvatorem
1598 1296 1718 1335 esse
1732 1292 2107 1347 cegnosceres,

531 1389 701 1444 Deum
746 1396 1081 1452 nequaquam
1113 1393 1237 1434 esse
1266 1377 1577 1439 dubitares;
1608 1381 1661 1429 et
1688 1388 1812 1428 cum
1865 1368 2109 1424 salvandi

525 1482 693 1534 virtus
726 1491 832 1530 non
874 1473 975 1527 nisi
1028 1462 1583 1538 divituecmnpeteret
1611 1465 1886 1535 poteSIati,
1915 1463 2109 1517 divinae

528 1586 651 1628 esse
672 1585 794 1624 cum
830 1566 1082 1637 potentiue
1116 1579 1219 1618 non
1249 1563 1575 1631 ambigeres,
1600 1561 1651 1614 in
1680 1574 1787 1630 quo
1813 1557 2107 1627 potentiam

2215 361 2375 417 modo
2401 360 2721 415 nascebatur
2749 374 2818 414 ex
2848 374 3035 420 carne,
3060 356 3233 426 jussio
3276 358 3476 427 quippe
3498 365 3695 412 tantum
3720 357 3781 413 ad

2214 455 2269 510 id
2300 463 2547 523 potuerat
2567 464 2657 522 aut
2687 452 2936 506 voluntas
2957 446 3135 506 divina
3168 448 3417 505 sufficere
3472 440 3527 508 Si
3558 448 3697 505 enim
3722 449 3780 506 ad

2210 548 2557 603 fabricandos
2605 547 2805 612 caelos,
2858 544 3185 599 fundendum
3237 552 3459 608 terram,
3509 542 3783 598 creandum

2213 656 2383 706 mare,
2418 640 2578 695 sedes
2608 636 2840 705 denique
2869 646 2922 692 et
2973 638 3221 701 thronos,
3253 643 3309 690 et
3334 634 3577 705 angelos,
3624 643 3678 689 et
3709 648 3785 689 ar-

2212 735 2525 805 changelos,
2562 740 2616 787 et
2645 731 3001 802 principatus,
3028 740 3082 785 et
3104 738 3419 800 potestates,
3442 727 3488 783 si
3510 727 3576 782 ad
3607 736 3787 784 crean-

2211 828 2334 883 dam
2370 837 2650 897 postremo
2677 838 2894 879 omnem
2917 823 3196 878 etnlestem
3227 822 3504 887 militiam,
3537 829 3593 875 et
3616 820 3681 876 ad
3707 819 3788 876 illa

2210 920 2491 975 innumera
2513 918 2828 973 divinorum
2851 916 3193 971 exercituum
3218 913 3441 967 millium
3466 912 3657 997 millia,
3680 912 3791 967 sola

2212 1012 2315 1068 sibi
2350 1023 2557 1068 tantum
2586 1013 2835 1068 voluntas
2863 1012 2958 1067 Dei
2984 1011 3378 1082 imperiumque
3412 1002 3624 1062 suffecit
3645 1007 3791 1078 (quia

2210 1106 2323 1175 ipse
2347 1107 2501 1169 dixit,
2530 1112 2576 1159 et
2604 1108 2742 1176 facta
2770 1113 2923 1167 sunt;
2948 1105 3059 1175 ipse
3078 1102 3362 1165 mandavit,
3393 1107 3441 1153 et
3475 1108 3643 1153 creata
3686 1106 3791 1152 sunt

2213 1197 2438 1270 (Psalm.
2473 1199 2687 1266 xsxrr),
2719 1212 2817 1254 cur
2862 1197 2914 1251 id
2948 1196 3015 1250 ad
3044 1197 3455 1265 conceptionem
3488 1192 3569 1263 (ut
3610 1202 3666 1247 tu
3694 1190 3791 1259 ais)

2213 1293 2373 1347 unius
2425 1290 2656 1346 hominis
2688 1306 2878 1361 parum
2907 1290 3083 1343 visum
3115 1295 3217 1353 est,
3246 1282 3388 1356 quod
3422 1283 3555 1338 satis
3584 1279 3651 1337 ad
3679 1297 3791 1352 pro-

2209 1386 2545 1441 creationem
2584 1384 2891 1439 divinorum
2940 1380 3181 1436 omnium
3229 1378 3373 1433 fuit?
3404 1386 3463 1432 et
3483 1372 3534 1431 id
3562 1371 3791 1446 potentia

2211 1493 2274 1532 ac
2305 1478 2561 1548 maiestas
2590 1476 2687 1532 Dei
2716 1478 2771 1531 in
2800 1487 2925 1530 ortu
2977 1475 3134 1529 unius
3183 1470 3430 1526 infantuli
3467 1484 3657 1539 partim
3685 1482 3791 1521 cre-

2214 1570 2370 1634 didit,
2428 1566 2571 1641 quod
2622 1567 2688 1624 ad
2744 1567 3114 1623 conditionem
3171 1574 3508 1620 terrenorum
3560 1557 3793 1617 omnium

528 1662 771 1719 salvandi
801 1675 922 1715 esse
947 1658 1250 1713 didicisses.
1309 1655 1415 1710 Sed
1472 1654 1573 1708 hoc
1602 1650 1968 1706 incredulitati
2011 1659 2112 1702 tuae
2145 1656 2189 1716 Β
2218 1665 2631 1731 εωιεειίυιηηυο
2685 1661 2916 1717 summa,
2962 1661 3068 1717 sed
3119 1658 3248 1715 ξιιυά
3290 1656 3474 1725 utique
3502 1662 3623 1721 est,
3654 1652 3795 1724 quod

526 1769 715 1825 parum
747 1752 973 1806 fortasse
997 1752 1260 1817 videatur,
1286 1748 1409 1817 quia
1436 1762 1555 1800 cum
1574 1744 1797 1815 angelus
1822 1742 2105 1797 Domintnn

529 1849 709 1919 potius
758 1856 811 1900 et
858 1843 1191 1899 Salvatorem
1242 1856 1400 1911 quam
1452 1838 1619 1893 Deum
1672 1847 1762 1892 aut
1792 1836 1885 1891 Dei
1916 1837 2108 1889 Filium

528 1940 845 2001 nowinavit,
873 1953 994 1992 cum
1016 1938 1199 2003 utique
1222 1932 1539 2003 impiissime
1567 1932 1731 1987 Deum
1765 1946 1927 2000 neges
1949 1944 2108 1999 quem

527 2032 865 2087 Salvatorem
896 2043 1016 2083 esse
1045 2028 1283 2080 fatearis.
1317 2024 1456 2079 Audi
1486 2038 1702 2092 quoque
1724 2024 2109 2088 archangelum

528 2122 835 2181 Gabrielcrn
895 2122 1074 2176 Mariae
1112 2117 1310 2188 virgini
1353 2115 1733 2185 praedicantem
1770 2130 1782 2166 :
1842 2112 2106 2185 Spiritus,

526 2218 723 2282 inquit,
756 2226 958 2269 sanctus
988 2213 1150 2268 veniet
1193 2211 1247 2263 in
1276 2220 1343 2272 te,
1376 2217 1423 2261 et
1452 2210 1608 2262 virtus
1640 2206 1886 2260 Altissimi
1936 2204 2111 2259 obum-

526 2309 688 2361 brabit
719 2309 846 2361 tibi:
876 2308 991 2358 ideo
1022 2312 1066 2356 et
1097 2303 1233 2372 quod
1262 2312 1496 2355 nascetur
1518 2303 1570 2353 in
1593 2309 1638 2351 te
1659 2306 1925 2363 sanctum,
1954 2314 2110 2351 voca-

529 2397 665 2449 bitur
697 2394 871 2449 Filius
898 2396 992 2448 Dei
1021 2394 1199 2465 (Lucae
1224 2392 1285 2464 t).
1314 2392 1471 2444 Vides
1497 2389 1950 2457 quemadmodum
1972 2389 2111 2442 nati-

529 2487 751 2542 vitatem
786 2487 880 2541 Dei
915 2486 1275 2550 indicaturus,
1308 2484 1616 2538 Divinitatis
1644 2497 1805 2551 opera
1838 2482 2116 2552 praemise-

528 2584 639 2640 rit?
672 2583 903 2653 Spiritus
933 2582 1076 2635 enim
1121 2590 1349 2646 sanctus,
1397 2578 1605 2647 inquit,
1640 2577 1822 2630 veniet
1851 2578 1901 2629 in
1947 2585 2025 2640 te,
2067 2584 2117 2629 et

530 2678 691 2729 virtus
716 2675 965 2727 Altissimi
998 2672 1311 2726 obumbrabit
1339 2672 1449 2726 tibi.
1484 2670 1853 2726 Pulcherrime
1886 2670 2114 2739 loquens

536 2768 779 2838 angelus,
831 2767 1110 2820 divinitate
1166 2766 1493 2830 verborum,
1552 2764 1893 2833 majestatem
1948 2763 2114 2817 divini

532 2860 709 2929 otteris
733 2859 1007 2927 explicuit.
1039 2856 1274 2925 Spiritus
1304 2856 1447 2910 enim
1471 2867 1688 2908 sanctus
1720 2854 1955 2923 Vit-ginis
1983 2856 2116 2908 inte-

530 2954 672 3007 riora
707 2950 1084 3016 sauctificans,
1132 2958 1190 3004 et
1216 2950 1266 3001 in
1300 2949 1385 3001 his
1412 2948 1647 3016 potentia
1680 2947 1975 3001 divinitatis
2005 2962 2116 3000 sua:

2212 1758 2302 1812 illa
2336 1757 2515 1811 omnia
2544 1768 2713 1824 Opera
2755 1764 2877 1808 acta
2930 1753 3142 1807 fuerant
3191 1764 3288 1818 per
3310 1747 3606 1817 iussionem
3656 1744 3795 1809 Dei;

2212 1849 2468 1904 nativitas
2497 1857 2675 1901 autem
2704 1845 2911 1915 agenda
2945 1852 3051 1897 nan
3084 1852 3199 1897 erat
3234 1840 3335 1895 nisi
3370 1855 3461 1909 per
3487 1838 3792 1902 adventum,

2209 1941 2334 2008 quia
2358 1950 2413 1993 et
2431 1937 2640 2007 concipi
2666 1937 2733 1991 ab
2765 1936 2982 1990 homine
3010 1932 3151 1987 Deus
3179 1932 3281 1987 nisi
3329 1945 3388 1986 se
3430 1928 3693 1997 donante,
3742 1936 3794 1983 et

2214 2030 2363 2085 nasci
2395 2029 2496 2084 nisi
2523 2043 2583 2083 se
2609 2029 2884 2095 illabente,
2920 2042 3024 2080 non
3060 2034 3307 2095 poterat;
3340 2034 3395 2079 et
3422 2023 3545 2079 ideo
3569 2024 3797 2077 archan-

2213 2122 2363 2193 gelus
2386 2130 2829 2190 superventuram
2866 2118 3070 2189 Virgini
3115 2117 3452 2185 majestatem
3485 2126 3693 2170 sacram
3722 2114 3801 2169 in-

2214 2213 2449 2277 dicabat,
2477 2212 2728 2267 videlicet
2758 2222 2812 2265 ut
2834 2210 2955 2281 quia
2988 2208 3075 2280 agi
3105 2216 3250 2264 tanta
3284 2224 3369 2263 res
3399 2220 3493 2276 per
3518 2207 3797 2261 hominum

2214 2305 2452 2359 officium
2503 2320 2609 2359 non
2664 2304 2906 2367 valebat,
2960 2302 3130 2372 ipsius
3185 2300 3251 2355 ad
3299 2300 3531 2355 futuram
3585 2298 3805 2355 deceret

2215 2395 2393 2468 [Lips.
2421 2396 2474 2448 in
2500 2410 2666 2467 marg.
2694 2392 2935 2465 diceret]
2959 2394 3297 2462 majestatem
3323 2394 3374 2446 in
3397 2399 3691 2459 conceptu,
3714 2388 3806 2459 qui

2216 2501 2333 2544 erat
2364 2488 2573 2543 futurus
2618 2490 2670 2541 in
2724 2497 2903 2557 partu.
2960 2487 3024 2540 Et
3055 2486 3177 2541 ideo
3234 2485 3515 2540 descendit
3568 2484 3808 2539 Verbum

2220 2580 2410 2642 Filius,
2443 2580 2595 2633 adest
2626 2579 2883 2645 majestas
2915 2577 3147 2647 Spiritus
3169 2578 3363 2641 sancti,
3404 2578 3574 2631 virtus
3614 2577 3809 2631 obum-

2218 2671 2395 2726 bravit
2438 2670 2631 2735 Patris,
2666 2671 2853 2739 utique
2898 2677 2957 2723 nt
3000 2669 3054 2722 in
3084 2678 3425 2722 sacramento
3464 2680 3635 2721 sacra:
3683 2681 3812 2721 con-

2218 2764 2488 2830 ceptionis
2551 2763 2728 2815 omnis
2786 2769 2933 2815 esset
2965 2759 3275 2830 cooperalio
3330 2760 3631 2814 Trinitatis.
3686 2759 3814 2815 Ideo

2220 2855 2437 2924 inquit:
2487 2854 2555 2907 Et
2597 2854 2737 2923 quod
2778 2861 3015 2907 nascetur
3045 2868 3108 2906 ex
3137 2862 3182 2906 te
3234 2861 3490 2920 sanctum,
3544 2852 3817 2907 vocabitur

2220 2944 2394 3000 Filius
2420 2946 2533 2998 Dei.
2566 2946 2708 2997 Bene
2731 2944 2954 3006 addidit,
2984 2944 3121 3005 ideo,
3152 2950 3209 2996 ut
3240 2944 3554 2996 ostenderet
3597 2946 3819 3001 scilicet

527 3044 764 3112 Spirutts,
794 3039 822 3078 ι)
851 3039 1102 3093 humanm
1152 3053 1212 3093 se
1241 3039 1467 3092 inseruit
1512 3038 1832 3106 miscuitque
1878 3048 2109 3103 naturae,
2139 3041 2186 3106 α
2220 3037 2338 3092 ideo
2371 3038 2483 3091 haec
2515 3045 2785 3100 secutura,
2837 3036 2958 3103 quia
2991 3034 3204 3088 fuerant
3254 3034 3347 3087 illa
3393 3034 3672 3102 praemissa
3700 3052 3716 3099 ;
3767 3046 3822 3091 et

528 3142 687 3202 atque
729 3132 779 3185 id
832 3130 972 3201 quod
1024 3131 1257 3185 alienum
1285 3144 1313 3183 a
1346 3144 1403 3183 se
1437 3130 1609 3182 fuerat
1637 3145 1792 3183 suum
1824 3128 1972 3191 fecit,
2000 3130 2110 3183 vir-

530 3234 643 3280 tute
673 3226 721 3277 id
747 3239 867 3287 sna,
894 3222 1118 3288 scilicet,
1147 3237 1209 3275 ac
1231 3220 1514 3290 majestate
1556 3236 1909 3290 praesumens.
1944 3224 2019 3276 Ac
2048 3236 2114 3275 ne

528 3317 595 3373 ad
622 3317 893 3370 introitum
925 3316 1214 3368 divinitatis
1275 3316 1505 3367 humana
1557 3312 1788 3368 fortasse
1832 3313 2114 3367 infirmitas

528 3424 635 3465 non
665 3409 1005 3465 subsisteret,
1039 3404 1397 3457 venerandam
1423 3404 1678 3457 omnibus
1708 3404 1978 3470 Virginem
2008 3404 2116 3456 vir-

529 3512 615 3558 tus
647 3497 906 3555 Altissimi
936 3495 1241 3557 roboravit,
1267 3503 1321 3547 ut
1345 3510 1662 3559 corpoream
1691 3495 2112 3551 imbecillitatem

528 3588 849 3648 circumfusa
882 3587 1084 3639 umbra:
1115 3600 1225 3637 sum
1252 3584 1591 3653 proiectione
1636 3587 1899 3652 firmaret,
1947 3596 2001 3641 ct
2046 3587 2113 3642 ad

529 3677 1012 3737 consummandum
1042 3685 1335 3746 conceptus
1362 3678 1501 3731 sacri
1540 3678 1903 3734 inenarrabile
1931 3693 2114 3735 sacra-

529 3782 769 3830 mentum
828 3774 1060 3825 humana
1115 3772 1401 3826 infirmitas
1446 3785 1552 3825 non
1602 3772 1896 3839 deficeret,
1953 3787 2114 3843 quam

528 3866 707 3923 divina
738 3865 1080 3919 obumbratio
1109 3867 1423 3919 sustineret.
1481 3864 1713 3930 Spiritus
1743 3881 1882 3936 ergo,
1919 3866 2114 3931 inquit,

529 3971 733 4013 sanctus
780 3958 938 4011 veniet
985 3957 1038 4009 in
1092 3966 1159 4019 te,
1212 3966 1257 4009 et
1286 3957 1449 4009 virtus
1492 3955 1747 4008 Altissimi
1797 3955 2117 4009 obumbrabit

528 4051 642 4106 tibi.
679 4051 732 4105 Si
761 4052 1065 4105 nasciturus
1096 4050 1275 4117 itaque
1311 4049 1380 4102 de
1416 4062 1547 4102 sana
1577 4049 1791 4117 Virgine
1820 4050 1978 4103 homo
2000 4059 2118 4105 tan-

532 4142 807 4198 tummodo
843 4140 1117 4194 solitarius
1166 4149 1303 4203 erat,
1334 4140 1461 4208 quid
1511 4149 1660 4193 tanto
1690 4141 1950 4208 agebatur
1976 4143 2115 4197 sacri

529 4232 790 4287 adventus
821 4230 1049 4284 nuntio?
1080 4230 1209 4299 quid
1241 4240 1388 4284 tanto
1417 4229 1714 4285 divinitatis
1753 4232 1922 4301 ipsius
1945 4247 2112 4303 appa-

2214 3132 2336 3201 quia
2374 3130 2511 3185 Deus
2542 3128 2946 3197 supervenisset
2999 3131 3048 3181 in
3080 3127 3452 3196 conceptione,
3503 3126 3625 3181 ideo
3664 3129 3821 3185 Deus

2220 3224 2430 3278 futurus
2459 3231 2607 3277 esset
2660 3220 2715 3274 in
2770 3230 2947 3288 partu.
3000 3218 3282 3273 Rationem
3327 3233 3459 3289 ergo
3508 3228 3674 3273 tantae
3738 3222 3822 3277 rei

2219 3317 2411 3388 puellae
2442 3314 2677 3369 reddidit
2720 3313 3012 3378 nescienti,
3050 3313 3281 3367 dicens:
3314 3311 3507 3381 Utique
3531 3315 3654 3383 quia
3689 3313 3822 3382 Spi-

2217 3410 2353 3460 ritus
2378 3419 2586 3460 sanctus
2609 3407 2946 3473 superveniet,
2972 3415 3021 3460 et
3045 3408 3165 3475 quia
3182 3406 3342 3460 virtus
3360 3405 3613 3459 Altissimi
3630 3408 3825 3462 obum-

2222 3499 2406 3564 brabit,
2448 3500 2562 3551 ideo
2588 3508 2635 3551 et
2663 3500 2802 3568 quod
2831 3508 3072 3553 nascetur
3100 3510 3357 3563 sanctum,
3387 3500 3653 3553 vocabitur
3712 3499 3824 3556 Fi-

2221 3586 2321 3641 lius
2351 3588 2468 3642 Dei.
2523 3586 2635 3641 Hoc
2683 3594 2769 3641 est
2792 3588 3014 3644 dicere:
3047 3588 3126 3643 Ne
3152 3591 3385 3658 ignores,
3416 3587 3608 3659 inquit,
3665 3590 3829 3650 hunc

2219 3687 2382 3735 tanta:
2411 3682 2487 3735 rei
2521 3688 2862 3749 apparatum,
2894 3680 2995 3736 hoc
3023 3681 3158 3735 tanti
3213 3681 3455 3752 mystcrii
3496 3696 3827 3740 sacramen-

2214 3782 2354 3838 tum,
2381 3774 2503 3830 ideo
2529 3775 2579 3827 in
2617 3787 2667 3829 te
2692 3783 2802 3828 tota
2838 3777 3021 3830 veniet
3042 3777 3297 3845 maiestas
3343 3776 3464 3840 Dei,
3491 3777 3613 3845 quia
3646 3793 3722 3833 ex
3773 3791 3829 3836 te

2221 3876 2477 3920 nascetur
2511 3866 2677 3921 Filius
2724 3866 2841 3920 Dei.
2876 3867 3017 3933 Quid
3064 3867 3152 3922 hic
3183 3868 3316 3922 ultra
3359 3867 3533 3921 adhuc
3561 3870 3779 3939 ambigi
3810 3914 3828 3940 ,

2220 3966 2312 4013 aut
2332 3958 2465 4029 quid
2497 3960 2727 4026 amplius
2751 3959 2853 4013 dici
2890 3969 3065 4027 potest
3091 3959 3115 4013 τ
3162 3963 3327 4015 Deum
3352 3960 3486 4015 dixit
3511 3976 3825 4031 superven-

2220 4059 2420 4116 turum,
2471 4049 2563 4103 Dei
2592 4049 2787 4105 Filium
2822 4052 3177 4106 nasciturum.
3225 4053 3303 4106 Tu
3345 4067 3526 4123 qurere
3562 4070 3739 4119 nunc,
3779 4060 3830 4112 si

2218 4142 2415 4213 placet,
2464 4142 2735 4211 quomodo
2772 4151 2863 4196 aut
2914 4143 3008 4195 Dei
3064 4144 3229 4197 Filius
3264 4145 3403 4199 Deus
3433 4161 3536 4199 non
3564 4147 3671 4212 sit;
3730 4161 3833 4205 aut

2219 4234 2493 4304 quomodo
2539 4249 2659 4303 quae
2692 4234 2861 4288 Deum
2889 4233 3077 4300 edidit,
3127 4233 3455 4302 Theotocos,
3491 4237 3542 4291 id
3569 4246 3680 4305 est,
3724 4241 3831 4297 Dei

1592 4389 1847 4445 ΔΕΑιῖῡί
1887 4387 2115 4445 ΟᾹΖᾸΞΙ
2154 4388 2711 4446 COMMENTARIUS.

528 4504 671 4573 quod
701 4510 783 4557 est
830 4502 992 4567 Deus,
1046 4500 1131 4555 cui
1181 4501 1424 4569 proxime
1463 4500 1716 4573 uniunt_ur
1752 4520 1765 4554 :

528 4570 741 4641 christi,
776 4575 965 4640 inquit,
994 4589 1057 4627 ex
1085 4574 1177 4626 hoc
1206 4574 1340 4639 quod
1367 4581 1439 4626 est
1466 4573 1606 4624 unita
1634 4570 1757 4631 Deo.
1786 4580 1833 4624 et
1854 4574 2113 4627 beatitudo

435 4674 438 4678 ~
529 4661 702 4703 creata
733 4662 793 4699 ex
820 4644 915 4697 hoc
939 4644 1074 4716 quod
1101 4653 1171 4716 est
1199 4645 1377 4712 fruitio
1428 4642 1538 4703 Dei,
1571 4654 1616 4697 et
1647 4643 1714 4716 B.
1746 4642 1904 4716 Virgo
1930 4660 1990 4697 ex.
2018 4646 2116 4698 hoc

526 4720 663 4788 quod
704 4726 775 4769 est
801 4727 961 4788 mater
990 4713 1106 4788 Dei,
1134 4714 1625 4788 habentgquamdam
1662 4713 1961 4788 dignitatem
1992 4716 2112 4785 inﬁ-

529 4784 691 4840 nitam
714 4803 774 4840 ea:
803 4786 932 4839 bono
961 4786 1180 4848 inﬁnito,
1204 4786 1341 4855 quod
1362 4793 1435 4837 est
1461 4784 1597 4837 Deus
1621 4801 1639 4848 ;
1668 4784 1731 4837 eti
1755 4801 1821 4839 ea:
1847 4787 1943 4838 hac
1966 4784 2112 4851 parte

529 4874 629 4910 non
654 4865 817 4925 potest
838 4857 1039 4923 aliquid
1068 4856 1176 4916 fieri
1202 4854 1383 4907 melius
1409 4856 1503 4917 eis,
1530 4856 1656 4907 sicut
1683 4872 1783 4908 non
1810 4868 1974 4923 potest
2013 4858 2111 4910 ali-

600 4924 660 4978 id
691 4943 797 4979 esse
820 4929 1000 4979 melius
1035 4925 1164 4978 Deo.
1200 4926 1258 4977 Et
1292 4926 1483 4978 Petrus
1528 4924 1773 4977 tlanisins
1816 4926 1909 4979 lib.
1945 4942 2002 4978 ttt
2042 4928 2109 4981 de

582 4998 750 5060 iraine
779 5011 895 5061 cap.
928 4998 995 5049 13
1024 5014 1037 5048 :
1071 4996 1132 5049 Si
1159 4997 1311 5055 enim,
1338 4996 1529 5058 inquit,
1550 5012 1648 5062 quo
1665 4996 1817 5047 altior
1847 5006 1921 5047 est
1945 4998 2105 5063 ﬁlius,

528 5082 585 5137 eo
613 5067 821 5137 dignior
846 5078 1003 5119 mater
1030 5068 1280 5120 censenda
1318 5078 1421 5131 est;
1452 5068 1563 5130 quis
1579 5067 1703 5134 jure
1729 5065 1955 5137 ambigat
1986 5070 2108 5132 quin

526 5136 623 5210 ﬁlii
672 5136 867 5205 inﬁniti
907 5138 1182 5210 auctoritas
1216 5153 1281 5210 ac
1319 5139 1542 5208 dignitas
1700 5136 1913 5188 matrem
1942 5138 2110 5207 ipsam

526 5206 825 5279 redundet._
849 5222 909 5261 ac
938 5206 1182 5279 honorem
1208 5206 1508 5262 immensum
1559 5206 1638 5260 illi
1672 5210 1907 5279 conciliet
1933 5206 1969 5270 ,7
1994 5225 2111 5279 qua:

528 5280 639 5331 sola
659 5296 773 5331 cum
796 5277 951 5333 Patre
969 5274 1112 5351 ilio
1133 5286 1324 5330 (sterno
1351 5280 1520 5334 dicere
1539 5289 1706 5351 potest
1732 5293 1751 5332 :
1776 5273 1825 5329 F
1828 5279 1947 5332 ilius
1972 5273 2108 5334 meus

526 5364 580 5404 es
602 5359 688 5411 tu;
715 5367 804 5419 ego
829 5350 982 5419 genui
1005 5348 1092 5403 te?

600 5426 627 5457 ι
662 5417 771 5471 lloc
816 5417 932 5472 erat
978 5427 1351 5485 argumentum
1402 5417 1631 5474 Nestorii
1665 5437 1680 5474 :
1720 5419 1891 5475 Nemo
1930 5428 2111 5487 potest

528 5490 857 5545 anteriorem
890 5505 949 5542 se
992 5495 1210 5557 gignere
1241 5509 1257 5547 :
1312 5489 1452 5544 Deus
1500 5501 1583 5545 εει
1621 5497 1859 5545 anterior
1899 5490 2105 5555 Maria;

529 5575 635 5616 non
664 5560 825 5632 igitur
851 5558 1013 5632 diaria
1045 5558 1211 5615 Deum
1241 5566 1459 5632 gignere
1486 5567 1689 5626 potuit;
1711 5579 1877 5631 quare
1904 5578 2007 5615 non
2028 5570 2115 5617 est

529 5630 849 5699 appellanda
876 5630 969 5685 Dei
998 5630 1326 5698 genitrixﬁt
1352 5633 1611 5698 Θεοτὸκος,
1640 5637 1731 5687 sed
1752 5633 2111 5703 Χριποτόαος,

1801 4500 2113 4582 Humanitas
2146 4506 2193 4565 Ι)
2219 4502 2269 4556 id
2301 4512 2401 4566 est,
2431 4512 2600 4557 mater
2615 4503 2838 4582 Christi,
2864 4506 3096 4582 hominis
3118 4519 3345 4582 tantum,
3367 4526 3469 4566 non
3496 4512 3608 4567 Dei.
3642 4516 3837 4582 Quod

2216 4586 2588 4657 argumentum
2638 4576 2857 4657 copiose
2884 4580 3084 4657 refellit
3112 4580 3402 4637 Cassianus
3446 4584 3543 4638 lib.
3574 4576 3836 4649 vtrTSed

2216 4646 2561 4731 breviterltic
2594 4650 2906 4731 responderi
2935 4663 3139 4731 potest,
3172 4669 3276 4708 non
3314 4670 3470 4722 posse
3508 4659 3681 4713 ullum
3741 4646 3836 4731 gi:

2214 4732 2381 4798 gnere
2408 4718 2638 4798 aliquem
2668 4734 2727 4772 se
2753 4721 3111 4798 antiquiorem
3135 4767 3161 4798 ,ξ
3191 4741 3284 4780 seu
3317 4718 3688 4795 anteriorem,
3729 4718 3835 4790 sue-

2213 4789 2534 4867 eundum‘id
2566 4804 2671 4854 quo
2708 4800 2791 4845 est
2834 4795 3090 4867 anterior.
3146 4796 3325 4864 Itaque
3375 4798 3534 4851 Maria
3590 4789 3838 4867 peperit

2212 4856 2383 4938 Deunt
2408 4857 2703 4938 Christum,
2735 4878 2840 4938 non
2868 4866 3159 4919 secundum
3181 4856 3533 4927 divinitatem.
3559 4856 3838 4938 qita'erat

2212 4930 2599 5015 amorim-,Hsed
2634 4935 2929 5015 secundum
2980 4938 3384 5015 humanitatem,
3429 4954 3532 5015 qua
3564 4930 3692 4996 erat
3728 4960 3841 5015 po-

2214 5002 2432 5051 sterior.
2469 5000 2577 5053 Nec
2610 5004 2801 5056 mirum
2831 5005 2877 5057 si
2906 5008 3147 5070 exempla
3175 5005 3277 5057 alia
3308 5000 3410 5061 nou
3450 5000 3600 5065 'lialte
3620 5000 3789 5067 .mtis
3819 5036 3833 5070 ;

2216 5070 2337 5137 quin
2371 5074 2814 5150 mysterium-hnc
2841 5060 3109 5150 singulare
3136 5076 3392 5150 aSIfVirle
3430 5060 3700 5150 infrava-J

2216 5154 2272 5214 ιγ
2292 5158 2410 5209 cap.
2428 5142 2506 5207 2).
2533 5143 2592 5194 Si
2612 5147 2743 5197 ratio
2764 5146 3024 5211 συβήνην,
3044 5160 3145 5198 non
3166 5148 3261 5199 erit
3280 5142 3510 5205 mirabile
3529 5167 3547 5214 ;
3568 5154 3613 5204 si
3636 5173 3839 5211 σκέπης

2217 5210 2392 5291 pluuii
2414 5228 2513 5291 non
2544 5215 2639 5267 erit
2682 5210 2962 5291 singulare,
2988 5218 3061 5268 ait
3084 5216 3148 5291 S.
3180 5218 3506 5291 Augustinus
3530 5210 3723 5291 epist.

2291 5278 2317 5317 ι)
2361 5281 2579 5360 Scilicet
2620 5298 2717 5352 per
2755 5278 3001 5360 illapsutn
3053 5296 3107 5340 et
3139 5278 3397 5360 infinitum
3430 5278 3614 5356 gratia:

2217 5354 2597 5436 per_un_i'on_ent
2651 5364 2705 5436 et
2734 5358 3155 5436 assumptionem
3191 5354 3610 5436 Itypostaticam;
3646 5354 3839 5436 ’ψιοξ

2219 5422 2379 5476 modo
2410 5426 2638 5503 Verbum
2673 5423 2919 5503 humanae
2948 5442 3008 5483 se
3036 5422 3610 5503 inseruit'miscuitque
3645 5422 3838 5494 statu-

2212 5509 2310 5560 rae,
2347 5507 2402 5548 ιιι
2431 5496 2634 5577 dictum
2682 5504 2780 5550 est.
2814 5495 3156 5577 Solus_enim
3210 5502 3325 5577 Dei;
3346 5495 3853 5577 Filius-naturam

2215 5567 2502 5648 assumpsit
2521 5566 2832 5648 humanam,
2848 5584 2955 5623 non
2977 5569 3155 5639 Pater,
3174 5588 3276 5629 nec
3298 5574 3535 5645 Spiritus
3550 5566 3817 5638 sanctus

2217 5635 2286 5690 de
2310 5626 2419 5702 quo
2440 5636 2525 5691 hic
2555 5638 2743 5702 agitur.
2819 5626 2829 5633 ’
3221 5626 3271 5629 ’⁷
3308 5626 3529 5645 ’⁸⁷’””
3550 5626 3857 5653 ””“”’“”⁹
