3976 6180
212 221 277 281 ⁸7
1250 208 1337 268 DE
1373 203 1881 267 INCARNATlONE
1916 198 2189 260 CHRISTI
2229 198 2362 259 LIB.
2397 198 2461 259 II,
3414 198 3488 262 88

221 346 387 396 pater
411 343 541 389 esse
570 342 675 384 non
716 324 940 399 possit?
966 323 1228 382 Suilicere
1255 341 1384 396 ergo
1408 326 1525 381 haec
1547 325 1648 382 tibi
1666 328 1794 395 sola,

1904 340 2071 395 Deus.
2126 337 2240 393 Hoc
2265 339 2410 392 enim
2439 335 2741 407 appellatur
2773 336 2993 391 nomine
3014 375 3031 402 ,
3077 335 3219 406 quod
3266 346 3478 395 natura.

225 428 387 485 itan
414 422 659 481 sulIicere
686 420 810 476 haec
834 418 933 475 tibi
961 433 1171 477 summa
1200 418 1480 475 deberent.

821 530 1053 588 CAPUT
1093 532 1162 586 ΙΙΙ

231 631 551 705 Prosequitur
576 629 713 683 idem
741 633 1102 710 argumentum
1125 627 1309 680 ueteris
1336 626 1627 699 Scriptum
1657 630 1794 683 testi-

901 713 1109 751 ηιοηηε.

298 793 395 850 Sed
415 791 537 863 quia
569 788 886 846 testimonia
910 802 1083 843 saera:
1105 787 1406 843 nativitatis
1429 788 1641 844 abunde
1663 804 1793 860 sap-

235 894 420 956 petuat,
478 892 667 953 utpote
716 898 837 953 qua:
868 881 1071 936 idcirco
1118 882 1300 935 omnia
1329 880 1527 949 scripta
1569 890 1696 936 sunt
1736 892 1796 938 ut

230 976 380 1046 ipsius
409 986 579 1031 testes
617 982 834 1040 essent,
869 974 1219 1043 inspiciamus
1257 972 1311 1028 in
1355 975 1583 1043 pauxilla
1615 977 1793 1047 aliqua

227 1068 481 1136 partione,
504 1068 662 1122 etiam
686 1065 753 1120 ad
783 1065 1175 1121 nuntiatiouem
1201 1064 1271 1121 de
1300 1065 1412 1120 Deo
1437 1068 1639 1122 veteris
1661 1068 1795 1123 Tes-

230 1160 471 1228 tameuti,
504 1169 560 1216 ut
580 1159 846 1229 intelligas
869 1157 1112 1214 futurum
1130 1175 1199 1216 ex
1227 1159 1447 1228 Virgine
1470 1161 1564 1217 Dei
1590 1170 1791 1230 ortum,

225 1265 330 1306 non
379 1263 505 1307 tunc
552 1263 761 1309 tantum
800 1268 926 1307 cum
978 1251 1159 1308 factus
1183 1262 1269 1308 est
1315 1255 1658 1321 nuntiatum,
1699 1255 1794 1311 sed

226 1345 381 1403 etiam
406 1347 474 1400 ab
499 1345 916 1415 ipsoadmodum
944 1345 1134 1400 mmidi
1159 1354 1282 1399 ortu
1298 1360 1419 1401 esse
1444 1347 1791 1415 praedictum;

224 1449 405 1492 revera
450 1446 508 1491 ut
532 1439 656 1505 quia
689 1436 963 1492 ineli‘abile
990 1451 1129 1503 opus
1158 1436 1422 1507 agendum
1466 1445 1604 1505 erat,
1640 1439 1793 1494 tolle-

224 1536 300 1582 ret
341 1526 663 1595 quandoque
721 1526 1150 1581 incredulitatem
1218 1541 1397 1581 rerum
1446 1530 1787 1597 praesentium

222 1620 489 1688 praemissa
520 1635 737 1687 semper
758 1619 1093 1673 annuntiatio
1117 1618 1442 1674 futurorum.
1493 1621 1581 1674 Ait
1611 1621 1789 1691 itaque

1901 428 2054 487 Unde
2091 444 2214 485 cum
2244 428 2551 484 vocandum
2582 443 2703 482 eum
2745 426 2841 483 Dei
2870 428 3100 497 Spiritus
3128 429 3296 484 Deum
3324 430 3479 486 dixe-

1898 522 1992 590 rit,
2022 523 2214 592 probat
2237 536 2296 577 se
2323 521 2391 578 ab
2415 520 2622 591 Spiritu
2666 519 2766 577 Dei
2792 536 3041 589 vacuum,
3061 525 3153 593 qui
3184 540 3246 583 se
3273 540 3304 578 a
3347 539 3479 580 con-

1897 617 2071 672 sortio
2097 617 2275 673 reddit
2315 618 2510 674 divina:
2571 617 2990 685 nuncupationis
3036 617 3293 672 alienum.
3345 617 3480 673 Ecce

1896 727 2050 783 ergo,
2081 712 2277 781 inquit,
2306 712 2450 782 uirgo
2477 711 2752 783 concipiet,
2784 720 2831 763 et
2856 710 3020 781 pariet
3046 709 3236 777 ﬁlium,
3262 719 3311 764 et
3330 726 3478 765 uoca-

1898 804 2025 858 bunt
2067 820 2254 859 nomen
2295 808 2407 876 ejus
2437 802 2768 871 Emmanuel,
2796 803 2933 873 quod
2966 811 3038 856 est
3065 804 3473 874 interpretatum,

1900 898 2185 954 Nobiscum
2212 899 2371 954 Deus.
2402 897 2512 955 Sed
2540 898 2673 953 illud
2700 907 2787 953 est
2816 898 3039 951 forsitan
3064 912 3172 966 quo
3197 910 3259 953 se
3290 897 3478 954 inlide-

1897 992 1968 1047 lis
1988 1001 2165 1047 vertat
2196 992 2592 1062 tergiversatio,
2622 1001 2680 1045 ut
2710 991 2851 1045 dicat
2878 989 2980 1045 hoc
3000 991 3145 1058 quod
3174 990 3475 1045 vocandum

1894 1100 2017 1140 eum
2046 1086 2209 1141 Deum
2235 1086 2499 1156 propheta
2521 1084 2757 1151 dixerat,
2787 1098 2894 1138 non
2923 1094 3028 1137 tam
3052 1083 3119 1137 ad
3142 1084 3475 1149 maiestatem

1895 1175 2193 1230 divinitatis
2214 1192 2372 1244 quam
2398 1176 2467 1230 ad
2488 1174 2911 1245 appellationem
2934 1175 3168 1229 nominis
3183 1174 3472 1243 pertinere.

1896 1264 2003 1322 Sed
2033 1266 2160 1336 quid
2195 1267 2424 1321 facimus
2448 1264 2475 1304 ει
2505 1266 2650 1336 quod
2691 1265 2996 1335 appellatus
3034 1265 3137 1319 hoc
3182 1264 3398 1318 nomine
3421 1264 3475 1320 in

1894 1359 2199 1431 Evangeliis
2218 1359 2469 1416 Christus
2490 1361 2713 1415 omnino
2736 1374 2843 1413 non
2869 1369 2971 1424 est,
2995 1367 3053 1413 et
3081 1369 3258 1414 tamen
3281 1358 3475 1414 menti.

1894 1460 1982 1508 tus
2007 1468 2132 1508 esse
2157 1469 2253 1521 per
2276 1453 2594 1521 prophetam
2621 1452 2719 1507 Dei
2737 1450 2969 1522 Spiritus
2986 1452 3095 1506 dici
3116 1467 3223 1505 nou
3252 1451 3474 1521 potest?

1893 1542 2029 1609 Quid
2045 1559 2172 1613 ergo
2192 1545 2322 1599 illud
2349 1544 2467 1599 est?
2491 1544 2919 1614 utintelligamus
2933 1543 3115 1613 utique
3136 1543 3470 1613 prophetiam

1893 1633 2036 1688 illam
2063 1634 2357 1689 divinitatis
2385 1649 2583 1689 nomen
2610 1646 2734 1689 tunc
2764 1633 3096 1703 prasdixisse,
3129 1649 3236 1688 non
3264 1633 3463 1690 carnis.

221 1705 379 1765 Isaias
406 1711 667 1778 propheta
697 1730 712 1767 :
744 1718 773 1747 ⁸
804 1709 936 1764 Ecce
960 1711 1097 1781 virgo
1142 1711 1410 1782 concipiet,
1439 1718 1491 1766 et
1522 1714 1685 1781 pariet
1723 1715 1790 1781 [i-

1900 1727 2027 1782 Nam
2048 1743 2168 1783 cum
2186 1738 2208 1766 ο
2222 1727 2366 1782 aliud
2383 1728 2434 1781 in
2455 1728 2746 1797 Evangelia
2761 1726 2925 1781 homo
2948 1728 3127 1780 uuitus
3146 1726 3255 1780 Deo
3276 1742 3470 1782 nomen

219 1798 368 1867 lium,
397 1812 448 1855 et
466 1799 497 1839 δ
524 1803 779 1854 uocabunt
806 1815 986 1854 nomen
1005 1805 1113 1874 ejus
1147 1812 1169 1841 ο
1194 1800 1524 1868 Emmanuel,
1550 1804 1687 1874 quod
1714 1814 1788 1861 est

215 1889 634 1961 interpretatum,
668 1890 943 1945 Nobiscum
967 1890 1107 1946 Deus
1136 1891 1336 1964 (Isaiae
1359 1909 1434 1949 vn
1456 1893 1499 1964 ).
1530 1895 1662 1961 Quis
1705 1905 1789 1952 est

212 1981 315 2037 hie
348 1982 636 2038 incredula
661 1982 985 2053 ambiguitati
1014 1984 1208 2040 locus?
1238 1984 1631 2056 Coucepturam
1664 2004 1788 2060 pro-

214 2070 379 2143 pheta
424 2073 678 2142 virginem
720 2074 874 2143 dixit,
905 2075 1055 2146 virgo
1081 2077 1368 2146 concepit;
1413 2078 1579 2133 lilium
1614 2082 1790 2136 nasci-

218 2172 418 2231 turum,
450 2165 592 2222 ﬁlius
619 2176 777 2224 natus
815 2177 939 2236 est;
989 2169 1293 2225 vocandum
1341 2171 1532 2239 Deum,
1566 2184 1790 2230 vocatur

1893 1818 2183 1885 acceperit,
2209 1832 2429 1872 necesse
2457 1825 2543 1871 est
2562 1818 2744 1886 utique
2774 1817 2874 1872 hoc
2906 1816 3214 1870 vocabulum
3237 1816 3469 1871 hominis

1894 1908 2085 1975 fuisse,
2115 1908 2247 1962 illud
2302 1908 2615 1963 divinitatis.
2660 1908 2767 1963 Sed
2817 1922 3101 1978 pergamus
3140 1912 3384 1971 ulterius,
3417 1918 3474 1965 et

1894 2000 1999 2055 alia
2064 2001 2131 2055 ad
2179 2000 2463 2055 veritatem
2505 2001 2828 2068 probandam
2870 2002 3116 2055 veritatis
3171 2003 3475 2057 testimonia

1893 2105 2270 2148 convocemus.
2302 2090 2403 2147 Ubi
2433 2093 2578 2146 enim
2607 2091 2674 2145 de
2704 2090 2817 2145 Deo
2840 2090 3035 2161 agitur,
3065 2091 3207 2146 nulla
3236 2109 3292 2147 re
3335 2091 3475 2146 divi-

1895 2184 2038 2237 nitas
2060 2184 2253 2238 melius
2278 2197 2439 2253 quam
2460 2183 2578 2239 suis
2596 2182 2827 2239 testibus
2856 2182 3206 2252 approbatur.
3240 2183 3327 2237 Ait
3348 2198 3477 2253 ergo

1288 2310 1545 2368 ALARDI
1583 2314 1818 2374 GAZA'II
1854 2318 2419 2377 COMMENTARIUS.

290 2462 317 2490 ι
338 2450 403 2505 D.
428 2449 779 2523 Hieronymus
802 2449 860 2504 in
905 2464 1025 2523 cap.
1054 2466 1080 2523 i
1100 2450 1337 2505 Matthtei
1369 2468 1383 2503 :
1415 2449 1523 2523 Ifro
1571 2469 1649 2521 eo,
1704 2453 1788 2509 in-
1814 2432 1829 2441 ’

212 2525 359 2591 quit,
381 2522 506 2591 quod
560 2520 877 2594 evangelista
926 2520 1201 2594 Mattlucus
1229 2524 1351 2574 dicit
1382 2538 1403 2586 ;
1430 2520 1495 2574 In
1524 2520 1666 2578 utero
1695 2525 1790 2577 ha-

209 2594 371 2650 bebit.
396 2594 441 2644 in
463 2591 706 2661 prapheta
724 2595 972 2664 scriptum
1000 2602 1076 2664 est
1102 2609 1115 2643 :
1146 2591 1213 2644 In
1240 2602 1380 2664 utero
1406 2594 1636 2663 accipiet.
1681 2595 1787 2650 Sed

206 2668 480 2734 propheta,
509 2666 628 2729 quia
674 2668 850 2733 futura
876 2663 1135 2733 significat
1180 2663 1303 2731 quid
1345 2666 1576 2732 futurum
1627 2667 1717 2729 sit,
1742 2675 1789 2720 et

204 2735 393 2787 scribit
416 2735 626 2803 accipiet
657 2750 673 2785 :
706 2734 1057 2802 Evangelista,
1084 2735 1204 2800 quia
1254 2750 1355 2785 non
1382 2734 1446 2787 de
1466 2739 1664 2803 futuro,
1699 2739 1788 2791 sed

204 2804 271 2861 de
287 2808 549 2877 prizferito
572 2817 746 2877 narrat
771 2806 1059 2877 historiam,
1087 2805 1319 2866 mutauit,
1348 2807 1578 2875 accipiet,
1612 2819 1659 2860 et
1692 2825 1786 2877 po-

202 2873 326 2947 ssit,
346 2873 569 2947 _ltabebit.
598 2875 696 2942 Qui
706 2876 840 2927 enim
857 2874 1025 2947 habet,
1045 2890 1362 2947 nequaquam
1379 2873 1675 2947 accepturus
1692 2873 1787 2934 est.

275 2944 303 2981 δ
336 2945 434 3018 Sic
508 2948 649 3018 enim
703 2947 876 3018 locum
934 2944 1085 2999 Isaize
1131 2946 1261 2999 citat
1306 2956 1378 3018 et,
1401 2944 1791 3018 interpretatur

199 3014 500 3073 [animus
528 3015 677 3084 (Cap.
711 3017 771 3085 ι),
802 3031 923 3070 cum
955 3027 1129 3069 tamen
1175 3019 1315 3083 apud
1362 3014 1560 3072 Isaiam—
1612 3023 1788 3073 solum

196 3086 477 3142 habeatur
509 3102 522 3138 :
574 3085 644 3138 Et
672 3087 870 3139 vocabis
902 3103 1081 3139 nomen
1119 3088 1232 3155 ejus
1275 3086 1594 3142 Emmanuel.
1635 3091 1789 3156 Quod

198 3172 274 3212 ne
301 3158 430 3221 quis
461 3156 706 3227 miretur,
731 3160 981 3209 admonet
1025 3157 1083 3210 υ.
1143 3159 1501 3227 Hieronymus
1545 3159 1598 3210 in
1646 3162 1794 3212 illum

198 3227 385 3283 locum
416 3242 432 3278 :
460 3223 525 3277 In
549 3226 723 3277 multis
750 3227 1045 3278 testimoniis
1072 3240 1187 3292 qua:
1208 3223 1527 3290 evangelista:
1569 3230 1646 3277 vel
1675 3244 1798 3289 apo-

198 3299 317 3352 σοιί
362 3297 439 3349 de
490 3297 634 3345 hbris
660 3295 909 3344 veteribus
945 3300 1352 3355 assumpserunt,
1384 3308 1484 3342 non
1515 3308 1599 3346 eos
1624 3296 1799 3346 verbo.

197 3384 310 3423 nui
336 3364 597 3422 ordinem
622 3370 817 3414 secutos
845 3377 973 3422 esse,
1003 3359 1091 3431 sed
1133 3374 1355 3412 sensum.
1412 3359 1564 3431 Unde
1590 3364 1642 3415 in
1666 3380 1795 3431 pra:-

204 3441 347 3500 κηιί.
379 3437 489 3496 εει,
522 3433 664 3503 loco,
688 3447 800 3496 pro,
833 3430 1076 3500 concipiet
1102 3432 1154 3480 in
1184 3440 1345 3503 utero,
1391 3430 1673 3503 Matt/tarus
1704 3451 1797 3503 po-

208 3508 331 3572 suit,
364 3508 429 3559 in
471 3514 620 3555 utero
640 3501 867 3565 habebit,
898 3510 945 3553 et
973 3515 1068 3566 pro
1087 3540 1099 3561 ,
1136 3500 1353 3572 uocabis,
1378 3500 1647 3572 vocabunt.

280 3569 602 3642 c'cyrillus
676 3572 1067 3642 Alexandrinus
1137 3569 1233 3642 lib.
1288 3572 1360 3642 de
1420 3570 1791 3629 Iucarnatione

207 3637 481 3709 Enigeniti
517 3642 669 3711 (Cap.
692 3641 729 3694 2
762 3641 901 3696 atad
947 3639 1111 3694 Hebr.
1145 3638 1207 3709 tt)
1240 3637 1586 3695 :Emmanuel
1629 3648 1794 3697 nomi-

210 3727 374 3768 natur
410 3715 538 3767 Deus
574 3712 812 3779 Verbum,
846 3713 983 3783 quod
1007 3711 1227 3764 Abrahae
1246 3726 1411 3783 semen
1437 3714 1792 3782 apprehendit,

214 3794 270 3838 et
316 3784 545 3837 similiter
583 3800 643 3837 ac
689 3800 781 3855 nos
801 3782 1141 3855 participauit
1168 3782 1312 3855 carni
1342 3792 1388 3834 et
1400 3785 1666 3855 sanguini.
1701 3784 1795 3839 In-

222 3864 527 3921 terpretatur
554 3863 724 3908 autem
745 3851 1067 3911 Emmanuel.
1090 3851 1370 3904 Nobiscum
1389 3851 1545 3907 Deus.
1568 3852 1792 3921 Con/ite-

221 3940 331 3994 ratur
356 3933 523 3976 autent
550 3925 811 3994 nobiscum
839 3924 999 3994 fuisse
1029 3922 1123 3994 Dei
1149 3920 1369 3975 Verbum
1394 3941 1493 3976 non
1541 3920 1789 3980 localiter.

226 3992 286 4064 in
334 4012 434 4064 quo
463 3996 599 4048 enim
623 3993 738 4047 loco
760 3992 860 4047 non
913 4000 987 4046 est
1018 3992 1178 4058 Deus,
1232 3994 1319 4060 qui
1365 3995 1537 4064 implet
1581 3998 1797 4052 omnia?

226 4060 497 4136 Nec'quod
526 4067 704 4136 adesse
733 4066 873 4118 nobis
903 4064 1218 4136 conspicitur
1246 4060 1447 4136 auagilit'
1471 4066 1686 4136 ratione,
1716 4070 1797 4120 di-

226 4132 466 4189 ctum'est
496 4137 633 4188 enim
680 4134 775 4187 hoc
804 4136 950 4187 modo
981 4136 1048 4186 ad
1074 4132 1249 4187 Iesum
1270 4134 1349 4203 (id
1376 4143 1451 4187 est
1477 4134 1657 4205 Iosue)
1691 4157 1701 4190 :
1726 4136 1796 4191 Et

224 4205 515 4259 sicutetiam
544 4223 659 4258 cum
700 4206 861 4278 diose,
891 4207 967 4258 ita
995 4221 1083 4259 ero
1111 4212 1160 4258 et
1190 4214 1385 4278 tecum;
1428 4208 1516 4258 sed
1540 4211 1671 4275 quod
1717 4211 1794 4278 fa—

224 4286 331 4329 ctus
357 4288 430 4331 est
452 4279 509 4331 in
535 4279 753 4340 nostris,
777 4276 831 4329 id
859 4287 952 4339 est,
981 4278 1035 4328 in
1066 4276 1402 4340 humanitate,
1433 4293 1530 4329 non
1558 4276 1796 4334 derelicta

226 4358 405 4417 statura
426 4365 542 4402 sua.
566 4346 708 4417 Ergo
733 4347 992 4400 nobiscum
1024 4346 1220 4417 factum
1244 4362 1351 4399 esse
1386 4348 1600 4402 dicimus
1633 4349 1794 4404 Deum

231 4410 451 4470 Verbum
479 4435 534 4471 eo
562 4410 785 4487 tempore
809 4420 872 4471 de
900 4435 997 4488 quo
1016 4410 1138 4469 dicit
1180 4414 1385 4469 Baruch
1409 4433 1427 4469 :
1466 4416 1531 4470 In
1576 4433 1709 4473 terra
1728 4422 1795 4473 vi-

222 4500 305 4558 ξιι
334 4498 429 4551 est,
458 4500 503 4541 et
524 4491 655 4540 inter
678 4488 904 4541 homines
925 4498 1242 4540 conversatus
1263 4497 1356 4539 est.
1392 4488 1518 4542 Haec
1539 4488 1789 4558 Cyrillus.

220 4553 515 4626 Esquilias
560 4560 910 4626 intelligimus
959 4560 1100 4628 quod
1152 4558 1306 4611 Iesus
1348 4567 1405 4613 et
1459 4553 1794 4620 Emmanuel.

216 4633 362 4693 «μιυά
396 4631 461 4681 ad
489 4646 598 4685 rem
618 4632 827 4691 attinet,
860 4631 997 4682 idem
1025 4637 1165 4693 sunt,
1188 4628 1309 4679 licet
1340 4629 1550 4680 diversa
1584 4630 1796 4681 nomina

1892 2456 2073 2525 quasi.
2103 2458 2171 2509 ad
2201 2454 2528 2511 Orthodozos
2550 2451 2646 2525 151
2671 2493 2686 2518 ,
2716 2451 3069 2525 Tertullianus
3102 2452 3347 2507 adversus
3373 2451 3473 2507 Ju-

1894 2521 2033 2582 dwos
2053 2538 2099 2580 et
2126 2527 2214 2583 lib.
2244 2543 2301 2581 ιιι
2333 2534 2512 2579 contra
2540 2523 2873 2583 Marciouem.
2899 2521 3199 2577 Lactantius
3224 2526 3311 2578 lib.
3332 2541 3381 2579 tv
3412 2526 3474 2579 de

1902 2596 2037 2651 Vera
2053 2598 2320 2669 Sapientia
2342 2596 2485 2659 c.l‘2,
2503 2594 3085 2669 Chrysostomuslib._de
3107 2592 3475 2650 Incarnatione

1895 2684 2010 2739 cap.
2033 2669 2089 2736 2,
2112 2664 2437 2738 prophetam,
2460 2684 2563 2719 non
2592 2664 2680 2735 qui
2708 2667 2965 2739 vocandus
2999 2664 3250 2739 Christus,
3281 2669 3370 2719 sed
3390 2668 3476 2733 qui

1896 2736 2099 2809 futurus
2113 2736 2132 2804 ξ
2146 2739 2525 2809 evangelistam,
2548 2738 2637 2809 qui
2656 2736 2917 2809 vocandus
2936 2746 2983 2788 et
3002 2740 3089 2805 qui
3102 2738 3303 2809 futurus
3324 2746 3477 2809 esset,

1896 2806 2159 2863 declarare
2188 2806 2424 2863 voluisse.
2453 2808 2639 2861 Noluit
2682 2810 2815 2861 enim
2861 2808 3027 2877 dicere
3072 2806 3323 2877 propheta
3370 2808 3481 2873 fore

1897 2891 1953 2933 ut
1973 2884 2237 2951 praprium
2256 2880 2447 2951 Christi
2477 2895 2657 2951 nomen
2686 2885 2815 2931 esset
2858 2874 3189 2951 Emmanuel,
3213 2881 3301 2928 sed
3326 2889 3377 2926 ut
3402 2891 3481 2951 res

1895 2945 1983 3004 eo'
2009 2945 2214 3003 nomine
2246 2950 2533 3020 signiﬁcata
2589 2949 2667 3001 illi
2718 2952 3025 3020 conveniret,
3065 2948 3283 3020 ideoque
3305 2945 3481 3020 merito

1900 3016 2308 3075 Emmanuelem'
2365 3020 2537 3071 uocari
2599 3034 2763 3085 posse.
2843 3016 3284 3085 Quemadmodum
3348 3017 3480 3070 idem

1899 3090 2071 3144 Isaias
2099 3109 2213 3160 cap.
2246 3083 3039 3160 Ipraedixerat—de,.lerustdem:
3080 3083 3205 3160 Post
3252 3088 3357 3139 hac
3394 3104 3480 3140 uo-

1898 3162 2099 3212 caberis
2127 3152 2301 3210 civitas
2320 3159 2472 3225 justi,
2502 3156 2619 3207 urbs
2642 3155 2845 3225 (ﬁdelis.
2874 3152 3147 3225 oniquod
3162 3172 3219 3207 eo
3240 3172 3478 3222 umquam

1903 3230 2107 3277 nomine
2128 3221 2355 3276 vocanda
2383 3234 2529 3281 esset.
2561 3224 2649 3274 sed
2673 3224 2808 3291 quod
2841 3221 2962 3273 talis
2981 3224 3175 3291 futura,
3208 3234 3259 3276 ut
3288 3227 3358 3278 ita
3382 3243 3483 3278 me-

1903 3295 2006 3346 rito
2030 3296 2201 3346 vocari
2255 3303 2442 3361 posset.
2492 3292 2561 3345 Et
2607 3295 2668 3344 de
2698 3292 2900 3345 Christo
2940 3293 3074 3360 ipso,
3130 3295 3263 3346 idem
3316 3294 3482 3350 Isaias

1901 3365 2054 3429 dixit,
2090 3381 2204 3425 cap.
2236 3380 2312 3426 ix,
2345 3366 2453 3432 [ore
2479 3372 2534 3415 ut
2563 3373 2826 3417 uocaretur
2848 3380 3025 3416 nomen
3052 3366 3161 3432 ejus
3185 3366 3480 3419 Admirabi-

1897 3435 1985 3499 lis,
2010 3434 2350 3507 consiliarius,
2380 3433 2541 3507 Deus,
2570 3436 2740 3502 fortis,
2763 3445 2909 3507 pater
2923 3435 3090 3507 futuri
3116 3438 3312 3496 swculi.
3338 3438 3480 3507 prin-

1895 3521 2011 3576 ceps
2030 3506 2204 3574 pacis;
2236 3521 2338 3576 non
2358 3504 2493 3571 quod
2518 3514 2592 3557 tot
2642 3506 2870 3566 nomina,
2899 3505 2992 3557 sed
3018 3506 3156 3576 quod
3184 3517 3254 3559 tot
3278 3504 3356 3560 res
3389 3514 3480 3563 ha-

1894 3574 2085 3627 biturus
2114 3585 2264 3628 esset.
2298 3574 2363 3628 Et
2415 3576 2665 3628 Jeremias
2693 3591 2807 3645 cap.
2845 3591 2975 3630 mu
3010 3574 3037 3627 τῇ
3057 3575 3173 3629 Hoc
3198 3588 3270 3631 est
3296 3595 3480 3634 nomen

1929 3648 2029 3698 uod
2050 3646 2301 3699 uocabunt
2333 3662 2464 3707 eum,
2500 3645 2751 3698 Dominus
2764 3649 2942 3714 justus
2962 3659 3151 3701 noster.
3191 3648 3321 3702 Vere
3340 3652 3477 3704 enim

1936 3715 2129 3768 hristus
2162 3715 2410 3788 Dominus
2427 3716 2601 3788 justus
2631 3717 2937 3788 absterruit.
2970 3715 3099 3788 Vere
3126 3735 3320 3788 quoque
3353 3720 3479 3774 Em-

1894 3787 2118 3859 manuel,
2151 3786 2288 3859 quod
2319 3794 2414 3859 est
2452 3785 2717 3859 nobiscum
2763 3783 2923 3838 Deus.
2955 3784 3067 3859 _lta
3120 3783 3480 3859 evangelistam

1895 3856 2060 3909 locum
2086 3854 2245 3908 Isaia:
2267 3854 2595 3925 intellexisse,
2625 3870 2687 3905 ea:
2729 3869 2788 3904 eo
2826 3854 3152 3925 manifestum
3200 3854 3293 3919 est,
3343 3863 3478 3925 quod

1894 3942 2013 3979 cum
2038 3926 2295 3980 dixisset:
2338 3923 2552 3995 Vocabis
2599 3940 2789 3995 nomen
2829 3923 3193 3995 ejus_Jesum,
3230 3923 3379 3995 quasi
3423 3941 3480 3985 ut

1897 3997 2131 4062 probaret
2154 3999 2225 4049 ita
2254 3997 2423 4051 vocari
2465 3994 2712 4058 debuisse,
2761 3993 2918 4048 Isaia
2952 3992 3122 4048 locum
3157 3992 3341 4053 indixit
3369 4016 3389 4054 :
3414 4000 3481 4057 Et

1895 4068 2157 4140 vocabitur
2175 4085 2356 4140 nomen
2377 4069 2485 4134 ejus
2523 4064 2827 4121 Emmanuel
2876 4064 3011 4137 (Isa.
3037 4068 3166 4140 vn);
3182 4064 3328 4140 Ideni
3359 4087 3478 4140 ergo

1897 4149 1968 4189 est
1988 4137 2140 4190 Jesus
2168 4150 2211 4191 et
2244 4138 2570 4199 Emmanuel,
2603 4154 2703 4189 non
2743 4134 2894 4201 sono,
2920 4148 2975 4189 ut
3014 4140 3084 4190 ait
3127 4134 3473 4194 Tertulliani“

1899 4208 2108 4280 (Contra
2135 4210 2345 4262 Judwos
2385 4226 2501 4276 cap.
2529 4208 2613 4279 9).
2645 4209 2735 4263 sed
2770 4208 3103 4280 sensu.AEsse
3143 4210 3275 4262 enim
3317 4207 3478 4265 Deum

1897 4278 2343 4351 nobiscum.quod
2398 4280 2764 4342 Emmanuelis,
2810 4290 2884 4333 est
2940 4278 3101 4334 Deum
3151 4280 3476 4337 Saluatorem

1895 4366 2003 4404 esse
2027 4362 2276 4423 nostram,
2310 4354 2444 4417 quod
2475 4353 2679 4423 nomine
2714 4351 2840 4405 Jesu
2888 4352 3229 4423 signiﬁcatur.
3264 4352 3473 4410 Hucus-

1898 4436 2006 4490 que
2035 4422 2370 4473 Maldonatus
2392 4422 2571 4489 paucis
2598 4420 2940 4475 intermissis.

1972 4500 1994 4527 °
2025 4491 2227 4555 Nempe
2248 4506 2443 4544 nomen
2468 4492 2613 4555 .Icsu,
2641 4495 2780 4558 quod
2819 4501 3049 4561 vocatum
3075 4502 3148 4543 est
3184 4492 3248 4542 ab
3292 4492 3477 4561 angelo

1897 4561 2194 4630 priusquam
2216 4562 2269 4613 in
2316 4563 2880 4630 ut'erohconciperetur.
2918 4560 3147 4630 Necesse
3179 4568 3252 4611 est
3308 4563 3476 4626 utique

1900 4628 1995 4681 hoc
2020 4632 2320 4681 vocabulum
2353 4628 2570 4678 hominis
2595 4630 2771 4692 fuisse,
2806 4628 2855 4676 Ill
2881 4638 2983 4689 est,
3027 4628 3238 4678 Christo
3290 4638 3349 4679 ut
3382 4631 3480 4680 h0-

214 4696 535 4765 yideantur.
560 4701 709 4753 Iesus
731 4709 881 4753 sonat
903 4700 1271 4760 Salvatorcm;
1323 4698 1662 4765 Emmanuel,
1698 4714 1797 4753 no-
1828 4699 1878 4758 D
1904 4700 2031 4751 mini
2065 4700 2413 4758 attributum;
2446 4694 2579 4765 illud
2612 4696 2827 4764 (nempe
2855 4696 3189 4765 Emmanuel)
3233 4696 3475 4750 divinita-

206 4764 438 4821 biscmu
473 4770 623 4822 Deus.
656 4771 731 4824 Ad
778 4772 877 4824 hnc
908 4786 1082 4824 alitem
1118 4770 1209 4820 luit
1245 4769 1521 4821 nobiscum
1569 4764 1707 4824 Deus
1743 4781 1797 4825 ut

203 4850 315 4891 nos
371 4840 551 4892 salvus
584 4844 793 4894 laceret.
823 4841 960 4895 Nihil
1000 4855 1123 4906 ergo
1152 4837 1292 4890 aliud
1330 4840 1611 4906 signiﬁcat,
1658 4841 1799 4897 Deus

200 4917 305 4979 est
344 4912 650 4969 nobi~cum,
681 4929 859 4979 qnam,
901 4912 1037 4964 Deus
1065 4910 1308 4964 Salvator
1338 4923 1518 4962 uoster
1543 4920 1643 4964 est.

278 4976 307 5016 "
345 4981 541 5049 Tangit
569 4976 923 5049 objectionvm
984 4979 1268 5045 tptamdam
1312 4995 1432 5047 qua:
1454 4981 1518 5033 de
1570 4981 1671 5035 hoc
1704 4998 1801 5037 no-

198 5048 362 5104 mine
392 5048 704 5106 Euiumnuel
738 5052 940 5106 moveri
988 5059 1187 5120 posset,
1230 5052 1498 5117 Quomodo
1527 5052 1690 5105 Isaias
1720 5055 1801 5105 (li-

194 5124 355 5174 xerit
400 5124 699 5176 vocandum
759 5125 1179 5188 Enunanuelem,
1236 5137 1355 5175 eum
1415 5122 1465 5173 in
1500 5122 1801 5192 Evzmgeliis

188 5202 482 5262 ypsquam
518 5201 725 5261 legatur
753 5193 997 5247 Christus
1044 5195 1142 5247 hoc
1194 5196 1413 5246 nomine
1469 5193 1801 5260 appella'us?

188 5257 368 5333 {Iano
399 5257 753 5333 ίιιιειικιῖυιιρηὶ
786 5269 946 5321 etiam
977 5276 1150 5319 movet
1175 5274 1228 5318 et
1272 5265 1429 5317 solvit
1470 5257 1797 5319 clarissimus

188 5328 435 5408 {celari
464 5336 805 5390 Malitonatus
857 5340 940 5389 his
972 5338 1144 5390 verbis
1181 5335 1440 5408 A(ln_cap.
1469 5351 1484 5388 ι
1533 5335 1745 5407 Matth.)
1779 5354 1794 5391 ι

185 5398 490 5480 ρύὶιιιὸἱι
521 5410 709 5480 aliquis
750 5409 1002 5475 quomodo
1044 5398 1464 5480 anqclus‘lesnm
1494 5409 1676 5480 vocari
1717 5398 1797 5480 in:

186 5473 345 5541 hat,
380 5494 498 5532 cum
518 5473 690 5535 Isaias
714 5473 900 5533 dixerit
928 5480 1204 5531 vocandum
1256 5476 1637 5531 Emmanueiem
1658 5479 1683 5531 ?
1731 5477 1797 5530 Id

182 5547 357 5605 ubi;
388 5548 588 5619 Judaei,
621 5562 674 5607 ut
708 5553 921 5619 probeat
966 5550 1110 5602 illam
1154 5554 1203 5602 in
1240 5549 1443 5604 Cluisto
1480 5550 1799 5618 prophetiam

181 5632 327 5694 Ion
366 5628 657 5689 convenire,
692 5623 856 5677 solent
880 5623 1117 5694 objicere.
1152 5622 1254 5676 Sed
1291 5624 1414 5675 satis
1464 5623 1665 5694 capiose
1692 5635 1801 5694 _pro

183 5688 361 5747 ’ὶοοῦ
398 5695 522 5753 iam
541 5688 649 5751 ditt,
668 5704 863 5751 ueteres
887 5688 1119 5750 auctores
1146 5688 1536 5749 responderunt.
1566 5688 1802 5743 Justinus

1438 5804 1751 5828 -w._—~_-.VH.

1906 4769 1989 4835 tis,
2026 4768 2075 4821 id
2107 4777 2209 4827 est,
2234 4766 2448 4819 Christo
2475 4764 2653 4818 u‘tDeo
2674 4769 2982 4827 convenire,
3010 4776 3064 4819 ut
3086 4781 3180 4835 per
3197 4781 3256 4819 se
3288 4776 3473 4836 Sonat;

1904 4837 2132 4910 proinde
2149 4836 2419 4890 Christum
2442 4844 2498 4891 et
2525 4852 2703 4889 verum
2756 4836 3025 4910 hominnt
3045 4848 3107 4910 et
3137 4853 3316 4910 verum
3356 4854 3476 4897 esse

1907 4906 2096 4973 Deum,
2128 4911 2249 4979 quia
2282 4925 2385 4962 non
2418 4909 2518 4962 alia
2550 4918 2627 4963 est
2660 4923 2885 4976 persona
2933 4906 3112 4970 Verbi,
3166 4908 3265 4962 alia
3299 4911 3475 4965 homi-

1906 4982 2012 5052 nis,
2044 4984 2136 5034 scil
2172 4997 2270 5033 una
2294 4980 2587 5049 eademque
2610 4981 2659 5033 in
2692 4979 2897 5033 duabus
2923 4979 3147 5038 naturis.
3174 4982 3347 5035 divina
3377 4983 3476 5035 Lu-

1906 5068 2188 5116 manaque,
2222 5053 2556 5117 subsistens;
2586 5066 2743 5119 quam
2778 5064 3018 5117 persona:
3076 5053 3331 5106 unitatem
3384 5068 3475 5106 ne-

1904 5126 2140 5177 cessario
2187 5125 2531 5191 Consequitur
2586 5122 2894 5173 idiomatum
2944 5134 3036 5174 sou
3090 5124 3473 5191 proprietatum

1904 5197 2183 5261 utriusque
2216 5190 2418 5247 natura:
2440 5193 2870 5257 communicatio,
2922 5202 2979 5245 ut
3009 5205 3382 5262 quaecumque
3410 5190 3478 5244 de

1906 5258 2119 5319 Christo
2176 5265 2284 5317 Deo
2311 5278 2435 5315 vere
2482 5272 2533 5314 et
2572 5264 2783 5330 proprie
2826 5258 3106 5322 dicuntur,
3172 5262 3239 5312 de
3283 5258 3474 5315 eodem

1902 5336 2118 5388 Christo
2143 5336 2357 5386 homine
2386 5347 2511 5385 vere
2532 5338 2850 5400 proprieque
2890 5334 3157 5390 dicantur,
3182 5340 3231 5382 et
3267 5339 3474 5386 cootra,

1904 5406 2056 5461 Unde
2068 5410 2201 5458 sicut
2217 5402 2807 5458 catholicccnnlitemur
2820 5417 2979 5455 unum
2994 5402 3348 5469 eamdemque
3360 5414 3480 5455 esse

1906 5477 2071 5531 Deum
2105 5474 2465 5534 cthomiuem.
2508 5473 2704 5527 Filium
2745 5475 2836 5526 Dei
2860 5482 2911 5524 et
2939 5471 3100 5523 lilium
3128 5472 3382 5535 hominis,
3405 5470 3478 5526 ita

1905 5546 2149 5602 cculiteri
2176 5547 2463 5599 debeamus
2478 5546 2721 5598 eumdem
2746 5557 2863 5597 esse
2881 5544 3279 5597 Euunanuelem
3303 5556 3333 5593 a
3357 5555 3483 5608 pro—

1904 5622 2067 5690 pheta
2094 5617 2496 5689 praedictum,et
2514 5614 2696 5671 Jesum
2722 5615 2777 5671 in
2801 5613 3097 5686 Evangelio
3123 5612 3485 5671 nominatum.
