3976 6180
217 212 280 273 Μ
1269 218 1355 276 DE
1397 219 1917 282 INCARNATIONE
1951 224 2226 289 CHRISTI
2264 235 2395 295 LIB.
2436 242 2500 300 II.

150 308 165 335 ³
220 331 687 404 pectorelocutus
745 337 833 386 est
890 330 1062 387 Deus.
1113 333 1363 393 Testatur
1419 355 1551 410 ergo
1595 344 1647 397 in
1696 344 2114 409 huncADeum
2165 368 2287 411 esse
2344 358 2635 418 didicisset.
2695 364 3103 444 Exspectantes,

222 426 458 482 modum
506 426 574 480 de
594 425 762 495 gratia
791 434 961 495 atque
988 426 1221 484 adventu
1254 431 1464 487 Domini
1502 434 1594 490 Dei
1632 439 1826 507 nostri,

223 519 437 573 missus
456 516 519 571 ad
549 517 940 573 destruendum
969 521 1187 589 gentilis
1234 528 1637 595 superstitionis
1682 546 1833 587 erro-

226 627 351 668 rem
384 612 580 667 electus
608 614 857 682 gentium
891 616 1151 685 magister
1196 635 1210 672 :
1241 627 1265 654 α
1295 620 1585 692 Apparuit,
1624 625 1829 695 inquit,

227 709 402 776 gratia
429 704 520 758 Dei
540 714 589 757 et
616 703 912 761 Saluatoris
936 710 1097 761 nostri
1115 712 1350 767 omnibus
1368 713 1680 783 hominibus,
1715 736 1835 773 eru-

232 795 376 848 diens
399 812 485 848 nos
517 806 575 850 ut
602 796 915 867 abnegantes
942 798 1257 869 impietatem
1300 813 1345 856 et
1387 806 1658 861 saecularia
1695 809 1834 863 desi-

231 886 386 947 deria,
411 887 583 942 sobrie
603 899 653 942 et
674 888 759 960 pie
780 900 827 942 et
830 892 977 959 juste
996 891 1228 947 vivamus
1255 894 1305 949 in
1332 896 1426 951 hoc
1474 900 1689 969 mundo,
1744 918 1834 955 ea:-

227 986 506 1047 spectantes
526 980 728 1034 beatam
748 997 889 1048 spem
910 990 959 1034 et
983 982 1259 1038 adventum
1287 986 1470 1057 gloriae
1511 993 1687 1063 magni
1710 992 1829 1059 Dei,

222 1080 270 1121 et
291 1068 585 1126 Saluatoris
611 1073 776 1126 nostri
820 1070 947 1127 Iesu
989 1072 1183 1130 Christi
1226 1077 1357 1147 (Tit.
1409 1081 1495 1152 ιι).
1550 1084 1827 1155 Apparuit,

224 1162 421 1233 inquit,
450 1166 615 1236 gratia
634 1165 733 1219 Dei
754 1165 1048 1222 Saluatoris
1076 1170 1260 1224 nostri.
1286 1172 1432 1229 Bene
1476 1190 1716 1246 congruo
1762 1179 1831 1233 ad

228 1257 624 1314 ostendendum
654 1276 810 1316 novae
838 1261 1030 1332 gratiae
1087 1273 1143 1319 et
1189 1269 1565 1337 generationis
1631 1274 1832 1328 adven-

228 1356 347 1403 tum
373 1366 621 1408 sermone
646 1368 778 1408 usus
806 1363 911 1409 cst.
940 1354 1137 1410 Dicens
1159 1359 1328 1427 enim,
1359 1363 1626 1431 apparuit,
1650 1376 1827 1422 ortum

224 1458 380 1498 novae
404 1447 590 1515 gratia:
607 1462 673 1501 ac
704 1448 995 1503 nativitatis
1018 1453 1314 1519 expressit,
1346 1454 1473 1524 quia
1510 1457 1704 1513 exinde
1734 1473 1828 1529 ap-

226 1550 413 1604 parere
431 1538 639 1594 donum
671 1540 857 1610 gratize
889 1556 1041 1596 nova:
1088 1544 1275 1614 coepit,
1300 1560 1369 1601 ex
1419 1563 1528 1617 quo
1586 1550 1728 1605 Deus
1774 1552 1828 1606 in

224 1629 429 1685 mundo
458 1642 618 1685 natus
648 1634 917 1702 apparuit.
951 1634 1119 1704 Digna
1151 1651 1279 1706 ergo
1325 1648 1380 1693 et
1419 1653 1656 1711 congrua
1687 1644 1827 1698 hanc

3466 276 3536 330 ὁὶ

3158 377 3331 451 inquit
3389 387 3533 446 idem

1937 442 2255 514 Apostolus,
2290 450 2488 508 beatam
2534 473 2696 528 spem,
2754 474 2799 515 et
2824 442 3096 525 adventum
3138 442 3324 546 gloria:
3357 487 3533 553 magni

1936 533 2058 602 Dei,
2107 548 2157 591 et
2188 540 2483 599 Saluatoris
2511 552 2674 603 nostri
2702 552 2831 607 Jesu
2860 556 3075 617 Christi.
3110 533 3256 621 Vidit
3288 533 3529 639 proerto

1940 625 2035 682 ille
2081 629 2280 687 divinae
2334 637 2615 705 sapientiae
2666 643 2858 701 doctor
2887 649 2954 704 ad
2984 625 3529 720 insidiosas'callidi-

1938 728 2077 777 tates
2100 722 2382 782 diabolicae
2402 732 2671 798 captionis
2693 735 2995 808 simplicem
3022 754 3392 809 tantummodo
3418 772 3530 815 non

1937 814 2192 872 sufﬁcere
2222 818 2545 889 doctrinam,
2581 828 2686 882 nisi
2717 843 2957 888 sanctam
3007 837 3132 893 fidei
3186 845 3527 910 praedicatio-

1941 920 2064 961 nem
2100 911 2399 969 munimine
2421 919 2695 974 cautionis
2724 935 3011 981 armasset.
3038 928 3106 983 Et
3136 931 3258 988 ideo
3290 951 3410 992 cum
3439 954 3531 995 su-

1938 1002 2120 1069 perius
2152 1020 2349 1062 nomen
2384 1009 2478 1064 Dei
2503 1010 2916 1089 Salvatorisque
2957 1024 3245 1096 posuisset,
3296 1028 3387 1086 hic
3434 1036 3531 1089 ad-

1935 1093 2091 1164 didit,
2120 1097 2245 1153 Jesu
2279 1100 2507 1171 Christi;
2540 1108 2747 1164 scilicet
2774 1127 2840 1166 ne
2869 1114 2936 1167 ad
2969 1093 3383 1186 signiﬁcandum
3416 1127 3531 1183 Do-

1936 1188 2139 1244 minum
2162 1192 2347 1247 Jesum
2372 1196 2650 1255 Christum
2674 1203 2926 1261 sufﬁcere
2953 1208 3048 1262 tibi
3082 1211 3307 1269 forsitan
3331 1233 3531 1276 nomen

1935 1282 2110 1336 solum
2147 1300 2255 1340 non
2290 1290 2539 1347 crederes
2572 1293 2893 1365 Salvatoris,
2928 1310 2983 1356 et
3014 1319 3119 1360 non
3151 1311 3403 1367 eumdem
3433 1314 3531 1369 Je-
3593 1383 3597 1386 ,

1933 1388 2050 1429 sum
2082 1375 2355 1436 Christum
2395 1384 2562 1440 Deum
2605 1404 2725 1445 esse
2755 1391 3084 1466 intelligeres
3131 1415 3290 1470 quem
3338 1404 3532 1461 Salva-

1936 1475 2108 1554 torepn
2139 1472 2309 1528 Deum
2359 1491 2481 1532 esse
2511 1484 2878 1550 cognovisses.
2913 1488 3048 1555 Quid
3090 1506 3221 1564 ergo
3257 1497 3365 1551 ait?
3417 1498 3530 1553 Ea:-

1934 1572 2239 1631 spectantes‘,
2274 1566 2467 1636 inquit,
2504 1571 2701 1628 beatam
2738 1594 2900 1647 spem,
2953 1592 3001 1635 et
3047 1586 3319 1641 aduentum
3346 1591 3529 1661 gloria:

1935 1657 2109 1725 magni
2127 1654 2226 1711 Dei
2244 1670 2291 1714 et
2320 1660 2609 1720 Saluatoris
2631 1672 2790 1723 nostri
2806 1670 2934 1727 Jesu
2957 1674 3169 1733 Christi.
3187 1680 3330 1736 Nihil
3346 1654 3440 1739 hic
3459 1685 3529 1742 de

222 1736 384 1777 nova:
408 1725 598 1794 gratiae
628 1725 809 1781 lucem
837 1727 983 1781 verbi
1038 1731 1393 1799 pmprietate,
1445 1738 1597 1804 quasi
1656 1737 1826 1808 digito
1856 1744 1906 1804 B
1945 1750 2257 1807 nominibus
2273 1753 3126 1830 Domininostridcest,etDeum
3148 1773 3530 1839 hic,etSalva-

223 1815 501 1839 :--J:----._
560 1820 881 1839 ...A__._-_s:.
961 1821 1057 1839 ll_,
1183 1826 1193 1835 ο
1405 1828 1436 1839 Α.
1507 1830 1518 1839 .

222 1815 529 1883 iudicante,
560 1820 902 1873 monstravit.
958 1821 1067 1877 Hoc
1107 1826 1254 1879 enim
1302 1828 1613 1886 rectissime
1657 1847 1827 1903 appa-

222 1910 416 1965 ruisse
446 1910 664 1981 dicitur,
699 1913 835 1984 quod
862 1916 1033 1970 subita
1080 1920 1238 1988 quasi
1292 1924 1651 1991 apparitionis
1707 1929 1828 1985 luce

220 2011 591 2058 monstratur.
618 2003 765 2060 Sicut
791 2006 841 2060 in
883 2006 1194 2079 Evangeliis
1248 2016 1564 2083 apparuisse
1608 2020 1824 2077 Stellam

222 2094 400 2163 magis
432 2095 787 2151 orientalibus
835 2098 1062 2170 legimus
1115 2101 1329 2174 (Matth.
1361 2106 1462 2178 tl);
1506 2117 1561 2163 et
1604 2111 1660 2165 in
1684 2113 1830 2168 Exo-

222 2185 319 2253 do,
353 2186 631 2256 Apparuit,
666 2190 857 2260 inquit.
908 2191 1046 2246 Mosi
1094 2197 1309 2267 angelus
1340 2198 1393 2253 in
1441 2199 1560 2270 igne
1604 2206 1829 2272 ﬂamma:

224 2279 344 2331 rubi
373 2278 568 2351 (Exod.
604 2281 712 2354 tn).
744 2283 801 2338 In
822 2285 1077 2341 omnibus
1126 2289 1268 2343 enim
1324 2301 1377 2347 et
1406 2293 1487 2348 his
1512 2304 1563 2351 et
1591 2297 1712 2352 aliis
1753 2300 1829 2354 vi-

221 2369 470 2425 sionibus
498 2374 670 2427 sacris
695 2374 798 2429 hoc
825 2376 1086 2432 utendum
1113 2380 1202 2435 vel
1225 2383 1462 2440 maxime
1476 2388 1646 2443 verbo
1674 2389 1825 2446 Scri-

219 2472 385 2533 ptura
406 2464 757 2535 existimavit,
786 2478 846 2523 ut
894 2470 1213 2540 apparuisse
1258 2473 1379 2532 haec
1429 2478 1655 2549 diceret,
1704 2499 1828 2553 qum

219 2554 440 2610 insolita
468 2558 717 2616 claritate
770 2561 1061 2633 fulgerent.
1110 2565 1191 2621 Ita
1245 2584 1376 2640 ergo
1424 2583 1477 2628 et
1528 2578 1828 2645 Apostolus

217 2648 704 2708 sciensadventum
750 2656 991 2711 caelestis
1048 2661 1257 2728 gratiae,
1306 2679 1427 2732 quae
1480 2679 1607 2724 ortu
1658 2686 1827 2727 sacrae

220 2740 516 2799 nativitatis
544 2748 816 2817 apparuit,
847 2750 1016 2805 verbo
1041 2766 1160 2807 eam
1209 2753 1428 2825 fulgidae
1466 2763 1827 2832 apparitionis

216 2838 513 2905 expressit,
544 2849 602 2895 ut
629 2843 952 2913 apparuisse
984 2847 1173 2913 utique
1221 2848 1273 2903 id
1302 2849 1510 2908 diceret
1552 2857 1695 2925 quod
1722 2874 1826 2914 no-

216 2944 299 2985 vae
336 2930 481 2987 lucis
510 2933 800 3004 splendore
857 2937 1117 2995 radiaret.
1162 2945 1426 3014 Apparuit
1473 2963 1601 3019 ergo
1652 2954 1823 3021 gratia

212 3022 312 3078 Dei
345 3022 644 3082 Salvatoris
683 3030 880 3085 nostri.
920 3029 1191 3103 Numquid
1246 3039 1459 3093 causari
1492 3041 1577 3095 hic
1624 3045 1824 3114 aliquid

214 3116 384 3187 quasi
404 3115 473 3172 de
499 3120 853 3191 ambiguitate
879 3124 1156 3181 nomitmm
1188 3139 1367 3199 potes,
1398 3142 1456 3185 ut
1505 3135 1652 3189 dicas
1682 3139 1825 3192 aliud
1851 3124 1899 3185 C

208 3227 334 3269 esse
354 3213 666 3283 Christum,
697 3219 850 3273 aliud
884 3220 1085 3275 Deum?
1112 3232 1171 3276 ut
1201 3224 1544 3279 Salvatorem
1571 3243 1599 3280 a
1631 3230 1829 3297 majes-

211 3315 313 3363 tate
337 3309 598 3363 nominis
632 3311 714 3361 sui
763 3309 1055 3375 distrahas,
1113 3322 1167 3365 et
1219 3314 1505 3369 Dominum
1555 3316 1726 3387 [Lips.
1774 3323 1825 3374 iu

213 3418 390 3473 mg.
433 3396 627 3469 Deum]
646 3415 677 3453 a
705 3400 989 3457 divinitate
1017 3405 1310 3459 secernas?
1333 3406 1475 3461 Ecce
1502 3408 1587 3463 hic
1616 3412 1700 3465 vir
1732 3411 1822 3468 Dei

212 3510 279 3550 ex
304 3497 427 3550 beo
455 3492 728 3562 loquitur,
776 3503 833 3550 et
884 3498 1203 3565 apparuisse
1247 3514 1312 3554 ex
1369 3501 1533 3556 Maria
1593 3506 1818 3574 gratiam

210 3586 309 3643 Dei
379 3584 783 3641 evidentissima
840 3588 1223 3657 praedicatione
1291 3602 1538 3649 testatur.
1604 3601 1682 3652 Ac
1750 3616 1819 3655 ne

208 3678 367 3734 forte
430 3694 536 3734 non
576 3695 643 3735 ex
717 3679 884 3734 Maria
952 3682 1119 3737 Deum
1192 3686 1507 3754 apparuisse
1574 3689 1816 3759 diceres,

214 3783 426 3825 nomen
452 3771 634 3826 statim
677 3771 885 3827 addidit
955 3772 1291 3843 Salvatoris,
1349 3780 1559 3834 scilicet
1610 3792 1668 3837 ut
1694 3799 1817 3840 eum

216 3874 415 3920 natum
456 3878 520 3919 ex
567 3864 733 3920 Maria
780 3865 945 3921 Deum
980 3867 1251 3934 crederes,
1284 3885 1440 3939 quem
1475 3872 1817 3933 Salvatorem

216 3970 415 4015 natum
440 3973 638 4027 negare
666 3973 772 4014 non
803 3959 1000 4030 possis,
1022 3962 1177 4031 juxta
1203 3963 1331 4019 illud
1362 3982 1375 4017 :
1410 3965 1545 4030 Quia
1574 3980 1725 4025 natus
1741 3982 1818 4026 est

214 4052 369 4107 vobis
394 4050 541 4104 hodie
572 4049 810 4107 Saluator
836 4051 988 4126 (Luc.
1013 4054 1093 4124 Il).
1126 4053 1170 4110 Ο
1201 4055 1575 4114 admirabilem
1611 4073 1665 4117 et
1692 4079 1818 4120 vere

218 4159 251 4198 a
280 4144 404 4198 Deo
430 4143 614 4199 datum
646 4145 895 4214 gentibus
932 4150 1280 4217 magistrum!
1314 4150 1406 4220 qui
1445 4152 1624 4210 sciens
1666 4155 1817 4212 iutu-

216 4251 341 4292 ram
377 4234 509 4291 hanc
545 4238 814 4293 hmreticae
841 4240 1125 4309 pravitatis
1152 4241 1438 4310 insaniam,
1486 4260 1606 4315 quae
1648 4248 1699 4303 in
1745 4250 1817 4305 li-

221 4338 335 4384 tem
387 4328 646 4384 vocabula
694 4330 791 4385 Dei
839 4338 1097 4399 verteret,
1149 4342 1201 4388 et
1228 4335 1544 4393 calumniari
1592 4340 1704 4396 Deo
1746 4342 1815 4400 de

219 4420 342 4475 suis
370 4421 683 4477 nominibus
712 4437 821 4477 non
873 4423 1110 4493 timeret,
1156 4442 1223 4483 ne
1248 4427 1546 4486 Salvatoris
1577 4433 1813 4489 vocabu-

220 4512 337 4569 lum
384 4511 669 4571 haareticus
698 4530 726 4570 a
772 4516 1054 4575 divinitate
1105 4533 1438 4591 secerneret,
1474 4541 1670 4580 nomen
1715 4505 1892 4583 DeiD

218 4615 352 4661 ante
400 4608 689 4677 praemisit;
744 4610 951 4667 scilicet
998 4620 1055 4667 ut
1099 4616 1439 4683 praemissum
1472 4615 1564 4670 Dei
1614 4630 1809 4674 nomen

218 4697 409 4753 omnia
435 4700 537 4754 sibi
564 4716 683 4771 qua:
712 4712 1074 4773 sequerentur
1104 4705 1322 4761 nomina
1352 4706 1684 4775 vindicaret,
1716 4725 1813 4767 ne-

215 4805 339 4863 que
370 4791 508 4847 ullus
537 4793 589 4848 in
615 4798 970 4868 sequentibus
1018 4800 1317 4855 solitarium
1365 4815 1487 4856 esse
1534 4801 1809 4860 hominem

220 4886 496 4942 Christum
537 4889 807 4958 crederet,
840 4908 1002 4964 quem
1034 4893 1089 4948 in
1131 4895 1306 4963 primo
1333 4894 1514 4949 statim
1549 4899 1812 4956 vocabulo

1934 1852 2128 1913 torem,
2147 1855 2203 1901 et
2225 1849 2410 1904 Jesum
2430 1861 2485 1906 et
2503 1853 2778 1912 Chrisutm
2804 1861 2976 1917 vides.
2992 1863 3096 1920 Sed
3119 1871 3295 1925 omnia
3314 1873 3429 1929 haec
3450 1878 3530 1931 vi-

1931 1934 2086 2003 dens,
2105 1941 2283 1995 omnia
2301 1943 2352 1997 in
2375 1944 2484 2001 Deo
2498 1961 2619 2003 esse
2641 1954 2924 2021 perspicis.
2941 1958 3149 2014 Audisti
3174 1966 3315 2019 enim
3331 1966 3523 2038 Deum,

1931 2029 2028 2085 sed
2053 2031 2420 2090 Salvatorem.
2453 2038 2664 2095 Audisti
2694 2043 2898 2113 Deum,
2950 2049 3043 2103 sed
3075 2051 3282 2110 Jesum.
3314 2029 3529 2114 Audisti

1932 2123 2104 2180 Deum
2127 2143 2274 2196 esse,
2304 2131 2399 2186 sed
2421 2131 2719 2192 Christum.
2746 2137 3000 2207 Separari
3027 2143 3125 2198 hoc
3150 2149 3530 2215 appellationis

1931 2218 2255 2277 diversitate
2284 2238 2390 2279 non
2417 2226 2582 2293 valet,
2617 2228 2758 2298 quod
2786 2230 3042 2288 divinitas
3074 2237 3275 2293 unitate
3304 2241 3529 2311 conjun-

1931 2312 2028 2365 xit.
2062 2312 2332 2385 Quidquid
2361 2318 2492 2372 libet
2520 2318 2587 2375 de
2615 2320 2699 2376 his
2727 2324 3065 2393 requisieris,
3094 2328 3236 2384 idem
3263 2332 3527 2392 invenies.

1933 2404 2182 2463 Salvator
2210 2409 2355 2466 Deus
2403 2424 2508 2479 est,
2565 2416 2724 2470 Jesus
2775 2418 2914 2474 Deus
2945 2429 3047 2485 est,
3078 2422 3327 2482 Christus
3383 2428 3529 2490 Deus

1931 2508 2014 2553 est
2045 2516 2060 2555 :
2088 2517 2247 2557 omne
2279 2502 2384 2560 hoc
2407 2506 2554 2577 quod
2586 2508 2764 2577 audis,
2796 2509 2824 2548 δ
2852 2513 3061 2580 plurale
3111 2528 3194 2574 est
3235 2537 3527 2595 nuncupa-

1934 2597 2103 2667 tione,
2132 2601 2229 2655 sed
2260 2617 2424 2657 unum
2457 2614 2541 2659 est
2565 2616 2855 2675 potestate.
2887 2610 3018 2677 Quia
3050 2630 3171 2670 cum
3198 2626 3251 2671 et
3273 2619 3524 2678 Salvator

1932 2689 2075 2747 Deus
2110 2692 2199 2763 sit,
2226 2704 2280 2749 et
2308 2695 2467 2751 Jesus
2492 2698 2654 2767 Deus,
2683 2708 2737 2755 et
2761 2699 3008 2759 Christus
3036 2706 3200 2776 Deus,
3227 2710 3529 2781 intelligere

1932 2792 2177 2853 apertum
2200 2795 2283 2840 est
2313 2789 2456 2857 quod
2487 2792 2665 2845 omnia
2702 2792 2818 2847 haec
2847 2795 3254 2868 distinguuntur
3287 2803 3528 2870 appella~

1934 2878 2100 2946 tione,
2132 2880 2227 2935 sed
2263 2881 2566 2954 junguntur
2617 2888 2921 2957 majestate.
2957 2893 3024 2946 Et
3065 2910 3189 2949 cum
3224 2896 3533 2952 evidentis~

1932 2971 2069 3027 sitne
2098 2974 2291 3028 audias
2319 2979 2461 3045 quod
2496 2994 2637 3033 unus
2663 2981 2714 3034 in
2744 2982 2970 3051 singulis
2997 2994 3338 3054 nuncupatur
3361 2988 3528 3059 Deus,

1935 3064 2237 3136 intelligere
2267 3068 2457 3139 utique
2488 3080 2677 3139 aperte
2710 3084 2863 3140 potes
2895 3074 3040 3141 quod
3070 3085 3154 3130 est
3188 3077 3242 3132 in
3275 3083 3525 3140 omnibus

1933 3172 2073 3210 unus
2101 3160 2265 3212 Deus.
2300 3165 2375 3213 Ac
2410 3165 2488 3215 sic
2533 3178 2639 3214 non
2672 3164 2802 3216 licet
2830 3166 2921 3218 tibi
2950 3166 3061 3234 jam
3094 3185 3160 3224 ex
3183 3172 3526 3232 dissimilitu-

1934 3244 2061 3299 dine
2118 3247 2416 3304 Dominicae
2457 3253 2876 3322 nuncupationis
2922 3273 3167 3327 quaerere
3215 3264 3538 3341 discrepant

1935 3336 2063 3390 tiam
2096 3342 2405 3409 poteSIatis,
2436 3352 2491 3399 et
2522 3360 2620 3414 pro
2651 3347 2912 3403 varietate
2942 3352 3323 3421 appellationis
3346 3359 3529 3415 diver-

1930 3431 2147 3488 sitatem
2189 3434 2369 3492 facere
2400 3454 2669 3508 personae.
2702 3439 2819 3493 Non
2850 3441 2972 3497 licet
3018 3444 3200 3504 dicere
3231 3467 3245 3501 :
3279 3447 3527 3509 Christus

1925 3541 1989 3580 ex
2010 3527 2175 3582 Maria
2208 3538 2368 3584 natus
2390 3540 2492 3599 est,
2510 3540 2563 3586 et
2584 3549 2689 3587 non
2718 3534 2890 3602 Deus;
2924 3538 3214 3607 Apostolus
3229 3544 3372 3598 enim
3393 3561 3524 3616 pro-

1924 3618 2335 3677 clamat:Deus.
2368 3623 2483 3679 Non
2513 3625 2635 3680 licet
2661 3627 2863 3699 dicere,
2889 3630 3048 3688 Jesus
3074 3650 3141 3689 ex
3168 3636 3332 3693 Maria
3362 3650 3525 3699 natus

1922 3720 2041 3777 est,
2072 3724 2125 3767 et
2169 3730 2277 3768 non
2310 3715 2482 3782 Deus;
2517 3720 2811 3786 Apostolus
2852 3726 2996 3779 enim
3041 3738 3269 3787 testatur
3303 3752 3315 3787 :
3354 3736 3519 3793 Deus.

1924 3806 2044 3861 Non
2075 3807 2202 3863 licet
2231 3807 2415 3864 dicere
2444 3827 2454 3861 :
2488 3811 2739 3867 Salvator
2785 3825 2941 3870 natus
2970 3831 3080 3883 est,
3116 3832 3171 3877 et
3199 3840 3308 3880 non
3337 3827 3518 3897 Deus;

1924 3900 2219 3970 Apostolus
2264 3903 2406 3956 enim
2455 3904 2734 3960 conﬁrmat
2771 3908 2976 3963 :Dcus.
3031 3912 3173 3968 Nihil
3214 3928 3297 3973 est
3329 3935 3436 3991 quo
3468 3932 3521 3981 te

1923 3996 2213 4063 conferas;
2256 3998 2518 4069 quidquid
2572 3999 2641 4055 de
2690 4000 2983 4059 Dominicis
3031 4008 3309 4066 vocabulis
3366 4029 3519 4072 sum-

1922 4090 2117 4160 pseris,
2152 4095 2174 4123 ⁶
2209 4090 2351 4146 Deus
2398 4102 2482 4146 est
2526 4092 2671 4162 quod
2714 4094 3039 4154 nominaris.
3070 4099 3218 4155 Nihil
3260 4112 3344 4159 est
3375 4109 3521 4177 quod

1922 4184 2095 4251 dicas,
2128 4183 2258 4238 nihil
2282 4183 2531 4256 estquod
2554 4185 2775 4253 alieras,
2808 4189 2943 4244 nihil
2972 4193 3115 4263 quod
3149 4193 3394 4264 improba
3424 4197 3520 4255 fal-

1920 4278 2081 4333 sitate
2109 4278 2408 4348 contingas.
2440 4277 2603 4334 Potes
2632 4280 2835 4337 habere
2862 4282 2914 4337 in
2938 4284 3320 4346 incredulitate
3352 4290 3518 4362 impia

1920 4371 2068 4443 quod
2116 4387 2221 4426 non
2270 4373 2486 4438 credas,
2520 4387 2632 4427 non
2660 4373 2832 4432 habes
2882 4377 2936 4433 in
2970 4383 3337 4441 calumniandi
3365 4401 3517 4444 occa~

1916 4465 2072 4521 sione
2092 4464 2235 4535 quod
2258 4464 2513 4534 deneges.

2561 4577 2791 4633 CAPUT
2832 4581 2895 4633 V.

1922 4692 2008 4748 Ex
2033 4693 2216 4763 gratiae
2244 4692 2431 4744 diuina
2456 4691 2753 4763 muneribus
2796 4707 2913 4760 qua:
2955 4710 3045 4761 per
3089 4695 3349 4751 Christum
3380 4701 3515 4753 acci-

2163 4763 2349 4829 pimus,
2383 4759 2581 4831 eolligit
2610 4763 2776 4833 ipsum
2806 4759 2922 4818 uere
2950 4759 3119 4819 Deum
3148 4783 3275 4822 esse.

1994 4897 2329 4966 Quamquam
2374 4892 2499 4967 quia
2529 4893 2596 4950 de
2637 4892 2820 4950 divina
2849 4894 2951 4950 hac
2980 4895 3271 4955 Salvatoris
3300 4902 3513 4966 Domini

1273 5008 1532 5064 ALARDI
1573 5011 1809 5069 GAZAEI
1847 5009 2414 5072 COMMENTARIUS.

288 5107 313 5133 ³
348 5096 510 5190 Urget
541 5100 726 5190 ὀρθῇ]
779 5100 922 5156 hunc
958 5101 1148 5190 ‘Iocutu
1194 5101 1268 5190 7D.
1320 5100 1680 5190 Hieronymus
1717 5105 1807 5190 (In

219 5171 916 5243 commentorio)_:_ldversus
958 5174 1244 5228 haereticos
1296 5171 1555 5243 negantes
1606 5171 1807 5235 Christi

217 5240 554 5318 divinitatem
583 5240 756 5318 :_U_bi,
789 5245 886 5309 ait,
913 5254 984 5318 est
1033 5262 1236 5318 serpens
1268 5240 1464 5300 Arius?
1502 5247 1600 5301 Ubi
1628 5247 1812 5305 Euno-

213 5313 351 5365 snius
378 5312 893 5389 coluberZMagnus»
921 5315 1064 5369 Deus
1111 5312 1265 5371 Iesus
1299 5317 1534 5389 Christus
1595 5320 1807 5389 dicitur,

214 5399 318 5436 non
348 5384 724 5456 primogenitus
754 5384 919 5440 amnis
942 5398 1213 5455 creaturas,
1245 5407 1346 5443 non
1390 5388 1614 5443 Verbum
1646 5404 1690 5445 et
1722 5384 1809 5447 sa;

212 5454 649 5527 pientiatid'est,
673 5472 777 5511 non
808 5468 1075 5527 quatenus
1105 5460 1241 5514 Deus
1270 5471 1323 5515 et
1350 5461 1516 5516 Filius
1538 5461 1680 5527 Dei),
1716 5466 1806 5518 sed

210 5523 367 5578 Iesus
394 5525 689 5615 Christus;_
715 5523 840 5598 qua!
883 5530 1137 5613 uocabula
1179 5533 1428 5615 assumpti
1478 5523 1801 5615 hominis.(itl

208 5605 316 5674 est,
349 5610 646 5674 ass_t_tmpt:e
678 5600 1050 5674 humanitatis)
1079 5613 1217 5656 sunt.
1253 5604 1433 5674 Neque
1478 5619 1594 5657 vero
1639 5600 1803 5660 alium

204 5663 393 5721 Imm
420 5663 711 5733 Christum,
741 5674 905 5726 alium
938 5663 1158 5727 Verbum
1190 5663 1425 5739 dicimus,
1456 5686 1507 5727 ut
1536 5691 1667 5728 noua
1702 5678 1806 5732 ha:-

211 5740 343 5795 resis
372 5741 611 5813 (scilicet
652 5742 999 5818 Nestoriana)
1027 5746 1372 5802 calumniatur
1394 5762 1407 5776 ·
1456 5745 1548 5802 sed
1573 5748 1805 5805 eumdem

612 5835 886 5896 Ρηιοι..
935 5836 1006 5897 L.

1915 5120 1964 5163 et
1993 5116 2112 5162 ante
2141 5105 2352 5168 sarcula,
2402 5114 2447 5159 et
2495 5104 2863 5175 post_sa'cula,
2898 5115 2945 5159 et
2986 5120 3105 5164 ante
3142 5114 3415 5175 mundum,
3465 5127 3511 5169 et

1919 5188 2033 5250 post
2066 5177 2312 5253 {lar-iam.
2345 5178 2447 5231 into
2478 5192 2541 5229 ex
2583 5173 2774 5253 Maria,
2804 5194 3045 5253 magnum
3076 5180 3241 5235 Deum
3270 5173 3511 5253 appella-

1917 5245 2030 5304 mus
2059 5251 2380 5305 Salvatorem
2406 5255 2633 5300 nostrum
2658 5245 2836 5303 Iesum
2864 5250 3148 5307 Christum.

1987 5321 2015 5359 δ
2045 5320 2098 5376 Id
2132 5330 2214 5374 est
2252 5320 2568 5393 distinctum
2606 5321 2994 5393 appellatione,
3042 5330 3099 5373 ut
3146 5323 3280 5376 intra
3312 5329 3510 5393 exponi

1915 5402 2024 5457 tur,
2054 5393 2179 5462 quia
2213 5390 2444 5443 diversm
2490 5399 2613 5442 sunt
2654 5392 3047 5459 appellationes
3094 5398 3149 5445 et
3201 5390 3509 5453 nantem-la-

1915 5474 2082 5529 turm,
2131 5477 2254 5531 quae
2300 5470 2478 5515 tamen
2537 5462 2628 5515 uni
2684 5462 2968 5530 eidemque
3014 5478 3262 5532 personae
3307 5483 3508 5526 cunve.

1955 5536 2089 5589 iuut.

1914 5552 2097 5660 manilii
2131 5612 2232 5667 est,
2264 5601 2530 5681 Quidquid
2552 5602 2935 5681 nominaverfs,
2958 5606 3098 5681 Deus
3120 5618 3201 5681 est
3221 5606 3470 5681 Christus
3486 5654 3504 5681 ,

1912 5676 2275 5755 quidquid-de
2302 5690 2369 5729 co
2405 5675 2638 5746 dicatur,
2666 5676 2922 5747 quidquid
2943 5680 3009 5735 de
3039 5678 3260 5737 homine
3282 5675 3502 5755 dicitur;

1913 5752 1981 5808 de
2013 5752 2122 5808 Deo
2148 5748 2364 5805 dicitur.

2832 5847 2865 5906 ἓ
