3976 6180
519 189 590 246 ιδ
1854 174 2104 234 JOA-NNI!

2214 174 2478 233 assum
3729 186 3795 248 ιι

516 299 695 361 nostri
730 298 905 371 gnua
931 292 1096 368 paulo
1123 288 1374 364 superius
1396 288 1547 361 loqui
1576 290 1871 361 coepimus,
1899 292 2025 356 volo
2056 302 2112 347 ut
2140 292 2187 364 Α
2218 289 2338 361 quis
2368 306 2449 356 es,
2492 305 2524 344 ο
2558 291 2831 355 hacreticc,
2857 291 3104 351 scribens
3129 292 3247 366 haec
3275 294 3342 350 ad
3373 294 3794 360 Ecclesiasl‘au~

517 398 589 454 de
615 394 807 451 eadem
838 408 898 447 re
926 389 1099 446 adhuc
1131 404 1196 444 ex
1227 385 1550 440 lcetionihus
1591 385 1762 439 sacris
1801 385 1976 456 aliqua
2023 385 2108 440 di-

517 503 726 546 camus.
758 483 1010 555 Legimus
1034 483 1086 536 in
1114 478 1335 534 Actibus
1363 475 1772 547 Apostolorum,
1806 478 2106 546 apostolum

517 583 740 638 Petrum
771 592 864 633 eos
901 575 1014 646 qui,
1062 571 1413 641 Evangelium
1448 569 1795 640 recipientes,
1834 569 2109 626 nihilomi-

517 690 620 729 nus
648 683 824 726 tatnen
849 669 1036 738 jugum
1062 673 1293 720 vetusta:
1327 664 1457 734 legis
1483 663 1804 732 portandum
1838 677 1960 719 esse
1984 680 2110 719 cen-

515 769 731 833 sebant,
791 765 861 818 ita
916 760 1335 830 redarguentem
1383 757 1591 825 :Quid,
1650 758 1842 825 inquit,
1903 759 2109 814 tentati;

513 861 706 925 Deum,
740 858 1001 929 imponere
1038 855 1220 926 iugum
1250 867 1404 920 super
1445 850 1661 903 Cervices
1712 851 2105 922 discipulorum,

515 955 655 1028 quod
679 967 837 1021 neque
866 959 1038 1020 patres
1063 948 1248 1013 nostri,
1271 962 1431 1016 neque
1461 961 1552 998 nos
1575 953 1782 1016 portare
1812 945 2109 1013 potuimus?

515 1050 626 1105 Sed
649 1062 738 1120 per
765 1045 987 1117 gratiam
1021 1041 1230 1096 Domini
1263 1042 1424 1094 nostri
1453 1038 1582 1092 Iesu
1628 1038 1821 1093 Christi
1845 1039 2108 1092 credimus

512 1142 725 1210 salvari,
777 1137 1205 1209 quemadmodum
1255 1144 1300 1188 et
1352 1134 1430 1186 illi
1474 1134 1691 1203 (Actor.
1747 1131 1860 1204 xv).
1897 1132 2103 1186 Donum

513 1246 662 1293 certe
691 1234 876 1304 gratia:
912 1230 1072 1300 hujus
1103 1244 1196 1298 per
1223 1227 1408 1281 Jesum
1437 1223 1714 1296 Christum
1750 1225 1931 1278 datum
1974 1238 2106 1292 apo-

513 1332 685 1386 stolus
715 1328 868 1382 dicit.
902 1321 1194 1392 Responde
1225 1320 1355 1374 mihi
1391 1335 1553 1386 nttnc,
1579 1319 1621 1372 si
1656 1315 2102 1388 placet,gratiam

508 1427 653 1481 hanc
689 1438 807 1492 qua:
838 1419 905 1473 ad
935 1417 1165 1472 salutem
1214 1415 1453 1467 omnium
1485 1411 1604 1464 data
1634 1420 1736 1474 est,
1767 1409 1833 1462 ab
1862 1407 2102 1471 homine,

512 1536 579 1574 an
615 1534 642 1571 a
671 1516 784 1569 Deo
811 1506 1345 1567 datam-existimes?
1368 1505 1424 1561 Si
1469 1503 1535 1558 ab
1565 1503 1802 1567 homine,
1845 1501 2104 1554 reclamat

511 1611 607 1666 libi
628 1609 731 1662 Vas
763 1608 857 1664 Dei
888 1605 1102 1667 Paulus,
1137 1601 1364 1672 dicens:
1391 1597 1648 1670 Apparuit
1671 1595 1840 1668 gratia
1871 1593 1966 1650 Dei
1989 1591 2105 1646 Sal-

2216 383 2317 447 lus,
2351 384 2476 455 quid
2524 383 2607 440 his
2655 386 2979 455 precabatur
3022 387 3088 442 ad
3118 402 3251 458 quos
3280 389 3593 450 scribebat?
3625 389 3796 448 Gratia

2214 477 2380 543 cnim,
2431 478 2648 548 inquit,
2676 476 2889 546 Domini
2919 481 3083 535 nostri
3129 478 3252 550 Iesu
3285 482 3482 546 Christi
3521 485 3790 549 vobiscum.

2215 567 2270 624 Si
2290 569 2454 624 homo
2480 579 2501 605 ει
2518 570 2792 636 solitarius
2813 572 2970 629 Jesus
2988 571 3259 640 Christus,
3287 589 3415 646 ergo
3439 585 3490 636 et
3506 576 3597 634 ille
3615 587 3796 648 optans

2213 663 2328 718 dari
2363 665 2616 720 Ecclesiis
2643 665 2870 738 gratiam
2897 667 3130 732 Christi,
3163 669 3386 738 gratiam
3419 670 3538 735 dari
3569 671 3795 730 hominis

2212 758 2466 824 Optabat;
2502 768 2559 813 et
2581 759 2792 827 dicens,
2820 761 2989 832 gratia
3015 759 3506 832 Christit'obiscum,
3532 765 3634 821 hoc
3658 766 3800 822 dice-

2215 850 2325 916 bat,
2344 853 2514 923 gratia
2531 853 2770 910 hominis
2787 855 3086 920 vobiscum,
3109 856 3278 926 gratia
3299 859 3478 916 carnis
3497 860 3797 929 vobiscum,

2211 947 2380 1016 gratia
2412 946 2808 1004 imbecillitatis
2843 963 3147 1019 corporeae,
3175 951 3345 1023 gratia
3371 951 3678 1022 fragilitatis
3706 955 3801 1008 hu-

2213 1053 2387 1092 manae
2440 1039 2548 1112 Ant
2597 1054 2694 1094 cur
2736 1043 2962 1096 omnino
2991 1059 3184 1100 nomen
3216 1043 3403 1114 gratia:
3433 1044 3602 1112 ipsius
3632 1045 3803 1100 nomi-

2212 1139 2388 1198 naret,
2423 1133 2464 1186 si
2498 1132 2723 1199 gratiam
2756 1133 2988 1198 hominis
3016 1145 3251 1205 optaret,
3295 1137 3421 1206 quia
3452 1139 3670 1206 optandi
3717 1155 3801 1196 ra-

2211 1217 2287 1270 tio
2321 1232 2425 1270 non
2468 1217 2820 1285 subsistebat,
2872 1220 2962 1290 ubi
3009 1237 3112 1276 non
3145 1231 3263 1290 erat
3309 1221 3452 1292 quod
3498 1232 3797 1293 optaretur,

2212 1327 2312 1366 nec
2342 1311 2671 1380 precandum
2720 1321 2834 1369 erat
2867 1322 2930 1384 ut
2965 1315 3082 1384 ejus
3111 1318 3281 1386 gratia
3321 1315 3405 1371 his
3439 1318 3800 1388 contingeret,

2209 1409 2300 1480 qui
2350 1411 2734 1476 substantiam,
2785 1421 2843 1466 ut
2870 1412 2970 1476 ais,
3021 1413 3188 1482 ipsius
3219 1428 3338 1483 qua:
3367 1413 3657 1484 optabatur
3681 1430 3803 1484 gra-

2209 1504 2296 1557 tia:
2330 1520 2435 1576 non
2459 1504 2727 1559 haberet?
2757 1504 2898 1580 Ergo
2921 1506 3072 1562 vides
3095 1507 3210 1562 hate
3240 1507 3406 1566 stulta
3438 1521 3558 1564 esse
3589 1509 3802 1578 penitus

2208 1605 2260 1651 et
2290 1596 2544 1663 ridicula;
2579 1599 2745 1652 immo
2775 1600 2952 1667 potius
2977 1614 3082 1654 non
3107 1599 3356 1668 ridicula,
3384 1600 3478 1656 sed
3519 1599 3799 1660 deﬂenda:

511 1704 699 1757 eatoris
728 1699 891 1754 nostri
922 1697 1050 1770 (Tit.
1086 1695 1169 1766 ιι).
1203 1693 1375 1749 Divini
1405 1707 1524 1747 esse
1567 1689 1792 1759 gratiam
1829 1689 1965 1742 hanc
2011 1687 2100 1740 do.
2215 1703 2274 1742 ea
2325 1688 2467 1743 enim
2498 1704 2616 1756 qua:
2661 1689 2984 1758 quibusdam
3020 1689 3358 1748 facilioribus
3389 1700 3511 1754 sunt
3540 1691 3800 1758 ridicula;

509 1807 598 1854 cet
646 1795 906 1863 muneris,
959 1807 1063 1846 non
1108 1785 1499 1843 imbecillitatis
1546 1784 1814 1837 humanm.
1853 1782 1917 1834 Et
1967 1793 2100 1836 sane

510 1892 673 1946 etiam
708 1889 749 1942 si
779 1901 991 1942 sacrum
1041 1881 1408 1938 testimonium
1463 1893 1567 1932 non
1620 1881 1954 1946 suppeteret,
1985 1871 2100 1942 ipsa

507 1985 588 2040 rei
620 1981 827 2037 veritas
862 1977 1170 2033 testimonio
1202 1981 1340 2037 erat,
1373 1972 1496 2041 quia
1531 1978 1787 2040 prtestare
1830 1983 1943 2021 rem
1977 1980 2100 2035 per-

506 2077 655 2148 petui
688 2085 743 2133 et
773 2070 1094 2128 immortalis
1117 2069 1244 2124 boni
1273 2066 1487 2137 fragilia
1512 2074 1565 2118 ct
1596 2073 1813 2120 terrena
1845 2076 1950 2114 non
1978 2073 2100 2130 pos-

507 2178 653 2233 sunt,
685 2183 781 2221 nec
814 2165 945 2221 dare
984 2163 1266 2233 quisquam
1299 2159 1454 2213 alteri
1501 2157 1648 2210 valet
1696 2170 1800 2226 quo
1855 2154 1975 2223 ipse
2015 2152 2098 2205 in-

508 2262 672 2332 diget,
724 2266 818 2313 aut
862 2258 1098 2313 tribuere
1138 2253 1286 2308 illius
1323 2252 1399 2307 rei
1433 2249 1646 2318 cepiam
1680 2247 1830 2317 cujus
1862 2247 1937 2300 rei
1986 2245 2103 2298 iuo-

507 2357 649 2425 piam
703 2350 973 2405 sustinere
1022 2346 1274 2400 fateatur.
1327 2342 1372 2398 A
1419 2342 1533 2398 Deo
1586 2354 1714 2410 ergo
1752 2352 1976 2393 necesse
2019 2345 2103 2394 est

506 2447 734 2518 gratiam
781 2444 961 2499 datam
994 2458 1099 2497 non
1133 2453 1319 2508 neges.
1355 2439 1493 2492 Deus
1526 2451 1656 2505 ergo
1687 2442 1773 2489 est
1802 2433 1890 2506 qui
1925 2431 2098 2498 dedit,

509 2543 634 2595 data
664 2551 844 2594 autem
873 2545 956 2592 est
985 2551 1078 2606 per
1108 2533 1398 2589 Dominum
1428 2540 1671 2586 nostrum
1699 2527 1884 2583 Iesum
1916 2525 2098 2579 Chris-

509 2646 653 2702 tum;
691 2648 818 2704 ergo
846 2632 1109 2702 Dominus
1139 2628 1298 2684 Jesus
1339 2624 1592 2682 Christus
1633 2623 1799 2682 Deus.
1828 2621 1880 2675 Si
1921 2629 2100 2675 autem

508 2740 591 2786 cst
622 2728 736 2796 ille,
766 2727 950 2796 utique
982 2734 1038 2779 ut
1063 2734 1165 2789 est,
1195 2723 1359 2788 Deus,
1389 2736 1518 2791 ergo
1543 2719 1633 2774 illa
1666 2733 1789 2790 quae
1812 2717 1980 2771 Deum
2011 2731 2102 2786 pe-

508 2825 669 2895 perit,
701 2821 1032 2884 Theotocos,
1066 2817 1117 2872 id
1169 2824 1271 2882 est,
1306 2813 1543 2885 genitrix
1578 2812 1692 2866 Dei.
1721 2810 1832 2865 Nisi
1866 2807 2001 2863 lorte
2034 2807 2100 2863 ad

507 2909 619 2969 tam
649 2913 932 2980 ridiculam
962 2909 1317 2982 blaSphemitc
1361 2904 1846 2962 contradictionem
1878 2903 2102 2958 tendere

509 3009 664 3072 velis,
698 3016 754 3060 ut
787 3006 932 3060 illam
965 3020 1031 3059 ex
1074 3019 1175 3074 qua
1213 3003 1353 3056 Deus
1383 3008 1544 3054 natus
1575 3007 1681 3063 est,
1729 2995 1825 3074 Dei
1871 3009 2099 3050 matrem

2206 1780 2308 1850 piis
2335 1795 2398 1834 ac
2431 1780 2678 1836 ﬁdelibus
2710 1781 2884 1852 flenda
2927 1791 3074 1852 sunt,
3110 1785 3234 1853 quia
3267 1785 3320 1838 in
3352 1784 3580 1842 stultitia
3602 1792 3803 1842 vestra:

2205 1870 2544 1928 inﬁdelitatis
2585 1874 2660 1927 illi
2695 1873 2982 1944 effundunt
3012 1876 3282 1948 lacrymas
3311 1877 3614 1944 charitatis,
3649 1889 3704 1936 et
3750 1879 3801 1935 in

2204 1963 2516 2034 insipientia
2542 1966 2837 2035 impietatis
2861 1967 3052 2024 aliena:
3075 1969 3150 2024 illi
3180 1970 3382 2028 habent
3401 1971 3667 2042 lacrymas
3691 1971 3803 2042 pie-

2207 2059 2329 2111 tatis
2357 2073 2490 2112 επεν.
2522 2058 2926 2138 Resipiscamus
2956 2077 3087 2132 ergo
3129 2063 3444 2134 aliquando,
3478 2074 3530 2119 et
3563 2065 3804 2135 respire-

2206 2166 2348 2212 ntus,
2394 2152 2517 2222 quia
2567 2167 2764 2208 sensus
2819 2154 2908 2220 hic
2953 2169 3058 2208 non
3108 2156 3373 2226 sapientia
3425 2165 3656 2228 tantum,
3703 2155 3805 2224 sed

2201 2245 2366 2314 etiam
2385 2245 2581 2316 spiritu
2601 2256 2747 2301 caret
2767 2261 2887 2312 cum
2907 2247 2977 2304 sit
3002 2247 3185 2317 utique
3207 2258 3259 2304 et
3281 2248 3512 2319 spiritali
3533 2248 3804 2320 sapientia

2204 2349 2432 2404 vacuus,
2467 2345 2520 2394 et
2551 2337 2748 2412 spiritu
2779 2338 2970 2402 salutis
2995 2338 3226 2398 alienus.
3347 2321 3352 2330 ’

2820 2452 3048 2508 CAPUT
3097 2452 3184 2508 Vl.

2204 2542 2410 2621 Dis-ina;
2433 2547 2618 2618 gratia:
2642 2547 2968 2618 conferenda:
2988 2547 3419 2621 facultatemnon
3445 2550 3726 2604 accessisse
3758 2551 3812 2604 in

2303 2616 2485 2672 ἰὴν-ἱδτο
2518 2616 2758 2692 temporis
2789 2616 3084 2690 progressu,
3122 2619 3211 2674 sed
3251 2620 3314 2676 ab
3347 2622 3459 2691 ipso
3507 2631 3622 2682 ortu
3651 2621 3744 2680 illi

2725 2692 3051 2768 congenitatn
3092 2693 3271 2762 fuisse.

2279 2803 2386 2862 Sed
2433 2804 2586 2872 dicas
2638 2804 2865 2870 forsitan
2911 2806 3148 2876 gratiam
3195 2806 3339 2876 hanc
3385 2807 3595 2870 Domini
3629 2807 3811 2872 nostri

2205 2897 2334 2970 Jesu
2369 2899 2590 2963 Christi,
2617 2897 2684 2970 de
2713 2915 2815 2968 qtta
2840 2900 3130 2968 Apestolus
3154 2900 3370 2966 scribit,
3407 2916 3513 2954 non
3538 2915 3660 2967 cum
3685 2902 3812 2971 ipso

2206 3001 2411 3051 natam.
2471 2989 2565 3044 sed
2619 3001 2808 3062 postea
2840 2991 2887 3046 ei
2936 2990 3129 3059 illapsu
3182 2990 3480 3054 divinitatis
3525 2992 3812 3061 infusam;

508 3115 708 3176 neges:
736 3115 856 3154 cum
907 3097 1057 3152 illum
1085 3095 1179 3166 qui
1209 3103 1371 3149 natus
1397 3100 1504 3161 est,
1534 3091 1708 3146 Deum
1755 3104 1956 3162 negare
1993 3103 2098 3142 non

2213 3083 2327 3152 quia
2358 3091 2412 3136 et
2447 3081 2605 3135 homo
2648 3083 2764 3148 ipse
2793 3097 2823 3135 a
2857 3090 2909 3137 te
2941 3081 3200 3148 Dominus
3238 3091 3427 3146 noster
3461 3082 3618 3148 Jesus
3645 3085 3816 3150 Chri-

509 3194 709 3266 p0ssis.
737 3191 842 3249 Sed
874 3191 1152 3247 videamus
1180 3199 1358 3245 tamen
1383 3186 1512 3257 quid
1539 3185 1608 3241 de
1633 3185 1731 3239 hac
1761 3184 1948 3239 eadem
1993 3182 2100 3236 Do-

509 3284 640 3344 mini
674 3287 842 3346 nostri
874 3287 1043 3358 gratia
1092 3285 1254 3340 etiam
1313 3280 1662 3352 Evangelium
1718 3279 1809 3333 Dei
1841 3275 2099 3333 senserit.

512 3381 717 3443 Gratia,
754 3379 946 3447 inquit,
997 3387 1043 3431 et
1074 3378 1263 3429 veritas
1307 3391 1399 3443 per
1429 3373 1614 3426 Jesum
1651 3372 1915 3425 Christum
1964 3370 2105 3440 facta

512 3485 585 3528 est
618 3472 797 3544 (Joan.
831 3468 894 3540 ι).
927 3469 984 3522 Si
1022 3467 1296 3519 solitarius
1325 3464 1489 3517 homo
1517 3463 1798 3530 Christus,
1832 3460 2105 3528 quomodo

511 3567 630 3621 haec
663 3566 801 3618 facta
831 3575 928 3630 per
956 3556 1270 3613 Christum?
1300 3554 1454 3610 Unde
1497 3554 1550 3608 in
1592 3567 1656 3608 co
1689 3551 1861 3607 virtus
1899 3550 2103 3615 divina,

513 3659 557 3712 si
592 3655 643 3710 in
670 3669 737 3709 eo
772 3652 910 3718 sola,
941 3663 998 3706 ut
1024 3649 1126 3716 ais,
1163 3649 1396 3703 humana
1423 3645 1697 3702 conditio?
1729 3643 1886 3702 Unde
1914 3643 2102 3712 coales-

517 3753 582 3804 lis
616 3747 858 3826 largitas,
896 3746 939 3800 si
957 3751 1176 3800 terrena
1201 3739 1526 3812 paupertas?
1549 3738 1722 3795 Nemo
1751 3739 1894 3794 enim
1923 3745 2108 3808 potest

512 3846 751 3900 tribuere
781 3840 923 3913 quod
956 3855 1062 3896 non
1093 3838 1275 3894 habet.
1326 3837 1471 3892 Dans
1512 3851 1642 3906 ergo
1704 3833 1944 3891 divinam
1977 3848 2105 3903 gra-

514 3941 641 3991 tiam
672 3917 940 4001 Christus,
971 3933 1156 3987 habuit
1200 3929 1347 4001 quod
1391 3930 1561 3985 dedit.
1593 3928 1781 3998 Neque
1810 3925 1952 3983 enim
2008 3942 2104 3994 po-

519 4040 621 4086 test
654 4031 840 4084 ltarum
872 4025 1363 4082 diversissimarum
1389 4023 1531 4077 inter
1552 4037 1613 4077 se
1641 4036 1822 4075 rerum
1856 4019 1978 4089 quis
2002 4018 2106 4073 (lif-

517 4124 799 4180 fcrcntiam
825 4121 1117 4183 sustinere,
1142 4125 1200 4171 ut
1222 4114 1384 4169 simul
1414 4125 1467 4171 et
1495 4113 2106 4188 patiaturindigentiam

516 4221 715 4289 inopis,
764 4227 817 4270 et
857 4213 1051 4268 habeat
1083 4209 1509 4265 muniﬁcentiam
1543 4207 1842 4280 largientis.
1877 4207 1947 4261 Et
1987 4206 2109 4262 ideo

517 4310 698 4365 sciens
726 4305 1005 4380 apostolus
1035 4303 1234 4362 Paulus
1252 4318 1443 4358 omnes
1473 4301 1783 4356 divitiarum
1807 4300 2107 4378 caelestium

519 4401 806 4457 thesauros
854 4400 906 4452 in
955 4397 1173 4452 Christo
1205 4410 1347 4464 esse,
1375 4405 1524 4450 recte
1555 4394 1622 4449 ad
1669 4395 1937 4450 Ecclesias
1976 4393 2112 4447 scri-

2208 3186 2343 3248 stus,
2374 3192 2532 3247 quem
2566 3175 2868 3252 solitarium
2893 3175 3046 3241 dicis,
3069 3191 3176 3232 non
3210 3191 3330 3244 cum
3353 3176 3464 3232 Deo
3496 3186 3682 3245 natus,
3710 3179 3818 3248 sed

2210 3281 2398 3344 postea
2427 3288 2456 3350 a
2484 3271 2597 3340 Deo
2624 3270 2837 3344 dicatur
2867 3279 3198 3340 assumptus,
3233 3286 3297 3326 ac
3329 3286 3424 3340 per
3455 3271 3561 3338 hoc
3601 3279 3817 3341 tutum,

2211 3369 2418 3444 homini
2446 3368 2522 3423 illi
2549 3368 2776 3438 gratiam
2801 3367 3016 3438 quando
3037 3377 3091 3428 et
3113 3365 3449 3436 divinitatem
3474 3365 3680 3438 datam?
3704 3367 3816 3433 Nc-

2210 3475 2313 3530 que
2342 3475 2443 3518 nos
2469 3460 2616 3514 aliud
2648 3461 2881 3516 dicimus
2908 3475 3065 3528 quam
3099 3459 3242 3531 quod
3271 3458 3451 3528 divina
3480 3459 3651 3530 gratia
3682 3473 3819 3532 cum

2212 3551 2502 3606 divinitate
2529 3551 2900 3620 descenderit,
2931 3554 3057 3624 quia
3100 3561 3155 3610 et
3184 3553 3360 3618 divina
3389 3533 3562 3621 gratia
3597 3552 3696 3607 Dei
3743 3555 3824 3624 sit

2209 3662 2267 3728 et
2293 3652 2504 3722 largitio
2536 3652 2937 3723 quodammodo
2975 3653 3145 3722 ipsius
3171 3651 3470 3716 divinitatis
3510 3665 3574 3706 ac
3601 3650 3820 3716 donum

2209 3747 2580 3804 muniﬁcentia
2607 3746 2924 3815 gratiarum.
2952 3744 3238 3814 Temporis
3261 3759 3391 3816 ergo
3413 3744 3556 3807 inter
3574 3759 3678 3800 nos
3709 3744 3823 3804 lor-

2209 3840 2353 3904 sitan
2383 3848 2602 3908 putetur
2630 3841 2801 3909 magis
2829 3854 2988 3910 quam
3019 3839 3099 3899 rei
3130 3855 3250 3898 esse
3273 3838 3549 3904 distantia,
3580 3839 3709 3907 quia
3737 3841 3824 3902 di-

2212 3931 2497 3988 vinitatem
2543 3947 2702 4002 quam
2748 3947 2847 3987 nos
2875 3949 2996 3996 cum
3035 3934 3270 3992 Domino
3306 3932 3432 3990 Jesu
3459 3931 3679 3990 Christo
3717 3950 3827 3994 na.

2211 4033 2344 4091 tam,
2381 4033 2436 4079 tu
2465 4034 2653 4094 postea
2686 4025 2837 4082 dicas
2890 4025 3146 4088 infusam.
3203 4026 3309 4084 Sed
3357 4026 3490 4086 illud
3521 4035 3606 4087 est
3660 4029 3826 4097 quod

2209 4126 2397 4180 natam
2432 4133 2552 4174 cum
2581 4118 2815 4186 Domino
2841 4119 3182 4180 divinitatem
3215 4121 3438 4190 negans’,
3489 4135 3589 4177 nec
3618 4131 3825 4191 postea

2212 4213 2446 4272 fideliter
2472 4215 2721 4269 conﬁteri
2755 4225 2932 4284 potes,
2957 4215 3080 4282 quia
3113 4231 3217 4270 non
3248 4223 3428 4286 potest
3457 4229 3559 4270 una
3587 4214 3826 4272 eadem-

2212 4321 2316 4374 quc
2345 4321 2435 4360 res
2466 4307 2522 4359 in
2549 4316 2705 4376 parte
2733 4321 2855 4363 esse
2885 4308 3069 4376 impia,
3100 4315 3156 4363 et
3185 4308 3238 4362 in
3272 4318 3425 4377 parte
3453 4307 3668 4376 probari
3698 4309 3823 4378 pia,

2214 4409 2270 4456 et
2298 4399 2484 4456 eadem
2517 4401 2569 4456 in
2599 4401 2846 4469 portione
2880 4401 3004 4466 ﬁdei
3032 4411 3086 4458 et
3117 4403 3167 4458 in
3201 4401 3448 4471 portione
3483 4415 3607 4455 esse
3636 4402 3828 4467 perli-

515 4495 598 4550 bit
621 4512 633 4548 :
653 4491 837 4549 Gratia
854 4489 1068 4545 Domini
1093 4490 1254 4544 nostri
1271 4486 1400 4543 Jesu
1418 4488 1612 4543 Christi
1635 4489 1899 4542 vobiscum
1923 4487 2106 4560 (lCor.
2134 4471 2190 4544 Π
2219 4492 2342 4548 dim.
2375 4492 2614 4556 Primum
2645 4509 2774 4563 ergo
2801 4493 2928 4550 illud
2954 4511 2982 4549 a
3008 4506 3058 4552 te
3085 4495 3336 4564 requiro:
3369 4493 3648 4548 Dominum
3679 4509 3833 4551 nos-

516 4589 656 4659 xvt).
711 4587 810 4656 Qui
861 4585 1072 4641 scilicet
1126 4584 1324 4654 smpius
1370 4582 1482 4653 jam
1537 4582 1802 4637 docuerat
1854 4582 2106 4636 eumdem

516 4683 686 4739 Deum
715 4695 838 4736 esse
868 4695 1027 4749 quem
1051 4678 1351 4740 Christum,
1385 4687 1746 4746 cunctamque
1782 4677 1834 4730 in
1870 4676 1962 4730 illo
1993 4691 2107 4732 ma:

517 4774 766 4844 jestatem
797 4771 1013 4827 deitatis
1043 4785 1185 4836 esse,
1217 4779 1269 4824 et
1310 4785 1525 4823 otnuent
1555 4770 1606 4822 in
1646 4786 1712 4824 eo
1743 4770 2108 4838 corporaliter

519 4864 911 4936 plenitudinem
957 4861 1262 4917 Divinitatis
1296 4860 1571 4926 habitare,
1601 4868 1751 4916 recte
1785 4861 1966 4930 tttique
1993 4861 2104 4930 jam

520 4959 640 5014 sine
669 4956 966 5022 adiectione
996 4955 1229 5009 nominis
1260 4953 1354 5007 Dei
1381 4951 1549 5005 solam
1590 4959 1838 5020 precatur
1869 4953 2099 5022 gratiam

520 5049 748 5110 Christi.
777 5047 914 5117 Quia
943 5064 1062 5101 cum
1095 5047 1339 5103 eamdem
1382 5045 1625 5100 docuerit
1653 5045 1851 5112 sa'pius
1881 5046 2110 5113 gratiam

522 5149 620 5208 Dei
669 5161 790 5206 esse
818 5159 977 5213 quam
1001 5141 1230 5208 Christi,
1262 5140 1575 5210 plenissime
1603 5153 1744 5191 nunc
1771 5140 1945 5194 solam
1985 5155 2112 5209 pre-

523 5251 676 5297 catur
706 5239 934 5311 gratiam
966 5233 1189 5298 Christi,
1213 5235 1339 5301 quia
1373 5234 1424 5285 in
1451 5232 1621 5303 gratia
1650 5231 1852 5286 Clll‘iSli
1897 5248 2112 5288 omnem

523 5333 626 5388 scit
654 5333 750 5388 Dei
781 5332 1006 5405 gratiam
1039 5324 1325 5384 contineri.
1361 5323 1544 5378 Gratia
1571 5341 1722 5398 ergo,
1757 5326 1963 5397 inquit,
1999 5325 2110 5381 Do-

524 5426 651 5482 mini
681 5425 843 5480 nostri
867 5423 993 5480 Jesn
1015 5418 1205 5478 Christi
1237 5414 1514 5472 vobiscum.
1553 5418 1831 5490 interrogo
1862 5432 1934 5486 te,
1963 5422 2112 5492 quis-

2217 4595 2359 4653 trum
2393 4585 2574 4644 Jesum
2605 4585 2915 4653 Christum,
2953 4589 3044 4658 qui
3085 4606 3151 4645 ex
3189 4586 3355 4650 Maria
3406 4584 3612 4655 virgine
3649 4596 3832 4646 natus

2218 4688 2321 4746 est,
2359 4680 2594 4734 hominis
2625 4688 2834 4740 tantum
2869 4681 3060 4747 ﬁlium,
3092 4696 3162 4735 an
3212 4682 3372 4738 etiam
3420 4678 3516 4734 Dei
3545 4679 3697 4733 dicas
3727 4678 3833 4735 Fi-

2215 4772 2382 4830 lium?
2415 4773 2523 4826 Nos
2550 4772 2718 4838 enim,
2749 4773 2799 4832 id
2831 4785 2937 4840 ρει,
2969 4774 3362 4832 catholicorum
3384 4770 3625 4831 omnium
3650 4770 3831 4839 ﬁdes,

2219 4881 2343 4933 nos,
2377 4865 2617 4936 inquam,
2655 4881 2848 4922 omnes
2899 4876 3187 4938 utrumque
3219 4869 3322 4930 hoc
3351 4875 3407 4922 et
3432 4866 3736 4934 credimus,
3774 4878 3836 4922 et

2218 4959 2596 5030 intelligimus,
2641 4966 2698 5012 et
2736 4961 2960 5026 scimus,
2997 4969 3050 5015 et
3077 4959 3422 5024 conﬁtemur,
3457 4957 3600 5028 quod
3631 4966 3686 5010 et
3725 4957 3839 5011 ho-

2224 5054 2383 5107 minis
2414 5062 2497 5108 est
2531 5053 2689 5119 filius,
2716 5055 2841 5122 quia
2872 5069 2937 5108 ex
2966 5051 3181 5108 homine
3212 5059 3367 5105 natus
3391 5061 3495 5116 est,
3531 5063 3583 5105 ct
3604 5050 3700 5105 Dei
3733 5050 3840 5106 Εἰς

2222 5147 2347 5214 lius,
2381 5148 2506 5216 quia
2547 5162 2611 5202 ex
2649 5147 2937 5200 Diriuitatc
2977 5153 3290 5210 conceptus.
3329 5143 3408 5198 Tu
3439 5158 3567 5213 ergo
3600 5150 3838 5199 utrum-

2223 5256 2328 5310 que
2355 5240 2480 5303 hoc,
2515 5242 2566 5296 id
2597 5249 2682 5297 est
2710 5240 2805 5293 Dei
2839 5237 3036 5291 Filium
3068 5247 3230 5314 atque
3273 5237 3530 5301 hominis,
3575 5250 3642 5290 an
3706 5246 3843 5292 tan-

2221 5341 2331 5387 tum
2369 5335 2599 5388 hominis
2622 5347 2741 5386 esse
2767 5330 3000 5386 asseris?
3030 5331 3085 5388 Si
3113 5339 3319 5410 tantum
3351 5317 3842 5406 heroinis—recla-

2221 5435 2374 5482 mant
2420 5427 2512 5482 tibi
2562 5425 2821 5497 apostoli,
2872 5422 3172 5490 reclamant
3201 5423 3506 5495 propheta,
3553 5419 3844 5482 reclamat

1595 5554 1850 5612 ALARDI
1891 5556 2126 5614 (ἒΛΖᾸΞΙ
2165 5557 2745 5624 COMMENTARIUS.

602 5664 626 5692 ι
657 5653 716 5732 id
752 5659 856 5719 est,
903 5665 946 5732 ξι.
971 5647 1182 5732 Deitate
1212 5647 1508 5716 seiunctus,
1552 5649 1634 5704 vel
1673 5665 1839 5718 purus
1872 5651 2053 5721 homo,
2090 5660 2149 5710 ut
2178 5670 2360 5727 supra,
2401 5666 2454 5714 et
2495 5655 2626 5715 alias
2653 5659 2949 5732 saepissime
2985 5659 3039 5716 in
3065 5659 3169 5718 hoc
3196 5667 3451 5727 tractatu,
3478 5655 3620 5730 quod
3642 5657 3844 5720 samo]

538 5724 810 5790 monuisse
845 5721 978 5776 satis
1006 5720 1098 5773 sit.
