3976 6180
440 218 516 278 ιτ
1506 216 1536 265 τ’

446 337 661 399 Domini
692 334 1101 407 Salvaturisque
1155 336 1326 391 nostri
1369 333 1496 390 inde
1543 338 1629 390 est
1674 334 1850 405 origo,
1904 336 2050 389 unde

424 422 787 502 conceptus;
820 441 878 489 et
915 447 1037 487 cum
1067 428 1441 485 descendente
1486 427 1541 481 in
1574 426 1853 497 Virginem
1890 428 2055 484 totius

449 524 760 584 Divinitaiis
788 525 1127 596 plenitudine
1154 530 1310 575 natus
1336 521 1431 583 sit.
1474 521 1617 574 lilius
1651 536 1775 576 esse
1820 520 2055 577 hominis

453 636 563 675 non
607 629 837 690 poterat.
892 617 995 670 nisi
1031 616 1180 685 prius
1214 614 1308 670 Dei
1353 614 1523 668 Filius
1566 613 1781 682 fuisset,
1828 624 1884 669 et
1930 613 2056 670 ideo

455 715 655 770 missus
681 712 746 766 ad
772 708 1199 765 annuntiandam
1231 708 1373 763 sacri
1406 718 1559 761 ortus
1586 707 1921 762 nativitatem
1955 722 2056 762 an-

451 808 603 878 gelus
628 806 743 866 Dei.
775 820 896 859 cum
917 812 1317 858 sacramentum
1343 801 1714 870 conceptionis
1739 810 1868 855 ante
1886 801 2057 856 dixis-

452 911 557 963 set.
602 898 776 968 partui
807 895 910 967 ipsi
937 912 1135 950 nomen
1184 895 1467 963 imposuit,
1514 894 1741 952 dicens:
1775 903 1800 929 ³
1830 892 1959 947 Ideo
2006 900 2055 947 et

452 994 591 1066 quod
623 1004 866 1047 nascetur
912 1008 976 1044 ea:
1028 1001 1075 1043 te
1131 998 1391 1052 sanctum,
1419 989 1687 1041 vocabitur
1734 986 1782 1039 [τ’
1787 988 1907 1041 ilius
1957 987 2057 1041 Dei

457 1085 585 1158 (hoc
611 1097 711 1149 est,
756 1085 902 1138 illius
941 1082 1108 1137 Filius
1141 1080 1543 1152 nuncupabitur
1569 1080 1596 1119 ι’
1626 1096 1733 1149 quo
1763 1090 2057 1150 generante

454 1189 539 1235 est
570 1176 905 1247 generatus).
940 1174 1033 1230 Dei
1056 1191 1187 1246 ergo
1222 1174 1392 1229 Filius
1436 1174 1595 1228 Jesus
1620 1172 1893 1236 Christus,
1932 1171 2055 1241 quia

455 1280 511 1327 et
541 1285 569 1322 a
602 1269 885 1324 divinitate
915 1268 1155 1338 genitus,
1188 1276 1238 1321 et
1276 1277 1299 1304 ο
1330 1283 1357 1319 a
1400 1265 1682 1320 divinitate
1738 1271 2058 1332 conceptus.

458 1358 485 1400 ἀ
521 1361 575 1417 Si
608 1372 789 1417 autem
843 1361 938 1415 Dei
972 1359 1165 1423 Filius,
1216 1374 1347 1429 ergo
1391 1356 1767 1411 indubitanter
1799 1356 1973 1419 Deus;
2015 1354 2063 1410 si

458 1468 639 1511 autem
674 1456 835 1517 Deus.
865 1469 996 1523 ergo
1023 1453 1193 1522 gratia
1226 1452 1319 1507 Dei
1348 1468 1455 1506 non
1474 1466 1694 1516 carens,
1721 1465 1895 1519 neque
1916 1449 2061 1503 enim

459 1562 524 1604 ea
547 1564 606 1602 re
632 1562 889 1615 umquam
932 1546 1108 1599 caruit
1148 1561 1307 1613 quam
1360 1546 1475 1611 ipse
1508 1543 1654 1598 fecit.
1688 1544 1871 1597 Gratia
1916 1542 2063 1597 enim

460 1650 509 1696 et
539 1642 723 1695 veritas
751 1657 843 1711 per
861 1638 1043 1694 Iesum
1073 1638 1335 1693 Christum
1360 1640 1502 1707 facta
1528 1647 1625 1694 est.

1790 207 2075 269 JOANNIS
2109 202 2427 267 CASSIANI
2697 202 2733 251 εἴ

3674 207 3771 271 ιι

2753 329 2987 391 CAPUT
3036 331 3150 391 Vll.

2159 427 2457 498 Perfectum
2507 430 2570 483 ab
2610 436 2800 483 a'terno
2850 430 3039 499 fuisse,
3082 443 3190 481 esse
3228 434 3276 480 et
3317 428 3426 495 {ore
3462 424 3516 477 in
3548 420 3755 477 Christo

2229 501 2565 568 divinitatem,
2597 503 2935 572 majestalem,
2961 501 3260 570 potentiam,
3289 499 3551 559 virtutem,
3571 502 3679 548 etc.

2229 615 2421 672 Omnis
2448 631 2578 685 ergo
2608 616 2660 669 in
2689 630 2754 669 eo
2784 616 2979 685 gratia,
3012 613 3185 668 omnis
3219 611 3417 671 virtus.
3451 608 3631 663 omnis
3660 622 3757 679 po-

2160 709 2350 777 tentia,
2385 710 2562 763 omnis
2593 708 2870 773 divinitas,
2904 707 3081 761 omnis
3112 705 3341 774 denique
3364 702 3667 756 divinitatis
3692 714 3756 756 ac

2161 802 2464 871 majestatis
2494 800 2662 870 ipsius
2691 799 2968 869 plenitudo
2990 813 3112 853 cum
3136 812 3201 851 eo
3226 805 3387 864 atque
3416 794 3469 848 in
3507 808 3573 848 eo
3609 808 3761 847 sern-

2162 911 2258 966 per
2309 896 2555 965 fuerunt,
2605 896 2721 949 sive
2768 894 2822 949 in
2870 893 3033 961 caelo,
3077 892 3191 946 sive
3230 891 3281 944 in
3327 899 3493 952 terra,
3544 887 3659 941 sive
3707 886 3761 940 in

2163 999 2338 1053 tttero,
2388 988 2501 1041 sive
2537 988 2589 1042 in
2621 998 2743 1041 ortu
2771 1003 2785 1042 :
2826 986 2959 1040 nihil
3000 999 3250 1054 umquam
3289 982 3400 1037 Deo
3429 981 3494 1034 de
3523 980 3632 1034 Deo
3660 978 3765 1033 dc-

2162 1080 2291 1143 l'uit;
2317 1096 2536 1149 semper
2557 1082 2700 1136 enim
2726 1096 2846 1134 cum
2870 1079 2983 1133 Deo
3009 1078 3201 1133 deitas.
3230 1091 3333 1130 non
3362 1075 3480 1127 loco
3508 1086 3761 1140 umquam

2163 1174 2231 1227 ab
2260 1189 2349 1241 eo,
2384 1187 2489 1227 non
2517 1183 2760 1242 tempore
2790 1182 3034 1241 separata
3063 1187 3077 1226 :
3109 1169 3310 1238 ubique
3336 1166 3479 1219 enim
3516 1164 3659 1217 Deus
3683 1174 3763 1218 to-

2168 1275 2275 1331 tus,
2312 1267 2513 1335 ubique
2545 1270 2832 1335 perlectus.
2877 1278 2980 1318 non
3012 1262 3242 1322 divisus.
3292 1274 3398 1314 non
3433 1257 3761 1322 demutatus,

2168 1372 2274 1412 non
2303 1358 2622 1411 imminutus
2652 1365 2766 1420 est;
2799 1356 2921 1426 quia
2953 1369 3054 1409 nec
3082 1352 3203 1407 addi
3236 1365 3490 1420 umquam
3524 1349 3634 1402 Deo
3667 1361 3767 1402 nec

2166 1448 2384 1502 detrahi
2431 1448 2721 1517 quidquam
2762 1454 2981 1517 potest:
3027 1445 3105 1501 sic
3145 1442 3291 1498 enim
3332 1440 3767 1496 imminutionem

2169 1542 2390 1599 deitatis
2418 1558 2522 1596 non
2557 1542 2741 1609 habet,
2766 1542 2906 1595 sicut
2935 1555 3033 1595 nec
3058 1545 3430 1609 augmentum.
3459 1534 3603 1589 Idem
3635 1545 3769 1603 ergo

2170 1637 2224 1691 in
2253 1636 2413 1691 terris
2440 1634 2559 1701 fuit,
2582 1635 2675 1705 qui
2700 1646 2756 1690 et
2778 1634 2831 1690 in
2854 1633 3047 1697 cmlis;
3083 1632 3227 1687 idem
3250 1631 3305 1687 in
3332 1627 3646 1695 humilibus,
3673 1623 3768 1695 qui

1534 1809 1790 1866 ALARDI
1831 1807 2068 1866 ΟΑΖΑΞΙ
2107 1806 2672 1869 COMMENTARIUS.

464 1936 645 1991 homo.
680 1932 885 2000 Spiritu
940 1938 1119 1983 sancto
1162 1932 1548 1997 superveniente
1584 1940 1629 1983 et
1672 1930 1857 1983 virtute
1896 1931 2058 1983 Altis-
2090 1930 2137 1991 Β
2167 1927 2361 1997 inquit,
2398 1942 2591 1986 nostra:
2619 1931 2901 1985 nativitatis
2926 1928 3085 1984 Iesus
3128 1940 3339 1985 sanctus
3365 1930 3661 1985 nasciturus
3686 1948 3773 1986 as-

463 2008 579 2061 simi
634 2003 892 2072 Virginem
942 2002 1293 2063 obumbrante,
1341 2002 1566 2072 concipi.
1611 2004 1697 2068 qui
1743 2010 1921 2054 neutro
1968 2002 2060 2053 illo

464 2078 614 2132 modo
646 2070 817 2128 Filius
868 2082 992 2126 esset
1027 2073 1141 2133 Dei,
1171 2087 1285 2123 cum
1314 2088 1473 2141 neque
1518 2070 1657 2124 Duas
1701 2081 1851 2131 esset.
1902 2089 2063 2141 neque

464 2152 654 2204 divina:
678 2148 981 2209 coniunctus
1022 2158 1271 2215 persona}.
1319 2143 1397 2195 Ait
1436 2144 1755 2215 probandum
1785 2154 1977 2203 autem,
2013 2144 2066 2196 id

465 2224 601 2290 quod
622 2222 940 2273 nasciturum
973 2212 1079 2268 erat
1108 2231 1171 2268 ea:
1206 2212 1439 2290 Virgine.
1459 2214 1573 2290 _Dei
1605 2213 1810 2290 Filium
1831 2218 2066 2290 futuram

467 2285 627 2364 fuisse
649 2308 706 2344 eo
732 2306 883 2343 sensu
905 2305 1004 2357 quo
1026 2286 1255 2364 exposui.
1285 2286 1557 2364 notissima
1582 2286 1716 2364 ratio
1737 2285 1831 2364 erit
1859 2285 2062 2355 Angeli,

467 2354 591 2428 quia
616 2378 717 2415 non
748 2376 810 2413 ex
840 2354 967 2414 viro.
1020 2357 1109 2409 sed
1142 2355 1343 2428 ea:_solo
1378 2354 1485 2407 Deo
1517 2356 1883 2428 concipiendas
1933 2354 2062 2409 έναι,

468 2425 654 2501 itaque
698 2432 897 2484 etiamsi
930 2429 1163 2501 Christus
1202 2425 1337 2501 Deus
1388 2443 1503 2501 non,
1538 2427 1859 2501 fuissctLitlo
1897 2438 2067 2481 tamen

469 2496 622 2558 modo
648 2503 845 2571 genitus
876 2517 975 2563 quo
1001 2500 1201 2571 genitus
1231 2500 1352 2566 fuit,
1380 2500 1560 2550 merito
1588 2497 1681 2549 Dei
1710 2496 1881 2571 Filius
1910 2516 2065 2552 voca-

470 2584 552 2630 tus
582 2569 785 2646 fuisset,
821 2588 920 2646 non
949 2569 1119 2623 solum
1156 2581 1210 2622 ut
1235 2570 1405 2646 casteri
1436 2571 1529 2621 viri
1556 2570 1742 2646 sancti,
1787 2571 1853 2646 de
1884 2570 2068 2646 quibus

470 2638 665 2699 dictum
706 2657 777 2697 est
814 2641 986 2713 (Psal.
1022 2656 1206 2703 LXXXI,
1236 2650 1281 2692 et
1316 2638 1475 2693 Joun.
1521 2641 1576 2703 ιι)
1605 2657 1620 2695 :
1652 2639 1768 2713 ligo
1802 2640 1943 2713 diri,
1983 2642 2069 2695 Dii

471 2719 611 2776 estis.
645 2727 689 2769 et
720 2712 840 2767 Filii
877 2712 1081 2766 Επειδὶ
1122 2727 1331 2775 omnes;
1368 2712 1457 2763 sed
1484 2712 1739 2779 singulari
1768 2712 1987 2778 quatiant
2021 2724 2068 2766 et

472 2789 686 2858 propria
722 2788 943 2858 ratione.
984 2784 1120 2851 quod
1155 2801 1255 2836 non
1290 2784 1451 2858 alium
1481 2799 1631 2851 quam
1666 2780 1827 2834 Deum
1861 2786 2069 2858 haberet

470 2855 705 2918 Patrem.
747 2874 849 2911 non
878 2855 941 2907 ab
991 2858 1097 2907 alio
1126 2871 1280 2921 quam
1329 2855 1391 2907 ab
1423 2870 1481 2908 eo
1524 2864 1799 2923 generatas
1831 2870 1850 2906 :
1893 2856 2069 2908 eodem

470 2947 687 3005 prorsus
712 2928 860 2982 modo
877 2944 976 2997 quo
1001 2925 1167 2979 Lucas
1186 2926 1327 3005 infra
1348 2943 1462 3005 cap.
1487 2941 1565 3005 ιιι,
1592 2926 1845 3005 Adamum
1871 2924 2069 3005 Filium

474 2997 571 3055 Dei
592 3011 754 3064 rocat,
800 3002 919 3067 quia
949 3015 1049 3053 non
1088 3016 1118 3050 a
1148 2999 1278 3064 viro,
1312 3000 1400 3049 sed
1442 3015 1473 3049 a
1511 2997 1617 3049 Deo
1649 3000 1851 3068 genitus
1877 2998 2067 3066 fuerat.

476 3073 575 3139 Qui
604 3073 700 3141 fuit
744 3066 981 3132 Cainam,
1028 3070 1114 3132 qui
1151 3070 1254 3141 fuit
1289 3067 1495 3141 lienes.
1538 3069 1623 3137 qui
1653 3066 1760 3141 '[uit
1792 3066 1915 3123 Seth
1938 3111 1949 3133 ,
1983 3069 2071 3139 qui

473 3148 572 3271 {ait
606 3139 808 3206 ‘Adam,
851 3143 938 3211 qui
990 3142 1085 3204 fuit
1140 3139 1254 3193 Dei.
1303 3140 1617 3207 lntelligitur
1659 3140 1793 3192 enim
1845 3156 2065 3201 nomen.

502 3216 683 3271 ‘ILIUS.
729 3215 865 3268 sicut
910 3214 961 3265 in
995 3214 1225 3265 omnibus
1268 3211 1641 3271 suptrioribus.
1690 3210 1829 3271 Quid
1868 3213 2065 3271 iqiturii

502 3216 683 3280 I‘tuus.
729 3210 872 3268 sicut
910 3214 961 3265 in
995 3214 1225 3265 omnibus
1268 3211 1641 3278 saptrioribns.
1690 3210 1829 3277 Quid
1868 3213 2073 3277 igitur?

475 3284 736 3342 Pcribitne
758 3285 903 3339 nobis
927 3284 1008 3335 hic
1035 3283 1201 3346 locus.
1223 3291 1270 3336 et
1300 3293 1480 3337 contra
1509 3282 1845 3336 Nestorianos
1870 3284 2069 3338 inutilis

474 3361 604 3413 erit?
628 3358 749 3411 Non
779 3357 907 3422 perit
934 3374 945 3407 :
970 3372 1089 3407 nam
1113 3372 1210 3406 non
1238 3354 1421 3407 desunt
1444 3356 1588 3408 nobis
1616 3354 1904 3413 Scriptartv
1930 3358 2071 3410 testi-

474 3432 667 3490 monia.
692 3428 874 3496 quibus
897 3442 1007 3478 eum
1040 3424 1272 3479 Nestorii
1296 3442 1522 3479 errorem
1552 3425 1856 3492 t'efttteniilg,
1889 3436 1937 3478 εν
1957 3428 2074 3496 qm;

474 3502 567 3555 bus
623 3501 803 3552 melius
832 3513 895 3549 ea:
928 3497 1022 3547 hoc
1072 3498 1183 3556 ipso
1240 3496 1353 3548 loco
1414 3506 1460 3549 rt
1504 3511 1567 3548 ea
1612 3497 1859 3563 proximis
1908 3498 2073 3551 verbis

474 3571 757 3639 Gregorius
783 3568 1021 3637 refutauit
1044 3566 1131 3618 lib.
1162 3582 1212 3620 Ix
1241 3565 1463 3639 Iteiiistri
1494 3566 1643 3634 epist.
1673 3564 1763 3619 6|.
1792 3563 1943 3639 Natu
1957 3584 2072 3639 cum

474 3635 701 3709 Angelus
747 3635 881 3691 dicat
926 3639 1020 3689 hoc
1046 3640 1198 3709 loco:
1247 3638 1396 3700 Quod
1429 3646 1662 3689 nascetur
1693 3653 1756 3690 ea:
1784 3649 1859 3701 te,
1898 3635 2072 3709 Elisu-

476 3715 593 3767 beth
622 3727 768 3765 versu
790 3710 859 3763 63
900 3708 1064 3761 dicit:
1102 3708 1249 3763 Unde
1291 3708 1387 3760 hoc
1420 3711 1563 3763 mihi.
1594 3716 1647 3760 at
1697 3711 1863 3762 veniat
1906 3708 2074 3765 Mater

476 3783 690 3839 Domini
722 3783 817 3835 mei
844 3782 912 3833 ad
951 3781 1067 3833 me?
1108 3780 1255 3835 Unde
1291 3780 1484 3852 ctlligit
1526 3778 1805 3848 Gregorius
1840 3785 2073 3836 eamdem

476 3857 722 3924 virginem
766 3864 811 3907 et
844 3863 1054 3905 matrem
1087 3852 1333 3924 hominis,
1381 3854 1444 3924 de
1468 3868 1565 3921 quo
1598 3853 1845 3918 Angelus,
1891 3864 1936 3905 et
1963 3872 2073 3907 ma-

477 3921 604 3981 trem
661 3926 774 3993 Dei,
828 3926 890 3977 de
934 3940 1033 3993 quo
1078 3921 1340 3976 Elisabeth
1388 3923 1634 3993 loquitur.
1674 3925 1830 3975 simul
1869 3926 2071 3990 fuisse:

477 4015 636 4068 quam
662 3990 771 4050 ηοη⁷
792 3990 1084 4068 άηοεςλςεά
1117 4011 1274 4068 unum
1306 3994 1463 4068 fuisse
1494 3990 1734 4068 Filium;
1786 4010 1887 4068 non
1935 3998 2071 4049 enim

477 4062 587 4122 alia
628 4068 691 4121 de
748 4084 905 4120 causa
954 4065 1228 4119 Nestorius
1283 4062 1498 4132 negabat
1556 4062 1756 4113 beatam
1811 4062 2070 4133 Virginem

475 4141 713 4199 θεοτδκσ-δ,
764 4140 815 4190 id
854 4146 949 4199 est,
994 4137 1086 4187 Dei
1130 4144 1342 4185 matrem
1386 4149 1445 4183 ac
1474 4132 1766 4201 genitricem
1800 4132 1931 4194 esse.
1972 4138 2071 4190 nisi

476 4214 600 4282 quia
620 4212 753 4263 duos
776 4212 825 4260 in
852 4206 1053 4260 Christo
1080 4204 1299 4282 ponebat
1328 4202 1504 4282 ﬁtios._
1533 4202 1825 4282 litterisque
1866 4206 2069 4282 lllaltto-

478 4274 659 4335 ίιηιιις.
690 4281 764 4333 Ex
788 4282 939 4342 cuius
966 4274 1231 4329 sententia
1256 4274 1466 4327 videtur
1494 4274 1579 4325 hic
1611 4275 1757 4326 locus
1781 4278 1913 4331 satis
1935 4278 2070 4332 alio.

478 4356 609 4420 quin
640 4351 906 4420 obscurus
929 4356 983 4420 ct
1006 4346 1287 4420 intricatns
1318 4345 1583 4420 sic‘posse
1614 4346 1910 4420 elucitlari:
1947 4348 2071 4404 Sat-

477 4417 671 4477 vatoris
700 4419 861 4473 nostri
890 4418 1004 4470 inde
1026 4427 1095 4469 est
1122 4417 1301 4486 origo;
1326 4417 1528 4469 scilicet
1558 4420 1851 4471 secundum
1883 4419 2072 4474 hutna.

476 4510 601 4548 nant
661 4502 931 4551 naturam,
986 4488 1123 4542 unde
1177 4498 1452 4556 conceptus
1498 4488 1606 4556 ipse
1657 4497 1751 4552 est,
1809 4507 2000 4557 nempe
2038 4508 2070 4547 a

476 4564 678 4627 Spiritu
719 4573 925 4617 sancto.
965 4560 1134 4615 immo
1182 4575 1210 4613 a
1264 4570 1373 4612 tota
1430 4558 1715 4625 Trinitato,
1769 4574 1864 4615 seu
1915 4564 2071 4619 totius

476 4637 759 4689 divinitatis
790 4634 1129 4706 plenitudine.
1178 4643 1237 4706 ut
1268 4632 1353 4684 hic
1383 4631 1605 4706 dicitur.
1633 4631 1752 4706 _Uhi
1795 4644 2069 4704 conreptus

475 4718 656 4779 potest
686 4696 805 4761 esse
840 4704 1375 4779 vel__suh_stantivum.
1404 4702 1733 4779 ill‘sihitlctll
1768 4706 1908 4779 quod
1940 4696 2070 4762 con-
2094 4696 2149 4758 Ι)

474 4774 695 4842 captio;
748 4780 831 4831 vel
868 4776 1216 4843 adjectivuni,
1258 4784 1315 4827 ιιι
1351 4775 1416 4828 ad
1463 4774 1738 4829 Chrislttm
1781 4777 2065 4841 referatur.

476 4852 566 4919 qni
599 4864 660 4902 es
696 4847 900 4914 Spiritu
926 4857 1115 4900 sancto
1138 4855 1459 4919 conceptus
1485 4854 1539 4919 et
1571 4856 1729 4919 natus
1755 4858 1860 4901 est.
1898 4850 1962 4919 Igt
1997 4852 2067 4919 ﬁ-

474 4918 577 4972 lius
607 4919 826 4970 hominis
870 4935 977 4972 esse
1022 4934 1126 4971 non
1156 4926 1373 4979 poterat.
1406 4916 1509 4969 nisi
1552 4918 1693 4981 prius
1717 4928 1847 4971 esset
1895 4918 1945 4970 F
1948 4916 2067 4973 ilius

477 4986 597 5049 Dei.
630 4987 755 5053 quia
796 4990 908 5048 ipse
954 4988 1048 5041 Dei
1100 4988 1268 5042 Filius
1297 5002 1356 5040 se
1400 4988 1528 5040 fecit
1574 4987 1741 5039 lilium
1797 4989 2063 5055 hominis;

474 5070 594 5115 erat
619 5059 779 5127 igitur
805 5057 894 5110 Dei
931 5058 1095 5111 Filius
1122 5070 1411 5126 antequam
1440 5066 1585 5127 esset
1611 5057 1753 5109 titius
1785 5057 2019 5113 hominis
2046 5080 2060 5113 :

474 5147 596 5187 esse
630 5126 771 5184 enim
816 5129 961 5196 ptius
994 5131 1321 5199 est(saltem
1366 5126 1581 5199 natura)
1625 5144 1783 5194 quam
1824 5134 2061 5198 operari,

474 5202 771 5259 secundum
808 5197 1221 5266 Philosophum.
1276 5201 1333 5253 Et
1367 5197 1614 5269 quamvis
1644 5215 1709 5253 ex
1748 5198 1854 5252 illis
1885 5197 2064 5257 verbis

474 5275 664 5341 Angeli
713 5290 816 5327 non
868 5282 1050 5338 posset
1079 5282 1228 5323 Certo
1272 5272 1449 5341 colligi
1500 5272 1675 5337 ipsum
1718 5286 1840 5325 esse
1868 5270 2061 5328 Filium

476 5346 569 5400 Dei
607 5346 905 5398 naturalem
930 5386 944 5407 ,
977 5342 1069 5399 sed
1115 5357 1175 5395 ea
1207 5342 1486 5395 dumtaxat
1534 5346 1743 5396 ratione
1778 5344 2061 5411 peetiliari,

483 5379 569 5400 νυ.
608 5379 905 5398 ...ιιιιιωωη
977 5379 1069 5399 ου..
1115 5379 1175 5395 ω.
1207 5379 1486 5395 “unum...
1534 5379 1742 5396 ...ιιυηυ
1797 5379 2035 5397 MM...”

450 5379 615 5511 ,q'lititl
652 5431 756 5511 n'm:
803 5386 999 5511 alviro,
1047 5414 1139 5469 sed
1170 5430 1199 5466 ει
1245 5414 1363 5511 διιιῐὶι
1400 5414 1508 5466 Deo
1554 5379 1918 5511 genittts'aesl:
1952 5385 2064 5511 lnec;

473 5488 636 5540 alium
672 5485 855 5537 hahuit
884 5495 1089 5551 patrem
1124 5502 1282 5554 quam
1318 5486 1515 5547 Deum.
1548 5502 1654 5553 quo
1687 5486 1848 5538 modo
1888 5488 2058 5542 Adam

475 5559 636 5610 etiam
690 5556 783 5609 Dei
816 5556 955 5608 titius
1001 5568 1364 5625 nuncupatur,
1417 5567 1594 5611 tamen
1626 5572 1693 5611 ex
1726 5558 1842 5610 aliis
1875 5557 2059 5623 Scrip-

474 5637 611 5709 tura:
643 5628 772 5681 locis
817 5626 979 5682 simul
1032 5627 1243 5682 collatis
1269 5631 1319 5683 id
1350 5628 1549 5682 atl'atim
1581 5638 1636 5683 et
1674 5641 1857 5696 aperte
1906 5632 2061 5684 cotti-

511 5708 637 5754 illit'.

473 5714 867 5826 Βηὶιῖῗιξιιιιτιιι).
896 5766 1040 5827 Beda
1068 5768 1122 5826 in
1154 5767 1295 5823 hunc
1318 5768 1493 5824 locum
1518 5790 1529 5824 :
1551 5773 1631 5826 Ad
1660 5773 2059 5833 distinctionem.

2170 2002 2363 2053 seritur
2388 2019 2406 2055 :
2455 2020 2547 2056 nos
2578 2006 2769 2070 quippe
2794 2004 2887 2055 etsi
2922 2003 3093 2056 sancti
3136 2004 3401 2072 efﬁcimur,
3453 2018 3552 2054 non
3601 2014 3773 2059 tamen

2171 2073 2455 2140 nascimur,
2512 2076 2635 2144 quia
2674 2076 2790 2143 ipsa
2842 2086 3039 2128 natura:
3084 2074 3435 2138 corruptibilis
3473 2077 3771 2128 conditione

2173 2146 2614 2217 constrinqimur;
2650 2156 2702 2217 ut
2736 2148 2918 2200 merito
2942 2162 3057 2217 cum
3089 2144 3356 2212 Propheta
3377 2155 3635 2217 gementes
3666 2146 3775 2200 sin-

2172 2214 2285 2283 guli
2336 2222 2574 2271 dicamus
2622 2215 2799 2287 (Psal.
2832 2218 2931 2277 1.):
2968 2216 3102 2270 Ecce
3145 2219 3283 2271 enim
3326 2214 3391 2269 in
3415 2218 3778 2285 iniquitatibus

2173 2298 2449 2357 conceptus
2479 2306 2615 2352 sum.
2649 2301 2695 2341 et
2740 2291 2795 2341 in
2833 2288 3036 2342 delictis
3066 2289 3299 2357 concepit
3327 2305 3406 2341 me
3439 2301 3601 2341 mater
3630 2305 3779 2355 mea;

2174 2357 2263 2409 ille
2309 2371 2483 2412 autem
2533 2361 2674 2413 solus
2724 2362 2973 2413 veraciter
3002 2369 3208 2413 sanctus
3254 2369 3349 2423 est,
3389 2360 3476 2430 qui
3506 2368 3557 2411 ut
3608 2361 3779 2424 ipsam

2173 2431 2527 2497 corruptibilis
2554 2442 2753 2485 natura:
2781 2433 3127 2486 conditionem
3156 2434 3394 2493 vinceret.
3430 2447 3494 2487 ea:
3524 2434 3779 2486 commix-

2173 2500 2315 2580 tione
2368 2504 2596 2580 carnalis
2648 2504 2851 2580 copulae
2890 2513 3166 2580 conceptus
3198 2519 3315 2580 non
3357 2512 3447 2556 est.
3476 2502 3777 2580 ‘Sanftum,

2172 2572 2359 2635 inquit,
2408 2574 2676 2627 vocabitur
2727 2574 2903 2627 Filius
2951 2572 3068 2627 Dei.
3106 2574 3245 2639 Quid
3265 2572 3350 2627 hic
3382 2575 3536 2637 dicis.
3583 2573 3779 2629 Nesto-

2176 2644 2369 2696 riane?
2404 2648 2487 2710 qui
2532 2646 2731 2699 beatam
2773 2646 2999 2699 Mariam
3038 2646 3129 2699 Dei
3175 2662 3366 2712 negans
3411 2662 3519 2715 esse
3561 2647 3778 2715 genitri-

2176 2729 2301 2789 cem.
2330 2726 2507 2781 aperte
2544 2718 2725 2771 niteris
2760 2719 3083 2789 impugnare
3109 2718 3370 2771 veiitatem
3390 2716 3416 2769 ?
3446 2714 3578 2772 Ecce
3613 2718 3779 2772 Deum

2175 2784 2305 2836 dixit
2346 2798 2796 2855 superventurum.
2832 2784 2944 2841 'Dei
2998 2787 3198 2841 Filium
3248 2789 3584 2840 nasciturum.
3638 2790 3779 2853 Quo-

2176 2858 2330 2907 modo
2360 2872 2531 2912 autem
2571 2870 2657 2911 aut
2694 2859 2787 2911 Dei
2836 2856 3011 2912 Filius
3060 2875 3163 2911 non
3190 2868 3303 2922 est;
3327 2869 3411 2910 aut
3437 2874 3553 2926 qua
3611 2860 3777 2913 Deum

2175 2927 2354 2995 edidit,
2384 2931 2641 2997 quomodo
2671 2930 2919 2994 Θεοτόκος,
2945 2932 3001 2983 id
3026 2939 3097 2983 est
3127 2928 3221 2981 Dei
3250 2930 3495 2997 genitrix,
3534 2947 3639 2983 non
3665 2947 3779 2986 esse

2175 2988 2533 3067 puteit'?'ll:ec
2568 3000 2729 3058 Beda.
2761 3013 2815 3054 et
2847 2988 3035 3055 eadem
3082 3001 3196 3054 fere
3231 2988 3524 3068 Gregorius
3558 3002 3650 3055 utii
3686 3018 3779 3056 su-

2177 3084 2270 3141 pra
2307 3068 2443 3139 (Lib.
2472 3086 2625 3136 xvut,
2664 3071 2857 3124 Mai-at.
2887 3089 3003 3141 cap.
3038 3071 3152 3131 57).
3200 3070 3367 3124 Porro
3405 3072 3615 3141 vocari,
3673 3074 3778 3128 hoc

2178 3139 2317 3203 10c",
2371 3158 2465 3210 pro
2520 3158 2641 3196 esse
2696 3146 2913 3210 ponitur
2953 3139 3305 3196 Hebraeorum
3369 3140 3661 3203 idiomate.
3718 3152 3777 3197 ut

2176 3210 2315 3265 idem
2348 3222 2440 3277 sit,
2475 3214 2734 3267 vocabitur
2775 3211 2946 3267 Filius
2982 3213 3096 3274 Dei,
3138 3212 3245 3275 vel,
3288 3211 3453 3266 Filius
3491 3210 3775 3279 Altissimi,

2178 3298 2240 3335 ac
2295 3288 2399 3339 crit
2451 3302 2637 3339 revera
2682 3285 2854 3338 Filius
2884 3285 2977 3338 Dei
3022 3284 3314 3343 Altissimi;
3370 3294 3428 3336 ut
3458 3284 3651 3337 merito
3694 3286 3773 3340 sic

2177 3358 2357 3407 vorari
2407 3358 2622 3411 deheat.
2678 3359 2767 3411 Sic
2811 3356 2951 3423 apud
3002 3354 3192 3407 Isaiam
3242 3369 3360 3424 cap.
3394 3370 3412 3407 ι
3445 3372 3459 3409 :
3497 3353 3623 3407 Post
3667 3358 3775 3409 ture

2177 3429 2439 3497 vocaberis
2469 3430 2645 3480 civitas
2663 3430 2815 3497 justi,
2852 3430 2969 3480 urbs
3000 3426 3191 3494 ﬁdelis,
3227 3426 3279 3477 id
3310 3432 3411 3491 est,
3446 3425 3554 3479 eris
3582 3428 3773 3482 civitas

2171 3494 2325 3563 justi.
2345 3497 2492 3549 Isaia:
2517 3512 2600 3550 IV;
2625 3494 2687 3567 Et
2710 3499 2826 3563 erit,
2854 3499 3020 3549 omnis
3032 3499 3122 3567 qui
3144 3498 3353 3550 relictus
3375 3497 3529 3562 fuerit
3549 3497 3601 3549 in
3618 3497 3773 3564 Sion,

2176 3574 2222 3619 et
2253 3568 2491 3621 residuus
2520 3571 2571 3619 in
2600 3566 2913 3624 Jerusalem.
2962 3566 3171 3622 sanctus
3225 3568 3507 3631 vocabitur,
3562 3568 3611 3621 id
3660 3578 3766 3634 est,

2176 3638 2296 3708 erit.
2331 3637 2408 3691 Ne
2436 3642 2556 3708 quis
2604 3655 2732 3694 vero
2764 3640 2848 3692 hic
2882 3639 3108 3700 haereat.
3142 3646 3200 3692 ut
3234 3638 3418 3692 Ariani
3440 3682 3454 3703 ,
3500 3640 3550 3692 in
3603 3639 3771 3693 verbo

2176 3707 2338 3763 tu:uri
2375 3707 2654 3775 temporis,
2689 3712 2975 3775 vocabitur,
3008 3712 3160 3779 quasi
3190 3720 3478 3775 antequam
3514 3725 3768 3765 nachre-

2178 3789 2285 3843 tur,
2322 3783 2411 3834 Dei
2462 3782 2632 3835 Filius
2661 3798 2763 3835 non
2798 3790 2963 3847 esset,
3010 3781 3409 3836 observandum
3457 3793 3539 3835 est
3572 3782 3657 3835 hic
3685 3781 3771 3851 agi

2174 3851 2243 3905 de
2275 3853 2495 3908 homine
2521 3868 2683 3919 quem
2711 3864 3039 3917 conceptum
3071 3860 3127 3907 et
3159 3857 3397 3922 paritura
3430 3862 3547 3906 erat
3582 3853 3766 3921 Virgo.

2174 3924 2262 3991 qui
2294 3934 2581 3993 antequam
2613 3926 3018 3991 conciperetur,
3066 3940 3170 3977 non
3222 3926 3382 3979 modo
3426 3923 3601 3977 Filius
3648 3923 3768 3988 Dei,

2174 3994 2372 4065 sedne
2426 3997 2587 4049 lnnno
2616 3996 2830 4065 quidem
2885 4004 3023 4049 erat.
3076 3997 3412 4063 Conceptnra
3455 3996 3599 4050 enim
3648 4003 3767 4049 erat

2175 4064 2342 4134 Virgo
2373 4080 2477 4119 nou
2505 4067 2702 4120 nttdmn
2729 4067 2919 4129 Deum.
2946 4069 3037 4121 sed
3067 4066 3343 4121 hominem
3375 4068 3572 4131 Deum;
3609 4068 3769 4121 homo

2175 4147 2356 4206 autem
2393 4139 2533 4191 Dens
2580 4154 2685 4192 non
2728 4138 2825 4191 fuit
2865 4147 3155 4206 antequam
3209 4140 3637 4204 conciperetur:
3672 4135 3769 4191 sed

2176 4204 2341 4281 homo
2371 4222 2693 4281 conreptus,
2728 4204 3023 4281 t‘actusiesti
3045 4209 3218 4273 Deus,
3250 4212 3374 4281 quia
3405 4210 3457 4264 in
3491 4210 3612 4273 ipso
3636 4223 3770 4281 con-

2174 4279 2440 4345 ceptionis
2490 4293 2786 4347 momento,
2839 4296 2868 4334 a
2911 4280 3025 4337 Deo
3057 4283 3108 4335 in
3146 4279 3392 4337 eamdem
3430 4279 3765 4353 hypostasim

2173 4359 2258 4422 est
2293 4365 2622 4422 assumptus.

2246 4419 2273 4458 δ
2299 4420 2352 4474 Id
2383 4419 2622 4493 εειζηιιι)
2666 4431 2928 4488 overante
2966 4432 3019 4477 et
3059 4423 3423 4491 producente;
3464 4438 3571 4477 non
3619 4423 3762 4476 enim

2176 4490 2263 4564 hic
2294 4493 2361 4546 de
2393 4490 2570 4548 divina
2605 4506 2659 4549 et
2686 4508 2888 4549 acterna
2920 4490 3269 4564 generatione
3299 4514 3326 4549 a
3360 4496 3541 4556 Patre.
3574 4496 3665 4547 sed
3693 4494 3761 4547 de

2177 4563 2409 4637 humana
2440 4568 2638 4622 Christi
2661 4563 3017 4636 conceptione
3051 4579 3104 4622 et
3134 4577 3325 4623 exortu
3356 4566 3445 4621 hic
3477 4568 3677 4637 agitur,
3706 4572 3765 4617 ut
3802 4594 3805 4599 ‹

2174 4634 2374 4689 dictum
2408 4649 2510 4693 est.

2214 4778 2226 4790 .
2250 4718 2273 4747 ε
2306 4708 2360 4761 Id
2389 4719 2489 4773 est,
2514 4727 2547 4790 _a
2582 4711 2715 4773 Deo.
2744 4725 2843 4790 seu
2867 4711 3428 4790 cperationedivina;
3465 4724 3585 4790 nam
3624 4705 3763 4761 divi-

2175 4782 2585 4856 nitas‘nmprie
2610 4797 2709 4837 nec
2736 4782 3038 4852 gignit’nec
3069 4784 3327 4856 gignitur.
3372 4794 3427 4856 εἰ
3455 4782 3609 4856 δί’(Ὃῖ
3630 4793 3766 4856 Em"

2172 4858 2293 4927 ctus
2310 4851 2609 4927 Tltomas‘tt
2634 4870 2687 4927 p.
2711 4850 2763 4923 q'.
2791 4856 2879 4919 59.
2899 4870 2995 4909 art.
3026 4850 3095 4927 5f
3113 4850 3231 4926 post
3256 4854 3566 4927 Magistrum
3591 4850 3757 4921 (Mog.

2174 4920 2262 4973 tib.
2306 4923 2475 5005 iuni.
2522 4920 2600 4994 5).
2636 4920 2777 4978 Nam
2820 4920 3082 4994 generare
3113 4920 3181 4982 ἐι
3219 4920 3470 4995 senérari
3519 4920 3759 4991 ιιετδοηω

2172 5004 2527 5050 conveniunt.
2558 5011 2664 5049 non
2697 5007 2922 5052 naturae.

2243 5060 2270 5100 ἀ
2301 5064 2379 5119 Eo
2408 5067 2617 5121 scilicet
2647 5069 2805 5121 modo
2846 5070 2987 5125 Deus
3018 5086 3125 5136 qtto
3160 5066 3252 5120 Dei
3293 5066 3463 5121 Filius
3506 5063 3761 5133 intelligi-

2172 5139 2277 5188 tur.
2311 5136 2442 5191 Nam
2476 5141 2518 5192 si
2565 5138 2658 5192 Dei
2691 5139 2856 5192 Filius
2886 5156 2949 5195 ea
2984 5141 3215 5200 ratione.
3267 5153 3371 5207 qua
3428 5137 3759 5207 Maldonatus

2169 5210 2441 5272 exposuit,
2497 5225 2600 5262 non
2658 5210 2869 5277 prtiprie
2916 5220 2972 5264 et
3024 5205 3391 5265 essentialiter
3447 5208 3611 5269 Dens,
3664 5205 3756 5260 sed

2169 5282 2530 5345 Itllncutiative
2552 5280 2827 5334 dumtaxat
2847 5320 2860 5344 ,
2888 5295 3008 5335 cum
3035 5281 3236 5335 idcirco
3261 5280 3353 5333 Dei
3380 5280 3550 5333 Filius
3578 5277 3761 5345 appel-

2169 5346 2329 5410 letur.
2365 5354 2483 5417 quia
2516 5367 2583 5407 eo
2612 5352 2790 5408 modo.
2821 5352 2870 5404 id
2897 5362 3000 5416 est,
3031 5370 3135 5405 non
3166 5366 3233 5407 ex
3265 5353 3401 5416 viro,
3427 5349 3521 5404 sed
3546 5364 3609 5405 ex
3641 5347 3757 5417 Spi-

2166 5422 2274 5474 ritu
2323 5432 2511 5477 sancto
2560 5433 2852 5489 conceptus
2895 5435 2996 5478 est.
3034 5424 3089 5479 Si
3122 5439 3253 5478 vero
3293 5437 3360 5477 eo
3410 5436 3569 5475 sensu
3603 5433 3756 5489 quem

2166 5491 2257 5546 alii
2285 5502 2533 5548 auctores
2568 5488 2934 5559 tradiderunt.
2972 5496 3142 5550 Filius
3181 5494 3273 5549 Dei
3307 5493 3569 5548 naturalis
3603 5488 3758 5543 intel-

2166 5559 2383 5633 Ιίεηιιιτ,
2425 5576 2491 5639 Aet
2522 5565 2661 5639 Patri
2706 5568 3209 5639 consubstantiatis,
3230 5577 3389 5639 certe
3421 5565 3467 5617 is
3496 5577 3629 5639 esse.
3650 5572 3758 5639 non

2175 5646 2353 5759 lpaulfsl
2382 5637 2487 5759 Bisi
2517 5637 2677 5692 Deus.
2704 5638 2939 5694 Proinde
2962 5640 3006 5695 si
3030 5638 3127 5693 Dei
3158 5637 3351 5701 Filius,
3386 5649 3515 5706 ergo
3544 5632 3757 5688 iuduhi~

2234 5724 2262 5759 ll
2294 5723 2351 5759 Cl‘
2424 5722 2539 5759 ειιε.

2176 5714 2351 5761 tantur
2382 5714 2539 5762 Deus.
