3976 6180
245 316 310 376 ιε
1223 311 1310 367 DE
1351 309 1867 368 INCARNATIONE
1907 312 2188 369 CHRISTI
2228 311 2359 369 LIB.
2401 314 2494 370 III.
3443 317 3512 374 50

245 432 296 488 in
323 429 551 498 excelsis;
582 429 726 486 idem
757 428 815 484 in
852 428 1094 486 hominis
1121 429 1444 500 exiguitate,
1479 433 1573 502 qui
1611 431 1665 486 in
1701 431 1794 488 Dei
1822 434 1878 496 Α
1902 433 1956 488 in
1991 432 2333 504 Evangeliis:
2368 433 2520 500 Quod
2565 449 2625 487 ex
2652 442 2699 488 te
2738 445 2974 489 nascetur
3001 443 3272 501 sanctum,
3305 435 3510 489 uocabl-
3554 509 3557 512 _

244 527 503 598 majestate.
533 526 600 581 Et
650 525 776 592 ideo
807 525 948 581 bene
993 525 1288 595 Apostolus
1330 525 1534 582 Christi
1575 527 1798 596 gratiam

245 621 488 680 nominans
531 619 574 691 (Ι
605 616 809 674 Corint.
842 617 983 690 xvn),
1037 618 1133 674 Dei
1179 619 1412 689 gratiam
1463 619 1796 688 nominabat,

246 715 353 784 quia
378 711 598 768 Christus
628 721 801 766 totum
832 721 950 766 erat
980 711 1123 778 quod
1157 711 1302 766 Deus
1330 729 1345 764 :
1386 712 1564 766 omnis
1595 712 1648 765 in
1684 713 1798 781 ipsa

242 808 390 862 statim
421 805 648 861 hominis
677 804 1033 873 conceptione
1064 803 1160 859 Dei
1206 803 1408 869 virtus,
1451 805 1628 858 omnis
1656 804 1800 859 divi-

237 899 386 954 nitatis
412 899 547 953 venit
580 897 882 967 plenitudo.
911 897 1041 952 Inde
1072 899 1218 953 enim
1264 898 1343 951 illi
1372 898 1551 952 omnis
1598 898 1797 953 divini-

234 993 336 1045 tatis
365 991 646 1062 perfectio,
678 990 821 1047 unde
852 1001 907 1047 et
935 993 1110 1062 origo.
1145 990 1333 1061 Neque
1361 991 1506 1047 enim
1540 1007 1794 1061 umquam

228 1083 331 1139 sine
379 1083 479 1138 Deo
522 1083 699 1139 fuerat
731 1083 894 1138 homo
946 1083 1060 1149 ille,
1101 1084 1191 1154 qui
1247 1085 1432 1152 utique
1482 1084 1585 1139 hoc
1617 1085 1794 1156 ipsum

229 1177 360 1247 quod
404 1187 528 1244 erat,
562 1191 593 1231 a
641 1175 755 1232 Deo
799 1186 1106 1247 acceperat.
1161 1177 1274 1233 Hoc
1307 1181 1489 1247 itaque
1538 1180 1794 1248 primum,

233 1269 373 1337 velis,
399 1271 541 1339 nolis,
575 1286 775 1341 negare
807 1287 913 1325 non
947 1282 1127 1342 potes,
1171 1272 1317 1342 quod
1348 1273 1612 1328 Dominus
1639 1273 1797 1329 Jesus

227 1362 447 1421 Christus
472 1365 636 1422 Filius
659 1366 753 1422 Dei
786 1364 856 1422 sit
884 1383 898 1433 ;
929 1368 1276 1437 Archangelo
1306 1368 1495 1437 utique
1525 1367 1798 1423 clamante

1909 538 1996 580 tur
2024 524 2194 579 Filius
2224 525 2321 579 Dei
2358 525 2538 594 (Luae
2563 526 2628 595 ι).
2677 524 2792 580 Hoc
2821 538 3000 582 autem
3035 529 3242 597 posito,
3283 525 3418 581 scito
3456 535 3511 582 te

1907 619 2168 690 quidquid
2216 620 2283 674 de
2310 615 2532 673 Christo
2585 619 2806 688 legeris,
2862 619 2931 674 de
2961 619 3058 675 Dei
3112 619 3249 674 Filio
3285 621 3504 686 legere;

1906 715 2170 785 quidquid
2223 714 2290 770 de
2324 714 2551 769 Domino
2601 723 2694 769 aut
2745 713 2874 768 Jesu
2926 713 3144 783 legeris,
3177 713 3274 766 Dei
3306 712 3500 766 Filium

1906 811 2228 864 norninant:
2264 812 2442 863 omnia
2480 807 2598 863 haec
2644 809 2764 878 ejus
2811 808 3108 872 vocabula,
3156 807 3352 862 Filium
3408 805 3506 862 Dei

1903 903 2162 958 clamant.
2193 903 2258 956 Et
2285 903 2407 958 ideo
2440 912 2496 956 tu
2536 904 2589 957 in
2632 904 2716 958 his
2742 904 2994 958 omnibus
3025 917 3384 973 quaecumque
3411 917 3506 956 au-

1905 993 2102 1060 dieris,
2139 1011 2332 1050 nomen
2374 996 2673 1049 divinitatis
2719 1010 3044 1066 agnoscens,
3074 1009 3196 1049 cum
3241 992 3296 1047 in
3324 992 3506 1047 omni-

1901 1087 2003 1143 bus
2029 1087 2215 1144 videas
2249 1097 2300 1143 te
2349 1087 2442 1142 Dei
2485 1087 2680 1143 Filium
2739 1089 3042 1156 intelligere
3089 1087 3312 1152 debere,
3345 1099 3506 1153 argn-

1904 1192 2172 1248 mentare,
2195 1182 2238 1236 si
2273 1180 2763 1252 placet,quomodo
2784 1181 2958 1237 Deum
2982 1181 3167 1235 valeas
3190 1194 3220 1231 a
3249 1179 3344 1233 Dei
3365 1175 3506 1235 Filio

1903 1290 2181 1345 separare.

1163 1546 1649 1655 LIBER
1749 1546 2057 1653 TER
2080 1549 2495 1660 TIU'S.

722 1824 942 1881 CAPUT
980 1823 1273 1882 PRIMUM.

217 1961 480 2018 Christum
519 1963 740 2016 eumdem
770 1963 1028 2016 hominem
1065 1979 1125 2016 ac
1158 1962 1323 2016 Deum
1361 1963 1642 2016 secundum
1679 1979 1797 2016 car-

365 2051 480 2088 nem
509 2050 573 2089 ea:
598 2031 764 2089 Israel
787 2043 835 2088 et
861 2036 1057 2104 uirgine
1087 2033 1263 2087 Maria
1295 2032 1488 2088 editum
1511 2050 1638 2088 esse.

273 2197 524 2253 Scriberis
560 2196 812 2253 Romanis
843 2197 1058 2253 divinus
1092 2197 1184 2253 ille
1217 2197 1582 2253 Ecclesiarum
1629 2202 1800 2272 magi-

209 2302 326 2358 ster,
382 2308 504 2347 cum
557 2303 826 2362 argueret,
876 2293 1044 2348 immo
1093 2293 1319 2349 deﬁeret
1357 2293 1694 2361 Judmorum,
1745 2296 1796 2351 id

210 2395 300 2452 est,
333 2386 559 2441 fratrum
611 2400 832 2442 suorum
882 2385 1280 2453 inﬁdelitatem,
1330 2387 1416 2442 his
1447 2389 1628 2443 verbis
1669 2405 1800 2446 usus

207 2489 309 2537 est:
354 2491 377 2517 ιι
411 2481 699 2549 Optabam,
746 2482 952 2553 inquit,
999 2482 1275 2537 anathema
1325 2499 1435 2538 esse
1478 2486 1589 2554 ipse
1629 2503 1721 2556 ego
1767 2503 1799 2539 a

209 2573 392 2628 Christo
436 2592 538 2647 pro
573 2574 826 2647 fratribus
853 2577 1002 2639 meis,
1035 2578 1126 2646 qui
1162 2586 1282 2630 sunt
1328 2580 1534 2648 cognati
1578 2580 1677 2634 mei
1722 2597 1801 2634 se-

203 2668 406 2722 cundum
435 2685 676 2735 carnem,
717 2671 805 2738 qui
848 2679 970 2722 sunt
1001 2666 1286 2730 Israelitar,
1321 2686 1546 2740 quorum
1584 2673 1799 2742 adoptio

203 2768 265 2813 est
289 2761 547 2829 ﬁliorum,
580 2771 626 2815 et
654 2762 845 2832 gloria,
873 2770 921 2814 et
948 2770 1328 2827 testamentum,
1358 2772 1406 2817 et
1437 2763 1721 2834 Iegislatio,
1749 2775 1798 2820 et

201 2856 501 2923 obsequium,
541 2869 590 2912 et
618 2859 1018 2927 promissiones;
1048 2857 1072 2896 δ
1097 2875 1316 2930 quorum
1351 2870 1555 2930 putres,
1594 2876 1659 2913 ex
1685 2861 1800 2930 qui—

200 2948 275 3002 bus
302 2951 546 3005 Christus
590 2951 876 3004 secundum
923 2968 1160 3015 carnem,
1192 2954 1282 3021 qui
1312 2964 1386 3007 est
1417 2969 1572 3024 super
1627 2953 1801 3008 omnia

198 3039 320 3098 Deus
347 3043 663 3099 benedictus
690 3045 742 3097 in
772 3043 960 3099 saecula
992 3046 1173 3118 (llam.
1204 3047 1308 3117 lx).
1362 3046 1406 3101 Ο
1437 3046 1714 3112 allectum,
1747 3059 1802 3101 et

198 3133 487 3191 ﬁdelissimi
519 3137 778 3205 apostoli,
803 3147 856 3190 et
882 3139 1111 3207 piissimi
1143 3140 1454 3208 propinqui,
1481 3141 1570 3208 qui
1598 3139 1804 3191 inaesti-

1824 1831 1874 1891 B
1903 1839 1991 1885 tus
2017 1839 2124 1894 est,
2156 1829 2301 1885 Deus
2330 1837 2435 1884 est.
2459 1828 2599 1897 Quid
2623 1830 2922 1886 circumis?
2946 1831 3076 1903 quid
3101 1833 3500 1902 tergiversaris!

1905 1920 2183 1976 Christum
2213 1935 2281 1976 ex
2311 1920 2479 1976 Israel
2521 1930 2706 1976 natum
2749 1923 3044 1978 secundum
3085 1940 3303 1981 carnem
3335 1927 3506 1984 Deum

1902 2031 2027 2072 esse
2055 2017 2351 2088 Apostolus
2377 2016 2529 2072 dicit.
2557 2016 2636 2072 Tu
2661 2017 2796 2073 doce
2817 2019 3032 2089 quando
3063 2035 3168 2074 non
3205 2019 3383 2076 luerit.
3416 2018 3503 2078 Es:

1901 2108 2084 2178 quibus
2112 2109 2368 2175 Christus,
2403 2109 2599 2180 inquit,
2631 2110 2918 2165 secundum
2943 2127 3170 2178 carnem,
3199 2116 3284 2184 qui
3305 2123 3380 2169 est
3415 2130 3507 2168 sst-

1901 2218 1995 2273 per
2036 2203 2210 2257 omnia
2248 2202 2408 2258 Deus.
2443 2203 2602 2258 Vides
2633 2205 2759 2275 quia
2805 2204 2907 2260 hoc
2947 2205 3240 2274 Apostolus
3294 2207 3503 2264 unitate

1902 2295 2284 2365 conjunxerit,
2337 2297 2580 2366 separari
2635 2298 2859 2352 omnino
2914 2312 3018 2351 non
3065 2307 3242 2367 potest
3291 2299 3432 2354 Deus
3475 2315 3507 2356 a

1900 2384 2136 2443 Christo.
2196 2388 2352 2443 Sicut
2403 2388 2547 2442 enim
2595 2403 2661 2444 ex
2711 2389 2816 2443 illis
2875 2388 3151 2445 Christum
3206 2391 3503 2461 Apostolus

1901 2479 2185 2549 praedicat,
2220 2479 2291 2533 ita
2339 2479 2506 2534 Deum
2541 2480 2592 2534 in
2645 2477 2864 2536 Christo
2902 2496 3024 2537 esse
3054 2484 3360 2538 conﬁrmat.
3394 2483 3504 2539 Aut

1903 2586 2192 2644 utrumque
2241 2573 2341 2629 hoc
2373 2589 2537 2645 neges
2570 2589 2796 2630 necesse
2840 2585 2943 2643 est,
2977 2584 3070 2631 aut
3099 2587 3388 2648 utrumque
3416 2578 3494 2632 la—

1904 2669 2070 2724 tearis
2123 2667 2291 2723 Natus
2319 2667 2614 2725 secundum
2647 2683 2866 2724 carnem
2899 2667 3150 2725 Christus
3179 2686 3248 2726 ex
3281 2670 3388 2725 illis
3424 2669 3506 2725 di-

1901 2759 2064 2824 citur,
2097 2759 2193 2814 sed
2229 2761 2370 2815 idem
2404 2761 2455 2815 in
2484 2761 2705 2816 Christo
2730 2761 2874 2816 Deus
2905 2762 2973 2816 ah
3001 2760 3264 2832 Apostolo
3309 2762 3508 2830 praedi-

1902 2863 2075 2906 catur.
2103 2851 2256 2909 Unde
2281 2863 2333 2908 et
2361 2853 2486 2907 alibi
2513 2871 2527 2907 :
2562 2853 2699 2908 Deus
2729 2855 2866 2908 enim
2894 2864 3002 2908 erat
3034 2855 3086 2906 in
3118 2853 3324 2908 Christo
3357 2870 3506 2906 mun-

1903 2948 2026 2999 dum
2056 2948 2397 3000 reconcilians
2428 2947 2524 3001 sibi
2558 2947 2578 3020 (
2607 2947 2650 3002 ll
2682 2946 2804 3001 Cor.
2836 2949 2931 3018 v).
2969 2946 3142 3001 Dividi
3185 2947 3284 3000 hoc
3325 2945 3394 3000 ab
3424 2946 3508 3000 al-

1907 3045 2115 3092 terutro
2161 3053 2495 3108 nequaquam
2550 3048 2751 3109 potest.
2803 3039 2912 3092 Aut
2955 3037 3231 3090 Christum
3274 3053 3338 3094 ex
3394 3037 3506 3095 illis

1906 3129 2112 3181 editum
2159 3128 2388 3197 denega,
2435 3137 2526 3181 aut
2571 3144 2638 3181 ex
2696 3127 2920 3196 Virgine
2967 3128 3134 3181 Deum
3183 3129 3236 3182 in
3286 3129 3507 3186 Christo

197 3231 358 3288 mabili
395 3231 684 3287 Charitate
715 3231 851 3284 mori
876 3232 1008 3296 vult,
1038 3240 1095 3283 et
1128 3245 1225 3296 pro
1255 3231 1501 3298 cognatis
1531 3239 1590 3281 ut
1619 3229 1804 3296 proxi-

1915 3216 2119 3269 editum
2159 3216 2458 3269 conﬁtere:
2489 3216 2590 3283 Qui
2619 3225 2716 3282 est,
2747 3216 2941 3286 inquit,
2970 3233 3125 3287 super
3149 3220 3323 3272 omnia
3366 3219 3510 3278 Deus

199 3337 308 3390 mus,
360 3333 425 3376 et
451 3333 565 3390 pro
591 3319 870 3387 discipulis
902 3329 960 3373 ut
989 3319 1271 3388 magister.
1314 3319 1382 3372 Et
1421 3334 1540 3388 qua:
1588 3318 1806 3375 tandem

200 3430 334 3473 causa
372 3422 442 3470 ut
477 3410 626 3466 mori
659 3410 864 3466 vellet?
903 3427 1008 3465 una
1049 3409 1256 3479 utique,
1308 3420 1365 3465 ut
1412 3410 1488 3464 illi
1538 3411 1804 3466 viverent.

204 3505 293 3561 Vita
329 3518 541 3562 autem
571 3519 758 3558 eorum
787 3504 838 3558 in
870 3519 978 3573 quo
999 3503 1416 3557 continebatur?
1448 3503 1499 3556 in
1533 3503 1636 3556 hoc
1657 3503 1806 3556 scili-

201 3607 285 3666 cet,
306 3611 368 3656 ut
419 3601 554 3670 ipse
585 3598 682 3662 ait,
734 3605 791 3650 ut
821 3597 990 3651 Deum
1043 3594 1318 3650 Christnrn
1348 3595 1652 3651 scentulum
1683 3610 1803 3650 car-

203 3703 303 3744 nem
329 3699 543 3746 natum
575 3702 639 3742 ex
672 3703 764 3742 sua
798 3703 963 3742 carne
1002 3696 1415 3758 cognoscerent.
1450 3687 1516 3742 Et
1546 3687 1668 3742 ideo
1694 3687 1799 3742 nti-

209 3797 295 3850 qne
315 3782 628 3855 Apostolus
659 3781 778 3850 plus
816 3781 1056 3846 dolebat,
1091 3781 1216 3852 quia
1247 3797 1370 3836 eum
1399 3797 1465 3836 ex
1495 3780 1659 3836 Israel
1708 3795 1804 3834 na-

210 3881 300 3927 tum
328 3893 438 3930 non
475 3875 875 3943 intelligerent,
900 3875 988 3942 qui
1014 3889 1082 3929 ex
1104 3873 1218 3928 suis
1241 3874 1445 3928 editum
1479 3874 1595 3941 plus
1617 3888 1803 3928 amare

209 3965 474 4025 deberent.
514 3965 609 4021 Ea:
633 3967 815 4038 quibus
843 3967 1102 4035 Christus,
1130 3966 1335 4036 inquit,
1369 3968 1649 4021 secundum
1684 3983 1804 4020 car-

210 4075 322 4125 nem,
358 4062 449 4130 qui
497 4068 579 4113 est
623 4075 775 4128 super
805 4059 978 4112 omnia
1029 4057 1166 4111 Deus
1199 4058 1488 4112 benedictus
1529 4060 1581 4111 in
1607 4059 1806 4112 sarcula

214 4152 372 4218 (llam.
404 4158 510 4225 ιχ).
567 4152 706 4207 Eum
734 4153 946 4208 scilicet
975 4169 1040 4208 ex
1072 4153 1177 4206 illis
1198 4151 1471 4208 Christum
1518 4164 1698 4208 natum
1726 4153 1803 4208 ait

219 4248 492 4302 secundum
529 4261 781 4312 carnem,
812 4246 902 4315 qui
934 4246 1004 4300 sit
1034 4261 1199 4313 super
1245 4248 1424 4300 omnia
1455 4247 1592 4301 Deus
1638 4247 1804 4302 bene-

217 4336 368 4394 dictus
399 4341 451 4394 in
477 4338 710 4393 smcula.
739 4337 1014 4392 Christum
1048 4338 1232 4404 utique
1255 4338 1551 4393 secundum
1580 4353 1798 4393 carnem

219 4443 378 4486 natum
409 4447 474 4486 ex
509 4430 626 4486 illis
655 4445 760 4484 non
784 4445 985 4500 negas;
1019 4430 1112 4484 sed
1143 4429 1283 4484 idem
1317 4431 1406 4501 qui
1450 4447 1513 4484 ex
1562 4431 1666 4484 illis
1700 4446 1795 4484 na-

1914 3306 2209 3362 benedictus
2239 3307 2293 3361 in
2318 3308 2533 3364 stecula.

2588 3401 2771 3457 APUT
2809 3402 2873 3457 II.

2588 3401 2674 3457 AP
2833 3402 2873 3457 Ι.

1909 3495 2012 3550 Dei
2043 3494 2328 3566 appellatio
2366 3495 2519 3550 aliter
2541 3400 2783 3621 (Chrig;
2809 3402 2968 3552 laliter
2993 3495 3291 3553 hominibus
3321 3495 3513 3555 tributa

2666 3584 2719 3621 es
2748 3608 2761 3621 .

2666 3584 2761 3622 εει.

1981 3680 2243 3736 Sullicere
2269 3682 2488 3752 quidem
2514 3681 2764 3738 ﬁdelibus
2791 3683 2859 3738 ad
2888 3683 3228 3740 indicandam
3258 3685 3512 3756 majesta-

1909 3783 2019 3830 tem
2058 3773 2355 3828 divinitatis
2394 3789 2596 3828 nomen
2636 3775 2729 3827 Dei
2767 3775 2978 3830 abunde
3011 3779 3181 3846 potuit
3227 3795 3239 3831 :
3280 3780 3373 3834 sed
3411 3777 3512 3834 ad-

1908 3865 2109 3932 dendo,
2151 3881 2307 3937 super
2359 3866 2534 3918 omnia
2576 3863 2717 3918 Deus
2758 3865 3074 3932 benedictus,
3119 3868 3513 3938 blasphemiam

1910 3958 2133 4029 perﬁdae
2160 3957 2482 4012 assertionis
2513 3957 2778 4021 exclusit;
2810 3972 2878 4012 ne
2914 3958 3032 4025 quis
3069 3960 3277 4015 scilicet
3321 3963 3512 4033 impio-

1908 4068 2028 4108 rum
2061 4053 2381 4108 vocabulum
2429 4052 2528 4106 Dei
2553 4051 2824 4108 interdum
2845 4053 3006 4108 etiam
3035 4052 3345 4110 hominibus
3375 4070 3515 4113 tem-

1910 4147 2129 4217 porarie
2155 4147 2299 4202 dono
2330 4147 2526 4201 divina:
2557 4146 2981 4218 dispensationis
3004 4147 3302 4215 indultum,
3332 4149 3397 4204 ad
3433 4153 3514 4205 in-

1905 4241 2101 4310 juriatn
2121 4257 2346 4297 summa:
2368 4241 2672 4298 divinitatis
2689 4253 3014 4308 assumeret,
3034 4245 3514 4303 etcontumeliosis

1910 4335 2020 4390 Deo
2064 4335 2565 4405 comparationibus
2601 4344 2905 4406 coaptaret,
2954 4337 3094 4393 sicut
3137 4338 3326 4408 utique
3375 4337 3510 4393 illud

1904 4429 1995 4484 ubi
2025 4429 2090 4482 ad
2121 4428 2340 4499 Moysen
2371 4428 2502 4485 dicit
2531 4428 2675 4486 Deus
2709 4448 2724 4485 :
2759 4441 2779 4468 ε
2811 4429 2948 4484 Dedi
2979 4444 3026 4486 te
3055 4433 3210 4486 deum
3243 4431 3516 4487 Pharaoni

1263 4547 1549 4608 .ALARDI
1590 4545 1825 4600 GAZA‘II
1863 4543 2432 4600 COMMENTARIUS.

287 4649 309 4674 ἰ
335 4641 560 4710 Egregie
601 4641 744 4694 hunc
775 4640 950 4695 locum
984 4638 1266 4694 elucidavit
1313 4639 1471 4710 Joan.
1514 4638 1804 4710 Bagoa-ins
1835 4640 1886 4698 1)
1912 4639 2040 4710 sim,
2071 4637 2307 4710 optarim
2335 4636 2620 4710 anathema
2651 4649 2794 4698 esse,
2827 4645 2897 4710 et_
2918 4637 3058 4710 quod
3103 4637 3279 4692 ϐττηεί
3316 4638 3516 4710 dicunt

224 4707 320 4762 hoc
348 4707 498 4765 brevi
517 4714 950 4766 commentario:
979 4709 1035 4766 Si
1059 4712 1125 4764 de
1155 4708 1556 4762 abalienatione
1583 4724 1610 4761 a
1645 4708 1798 4761 Chri-

225 4783 288 4832 sti
332 4781 495 4849 gloria
541 4783 916 4852 intelligimus,
967 4781 1312 4852 hyperbolico
1356 4791 1431 4833 εει
1470 4780 1692 4852 locutio,
1738 4777 1805 4852 ad

227 4865 368 4903 suum
393 4851 441 4904 iu
470 4852 692 4908 ludo-os
723 4851 972 4908 aﬁ‘emum
1004 4851 1415 4914 designandum.
1447 4851 1632 4918 Neque
1661 4851 1805 4905 enim

230 4924 306 4990 qui
338 4927 489 4990 paulo
517 4934 648 4979 ante
675 4925 806 4979 dixit
834 4944 844 4978 :
875 4925 998 4979 Scio
1025 4924 1162 4992 quod
1189 4924 1335 4975 nulla
1358 4931 1594 4994 creatura
1623 4921 1809 4994 poterit

231 5008 300 5045 me
320 5012 562 5063 separare
591 5013 621 5048 a
649 4997 896 5049 charitate
933 4991 1046 5056 Dei,
1074 5009 1190 5063 qua:
1215 5004 1287 5045 est
1314 4997 1366 5046 in
1398 4991 1600 5046 Christo
1623 4991 1806 5058 illam.

232 5070 358 5130 ml),
384 5070 566 5121 statim
602 5081 788 5123 revera
820 5070 886 5121 ab
913 5082 978 5121 eo
1001 5065 1182 5118 divelli
1211 5072 1462 5130 Optaret;
1492 5065 1582 5118 sed
1619 5064 1814 5133 hyper-

233 5133 423 5192 bolicos
468 5155 653 5192 sermo
698 5149 803 5203 est,
849 5137 1024 5204 qualis
1067 5136 1157 5189 ille
1201 5135 1370 5205 Moysi
1405 5135 1576 5189 Evod.
1621 5151 1810 5189 xxx":

236 5209 320 5260 Aut
345 5209 543 5263 dimitte
573 5210 648 5264 eis
681 5210 812 5263 hanc
843 5223 1063 5271 noxam;
1091 5215 1181 5260 aut
1211 5208 1255 5261 si
1288 5223 1386 5260 non
1413 5207 1565 5276 facis,
1599 5207 1710 5260 dele
1736 5223 1816 5260 me

236 5276 289 5330 de
327 5280 457 5333 libro
507 5293 618 5334 tuo.
672 5280 894 5335 Videtur
946 5278 1298 5350 autemimihi
1353 5280 1471 5350 sine
1521 5278 1816 5350 hyperbole

237 5361 380 5422 posse
415 5353 540 5422 legi.
581 5351 714 5406 Nam
761 5352 1098 5422 anathemata
1130 5349 1337 5404 Grmcis
1376 5349 1626 5404 dicuntur
1672 5350 1812 5402 sacri

238 5421 550 5492 scelestinue
591 5425 858 5489 homines,
890 5423 979 5492 qui
1011 5421 1076 5474 ad
1117 5421 1268 5474 urbis
1307 5422 1679 5476 lustrationem
1713 5422 1817 5474 diis

238 5487 467 5562 unum;
491 5502 548 5547 et
578 5493 767 5548 inferis
797 5487 1190 5552 tn'ac'tabantur,
1224 5494 1266 5545 si
1301 5509 1420 5562 qua:
1456 5493 1570 5545 lues
1600 5502 1690 5545 aut
1721 5507 1816 5545 ca-

236 5556 432 5617 lamitas
463 5566 764 5632 ingrueret,
797 5579 955 5632 quam
987 5562 1294 5630 hujusmodi
1319 5556 1602 5614 hominum
1644 5563 1815 5616 inter-

237 5633 468 5698 necione,
488 5636 713 5702 placatis
735 5635 1119 5700 diis,sedatnm
1152 5634 1216 5687 iri
1247 5633 1528 5702 putabant,
1555 5633 1619 5685 ad
1639 5632 1820 5699 cuius-

238 5707 368 5757 modi
403 5707 672 5762 sacriﬁcia
702 5708 944 5762 alludens
987 5706 1183 5759 Paulus
1230 5722 1242 5756 :
1287 5703 1466 5770 Usque
1508 5703 1646 5756 adeo
1685 5703 1818 5757 mihi

239 5771 394 5841 dolet,
435 5777 633 5844 inquit,
676 5779 982 5834 inda-orum
1026 5777 1280 5841 abicctio,
1322 5774 1461 5844 quod
1502 5775 1546 5828 si
1595 5773 1691 5828 Dci
1726 5775 1820 5827 atl-

239 5858 439 5905 versum
471 5848 596 5908 illos
623 5849 763 5908 iram
793 5851 874 5908 vel
901 5847 1090 5913 quovis
1122 5860 1244 5902 meo
1276 5848 1418 5903 malo
1443 5845 1657 5917 placare
1684 5860 1815 5916 pos-

1917 4705 2388 4775 ἇναθεματίζεσθαι,
2422 4704 2473 4758 itl
2506 4715 2610 4775 est,
2647 4705 2984 4771 pessumdari
3015 4718 3064 4759 et
3096 4707 3450 4760 exterminari
3485 4726 3517 4766 a

1916 4774 2160 4851 Christo,
2189 4775 2350 4828 tnodo
2374 4777 2455 4851 vel
2482 4774 2558 4828 sic
2587 4775 2693 4829 illis
2717 4777 2942 4851 prosim.
2967 4775 3128 4851 Certe
3152 4776 3515 4851 IIIel'AOI'meS

1919 4846 2204 4901 anathema
2256 4848 2421 4901 sumit
2471 4862 2566 4916 pro
2615 4847 2879 4914 Corporali
2927 4849 3217 4903 occisione.
3265 4846 3510 4908 Sic'ille.

1919 4919 2055 4975 Vide
2086 4929 2283 4973 caetera
2322 4920 2373 4973 in
2405 4919 2648 4974 eamdem
2682 4920 3002 4988 sententiam
3033 4920 3158 4974 alibi
3193 4931 3370 4976 notata
3400 4925 3516 4988 (Ad

1921 4989 2098 5045 col/at.
2138 4990 2171 5045 9
2211 5007 2338 5065 cap.
2363 4991 2454 5057 18,
2497 5001 2545 5045 et
2582 4987 3003 5065 collat._l5_cap.
3045 4994 3148 5065 6);
3181 5005 3232 5049 et
3267 4987 3414 5058 plora
3448 4998 3518 5051 do

1921 5066 2269 5118 anathemate
2297 5064 2521 5130 ejusque
2566 5060 2715 5117 varia
2742 5060 3133 5131 signiﬁcatione
3162 5066 3302 5135 apud
3336 5065 3510 5121 Baro-

1923 5135 2068 5188 nium
2103 5135 2194 5188 lib.
2227 5152 2242 5190 ι
2277 5136 2587 5189 Annalium.

1996 5207 2020 5243 δ
2055 5206 2284 5271 Quorum
2317 5219 2530 5277 patres,
2553 5204 2604 5258 id
2643 5213 2747 5272 est,
2788 5205 2855 5261 de
2885 5223 3115 5277 quorum
3145 5215 3306 5275 gente
3332 5215 3514 5273 patres

1921 5285 1978 5332 et
2017 5279 2338 5346 patriarcha:
2383 5275 2725 5344 prodierunt,
2777 5293 2845 5332 ex
2893 5275 3086 5344 quibus
3129 5277 3378 5330 Christus
3425 5293 3513 5334 se-

1921 5349 2156 5401 cundum
2191 5363 2408 5401 carnem
2443 5349 2771 5417 progenitus.
2807 5349 2959 5402 llunc
2987 5348 3147 5400 etiam
3184 5350 3358 5400 locum
3389 5348 3512 5404 Ori-

1920 5433 2108 5485 genes,
2141 5419 2480 5490 Ambrosius,
2515 5421 2956 5490 Chrysostomos,
2989 5428 3043 5473 et
3081 5420 3167 5472 alii
3198 5419 3278 5474 sic
3315 5418 3516 5475 intelli-

1921 5497 2074 5558 gunt,
2105 5499 2164 5542 ut
2192 5489 2439 5544 Christus
2467 5489 2676 5544 dicatur
2705 5503 2860 5541 verus
2893 5489 3046 5542 Deus.
3079 5492 3512 5560 quandoquidem

1921 5576 2083 5627 super
2115 5561 2294 5612 omnia
2329 5561 2458 5613 nihil
2488 5569 2592 5626 est,
2630 5560 2728 5611 nisi
2759 5573 3000 5615 summus
3030 5560 3188 5615 Deus.

1995 5642 2016 5668 ο
2057 5630 2311 5692 Vulgatns
2356 5641 2534 5686 textus
2583 5649 2594 5683 :
2646 5628 2780 5683 Ecce
2819 5633 3054 5684 constitui
3095 5643 3143 5685 te
3188 5632 3337 5686 deum
3371 5633 3516 5693 Phn-

1927 5704 2101 5777 raonis
2124 5700 2322 5771 (Exod.
2349 5703 2467 5777 vn).
2496 5702 2962 5777 Deus_l’haraonis
2984 5703 3160 5777 dictus
3186 5715 3270 5758 εειι
3297 5705 3513 5777 Moyses

1923 5773 2130 5827 ratione
2170 5774 2451 5842 potestatis
2479 5775 2526 5829 ei
2562 5789 2591 5828 a
2633 5773 2744 5828 Deo
2773 5775 2979 5828 collata:
3019 5775 3084 5828 ad
3122 5773 3514 5830 coirterenilam
3554 5809 3557 5811 -

1925 5845 2223 5903 Pharaonis
2250 5847 2583 5918 superbiam,
2618 5855 2674 5902 ut
2705 5843 2795 5918 qui
2825 5845 2934 5903 Deo
2963 5845 3156 5916 subjici
3185 5846 3375 5911 nollet,
3406 5844 3513 5902 ho—
