3976 6180
225 245 286 320 εδ
1213 260 1303 318 ne
1345 260 1856 320 INCARNATIONE
1895 263 2165 321 cuius“
2211 265 2342 322 LIB.
2385 267 2470 324 Ill.
3426 275 3498 334 δι

221 375 475 454 secunauni
497 373 695 429 carnem
721 367 1012 440 Christum,
1039 357 1125 428 sed
1148 375 1411 454 nuncjam
1437 392 1538 429 non
1562 377 1867 441 novimusA
1898 376 2082 432 uitatis
2131 380 2403 449 exposuit.
2459 379 2650 436 Dieens
2705 399 2844 441 enttn
2874 427 2889 453 ,
2948 373 3017 441 Et
3069 405 3113 442 st
3162 387 3498 460 cognovimus

226 469 297 539 [ll
324 468 429 524 Cor.
460 468 539 541 ν).
575 465 726 524 Bene
759 467 865 524 sibi
891 459 1086 523 cuncta
1121 469 1260 524 sacri
1293 471 1564 523 sermonis
1595 470 1794 538 scripta

227 561 540 629 conveniunt,
573 569 629 617 et
658 561 715 615 in
749 559 901 615 omni
935 560 1146 630 penitus
1174 559 1255 614 siti
1294 553 1468 629 parte,
1505 561 1666 615 etiam
1701 561 1791 617 ubi

225 651 478 710 verborum
500 652 682 724 specie
701 669 814 708 non
838 651 1160 719 consonant,
1193 645 1373 708 rerum
1401 653 1580 709 tamen
1602 654 1796 711 virtute

220 747 512 803 concordant
551 765 565 800 :
607 737 752 801 sicui
782 745 839 801 in
881 743 984 800 hoc
1013 745 1157 816 quod
1186 745 1280 813 ait,
1318 741 1365 799 et
1395 748 1441 800 si
1463 747 1794 818 cognovimus

219 838 446 896 Christum
488 837 782 896 secundum
822 857 1050 906 carnem,
1100 837 1188 894 sed
1231 856 1369 894 nunc
1401 843 1519 913 jam
1558 857 1660 894 non
1703 857 1794 896 no-

214 935 387 1002 rimus;
415 933 784 990 testimonium
813 933 958 988 enim
994 931 1120 987 dieti
1149 931 1429 1002 praiseutis
1453 931 1794 990 conﬁrmatio

207 1027 486 1096 superioris
507 1039 609 1095 est,
637 1042 744 1098 quo
769 1025 926 1091 dixit,
953 1021 1037 1078 Ea:
1057 1023 1238 1098 quibus
1262 1023 1493 1080 Christus
1515 1026 1795 1081 secundum

210 1136 420 1186 carnem,
453 1121 534 1192 qui
556 1131 630 1176 est
656 1137 816 1192 super
843 1121 1018 1173 omnia
1041 1115 1181 1173 Deus
1211 1117 1507 1173 benedictus
1529 1119 1581 1173 in
1603 1120 1795 1174 stecula

212 1212 377 1283 (Rom.
408 1215 498 1285 rx).
525 1214 637 1270 Illic
659 1216 806 1271 enim
832 1214 1032 1285 posuit,
1063 1213 1325 1284 exquibus
1348 1211 1588 1268 Christus
1613 1230 1794 1268 secun-

213 1307 327 1359 dum
357 1324 593 1374 carnem;
625 1308 715 1362 hic
753 1317 961 1372 autem,
1007 1315 1052 1360 et
1097 1307 1140 1361 si
1170 1307 1503 1380 coquoritnus
1532 1307 1795 1363 Christum

207 1394 472 1456 secundum
514 1420 766 1470 carnem;
814 1401 945 1470 illic,
980 1400 1070 1469 qui
1098 1412 1171 1455 est
1203 1418 1358 1473 super
1397 1403 1571 1455 omnia
1625 1397 1793 1470 Deus;

203 1495 281 1550 hic
309 1507 512 1563 autem,
544 1495 808 1553 Christum
839 1494 1122 1549 secundum
1160 1511 1366 1548 carnem
1394 1513 1530 1549 nunc
1551 1498 1666 1568 jam
1688 1512 1794 1549 non

203 1587 446 1643 novimus.
480 1590 702 1659 Species
733 1585 1022 1642 verborum
1067 1596 1150 1642 est
1192 1587 1320 1652 alia,
1365 1585 1458 1642 sed
1505 1589 1580 1642 rei
1620 1587 1793 1643 virtus

202 1695 330 1747 una;
373 1681 628 1737 eumdem
672 1681 814 1737 enim
861 1695 1019 1751 quem
1067 1679 1177 1734 illic
1221 1682 1517 1736 secundum
1569 1697 1788 1737 carnem

1899 467 2160 525 Christum
2208 472 2489 526 secundum
2540 491 2765 544 carnem,
2820 488 3222 535 sacramentum
3280 479 3390 534 nati
3441 479 3493 536 in

1896 577 2060 619 carne
2104 563 2201 620 Dei
2244 563 2456 621 locutus
2489 578 2606 634 est;
2649 568 2909 638 adjiciens
2954 580 3158 638 autem,
3201 567 3357 626 Nunc
3386 573 3497 644 iam

1899 674 2003 711 non
2033 659 2291 726 novimus,
2320 660 2427 715 vim
2454 661 2715 731 deposita:
2743 663 3074 720 infirmitatis
3105 667 3386 737 explicuit.
3418 665 3496 724 Ae

1898 765 1996 820 per
2027 749 2130 804 hoc
2151 752 2388 821 eoguitio
2427 751 2520 808 illa
2552 756 2734 810 carnis
2773 755 2839 810 ad
2881 758 3327 827 signiﬁcationem
3367 775 3495 830 per-

1900 843 2033 899 tinet
2060 845 2312 912 hominis,
2345 845 2612 918 ignoratio
2645 863 2822 904 amem
2852 849 2918 906 ad
2951 853 3210 908 honorem
3243 853 3496 910 divinita-

1901 939 1968 994 tis
2003 958 2016 993 :
2050 940 2165 996 lloc
2194 949 2281 995 est
2309 943 2450 996 enim
2479 943 2684 1010 dicere,
2719 943 3085 1015 Cognovimus
3113 946 3380 1002 Christum
3411 963 3499 1004 se-

1897 1032 2134 1087 cundum
2175 1048 2418 1101 carnem,
2452 1037 2709 1105 quamdiu
2751 1037 2894 1105 quod
2937 1039 3232 1094 secundum
3273 1055 3495 1096 carnem

1897 1137 2306 1194 agnosceretur,
2341 1125 2478 1185 fuit;
2506 1145 2644 1181 nunc
2669 1128 2784 1200 jam
2817 1145 2918 1183 non
2950 1131 3184 1184 novimus
3208 1143 3492 1200 postquam

1897 1232 2019 1272 esse
2047 1217 2262 1273 desivit.
2294 1216 2322 1256 ι’
2350 1218 2552 1275 Natura
2578 1219 2719 1274 enim
2746 1222 2925 1276 carnis
2958 1222 3009 1275 in
3047 1223 3381 1292 spiritualem
3414 1233 3498 1280 est

1899 1313 2157 1367 translata
2185 1314 2576 1379 substantiam;
2606 1325 2658 1370 et
2686 1314 2814 1370 illud
2837 1316 2981 1387 quod
3015 1315 3190 1372 fuerat
3221 1317 3493 1387 quondam

1899 1403 2154 1472 hominis,
2180 1405 2378 1460 factum
2404 1416 2487 1461 est
2521 1416 2688 1462 totum
2721 1407 2841 1463 Dei.
2871 1409 2935 1462 Et
2966 1409 3087 1464 ideo
3112 1425 3217 1464 non
3245 1410 3495 1465 novimus

1897 1497 2172 1554 Christum
2207 1500 2505 1556 secundum
2548 1518 2788 1568 carnem,
2832 1503 2954 1573 quia
2987 1505 3242 1575 absorpta
3289 1521 3384 1573 per
3412 1501 3494 1558 di-

1897 1594 2076 1648 vinam
2111 1595 2445 1662 maiestatem
2481 1596 2792 1651 inﬁrmitate
2836 1611 3120 1666 corporea,
3161 1596 3295 1650 nihil
3336 1611 3494 1652 sacro

1898 1687 2100 1743 resedit
2129 1689 2344 1756 corpori
2377 1703 2443 1743 ex
2471 1703 2576 1757 quo
2607 1687 2949 1744 imber-illitas
2987 1689 3038 1743 in
3067 1704 3130 1743 eo
3161 1687 3342 1742 carnis
3370 1701 3494 1757 pos-

199 1784 385 1829 natum
413 1775 588 1830 Deum
626 1789 787 1844 super
823 1777 995 1829 omnia
1033 1773 1315 1843 praedicat,
1361 1773 1450 1830 hic
1489 1774 1788 1831 secundum
1821 1783 1868 1846 Β
1896 1779 1967 1832 sit
2008 1779 2249 1847 agnosci.
2294 1781 2370 1833 Ac
2403 1795 2497 1848 per
2535 1781 2634 1833 hoc
2673 1779 2932 1850 quidquid
2975 1779 3151 1835 fuerat
3193 1780 3338 1848 prius
3365 1779 3494 1836 sub-

202 1882 428 1922 carnem
471 1881 532 1923 se
555 1866 663 1937 jam
705 1882 804 1921 non
844 1882 1004 1923 nosse
1046 1869 1352 1922 conlirmat.
1398 1867 1527 1923 Ideo
1557 1868 1786 1937 scilicet,

206 1959 333 2028 quia
365 1959 610 2016 eumdem
645 1975 796 2031 quem
837 1971 1021 2015 natum
1056 1961 1108 2015 in
1138 1976 1306 2016 carne
1338 1972 1561 2018 noverat
1594 1963 1786 2029 Deum,

197 2050 247 2106 in
287 2052 488 2106 saecula
529 2052 834 2120 conﬁtetur,
879 2063 934 2108 et
973 2052 1096 2108 ideo
1127 2068 1158 2108 a
1188 2068 1247 2109 se
1285 2069 1408 2109 eum
1442 2055 1676 2125 ignorari
1707 2072 1792 2112 se-

195 2144 423 2199 cundum
450 2158 693 2212 carnem,
723 2146 849 2216 quia
867 2146 938 2201 sit
960 2163 1118 2216 super
1137 2147 1312 2200 omnia
1339 2146 1477 2200 Deus
1494 2148 1790 2203 benedictus

197 2237 242 2290 in
269 2238 496 2303 sarcula;
524 2253 588 2294 ac
610 2255 708 2310 per
735 2240 839 2295 hoc
864 2249 920 2295 et
952 2239 1082 2293 illtul
1110 2240 1202 2303 ibi,
1223 2241 1309 2311 qui
1335 2251 1411 2295 est
1440 2257 1595 2312 super
1617 2244 1791 2297 omnia

198 2330 339 2392 Deus.
383 2341 436 2386 et
477 2331 586 2387 hoc
625 2333 779 2399 dicit,
829 2331 954 2386 Non
987 2334 1218 2387 novimus
1247 2335 1364 2406 jam
1405 2333 1669 2388 Christum
1711 2352 1790 2390 se-

197 2423 405 2477 cundum
442 2441 680 2492 carnem,
715 2424 841 2494 quia
875 2433 946 2478 est
979 2422 1120 2480 Deus
1145 2426 1438 2480 benedictus
1483 2428 1534 2482 in
1572 2429 1785 2483 siccata.

197 2514 438 2572 Ascendit
457 2533 597 2589 ergo
620 2515 1040 2588 quodammodo,
1057 2519 1210 2586 quasi
1227 2519 1276 2573 in
1301 2520 1545 2574 altiorem
1565 2522 1790 2590 gradum

194 2602 440 2664 doctrinae
489 2607 813 2679 apostolicae
856 2609 1192 2678 praedicatio,
1234 2619 1289 2665 et
1326 2610 1456 2666 licet
1486 2611 1585 2666 sibi
1625 2627 1788 2669 sensu

199 2699 242 2749 in
270 2711 505 2770 utroque
541 2702 850 2767 conveniat,
881 2712 1282 2756 sacramentum
1320 2714 1497 2758 tamen
1532 2705 1789 2774 perfecta:

193 2791 297 2847 ﬁdei
337 2797 496 2865 quasi
537 2794 808 2851 sententia
841 2797 1182 2865 expressiore
1215 2797 1519 2867 conﬁrmat,
1554 2799 1740 2856 dicens
1772 2821 1784 2857 :

193 2883 247 2936 Et
292 2889 335 2941 si
385 2890 734 2960 cognovimus
782 2891 1064 2943 secundum
1111 2908 1314 2947 carnem
1364 2891 1650 2961 Christum,
1697 2899 1788 2952 sed

192 2989 210 3012 ⁸
236 2997 367 3034 nunc
402 2985 530 3054 jam
568 3000 674 3035 non
718 2983 969 3051 novimus,
1006 2984 1280 3052 videlicet,
1320 2989 1442 3056 quia
1474 2989 1626 3058 prius
1662 3003 1789 3046 eum

188 3080 229 3123 et
255 3071 544 3129 hominem
576 3074 781 3129 scimus
820 3084 874 3129 et
913 3076 1101 3143 Deum,
1147 3094 1294 3132 nunc
1335 3087 1546 3134 tantum
1593 3081 1782 3135 Deum.

1900 1873 2118 1925 stantiac
2148 1871 2400 1941 duplicis,
2434 1872 2630 1926 factum
2662 1883 2746 1927 est
2769 1873 2978 1926 virtutis
3009 1875 3188 1927 unius.
3224 1872 3356 1928 Cum
3388 1875 3492 1929 uti«

1894 1981 2001 2036 que
2044 1981 2150 2019 non
2191 1966 2260 2019 sit
2294 1964 2516 2020 dubium
2560 1965 2832 2020 Christum
2861 1966 2951 2037 qui
2984 1966 3279 2022 cruciﬁxus
3308 1975 3389 2021 cst
3417 1980 3490 2022 cx

1895 2057 2209 2113 inﬁrmitate
2235 2065 2438 2122 nostra,
2473 2067 2640 2112 totum
2672 2059 2854 2114 vivere
2876 2073 2942 2113 ex
2974 2058 3255 2129 majestate
3285 2056 3491 2127 dit-ina".

2505 2170 2736 2227 CAPUT
2779 2171 2871 2227 ιν.

1898 2265 1979 2319 Ea?
2001 2283 2058 2317 ea
2079 2282 2196 2335 qua’
2225 2267 2294 2318 ad
2323 2263 2538 2318 Galatas
2566 2277 2639 2319 est
2667 2263 2904 2336 Epistola
2925 2265 3121 2336 profert
3142 2265 3491 2336 testimonium

1963 2355 2063 2407 quo
2091 2333 2270 2408 probat
2311 2337 2665 2405 inﬁrmitatem
2696 2333 2866 2391 carnis
2900 2338 2952 2390 in
2987 2334 3196 2390 Christo
3225 2353 3319 2408 per
3350 2333 3490 2390 divi.

1966 2411 2182 2462 nitatem
2211 2407 2503 2477 absorptam
2528 2424 2656 2462 esse.

1963 2525 2114 2592 Quod
2157 2525 2362 2580 scilicet
2392 2523 2686 2594 Apostolus
2719 2523 2864 2578 omni
2895 2522 3228 2594 scriptorum
3257 2537 3485 2578 suorum

1892 2635 2122 2690 corpore
2153 2620 2482 2687 prmdicans,
2515 2620 2653 2673 bene
2693 2619 2855 2674 etiam
2895 2618 2959 2672 ad
2988 2618 3209 2672 Galatas
3235 2617 3488 2673 scribens

1892 2713 1964 2767 ait
1997 2731 2009 2765 :
2047 2712 2249 2766 Paulus
2289 2713 2560 2781 apostolus
2610 2729 2709 2765 non
2755 2713 2818 2766 ab
2862 2711 3154 2765 hominibus
3199 2728 3360 2780 neque
3397 2725 3488 2777 per

1892 2805 2167 2868 hominem,
2203 2803 2290 2857 sed
2335 2821 2425 2872 per
2462 2799 2643 2856 Jesum
2690 2802 2951 2856 Christum
2981 2812 3026 2856 et
3078 2799 3244 2853 Deum
3276 2799 3490 2854 Patrem

1893 2897 2098 2970 (Galat.
2129 2900 2190 2966 t).
2220 2897 2384 2953 Vides
2431 2913 2588 2965 quam
2632 2896 2773 2950 bene
2806 2895 2910 2949 sibi
2951 2895 3006 2950 in
3049 2893 3320 2962 prioribus
3349 2907 3488 2961 prte-

1891 2991 2249 3058 sentibusque
2300 2989 2612 3044 conveniat.
2663 2988 2775 3041 lllic
2828 2987 2972 3039 enim
3019 2985 3172 3048 dicit,
3206 3001 3343 3038 nunc
3372 2987 3488 3055 jam

1894 3099 1994 3136 non
2043 3084 2277 3135 novimus
2324 3080 2592 3134 Christum
2635 3077 2922 3131 secundant
2973 3091 3213 3140 carnem;
3243 3075 3330 3130 hic
3385 3075 3484 3146 ait,

188 3162 441 3222 Cessante
471 3169 620 3222 enim
642 3167 954 3222 inﬁrmitate
977 3170 1182 3235 carnis,
1212 3170 1345 3223 nihil
1375 3171 1431 3222 in
1461 3185 1528 3223 eo
1551 3170 1662 3237 jam
1693 3186 1790 3225 no-
1815 3177 1862 3238 ε
1896 3189 1997 3224 non
2028 3188 2094 3224 ex
2122 3171 2437 3230 hominibus,
2461 3185 2622 3236 neque
2652 3185 2740 3236 per
2773 3168 3156 3235 hominem,sed
3188 3186 3279 3238 per
3305 3168 3486 3225 Jesnm

187 3257 349 3312 rimus
405 3259 521 3310 nisi
570 3258 823 3310 virtutem
870 3259 1200 3325 divinitatis;
1249 3260 1374 3327 quia
1419 3268 1591 3313 totum
1633 3261 1685 3313 in
1727 3277 1793 3316 eo

185 3351 340 3406 virtus
367 3357 464 3404 est
492 3347 791 3417 majestatis
807 3349 1025 3417 divinae,
1052 3349 1143 3404 ubi
1166 3364 1288 3405 esse
1317 3349 1478 3405 desiit
1508 3351 1790 3410 inﬁrmitas

189 3444 574 3503 imbecillitatis
608 3443 876 3499 humanae.
910 3444 1082 3500 Omne
1111 3460 1239 3516 ergo
1268 3446 1481 3517 penitus
1513 3446 1614 3500 hoc
1639 3448 1787 3503 testi-

189 3541 346 3596 monio
379 3539 714 3611 mysterium
739 3548 790 3595 et
817 3549 1051 3611 sumpta:
1074 3542 1256 3597 carnis
1286 3549 1342 3597 et
1367 3542 1617 3611 perfecta:
1647 3542 1783 3598 divi-

1897 3261 2178 3315 Cltristum.
2219 3262 2369 3314 Patet
2390 3261 2849 3329 quemadmodum
2873 3260 3033 3315 etiam
3066 3261 3155 3316 hic
3180 3263 3320 3314 idem
3342 3263 3485 3331 quod

1898 3356 1948 3408 in
2004 3353 2378 3422 superioribus
2414 3352 2629 3407 doceat.
2683 3351 2882 3408 Dieens
2935 3352 3100 3419 enim,
3153 3355 3382 3407 missum
3422 3365 3482 3409 se

1891 3465 1997 3502 non
2025 3463 2121 3516 per
2163 3447 2461 3511 hominem,
2497 3444 2597 3500 hoc
2624 3445 2775 3512 dicit,
2803 3462 2903 3499 non
2935 3446 3168 3499 novimus
3209 3444 3478 3499 Christum

1886 3541 2165 3595 secundum
2194 3556 2438 3605 carnem;
2460 3549 2516 3595 et
2559 3538 2681 3596 ideo
2713 3550 2735 3579 ο
2768 3553 2873 3594 non
2910 3554 3007 3609 per
3030 3539 3312 3595 hominum
3346 3537 3484 3593 mis-

1267 3699 1522 3756 ALARDI
1564 3699 1793 3757 G.\ZlEl
1832 3697 2400 3756 COMMENTARIUS.

197 3808 361 3876 Ecquis
391 3812 544 3868 istud
585 3813 735 3867 illum
783 3814 1054 3884 ignorasse
1097 3814 1266 3870 dicere
1296 3815 1526 3868 audeat?
1560 3815 1777 3879 Qualem

195 3899 389 3954 namque
414 3885 469 3937 in
494 3884 683 3938 cwlum
711 3888 1022 3945 ascendisse,
1047 3902 1110 3938 ac
1129 3887 1252 3939 olim
1283 3887 1400 3939 inde
1426 3903 1631 3940 rursum
1660 3904 1779 3940 ven-

198 3961 341 4008 turum
369 3956 588 4029 sciebat,
620 3955 774 4029 talem
817 3967 864 4011 et
900 3958 951 4010 in
991 3958 1084 4010 illo
1124 3973 1338 4029 quoque
1368 3960 1582 4012 existere
1611 3960 1782 4011 nenti-

198 4040 326 4090 quam
366 4028 669 4097 ignorabat.
728 4028 999 4093 Quomodo
1045 4030 1204 4096 igitur
1241 4027 1449 4082 Filium
1503 4031 1780 4082 secundant

200 4110 375 4150 carnem
404 4115 460 4152 se
490 4113 646 4152 nosse
683 4100 870 4168 negat?
906 4100 1162 4164 Quoniam
1190 4101 1348 4153 simul
1375 4111 1525 4169 atque
1551 4116 1614 4152 ea:
1643 4117 1782 4152 inor-

201 4169 281 4219 tuis
311 4171 592 4231 revixerat,
626 4171 788 4223 satius
817 4185 924 4223 erat
954 4186 1019 4224 ex
1046 4172 1219 4224 divina
1243 4172 1520 4226 eminentia
1549 4170 1698 4223 illum
1728 4180 1774 4225 et

203 4252 326 4311 nosse
362 4254 405 4294 et
437 4241 704 4309 proﬁteri,
733 4258 889 4311 quam
917 4257 980 4296 ea:
1009 4243 1178 4295 carnis
1204 4241 1525 4307 inﬁrmitate.
1562 4241 1774 4296 Etenim

204 4308 581 4379 dispensationis
627 4308 870 4382 mysterio
929 4314 1156 4366 nondum
1203 4313 1438 4381 expleto,
1491 4316 1775 4367 secundum

203 4391 380 4457 carnem
415 4385 826 4454 prwdicabatur,
875 4401 974 4452 quo
1015 4386 1258 4438 nimirum
1301 4384 1609 4457 Unigenitus
1651 4401 1775 4438 caro

206 4447 346 4512 {actus
371 4447 692 4510 crederetur.
726 4459 786 4508 At
809 4447 923 4509 vero
948 4467 1260 4509 sacramento
1287 4459 1379 4511 hoc
1397 4447 1510 4527 iam
1534 4473 1776 4510 consum-

208 4532 341 4595 tttato,
374 4527 656 4592 prwstabat
697 4544 760 4580 ea:
794 4528 1063 4581 divinitate
1090 4528 1239 4580 illum
1270 4544 1544 4595 agnoscere
1570 4543 1629 4578 ac
1660 4545 1776 4586 pro-

208 4588 344 4662 ﬁteri,
371 4588 521 4662 quam
555 4613 618 4650 ea:
646 4598 815 4651 carnis
839 4598 1128 4652 humilitate
1158 4608 1202 4651 et
1231 4588 1596 4651 ea‘inaititione.
1630 4595 1776 4650 Unus

210 4642 361 4735 hmini;
375 4642 462 4719 τιεῖ
480 4642 720 4723 Christus
738 4642 1491 4735 'e'tvFi'l'itts',‘ciborum-usi]Ia
1522 4642 1774 4729 Cvrblus.
1803 4642 1854 4702 D

280 4732 427 4790 ‘Non
476 4741 622 4807 quod
684 4741 846 4794 homo
895 4732 1018 4794 esse
1066 4740 1308 4802 desierit,
1338 4739 1429 4793 sed
1475 4739 1596 4807 quia
1634 4737 1770 4791 nihil

217 4799 508 4884 humanum,
535 4811 587 4864 id
638 4820 745 4879 est,
781 4810 1057 4884 inﬁrmum
1089 4820 1144 4884 et
1176 4799 1400 4865 mortale
1432 4799 1551 4884 post
1587 4825 1770 4884 l‘esur-

217 4881 479 4934 rectionem
526 4897 680 4936 suam
735 4883 980 4947 retinuit,
1013 4881 1105 4935 sed
1138 4897 1353 4937 omnem
1395 4882 1773 4936 inﬁrmitatem

217 4950 539 5019 mortalitatis
587 4953 834 5009 humanae
865 4953 1136 5017 deposuit,
1167 4962 1225 5006 ut
1269 4953 1404 5006 inira
1457 4955 1773 5019 exponitur.

255 5012 278 5052 δ
298 5019 399 5074 Non
421 5024 565 5093 quod
583 5040 704 5079 vera
723 5040 848 5080 caro
862 5033 916 5079 et
935 5012 1195 5091 corporea
1211 5039 1330 5078 esse
1347 5012 1781 5086 desierit,secutt-

219 5081 320 5164 dunt
335 5106 404 5156 se,
419 5081 514 5150 s'ed
536 5099 656 5164 quia
675 5097 932 5163 spiritalis
945 5081 1157 5159 eileeta,
1178 5094 1226 5148 id
1240 5106 1341 5160 est,
1359 5081 1780 5162 ittcm'ruptibtlis

220 5159 477 5242 EE8.it)l:iosa
491 5159 1086 5242 eventui-sinﬁrmitatis
1101 5182 1162 5242 ex
1173 5159 1546 5242 ne_rs,quemad
1558 5159 1772 5242 modum

221 5223 325 5309 dicit
351 5235 628 5303 Apostolus
661 5238 680 5293 Ι
717 5240 927 5293 Corint.
954 5253 1020 5293 xv
1053 5257 1065 5292 :
1098 5223 1394 5294 Sentindtur
1421 5256 1604 5309 corpus
1649 5239 1766 5292 atti—

359 5301 524 5381 surget
543 5325 726 5381 corpus
748 5310 998 5381 spiritale.
1017 5309 1342 5365 liesurt'ectio
1363 5312 1494 5381 enim
1510 5301 1764 5375 'Domini,

224 5374 353 5452 ΨΒ.
385 5374 490 5433 ιιεό
515 5374 753 5448 poniiiex
776 5374 982 5450 '(Serm.
1027 5383 1050 5436 1
1083 5382 1146 5437 de
1178 5399 1342 5436 resur.
1373 5380 1628 5446 Domini),
1663 5374 1765 5435 non

227 5437 320 5522 (illis
346 5437 528 5510 carnis:
551 5452 640 5506 sed
670 5437 1002 5506 commutatio
1033 5454 1146 5522 fuit,
1174 5469 1265 5506 nec
1294 5453 1496 5506 virtutis
1521 5437 1768 5520 augmen-

227 5518 267 5565 to
305 5530 591 5590 consumpta
639 5525 927 5577 substantia
975 5518 1067 5577 est.
1119 5524 1356 5589 Qualitas
1404 5518 1623 5586 transiri,
1659 5539 1760 5576 non

225 5593 381 5665 litura
409 5591 622 5663 defecit;
653 5607 700 5649 et
729 5600 921 5662 factum
953 5605 1024 5648 est
1055 5611 1241 5664 corpus
1272 5594 1758 5665 intpassibile,quod

232 5660 363 5735 Mittit
415 5660 676 5735 cruciﬁgi;
722 5660 914 5735 factum
953 5678 1025 5718 est
1074 5660 1384 5725 immortale,
1416 5666 1555 5733 quod
1599 5660 1763 5732 potuit

231 5729 394 5807 offigit?
424 5729 612 5803 [artu-ni
641 5729 1142 5807 est'incorrupiibite,
1167 5737 1303 5806 quod
1333 5729 1493 5807 potuit
1528 5729 1643 5788 vuln
1679 5753 1763 5787 ra—

231 5797 282 5851 τὶο
304 5797 360 5858 Et
387 5797 553 5866 merito
580 5809 768 5867 dicitur
798 5823 918 5863 caro
941 5797 1140 5862 Christi
1161 5797 1210 5862 in
1239 5824 1296 5863 eo
1318 5797 1453 5863 statu
1482 5824 1580 5872 quo
1595 5808 1760 5869 fuerit

1887 3826 2010 3868 nota
2040 3815 2248 3881 nesciri,
2282 3816 2402 3881 quia
2441 3813 2572 3866 nihil
2595 3813 2645 3867 in
2681 3831 2740 3867 ea
2769 3815 3031 3881 possibile,
3059 3817 3190 3869 nihil
3228 3818 3479 3871 remansit

1887 3889 1939 3940 in
1961 3903 2024 3938 ea
2051 3885 2337 3952 in/irmum,
2369 3895 2422 3938 ut
2453 3895 2497 3938 et
2531 3886 2643 3949 ipsa
2669 3886 2734 3938 sit
2757 3903 2845 3950 per
2874 3888 3167 3949 essentiam,
3195 3893 3242 3938 et
3274 3904 3375 3940 non
3409 3890 3479 3943 sit

1887 3959 2000 4025 ipsa
2039 3975 2127 4028 per
2163 3958 2401 4028 gloriam.
2438 3956 2590 4019 Quod
2626 3967 2799 4008 autem
2833 3957 3042 4028 mirum,
3071 3958 3116 4010 si
3140 3957 3236 4010 hoc
3268 3958 3332 4010 de
3361 3975 3479 4012 cor-

1891 4046 2013 4095 pore
2067 4026 2257 4082 Cltristi
2314 4029 2588 4098 p‘oﬁtetur
2641 4026 2970 4097 (Apostolus)
2998 4027 3084 4092 qui
3128 4031 3190 4081 de
3233 4029 3470 4084 omnibus

1890 4101 2196 4154 Christianis
2229 4097 2550 4168 spiritalibus
2581 4100 2703 4152 dicit
2734 4118 2752 4152 :
2784 4099 2974 4170 Itaque
3009 4115 3103 4152 nos
3145 4115 3208 4170 ea:
3237 4097 3354 4164 ltoc,
3386 4117 3476 4155 ne-

1891 4174 2076 4226 minem
2095 4174 2327 4224 novimus
2344 4170 2630 4225 secundum
2659 4169 2889 4225 carnem.
2908 4171 2988 4224 Ex
3016 4173 3132 4236 hoc,
3158 4169 3343 4238 inquit,
3375 4173 3474 4224 ini-

1885 4245 2014 4296 tium
2045 4243 2188 4296 uobis
2220 4245 2411 4308 factum
2440 4253 2510 4297 est
2536 4245 2924 4297 resurrectionis
2957 4246 3006 4296 in
3028 4242 3254 4306 Christo,
3278 4259 3341 4295 ex
3368 4259 3470 4312 quo

1884 4315 1936 4368 in
1969 4332 2048 4378 eo,
2081 4316 2169 4383 qui
2193 4330 2282 4384 pro
2308 4315 2542 4368 omnibus
2568 4327 2797 4383 mortuus
2827 4324 2925 4382 est,
2954 4316 3110 4369 totius
3137 4316 3248 4384 spei
3274 4323 3468 4368 nostra:

1885 4387 2050 4455 {arma
2081 4389 2358 4452 pra’ces~it,
2382 4395 2487 4440 etc.

1961 4469 1981 4495 ε
2012 4459 2113 4510 Per
2146 4457 2440 4514 hominem.
2471 4473 2661 4525 purum
2693 4459 2897 4512 scilicet
2943 4466 2997 4511 et
3031 4459 3339 4520 mortalem,
3371 4457 3470 4511 sed

1886 4543 1982 4596 per
2027 4528 2208 4581 .Iesum
2263 4529 2539 4582 Christum
2587 4545 2773 4581 verum
2825 4529 3014 4580 Deum.
3055 4530 3230 4580 Utitur
3267 4526 3466 4596 eodem

1885 4595 2209 4664 argumento
2237 4599 2472 4666 Cyrillus
2495 4596 2559 4650 ad
2589 4598 3088 4666 eumdem‘scopum
3121 4595 3472 4666 quorCassia-

1885 4683 2004 4726 nus.
2057 4669 2122 4721 ad
2176 4664 2510 4733 probandam
2571 4666 2781 4719 scilicet
2827 4664 3026 4719 Christi
3081 4665 3462 4718 divinitatem:

1882 4740 2085 4790 Annon.
2124 4737 2320 4804 inquit,
2363 4735 2526 4788 Deum
2576 4738 2924 4800 incarnatum,
2961 4750 3217 4800 unumque
3259 4735 3464 4789 utrobi-

1879 4826 1976 4878 que
2005 4806 2205 4863 Filium
2232 4818 2279 4862 et
2314 4805 2589 4861 Dominum
2624 4824 2712 4874 per
2735 4806 2844 4861 ha'c
2882 4808 3026 4860 nobis
3066 4805 3297 4859 insinuat
3326 4808 3466 4877 Apo-

1877 4881 2077 4935 stolus?
2105 4879 2244 4948 Quid
2270 4882 2476 4953 planius
2505 4881 2636 4933 enim
2665 4880 2765 4931 diri
2788 4888 2969 4949 potest,
2989 4892 3153 4953 _quam
3183 4895 3238 4953 se
3266 4895 3368 4953 non
3400 4879 3464 4932 ab

1883 4954 2107 5018 homine,
2127 4947 2232 5006 inec
2271 4947 2359 5025 per
2406 4953 2682 5014 hominem,
2707 4947 2795 5002 sed
2840 4965 2930 5025 per
2975 4947 3150 5004 Iesum
3198 4948 3460 5025 Christum

1882 5026 2091 5078 missum
2117 5042 2222 5080 esse
2240 5023 2279 5080 ?'
2296 5026 2431 5091 Quid
2457 5025 2619 5090 ergo?
2641 5023 2885 5091 numquid
2915 5038 3049 5089 eum,
3083 5039 3230 5093 quem
3258 5023 3466 5076 univer-

1885 5114 1942 5149 so
1970 5097 2080 5151 orbi
2111 5101 2468 5160 annuntiarat,
2503 5097 2754 5148 hominem
2789 5111 2894 5148 esse
2920 5095 3226 5167 ignorabat?
3250 5093 3461 5167 Nequa-

1881 5184 2062 5237 quam.
2102 5167 2268 5221 Norat
2299 5170 2471 5232 utique
2503 5167 2755 5218 hominem
2793 5183 2902 5221 esse
2918 5163 2957 5231 ς’
2978 5177 3029 5219 at
3059 5181 3159 5218 non
3192 5163 3464 5237 hominem

1879 5233 2070 5303 solum,
2105 5239 2194 5292 sed
2245 5237 2341 5292 Dei
2385 5237 2603 5292 Verbum
2641 5239 2899 5292 hominm:
2940 5238 3154 5302 factum.
3180 5233 3308 5288 Cum
3338 5250 3459 5304 ergo

1876 5326 1931 5363 se
1961 5327 2065 5363 non
2095 5310 2156 5362 ab
2199 5310 2424 5368 homine,
2453 5310 2543 5361 sed
2583 5326 2673 5377 per
2713 5307 2891 5362 Jesum
2921 5308 3133 5377 missum
3173 5305 3319 5369 dicit,
3347 5305 3461 5377 quis

1877 5382 2071 5436 dubitet
2099 5381 2222 5449 quin
2240 5378 2416 5433 Jesum
2433 5375 2691 5433 Christum
2716 5394 2886 5432 verum
2914 5376 3076 5428 Deum
3100 5392 3206 5449 esse
3230 5375 3462 5449 statuat?

1874 5463 1980 5508 etc.
2007 5448 2268 5505 Similiter
2299 5463 2350 5505 et
2383 5451 2446 5505 D.
2487 5451 2847 5518 Hieronymus
2901 5449 2952 5502 in
2995 5448 3241 5503 eumdem
3281 5448 3460 5503 locum

1874 5523 2117 5588 Apostoli
2154 5534 2526 5576 commentans
2562 5539 2573 5573 :
2612 5519 2695 5573 E1:
2737 5533 2860 5590 quo,
2903 5520 3097 5590 inquit,
3136 5518 3458 5590 approbatur

1869 5592 2084 5647 Eltionis
2113 5604 2158 5644 et
2187 5593 2394 5648 I’hotini
2422 5595 2572 5647 etiam
2597 5594 2713 5644 hinc
2739 5592 2944 5646 hau'esis
2967 5590 3302 5648 retundendo,
3321 5590 3460 5658 quod

1873 5665 2123 5718 Dominus
2157 5674 2325 5716 uoster
2354 5663 2504 5718 les-us
2533 5662 2764 5716 Christus
2798 5664 2934 5717 Deus
2962 5665 3056 5727 sit,
3090 5662 3214 5715 dum
3238 5661 3459 5724 Aposto-

1872 5737 1973 5802 lus,
2005 5738 2145 5806 quia
2178 5736 2383 5791 Christo
2419 5737 2484 5789 ad
2523 5736 2938 5805 pt'a'tlt'ratiouent
2980 5732 3252 5806 Evangelii
3273 5730 3475 5782 missus.

1873 5818 1966 5875 cst,
2001 5819 2151 5876 negat
2184 5826 2235 5864 se
2255 5810 2465 5865 missum
2489 5824 2596 5863 esse
2617 5807 2680 5862 ab
2711 5809 2938 5862 homine.
