3976 6180
1820 230 2103 290 IOANNIS
2139 230 2450 288 CASSIANI

3687 234 3761 291 56

471 368 619 423 sum,
651 352 748 408 sed
777 365 875 424 per
907 351 1259 423 Iesum,quia
1289 364 1386 420 per
1413 349 1693 405 Christum
1713 347 1938 416 missus,
1958 363 2065 403 non
2095 354 2149 414 Α
2174 358 2264 402 aut
2294 347 2458 404 homo
2485 349 2704 420 penitus
2731 349 2852 406 sine
2881 349 3016 416 Deo,
3045 358 3143 406 aut
3183 349 3325 406 Deus
3368 363 3492 406 sine
3540 349 3759 409 homine

435 458 577 516 ‘per
604 446 882 501 hominem
926 446 1124 500 missus
1171 459 1310 508 sum,
1341 443 1438 498 sed
1487 459 1582 514 per
1626 443 1837 510 Deum;
1867 459 2070 500 nomen

467 531 629 595 'enim
655 540 708 592 in
737 553 802 592 eo
823 539 931 607 iam
961 536 1196 590 hominis
1227 551 1334 590 non
1361 535 1532 602 cadit,
1559 536 1613 590 in
1635 552 1744 606 quo
1769 546 1939 592 totum
1967 536 2072 592 sibi

481 631 743 687 divinitas
785 631 1095 683 vindicavit.
1128 627 1196 682 Et
1239 629 1361 684 ideo
1391 643 1512 683 cum
1564 629 1797 685 dixisset
1844 630 2070 684 missum

476 739 539 779 se
580 740 685 777 non
725 723 790 775 ab
831 721 1146 789 hominibus,
1177 737 1343 792 neque
1378 737 1470 792 per
1508 721 1802 789 hominem,
1846 722 1936 775 sed
1980 738 2074 790 per

475 819 659 873 Iesum
689 814 974 880 Christum,
1004 815 1148 870 bene
1178 814 1407 881 addidit,
1431 823 1478 868 et
1500 812 1666 869 Deum
1694 813 1945 881 Patrem;
1970 814 2073 871 hoc

479 923 585 977 est,
612 913 838 966 missum
869 924 928 966 se
950 925 979 963 a
1006 909 1116 964 Deo
1144 907 1305 964 Patre
1331 919 1386 964 et
1407 923 1436 962 a
1468 909 1582 964 Deo
1612 908 1752 962 Filio
1778 923 1902 964 esse
1932 908 2075 963 desi-

479 1020 673 1077 gnans.
727 1004 784 1058 In
831 1003 1030 1073 quibus
1078 1003 1267 1072 utique
1312 1001 1439 1056 licet
1481 1011 1703 1072 pr0pter
1746 1001 2072 1071 mysterium

482 1115 653 1155 sacra:
669 1096 1036 1154 etinell'abilis
1064 1095 1452 1167 generationis,
1480 1094 1681 1163 duplex
1711 1093 1780 1148 sit
1805 1108 2037 1162 persona
2057 1134 2073 1159 ,

482 1191 800 1262 generantis
831 1198 889 1245 et
913 1189 1114 1259 geniti,
1148 1202 1252 1241 una
1281 1195 1461 1241 tamen
1491 1198 1579 1240 est
1608 1186 1778 1240 virtus
1809 1185 2075 1240 mittentis

482 1283 603 1338 Dei.
637 1283 704 1337 Et
733 1282 856 1338 ideo
888 1281 980 1335 ille
1012 1279 1237 1334 missum
1266 1293 1326 1333 se
1357 1293 1386 1332 a
1417 1278 1534 1332 Deo
1563 1277 1726 1332 Patre
1756 1286 1812 1331 et
1847 1278 1956 1332 Deo
1985 1276 2076 1331 Fi-

481 1373 559 1428 lio
590 1373 800 1440 dicens,
829 1373 880 1426 in
916 1371 1172 1441 personis
1199 1369 1418 1439 quidem
1457 1368 1671 1423 dualem
1705 1367 1942 1422 ostendit
1971 1383 2074 1422 nu-

479 1482 718 1534 merum,
751 1464 850 1521 sed
881 1464 935 1519 in
966 1462 1228 1519 missione
1255 1478 1415 1517 unam
1443 1462 1629 1518 docuit
1655 1470 2000 1531 potestatem.

1137 1574 1338 1632 .APUT
1380 1575 1444 1630 V.

485 1676 633 1732 Sicut
663 1672 980 1746 blasphemia
1002 1679 1086 1746 est
1119 1670 1338 1746 Christo
1373 1671 1600 1725 adimere
1630 1669 1974 1746 divinitatem,
1993 1669 2075 1746 ita

2174 440 2451 496 credatur.
2484 441 2631 498 Bene
2670 457 2802 514 ergo
2855 441 3153 514 Apostolus
3193 442 3419 498 missum
3460 457 3524 499 se
3567 443 3704 499 sicut
3728 457 3759 500 ε

2176 534 2290 590 Deo
2318 535 2499 602 Patre,
2531 537 2604 592 ita
2632 546 2689 594 et
2715 553 2747 591 a
2778 538 2889 593 Deo
2919 538 3057 593 Filio
3100 538 3426 608 praedicans,
3456 536 3755 594 confessio-

2174 642 2298 682 nem
2351 629 2534 683 statim
2588 629 2884 685 Dominicte
2924 629 3321 686 lncarnationis
3373 628 3646 699 adiunxit,
3678 629 3758 684 di-

2173 733 2304 774 cens
2336 736 2350 772 :
2379 719 2482 786 Qui
2528 721 2797 774 suscitavit
2840 737 2956 774 eum
2982 737 3014 774 a
3038 721 3288 786 mortuis;
3318 734 3508 775 verum
3555 719 3764 776 scilicet

2175 814 2438 869 incarnati
2488 814 2584 870 Dei
2637 829 2840 884 corpus
2885 815 3201 870 suscitatum
3234 829 3262 867 a
3293 815 3524 870 mortuis
3564 816 3765 870 docens

2170 908 2322 978 juxta
2367 907 2497 963 illud
2532 924 2547 962 :
2582 907 2650 962 Et
2693 909 2740 963 si
2787 909 3120 981 cognovimus
3161 906 3426 962 Christum
3481 907 3768 963 secundum

2175 1016 2414 1067 carnem;
2445 1000 2583 1055 bene
2628 999 2854 1066 addens,
2887 1001 2978 1054 sed
3017 1003 3134 1073 jam
3182 1015 3288 1053 non
3341 999 3596 1053 novimus.
3650 997 3765 1053 Hoc

2177 1093 2323 1148 enim
2351 1106 2411 1147 se
2443 1093 2495 1146 in
2525 1107 2590 1146 eo
2631 1107 2797 1148 nosse
2835 1092 2966 1147 dicit
3014 1091 3314 1147 secundum
3354 1105 3598 1156 carnem,
3625 1088 3765 1160 quod

2179 1185 2251 1240 sit
2279 1199 2308 1237 a
2336 1185 2563 1240 mortuis
2589 1185 2903 1240 suscitatus.
2929 1184 2987 1239 ln
3018 1199 3085 1241 eo
3117 1199 3250 1239 vero
3279 1199 3338 1238 se
3367 1198 3490 1242 eum
3512 1183 3620 1253 iam
3654 1196 3760 1237 non

2179 1291 2342 1334 nosse
2369 1279 2666 1333 secundum
2699 1291 2947 1343 carnem,
2980 1276 3126 1346 quod
3157 1285 3414 1331 cessante
3445 1274 3624 1330 carnis
3656 1273 3761 1329 l‘ra-

2176 1373 2406 1442 gilitate,
2434 1372 2490 1425 in
2519 1371 2634 1426 sola
2667 1385 2791 1426 eum
2820 1369 3032 1426 noverit
3062 1370 3156 1425 Dei
3187 1384 3310 1425 esse
3351 1369 3575 1423 virtute.
3612 1367 3739 1423 Fide

2179 1464 2246 1518 lis
2272 1462 2484 1516 scilicet
2515 1460 2875 1529 praedicanda:
2896 1462 3191 1517 Dominica:
3219 1460 3524 1516 divinitatis
3547 1469 3604 1515 et
3631 1459 3765 1514 satis

2179 1552 2412 1606 idoneus
2436 1552 2611 1619 testis,
2641 1554 2733 1623 qui
2767 1554 2820 1606 in
2855 1553 3126 1624 principio
3149 1553 3450 1608 vocationis
3476 1568 3589 1607 sua:
3620 1552 3766 1607 cteli-

2181 1654 2267 1700 tus
2296 1645 2614 1715 castigatus,
2655 1645 2994 1714 maiestatem
3041 1645 3286 1701 suscitati
3314 1660 3344 1700 a
3387 1645 3618 1700 mortuis
3665 1645 3766 1700 Do-

558 1764 758 1817 quoque
775 1736 962 1800 'verum
992 1744 1250 1799 hominem
1277 1742 1427 1797 illum
1465 1758 1573 1797 esse
1604 1757 1813 1813 negare,
1837 1738 2077 1812 blasphe-
2103 1740 2152 1804 Β
2181 1739 2312 1795 mini
2353 1741 2522 1794 nostri
2545 1738 2676 1795 Iesu
2701 1739 2924 1806 Christi,
2960 1756 3064 1794 non
3103 1740 3207 1794 lide
3252 1749 3457 1794 tantum
3489 1739 3656 1794 animi
3685 1736 3767 1793 sui

560 1835 701 1872 munt
731 1826 824 1872 est.

559 1931 669 1988 Sed
692 1947 780 1998 per
809 1929 1091 1998 Christum,
1117 1930 1310 2001 inquit,
1340 1927 1542 1996 Iesum,
1568 1937 1616 1981 et
1639 1927 1805 1983 Deum
1839 1926 2076 1994 Patrem,

487 2027 578 2099 qui
601 2025 867 2081 suscitavit
904 2041 1020 2078 eum
1057 2041 1088 2078 a
1119 2026 1352 2077 mortuis.
1377 2023 1679 2078 Praeclarus
1701 2027 1885 2090 utique
1908 2032 1963 2077 et
1983 2023 2080 2076 ad-

489 2117 755 2172 mirabilis
780 2117 1056 2186 magister,
1072 2117 1251 2171 sciens
1279 2116 1563 2169 Dominum
1589 2115 1772 2171 Iesum
1801 2113 2075 2170 Christum

487 2211 629 2267 sicut
658 2226 848 2266 verum
878 2210 1071 2275 Deum,
1124 2210 1198 2265 ita
1237 2218 1291 2263 et
1331 2225 1516 2264 verum
1566 2209 1838 2264 hominem
1875 2208 2074 2278 praedi-

489 2304 748 2368 candum,
781 2305 852 2358 ita
893 2319 1110 2372 semper
1150 2303 1490 2371 maiestatem
1542 2302 1840 2357 divinitatis
1903 2304 1954 2356 in
2007 2317 2075 2358 eo

491 2397 782 2465 praedicat,
825 2404 882 2449 ut
941 2394 1339 2449 lncarnationis
1391 2392 1796 2449 confessionem
1859 2394 2079 2462 penitus

491 2501 601 2541 non
647 2487 957 2556 relinquat:
990 2485 1288 2541 excludens
1335 2487 1521 2557 utique
1576 2496 1631 2542 et
1681 2495 1707 2522 α
1752 2485 2073 2555 phantasma

493 2579 783 2634 Marcionis
815 2579 1194 2636 lncarnatione
1221 2593 1374 2642 vera.
1403 2589 1459 2636 et
1486 2579 1514 2619 ι)
1543 2588 1915 2650 paupertatem
1967 2580 2076 2636 lle-

495 2672 670 2725 liionis
689 2671 972 2727 divinitate
999 2671 1276 2743 perfecta;
1306 2689 1372 2728 ne
1399 2672 1605 2728 scilicet
1632 2687 1730 2742 per
1751 2671 2071 2726 alterutram

495 2765 847 2835 blasphemiae
888 2765 1300 2836 perversitatem
1343 2751 1602 2824 Dominus
1631 2766 1794 2822 Iesus
1820 2767 2074 2824 Christus

2179 1833 2464 1898 crederet,
2516 1833 2610 1889 sed
2670 1844 2692 1872 ο
2730 1833 2895 1889 etiam
2937 1835 3109 1889 oculis
3152 1834 3529 1906 corporalibus
3579 1847 3766 1904 appro-

2179 1925 2382 1982 basset.

2795 1996 3025 2053 CAPUT
3069 1998 3152 2052 Vl.

2184 2107 2264 2163 Eo:
2290 2110 2618 2183 apparitione
2654 2108 2867 2174 Christi,
2891 2127 3005 2179 qua:
3035 2111 3282 2182 Apostolo
3311 2112 3635 2183 persequenti
3668 2111 3771 2164 Ec—

2250 2182 2460 2254 clesiam
2507 2184 2647 2250 facta
2696 2193 2791 2249 est,
2823 2191 3097 2253 utrumque
3139 2182 3380 2236 naturam
3427 2184 3479 2236 in
3510 2198 3566 2237 co
3615 2184 3772 2254 fuisse

2252 2253 2588 2307 demonstrat.

2255 2390 2408 2446 Unde
2445 2393 2608 2446 etiam
2653 2391 2679 2430 ἀ
2711 2393 2851 2462 apud
2891 2394 3184 2464 Agrippam
3225 2407 3408 2462 regem
3448 2398 3501 2446 et
3549 2399 3774 2445 caeteros

2185 2486 2369 2540 mundi
2400 2486 2614 2554 iudices
2643 2487 2938 2552 disserens,
2967 2486 3042 2541 ita
3075 2488 3151 2541 ait
3181 2506 3192 2540 :
3225 2485 3364 2540 Dum
3395 2485 3520 2538 irem
3548 2483 3772 2537 Damas-

2184 2596 2299 2632 cum
2331 2595 2449 2632 cum
2490 2589 2742 2649 potestate
2786 2590 2833 2634 et
2863 2581 3115 2652 permissu
3148 2579 3400 2650 principis
3429 2578 3775 2641 sacerdotum,

2186 2673 2268 2727 die
2298 2674 2471 2727 media
2493 2676 2545 2728 in
2584 2676 2667 2728 via
2695 2675 2821 2740 ridi,
2846 2691 2960 2739 rex,
2986 2675 3049 2730 de
3080 2675 3206 2729 ctelo
3249 2690 3411 2743 supra
3458 2672 3778 2745 splendorem

2183 2769 2307 2822 solis
2354 2768 2766 2839 circumfulsisse
2811 2785 2891 2823 me
2933 2770 3124 2835 lumen,
3153 2777 3198 2822 et
3247 2785 3421 2823 omnes
3451 2769 3538 2838 qui
3579 2782 3778 2822 mecum

1559 2923 1821 2979 ALARDI
1858 2922 2103 2985 GAZIEI,
2127 2923 2694 2983 COMMENTARIUS.

572 3069 594 3096 α
629 3061 838 3115 Cerdou
888 3072 942 3117 et
989 3061 1229 3118 Μειτοίοῆ
1281 3063 1675 3125 haeresiarchas,
1719 3069 1776 3115 et
1817 3071 1937 3130 post
1979 3061 2078 3115 hos

495 3132 843 3201 Manichmus,
878 3135 1180 3191 docuerunt
1201 3135 1475 3191 Christum
1501 3150 1606 3188 non
1639 3148 1824 3187 verum
1855 3147 2078 3200 corpus,

495 3213 588 3258 aut
618 3219 800 3258 veram
853 3220 1092 3272 carnem,
1124 3207 1216 3261 sed
1255 3205 1648 3276 pltantasticam
1692 3206 2077 3272 assumpsisse,

2187 3065 2368 3122 stolas.
2413 3073 2460 3117 et
2513 3064 2740 3117 ivirravit
2779 3063 2885 3116 illis
2930 3061 3187 3131 quomodo
3217 3059 3426 3114 vidisset
3473 3059 3783 3115 Dominum.

2189 3135 2374 3189 Tertio
2427 3135 2628 3189 Paulus
2667 3137 2780 3202 ipse
2813 3135 2833 3188 Ι
2877 3133 3082 3187 Coriut.
3120 3149 3170 3186 ιχ
3207 3135 3280 3185 ait
3311 3150 3320 3185 :
3353 3131 3628 3202 Numquid
3677 3148 3781 3186 non

2189 3224 2303 3259 sunt
2363 3208 2675 3274 Apostolus?
2720 3205 2903 3260 Nonne
2951 3202 3132 3258 Iesum
3183 3203 3444 3258 Christum
3483 3202 3786 3274 Dominum

495 3287 783 3344 propterea
809 3278 950 3347 quod
975 3270 1193 3332 carnem
1223 3270 1319 3331 sua
1352 3289 1542 3332 natura
1569 3276 1763 3330 malam
1789 3270 1909 3329 esse
1935 3286 1982 3329 et
2015 3292 2080 3329 ex
2109 3272 2154 3334 C
2189 3270 2426 3331 nostrum
2478 3278 2620 3332 vrdi?
2660 3279 2901 3347 Denique
2960 3276 3100 3329 idem
3143 3274 3435 3344 Apostolus
3480 3273 3501 3328 ι
3551 3270 3681 3347 Cor.
3717 3292 3785 3330 xv

497 3347 642 3400 malo
673 3359 846 3428 ortam
894 3349 1162 3428 principio
1205 3349 1595 3428 famularentur.
1625 3347 2081 3428 queauerr‘orem

497 3431 564 3471 ex
624 3417 1183 3485 professoirel'ellunt
1224 3417 1590 3472 Tertullianus
1641 3417 1730 3471 lib.
1794 3417 1862 3470 de
1907 3419 2085 3470 Carne

496 3490 721 3556 CliriSIi,
751 3488 987 3542 lrenmus
1013 3491 1106 3541 lib.
1140 3504 1156 3540 ι
1184 3503 1303 3552 cap.
1339 3490 1428 3550 29,
1463 3489 1801 3555 Augusunus
1833 3487 2084 3540 innume-

497 3560 574 3613 ris
605 3575 772 3626 pmpe
817 3560 948 3611 locis
981 3569 1172 3612 contra
1194 3558 1520 3612 Manichmos
1550 3559 1852 3624 disputans.

569 3628 596 3667 δ
626 3629 834 3683 Allutlit
866 3629 932 3682 ad
967 3644 1163 3681 nomen
1203 3628 1441 3689 Ebionis,
1479 3628 1622 3696 quod
1656 3627 1920 3682 Ilehraice
1952 3641 2085 3698 pau-

499 3714 686 3768 perem
715 3713 811 3752 seu
842 3699 1052 3766 inopem
1083 3699 1369 3767 siguilicat.
1397 3699 1485 3753 Sic
1515 3701 1574 3754 Β.
1605 3699 1842 3768 lguatius
1874 3701 2088 3764 episco-

499 3786 599 3840 ρας
644 3779 697 3822 ct
738 3780 942 3841 martyr
987 3772 1038 3824 in
1080 3770 1308 3840 epistola
1349 3771 1414 3824 ad
1446 3771 1950 3838 Philadelphienses
1983 3789 1994 3824 :
2025 3771 2087 3826 Si

499 3843 632 3913 quis,
667 3841 859 3913 inquit,
892 3843 1028 3896 dicat
1077 3859 1233 3897 unum
1290 3859 1395 3897 esse
1451 3842 1645 3909 Deum,
1679 3853 1726 3897 et
1778 3845 2087 3911 conﬁteatur

501 3911 766 3968 Christum
793 3911 994 3975 Iesum,
1024 3915 1114 3968 sed
1166 3915 1397 3968 eumdem
1447 3916 1642 3967 nudum
1685 3931 1789 3968 esse
1830 3916 2087 3967 hominem

499 3994 660 4058 putet,
683 3985 987 4058 hujusntodi
1012 4003 1214 4058 serpens
1245 3994 1338 4047 est,
1373 3986 1605 4058 fraudem
1636 3995 1682 4039 et
1704 4001 1921 4038 errorem
1953 4003 2087 4055 prir-

503 4057 681 4109 dicans
702 4057 755 4109 in
785 4058 998 4110 exitium
1018 4056 1304 4126 hominum,
1337 4066 1476 4126 etest
1505 4057 1761 4126 ejusmodi
1792 4057 1940 4121 inops
1964 4073 2083 4109 seu-

502 4144 584 4185 su.
638 4138 970 4196 cognomento
1023 4125 1214 4178 Ebion.
1269 4125 1334 4176 Et
1387 4125 1444 4179 S.
1492 4125 1848 4194 llicrouymus
1894 4128 1946 4178 in
1993 4142 2084 4181 c.t

501 4196 654 4252 Isaia:
683 4215 697 4252 :
723 4199 873 4260 Arat,
907 4197 1097 4265 inquit,
1132 4197 1182 4248 in
1230 4198 1348 4247 bore
1399 4204 1446 4247 et
1497 4197 1644 4250 asino
1680 4197 1864 4259 I'Ibion,
1899 4197 2086 4262 dignus

503 4284 598 4334 pro
631 4269 918 4321 humilitate
940 4283 1138 4327 sensus,
1173 4276 1473 4336 paupertate
1499 4269 1719 4320 nontinis
1759 4270 1876 4332 sui;
1908 4269 2086 4332 quisic

499 4339 680 4404 recipit
697 4337 1054 4408 Evangelium,
1068 4348 1124 4390 ut
1148 4337 1488 4391 Iudaicarum
1516 4341 1960 4404 superstitionum,
1975 4355 2087 4407 qua:

502 4411 557 4462 in
605 4409 785 4460 umbra
830 4418 878 4461 et
916 4409 1139 4477 imagine
1181 4423 1570 4478 prtecesserunt,
1619 4413 1953 4466 cceremonios
1984 4427 2086 4464 non

501 4479 779 4549 relinquat.
819 4480 886 4533 Et
925 4495 1115 4534 rursus
1139 4480 1191 4533 in
1225 4494 1344 4546 cap.
1381 4497 1500 4535 L\'\'|
1533 4482 1688 4535 lsaire
1725 4502 1736 4533 :
1769 4481 1966 4542 Iudtei,
2005 4483 2084 4534 in-

499 4552 638 4624 quit,
683 4562 728 4604 et
764 4549 977 4605 Iudaici
1021 4554 1212 4605 erroris
1265 4551 1492 4606 ltmretles
1544 4551 1822 4617 Ebionita',
1867 4554 1954 4621 qui
1993 4570 2087 4624 pro

499 4621 790 4695 humilitate
844 4639 1024 4678 sensus
1078 4638 1264 4677 nomen
1313 4634 1639 4695 acceperunt.
1701 4621 2087 4694 Paupertatem

500 4694 684 4764 itaque
715 4695 940 4750 Ehionis
963 4706 1120 4748 vocat
1148 4696 1351 4750 Auctor
1376 4694 1575 4750 fatuam
1604 4697 1750 4751 illius
1779 4697 1846 4751 de
1870 4696 2091 4750 Christo

500 4774 776 4834 tamquam
823 4767 890 4822 de
931 4781 1072 4838 puro,
1097 4768 1316 4820 homine
1342 4767 1828 4836 existimationem,
1860 4784 1924 4822 ex
1959 4782 2092 4838 pau-

500 4843 711 4909 pertate
747 4851 942 4909 sensus
978 4845 1032 4890 et
1057 4837 1244 4907 indicii
1279 4839 1488 4908 inopia,
1519 4839 1615 4894 sed
1645 4839 1819 4909 magis
1845 4855 1912 4893 ex
1943 4837 2092 4894 sana:

499 4904 763 4960 doctrina:
815 4907 1031 4964 delectu
1059 4904 1284 4974 ’ortam,
1316 4904 1395 4963 de'
1435 4925 1540 4980 qua
1591 4904 1843 4980 superius
1883 4910 2092 4965 dictum

499 4985 606 5030 est.

581 5057 602 5084 ο
631 5047 783 5122 Quod
808 5047 1007 5103 Paulus
1027 5053 1200 5106 oculis
1227 5053 1389 5108 etiam
1419 5051 1797 5122 corporalibus
1831 5050 2092 5122 majesta-

500 5127 630 5201 tem,
667 5119 718 5172 id
741 5129 844 5182 est,
880 5134 1097 5174 carnem
1130 5123 1329 5201 Christi
1353 5119 1668 5201 gloriosam,
1694 5136 1790 5201 seu
1813 5121 2087 5201 Christum

496 5195 555 5245 in
589 5206 754 5246 carne
803 5200 1130 5260 prmsentem
1170 5203 1226 5248 et
1254 5195 1356 5250 sibi
1393 5196 1632 5250 vicinum
1666 5195 1884 5258 viderit,
1918 5196 2089 5250 Acto-

443 5285 446 5288 ⁴
497 5276 817 5336 rumAnono
843 5262 1134 5330 colligitur.
1168 5264 1350 5319 Primo
1379 5283 1443 5320 ex
1476 5268 1597 5322 luce
1637 5281 1758 5336 qua:
1796 5265 1943 5320 illum
1977 5267 2088 5320 cir-

494 5332 799 5406 cumfnlsit,
828 5343 941 5389 tum
971 5351 1042 5390 ex
1073 5336 1316 5388 caecitate
1338 5353 1496 5404 quam
1529 5355 1596 5394 ex
1627 5332 1792 5392 nimia
1823 5337 1944 5406 eius
1973 5340 2090 5392 cla-

494 5405 954 5480 ritate_incurrit.
1001 5406 1256 5480 Secundo
1292 5422 1357 5462 ex
1387 5409 1572 5480 verbis
1610 5405 1867 5477 Ananiae,
1887 5408 2084 5480 quibus

493 5475 572 5554 ait
603 5493 628 5554 :_
657 5476 820 5554 settle
861 5482 1046 5554 frater,
1081 5478 1336 5554 Dominus
1386 5477 1560 5545 Iesus,
1590 5483 1679 5551 qui
1716 5475 1963 5554 apparuit
1993 5483 2084 5535 tibi

488 5545 683 5627 savia.
713 5549 767 5603 Si
799 5545 1054 5627 apparuit
1084 5549 1272 5627 San_|o_,
1296 5560 1449 5627 certe
1476 5545 1836 5627 visibilem'se
1865 5553 1916 5627 in
1949 5567 2078 5621 pro-

492 5619 801 5697 pri_a_carne
825 5629 879 5674 et
906 5619 1378 5697 s_peci_e_exhibuit.
1413 5624 1480 5678 Et
1501 5625 1743 5694 apertius
1769 5639 1836 5697 ex
1865 5619 2076 5697 greco.

494 5685 586 5762 [tbi
617 5687 844 5762 habetur
876 5705 896 5762 :_
923 5689 948 5745 ὃ
977 5691 1140 5762 ὀφθείς
1159 5713 1264 5747 σοι.
1317 5697 1420 5760 Qui
1461 5685 1599 5749 visits
1629 5705 1702 5748 est
1738 5695 1850 5748 tibi.
1883 5694 1952 5749 Et
1975 5685 2077 5750 ibi;

490 5755 617 5816 dem
653 5774 665 5813 :
699 5758 969 5818 ﬂarnabas
997 5755 1379 5828 apprehensum
1409 5764 1638 5820 Paulum
1667 5766 1820 5821 duxit
1843 5767 1912 5821 ad
1951 5781 2079 5827 apo-

2194 3358 2426 3401 testatur
2453 3347 2734 3402 Clu-istum
2772 3344 2895 3416 post
2937 3348 3400 3401 resurrectionem
3430 3361 3581 3399 suam
3616 3344 3786 3413 pluri-

2193 3420 2293 3470 tuis
2327 3421 2666 3486 apparuisse,
2698 3421 2748 3472 id
2777 3429 2881 3485 est,
2914 3421 3087 3472 visum
3117 3432 3257 3480 esse,
3293 3419 3347 3470 in
3381 3432 3547 3470 carne
3576 3417 3787 3473 scilicet

2191 3491 2391 3542 visibili
2425 3499 2476 3541 et
2509 3491 2849 3557 aspectabili,
2882 3501 2934 3544 et
2976 3489 3137 3543 modo
3169 3489 3273 3554 his,
3311 3488 3474 3541 modo
3517 3487 3642 3540 aliis
3673 3489 3782 3542 dis-

2190 3559 2429 3628 cipulis:
2468 3559 2760 3614 Novissime
2802 3571 2994 3625 autem,
3042 3562 3235 3628 inquit,
3281 3560 3532 3620 omnium,
3570 3557 3619 3610 id
3675 3569 3784 3624 est,

2191 3640 2310 3697 post
2343 3644 2532 3685 Omnes
2565 3633 3001 3698 alios.tamquam
3024 3631 3254 3686 abortivo
3282 3631 3422 3684 visus
3454 3638 3527 3684 est
3561 3639 3611 3682 et
3634 3630 3784 3684 mihi.

2191 3702 2342 3768 Quod
2387 3718 2493 3756 non
2547 3702 2652 3758 nisi
2697 3705 2765 3758 de
2812 3718 3075 3769 corporea
3108 3703 3316 3756 visione
3347 3709 3402 3755 et
3433 3701 3782 3769 apparitione

2192 3775 2417 3842 intelligi
2462 3785 2660 3843 potest.
2692 3775 2988 3829 Enumerat
3033 3774 3301 3842 siquidem
3337 3774 3438 3826 hoc
3473 3774 3597 3826 loco
3621 3783 3789 3828 testes

2192 3847 2609 3899 resurreCtionis
2650 3848 2739 3914 qui
2772 3847 3062 3899 Dominum
3096 3847 3271 3898 oculis
3309 3843 3593 3910 corporeis
3637 3843 3789 3897 vide-

2193 3924 2338 3978 rant,
2367 3924 2422 3969 et
2454 3931 2511 3970 se
2539 3913 2680 3971 inter
2707 3931 2800 3969 eos
2830 3917 3000 3984 ponit.
3035 3916 3114 3968 Au
3149 3931 3278 3969 vero
3310 3914 3506 3968 Paulus
3544 3913 3702 3981 alias,
3736 3923 3789 3970 et

2192 4002 2328 4055 quas
2371 3986 2627 4042 habuerit
2659 3987 2859 4040 Christi
2897 3987 3137 4041 visiones
3163 3996 3216 4040 et
3239 3987 3635 4056 apparitiones,
3671 3987 3788 4040 sive

2195 4057 2566 4127 imaginarius,
2594 4059 2707 4114 sive
2765 4058 3184 4126 intellectuales,
3218 4074 3324 4112 non
3357 4066 3438 4112 est
3473 4056 3633 4128 huius
3675 4056 3784 4111 loci

2192 4130 2486 4184 discutere.

2264 4199 2290 4272 (ἕ
2333 4201 2467 4255 Tres
2505 4201 2755 4272 Agrippae
2793 4200 2932 4271 apud
2965 4199 3186 4256 Iudaeos
3216 4214 3476 4269 regnasse
3511 4200 3784 4270 leguntur.

2195 4270 2409 4342 Primus
2440 4270 2734 4328 Aristobuli
2782 4270 2948 4339 lilius,
2984 4274 3160 4342 magni
3203 4273 3430 4328 Herodis
3460 4272 3790 4327 Ascalonita:

2197 4341 2318 4412 (qui
2351 4344 2556 4411 primus
2588 4344 2892 4413 alienigena
2925 4354 3195 4413 sceptrum
3229 4345 3378 4413 regni
3409 4343 3623 4400 Iudaici
3651 4344 3789 4398 obti-

2195 4414 2342 4486 nuit)
2371 4429 2560 4486 nepos.
2592 4431 2753 4482 quem
2782 4432 2812 4469 a
2843 4415 3059 4469 Tiberio
3107 4415 3300 4486 imper.
3334 4415 3386 4469 in
3421 4415 3633 4470 vincula
3661 4429 3789 4468 con-

2189 4483 2395 4552 jectum
2421 4483 2484 4541 C.
2513 4484 2754 4556 Caligula
2789 4487 2970 4549 solvit,
3007 4483 3294 4557 regemque
3323 4487 3631 4541 Iuda-orum
3657 4502 3785 4539 con-

2195 4557 2401 4622 stituit;
2433 4559 2498 4611 de
2529 4574 2638 4626 quo
2665 4558 2935 4628 Iosephus
2966 4557 3060 4613 lib.
3098 4574 3224 4612 xvm
3265 4557 3450 4626 Antiq.
3482 4572 3602 4625 cap.
3643 4557 3705 4611 H
3726 4565 3787 4609 et

2117 4627 2288 4723 D15,
2316 4639 2370 4710 et
2401 4629 2820 4723 Eusebiusulib.
2865 4628 3181 4723 ιιηετιιιὲνιἓ
3223 4630 3502 4723 Secundus
3551 4629 3790 4723 lli-r‘odes

2199 4699 2458 4768 Agrippa,
2493 4701 2654 4770 primi
2690 4702 2870 4756 itidem
2903 4700 3130 4756 Herodis
3153 4701 3461 4755 Iudteorum
3485 4701 3628 4770 regis
3653 4701 3788 4753 lilius

2201 4785 2231 4843 a
2257 4772 2479 4843 Claudio
2509 4775 2699 4838 imper.
2731 4788 2952 4843 regnum
2981 4773 3292 4827 Iudaeorum
3324 4783 3674 4835 consecutus,
3701 4770 3788 4839 qui

2201 4839 2458 4896 Iacobum
2490 4839 3058 4911 apostolum‘occidit,
3099 4853 3154 4898 et
3184 4843 3398 4899 Petrum
3431 4843 3483 4897 in
3515 4857 3787 4898 earcerein

2203 4911 2464 4981 coniecit,
2497 4929 2557 4968 ac
2584 4915 2801 4968 demum
2822 4956 2835 4978 ,
2866 4914 2936 4968 ob
2964 4915 3218 4970 donatum
3262 4915 3363 4968 sibi
3396 4929 3424 4968 a
3455 4915 3654 4983 populo
3694 4925 3788 4967 nec

2206 4986 2544 5051 repudiatum
2584 4986 2882 5040 divinitatis
2920 4987 3210 5051 honorem,
3253 4987 3320 5040 ab
3351 4987 3540 5054 angelo
3567 4999 3790 5053 percus-
3821 5005 3830 5054 ι

2206 5069 2319 5125 sus,
2342 5071 2370 5107 a
2401 5057 2678 5112 vermibus
2703 5073 2979 5124 corrosus,
3010 5059 3230 5122 interiit,
3257 5057 3373 5111 Act.
3402 5072 3500 5120 xu,
3523 5056 3789 5125 Iosephus

2206 5124 2300 5178 lib.
2334 5142 2423 5180 xix
2453 5127 2843 5198 Antiquitatum
2873 5127 3216 5198 Iudaicarum
3248 5143 3298 5182 c.
3326 5130 3379 5192 7,
3409 5124 3671 5198 Eusebius
3695 5126 3784 5179 lib.
3827 5145 3829 5149 ί

2193 5211 2230 5268 ll
2249 5211 2368 5265 cap.
2399 5199 2452 5251 9.
2485 5197 2700 5254 Tertius
2730 5201 2962 5267 denique
2992 5197 3150 5268 huius
3179 5200 3319 5252 lilius
3353 5201 3585 5268 Agrippa
3606 5197 3787 5268 iunior

2191 5267 2391 5340 dictus,
2427 5271 2491 5323 de
2533 5285 2641 5339 quo
2686 5272 2772 5324 hic
2819 5269 3012 5339 agitur,
3062 5267 3203 5337 apud
3246 5267 3416 5340 quem”
3450 5267 3785 5329 et’Fe’stttm,

2190 5338 2394 5393 Iudaeae
2427 5338 2709 5408 praesidem
2731 5383 2744 5405 ,
2781 5338 3046 5407 praisente
3076 5342 3239 5394 etiam
3267 5338 3503 5396 Bernice
3532 5340 3787 5410 Agrippa:

2187 5425 2402 5474 sorore,
2431 5411 2629 5466 Paulus
2651 5425 2681 5463 a
2703 5410 2903 5465 Iudaeis
2921 5420 3228 5476 accusatus,
3253 5412 3557 5467 orationem
3591 5409 3788 5464 habuit

2187 5490 2243 5536 et
2265 5495 2480 5536 causam
2513 5497 2664 5552 suam
2695 5482 2823 5552 egit,
2856 5484 2975 5537 Act.
3009 5493 3215 5552 xxtv_ct
3247 5499 3374 5537 xxv.
3405 5483 3508 5537 Hic
3541 5480 3789 5552 usquead

2187 5553 2564 5625 subrersionem
2597 5550 3082 5625 Hierosolymorum
3120 5550 3324 5625 Iudicia
3360 5571 3577 5624 regnum
3605 5550 3787 5625 tenuit,

2189 5623 2440 5678 Romanis
2490 5641 2688 5694 semper
2734 5622 2950 5695 amicus,
3001 5625 3074 5679 ait
3121 5623 3263 5680 Beda
3295 5627 3348 5680 in
3396 5622 3790 5681 cbnunentario

2187 5695 2304 5768 eius
2339 5696 2463 5755 loci.
