3976 6180
193 252 255 309 57
1192 242 1283 298 DE
1322 239 1736 297 INCARNATIO

1872 240 2145 299 CHRISTI
2182 241 2315 301 LIB.
2356 243 2447 303 ιιι.

188 364 335 423 simul
362 370 497 421 erant
525 378 541 418 :
566 373 844 433 omnesque
885 373 982 414 nos
1010 373 1130 411 cum
1158 356 1523 410 decidissemus
1569 356 1621 409 in
1654 361 1758 408 ler-
1784 358 1836 418 Α
1864 357 2046 412 nantis
2087 358 2328 427 desuper
2369 359 2670 429 maiestatis
2710 368 2956 432 urgeret,
2990 361 3216 420 audires
3239 377 3464 437 quoque

196 474 334 527 "om,
355 458 513 512 audiri
554 470 723 509 vocem
765 452 1023 506 dicentem
1072 450 1199 504 milii
1247 448 1513 505 chraica
1560 448 1759 520 lingua,

195 550 371 616 Saule,
402 549 563 613 Saule,
604 547 730 618 quid
771 561 854 599 me
902 544 1268 617 persequeris?
1321 545 1514 599 durum
1551 552 1625 598 est
1673 543 1763 597 tibi

154 655 160 661 '
194 652 363 696 contra
384 641 631 697 stimulum
662 639 958 694 calcitrare.
991 636 1105 709 Ego
1134 647 1309 692 autem
1331 637 1443 692 dixi
1473 654 1492 692 .°
1523 637 1653 703 Quis
1683 652 1757 704 es,

184 708 426 789 |Domine?
451 731 706 788 Dominus
737 739 912 786 autem
949 708 1082 785 dixit
1121 732 1188 784 ad
1228 748 1307 786 me
1334 748 1353 787 :
1374 730 1488 803 Ego
1518 748 1633 785 sum
1664 729 1796 783 Je-.

190 847 271 884 sus
326 828 658 891 Nazareuus,
713 844 865 898 quem
905 836 960 881 tu
1000 827 1318 899 persequeris
1364 827 1517 896 (Act.
1564 840 1685 880 xxv:
1712 823 1755 894 ).

166 916 329 983 lVides
357 924 494 993 quod
523 938 651 978 eum
682 920 1002 990 Apostolus,
1036 935 1196 991 quem
1231 920 1285 974 in
1314 928 1464 974 tanto
1491 918 1755 986 majesta-

183 1016 241 1069 tis
269 1015 473 1085 fulgore
504 1014 740 1080 viderat,
773 1021 921 1068 recte
945 1014 1054 1082 jam
1096 1027 1157 1068 se
1194 1013 1490 1068 secundum
1532 1027 1754 1068 carnem

178 1122 279 1163 non
307 1123 465 1163 nosse
501 1108 743 1163 dicebat.
774 1106 912 1161 Cum
940 1106 1085 1161 enim
1108 1105 1274 1175 jubar
1302 1105 1431 1160 illud
1471 1106 1640 1161 divini
1673 1106 1755 1159 lu-

177 1204 332 1257 minis
357 1205 488 1274 qnod
517 1205 791 1259 sustinere
819 1216 927 1256 non
964 1201 1159 1269 potuit,
1191 1201 1244 1255 in
1272 1202 1387 1270 ipsa
1408 1201 1491 1254 sui
1520 1208 1752 1269 prostra-

174 1295 317 1349 tione
356 1295 589 1363 vidisset,
622 1312 733 1351 vox
771 1294 891 1349 ὴιιιο
929 1301 1116 1349 secuta
1170 1302 1254 1347 est
1288 1310 1301 1345 :
1336 1292 1522 1359 Saule,
1557 1291 1745 1358 Saule,

169 1390 288 1459 quid
327 1406 403 1443 me
438 1390 800 1461 persequeris?
830 1388 929 1443 Cui
974 1385 1243 1457 quaerenti
1284 1389 1404 1455 quis
1453 1394 1617 1449 esset,
1677 1388 1748 1439 ita

168 1482 391 1538 evidenti
441 1484 711 1539 Dominus
756 1495 1008 1552 personae
1050 1494 1164 1534 sua:
1214 1479 1614 1549 signiﬁcatione
1656 1493 1748 1533 re-

166 1576 373 1647 spondit
404 1596 417 1630 :
453 1577 571 1650 Ego
610 1595 728 1631 sum
762 1575 919 1631 Iesus
945 1575 1280 1643 Nazarenus,
1305 1591 1455 1644 quem
1489 1585 1542 1628 tu
1574 1591 1748 1645 perse-

164 1670 342 1738 queris.
372 1669 477 1737 ’I‘e,
510 1677 585 1735 te,
612 1669 852 1738 inquam,
884 1666 1162 1734 haeretice,
1192 1682 1336 1722 nunc
1359 1668 1660 1735 interrogo,
1695 1676 1747 1721 te

1870 450 1999 505 illud
2032 451 2086 505 in
2112 461 2257 506 tanta
2291 452 2488 507 mentis
2510 452 2825 509 confusione
2850 455 3070 526 dignum
3104 456 3329 527 perﬁdia
3363 466 3455 513 tua

1867 561 2092 613 nomen,
2120 545 2307 613 Saule,
2341 546 2528 613 Saule,
2556 548 2682 618 quid
2714 564 2792 603 me
2832 552 3182 618 persequeris?
3210 561 3265 605 et
3302 566 3454 623 quai-

1864 641 2005 694 renti
2033 642 2123 695 tibi
2148 642 2271 711 quis
2297 650 2466 707 esset,
2492 642 2919 712 responderetur
2939 659 2967 696 a
2997 644 3135 699 cmlo
3163 663 3173 697 :
3199 643 3312 714 Ego
3335 660 3454 700 sum

1861 731 2015 788 Iesus
2051 734 2379 800 Nazarenus,
2404 752 2555 804 quem
2578 744 2633 788 tu
2664 737 3012 807 persequeris;
3036 737 3162 807 quid
3205 738 3452 793 diceres?

1861 827 2080 897 Nescio,
2138 843 2246 882 non
2292 828 2357 882 ad
2405 828 2626 898 plenum
2689 829 2865 884 adhuc
2914 829 3100 897 credo,
3150 829 3453 887 deliberare

1859 922 2095 989 amplius
2149 935 2359 976 mecum
2414 922 2539 975 volo
2586 935 2747 991 quem
2815 928 2869 976 te
2932 935 3055 977 esse
3110 920 3446 989 existimem,

1858 1014 1948 1083 qui
1998 1028 2029 1068 e
2086 1014 2230 1069 caelo
2287 1013 2547 1083 loqueris,
2604 1016 2694 1084 qui
2749 1030 2836 1069 me
2889 1015 3095 1085 fulgore
3156 1024 3263 1069 tua:
3311 1015 3451 1069 divi-

1860 1107 2044 1163 uitatis
2066 1108 2275 1175 obruis,
2302 1109 2455 1176 cujus
2486 1122 2673 1163 vocem
2703 1108 2865 1164 audio
2896 1119 2951 1164 et
2975 1109 3313 1180 maiestatem
3343 1108 3451 1164 fer-

1858 1215 1919 1256 re
1967 1216 2073 1255 non
2105 1216 2347 1269 possum.
2381 1199 2743 1255 Tractandum
2789 1199 2921 1254 mihi
2962 1201 3031 1256 de
3080 1202 3182 1256 hoc
3231 1201 3447 1271 negotio

1856 1302 1962 1358 est,
1992 1294 2321 1349 credendum
2367 1293 2461 1347 tibi
2490 1296 2581 1361 sit,
2616 1309 2683 1347 an
2725 1308 2831 1348 non
2875 1294 3239 1358 credendum;
3279 1292 3441 1348 Chri-

1856 1400 1974 1445 stus
1997 1391 2072 1445 sis
2090 1400 2254 1455 tu,an
2280 1390 2425 1446 Deus
2453 1389 2530 1443 :si
2564 1389 2703 1444 Deus
2733 1388 2884 1444 solus
2913 1389 3089 1455 sis,an
3112 1388 3166 1442 in
3200 1387 3437 1453 Christo;

1854 1485 1901 1538 si
1929 1482 2180 1538 Christus
2212 1483 2361 1538 solus
2390 1486 2486 1548 sis,
2518 1498 2583 1536 an
2617 1482 2671 1537 in
2702 1482 2835 1538 Deo.
2864 1480 3263 1536 Discretionem
3297 1482 3437 1534 hanc

1852 1577 2126 1631 subtiliter
2176 1575 2455 1630 observari
2487 1583 2545 1630 et
2588 1573 2881 1644 diligenter
2925 1572 3260 1628 considerari
3293 1569 3420 1626 volo

1853 1669 1984 1737 quid
2013 1668 2317 1723 credendus
2345 1668 2439 1732 sis,
2473 1666 2601 1738 quid
2641 1666 2969 1736 judicandus
2999 1667 3098 1720 sis.
3122 1663 3258 1719 Nolo
3293 1663 3443 1718 enim

163 1762 375 1831 appello
401 1781 416 1814 :
452 1763 634 1819 credis
663 1762 732 1816 de
753 1777 812 1816 se
836 1760 1109 1829 Apostolo,
1142 1770 1236 1815 aut
1264 1776 1369 1814 non
1399 1758 1618 1815 credis?
1639 1760 1747 1814 Aut
1776 1766 1825 1828 B
1852 1761 2058 1829 aliquid
2087 1762 2155 1815 de
2182 1760 2365 1815 ofﬁcio
2404 1774 2527 1814 meo
2569 1760 2818 1829 perdere,
2854 1768 2912 1814 ut
2946 1774 3069 1814 cum
3100 1766 3151 1812 te
3182 1769 3238 1813 ut
3268 1757 3442 1811 homi-

160 1855 204 1909 si
247 1871 441 1925 parum
477 1857 532 1911 id
560 1857 810 1920 aestimas,
840 1855 1017 1911 credis
1049 1855 1118 1911 de
1145 1870 1206 1910 se
1235 1855 1487 1919 Domino,
1517 1862 1609 1907 aut
1634 1869 1743 1909 non

160 1948 396 2002 credis?
424 1950 479 2003 Si
508 1950 696 2016 credis,
729 1947 869 2003 ﬁnita
900 1951 1134 2019 quaestio
1173 1957 1276 2003 est.
1314 1948 1430 2002 Hoc
1461 1946 1604 2001 enim
1650 1962 1745 2002 ne-

157 2052 309 2094 cesse
374 2050 458 2095 est
504 2041 643 2110 quod
689 2056 786 2096 nos
828 2042 1124 2107 credimus,
1152 2041 1369 2097 credas.
1420 2041 1530 2095 Nos
1572 2042 1740 2110 enim,

156 2130 296 2197 juxta
331 2132 678 2200 Apostolum,
710 2143 756 2186 et
806 2133 851 2188 si
881 2135 1210 2205 cognovimus
1255 2132 1520 2187 Christum
1562 2151 1747 2188 secun-

160 2222 264 2276 dum
290 2240 521 2290 carnem,
550 2226 642 2279 sed
674 2242 811 2280 nunc
850 2230 959 2297 iam
992 2242 1095 2280 non
1136 2225 1391 2279 novimus.
1426 2224 1535 2280 Nos
1574 2223 1739 2280 Chri-

164 2323 290 2369 stum
320 2318 676 2373 contumeliis
704 2333 811 2373 non
841 2317 1134 2385 ofﬁcimus,
1171 2334 1269 2374 nos
1305 2333 1525 2373 carnem
1567 2333 1594 2371 a
1629 2319 1743 2374 Deo

159 2423 249 2464 non
272 2424 623 2481 separamus,
653 2422 707 2468 et
738 2421 910 2468 totum
934 2413 1076 2484 quod
1106 2413 1356 2469 Christus
1387 2422 1493 2481 est,
1526 2428 1649 2470 esse
1682 2416 1738 2470 in

161 2502 255 2559 Deo
280 2506 683 2563 credimus.Tu
712 2523 845 2577 ergo
877 2510 921 2561 si
957 2508 1103 2563 idem
1135 2509 1275 2577 quod
1305 2524 1403 2563 nos
1433 2509 1742 2577 credimus,

157 2597 330 2666 credis,
352 2600 559 2656 eadem
592 2615 819 2656 necesse
850 2610 932 2656 est
964 2600 1087 2655 ﬁdei
1120 2612 1464 2656 sacramenta
1494 2601 1736 2657 fatearis.

155 2688 197 2743 Si
219 2700 390 2746 autem
426 2708 457 2747 a
495 2693 661 2749 nobis
682 2693 934 2759 dissides,
959 2693 1003 2749 si
1032 2708 1209 2761 neque
1241 2694 1528 2761 Ecclesiis,
1556 2709 1733 2765 neque

156 2784 397 2854 aposmlo,
434 2800 627 2856 neque
658 2785 761 2854 ipsi
789 2786 1022 2856 denique
1067 2785 1134 2841 de
1177 2801 1239 2842 se
1270 2786 1383 2842 Deo
1407 2786 1610 2852 credis,
1642 2803 1737 2843 os-

153 2875 286 2930 tende
317 2880 486 2933 nobis
538 2878 594 2933 in
639 2879 742 2934 hoc
785 2878 930 2949 quod
974 2879 1275 2950 Apostolus
1313 2880 1469 2947 vidit,
1503 2880 1630 2951 quid
1664 2882 1737 2937 sit

154 2978 274 3036 caro,
305 2978 362 3025 ct
410 2970 552 3041 quid
608 2970 680 3024 sit
726 2970 889 3026 Deus.
940 2972 1053 3043 Ego
1103 2973 1251 3028 enim
1298 2972 1385 3027 hic
1413 2973 1736 3029 discernere

154 3058 254 3114 nihil
283 3064 455 3116 valeo
477 3079 493 3116 :
517 3062 681 3117 video
711 3063 1038 3119 ineffabilem
1064 3064 1544 3130 illuminationem,
1570 3065 1736 3119 video

1852 1871 1977 1911 nem
2005 1854 2329 1922 despiciam,
2363 1852 2568 1921 aliquid
2602 1853 2698 1906 tibi
2744 1851 2908 1906 divini
2957 1851 3179 1907 honoris
3234 1852 3441 1920 impen-

1849 1948 1998 2004 dam.
2026 1946 2084 2003 Si
2124 1961 2254 2016 ergo
2298 1954 2360 1999 ut
2398 1944 2597 1999 Paulus
2629 1955 2754 2000 tunc
2782 1944 3066 2015 apostolus
3085 1942 3277 2014 jacuit.
3308 1959 3438 2015 pro-

1848 2053 2051 2099 stratus
2082 2042 2228 2096 humi
2256 2043 2563 2110 jaceres,et
2591 2039 2803 2109 fulgore
2832 2038 3001 2093 divini
3032 2039 3250 2092 luminis
3277 2038 3435 2092 obru-

1848 2144 1936 2190 tus
1982 2144 2260 2190 extremos
2291 2133 2514 2202 spiritus
2562 2145 2774 2202 ageres,
2815 2130 2933 2186 haec
2982 2130 3172 2185 forsan
3204 2130 3435 2195 diceres,

1848 2227 1951 2284 hac
2010 2228 2183 2282 otiosa
2231 2225 2578 2295 loquacitatis
2640 2224 2960 2294 garrulitate
3003 2223 3275 2291 gannires.
3329 2220 3436 2277 Sed

1847 2324 1973 2396 quid
2012 2323 2239 2379 facimus
2261 2323 2284 2376 ’ἒ
2306 2321 2452 2391 quod
2493 2320 2640 2375 aliud
2670 2330 2798 2374 tunc
2829 2317 3093 2389 Apostolo
3117 2316 3291 2370 visum
3332 2322 3436 2369 est.

1845 2420 2057 2475 Etcum
2087 2428 2326 2472 tremens
2356 2430 2419 2470 ac
2444 2413 2782 2469 semianimis
2806 2411 3155 2477 concidisset,
3185 2408 3437 2464 dissimu-

1845 2515 2064 2570 landum
2101 2512 2241 2566 ultra
2288 2526 2396 2565 non
2439 2510 2680 2574 censuit,
2735 2505 3152 2563 deliberandum
3204 2504 3435 2573 amplius

1845 2623 1954 2662 non
1987 2605 2222 2677 putavit;
2253 2602 2571 2673 suﬁ'ecitque
2602 2602 2649 2655 ei
2698 2601 2841 2671 quod
2876 2598 3239 2655 inel'fabilibus
3266 2612 3434 2668 expe-

1843 2702 2096 2760 rimentis
2147 2716 2307 2772 quem
2367 2700 2623 2770 ignorans
2676 2698 2955 2751 hominem
3005 2710 3126 2750 esse
3174 2692 3429 2759 credidit,

1842 2795 2159 2851 admonitus
2200 2794 2368 2848 Deum
2409 2805 2533 2846 esse
2567 2789 2822 2859 cognovit
2860 2804 3008 2844 :non
3044 2784 3429 2851 dissimulavit,

1842 2906 1949 2946 non
1978 2888 2230 2952 distulit;
2272 2900 2376 2942 nec
2418 2884 2555 2939 male
2591 2894 2912 2953 conceptum
2956 2895 3198 2937 errorem
3231 2874 3433 2929 inﬁdeli

1840 2983 2075 3052 amplius
2102 2978 2500 3035 deliberatione
2530 2975 2840 3045 suspendit,
2870 2974 2967 3027 sed
2996 2970 3183 3023 audito
3211 2983 3241 3023 e
3279 2966 3435 3022 caelis

1843 3076 1973 3130 Jesu
2003 3074 2214 3128 Domini
2242 3073 2323 3127 sui
2350 3071 2591 3136 nomine,
2619 3067 2835 3121 subdita
2853 3074 2912 3117 ut
2935 3062 3189 3127 famulus,
3224 3060 3431 3131 trepida

154 3154 591 3225 inexplicabilem
613 3158 940 3225 claritatem,
972 3160 1131 3214 video
1161 3160 1519 3226 splendorem
1543 3158 1736 3210 huma-

1847 3177 1906 3221 ut
1938 3166 2265 3233 ﬁagellatns,
2298 3164 2499 3216 devota
2529 3169 2592 3213 ut
2619 3172 2915 3213 conversus
2944 3170 3079 3211 voce
3109 3155 3386 3226 respondit
3418 3174 3430 3210 :

154 3264 204 3301 ne
237 3250 550 3321 fragilitati
591 3250 1018 3315 intolerabilem,
1052 3260 1110 3305 et
1136 3266 1301 3317 supra
1332 3252 1388 3303 id
1418 3250 1564 3318 quod
1593 3250 1741 3303 ferre

153 3346 395 3398 mortales
450 3341 597 3395 oculi
630 3352 856 3411 queunt,
891 3341 1323 3398 inaestimabilem
1366 3342 1737 3412 majestatem,

154 3432 219 3489 llei
257 3438 392 3491 luce
427 3433 752 3503 fulgentem.
799 3434 930 3503 Quae
964 3434 1053 3490 hic
1083 3434 1303 3503 divisio,
1332 3450 1453 3506 quae
1493 3434 1582 3489 hic
1628 3434 1739 3489 dis-

154 3530 287 3585 netio
340 3528 483 3585 est?
514 3527 571 3581 In
616 3542 747 3583 voce
790 3528 975 3584 Jesum
1021 3528 1291 3596 audimus,
1340 3530 1395 3583 in
1446 3529 1734 3598 majestate

156 3619 289 3677 Deum
338 3621 669 3688 cernimus;
704 3623 830 3694 quid
861 3630 945 3678 est
987 3623 1157 3690 aliud,
1186 3624 1285 3678 nisi
1327 3635 1385 3678 ut
1414 3625 1465 3678 in
1498 3639 1601 3679 una
1634 3638 1732 3679 ea-

157 3713 356 3785 demque
383 3715 701 3770 substantia
734 3715 904 3770 Deum
936 3724 991 3770 et
1035 3715 1222 3771 Jesum
1255 3731 1376 3771 esse
1418 3715 1730 3772 credamus?

158 3804 263 3862 Volo
292 3822 482 3865 tamen
516 3808 587 3863 de
635 3808 737 3864 hoc
768 3808 960 3864 eodem
1002 3810 1182 3863 adhuc
1234 3808 1443 3880 aliquid
1485 3810 1628 3879 apud
1677 3818 1729 3865 te

162 3896 295 3967 loqui.
346 3902 449 3957 Dic
501 3902 659 3967 mihi,
693 3918 900 3971 quaeso,
940 3904 986 3957 si
1036 3903 1131 3957 tibi
1182 3919 1327 3959 nunc
1374 3904 1727 3974 persequenti

162 3988 289 4047 ﬁdem
316 3995 654 4051 catholicam
684 3994 737 4050 id
776 4007 1063 4067 appareret
1095 3996 1239 4067 quod
1270 3998 1542 4068 ignoranti
1584 4000 1730 4068 Apo-

160 4084 272 4139 slolo
287 4095 412 4144 tunc
440 4088 783 4158 apparuit,si
813 4102 865 4144 te
886 4089 1257 4160 inopinantem
1283 4100 1443 4161 atque
1471 4107 1727 4147 securum

163 4170 305 4245 fulgor
326 4180 418 4236 ille
444 4180 842 4250 circumdaret,
878 4190 933 4237 et
972 4182 1282 4251 perculsum
1316 4193 1478 4253 atque
1511 4192 1726 4253 perter-

162 4266 292 4323 ritum
322 4274 591 4342 splendor
619 4274 869 4329 immensi
905 4275 1127 4329 luminis
1157 4283 1557 4344 consterneret,
1579 4277 1727 4347 jace-

168 4370 327 4430 resque
356 4364 405 4419 in
436 4365 686 4421 tenebris
705 4367 986 4422 oculorum
1019 4377 1183 4437 atque
1214 4382 1461 4424 errorum
1484 4380 1720 4437 tuorum,

164 4464 272 4517 quas
313 4458 401 4511 tibi
460 4460 763 4514 immensas
815 4472 868 4515 et
910 4460 1211 4516 ineﬁ‘abiles
1241 4465 1519 4533 angustias
1554 4479 1722 4531 pavor

170 4548 330 4601 mentis
356 4554 612 4619 augeret!
645 4552 741 4606 Dic
793 4552 950 4617 mihi,
983 4553 1235 4619 obsecro,
1271 4570 1392 4607 cum
1430 4565 1482 4608 te
1538 4556 1715 4609 immi-

166 4639 320 4691 nentis
356 4646 547 4700 mortis
582 4643 819 4701 formido
863 4654 1154 4717 premeret,
1190 4652 1247 4700 et
1277 4654 1454 4699 terror
1491 4646 1723 4701 commi-

1853 3255 1992 3320 Quid
2020 3255 2236 3325 faciam,
2266 3251 2532 3305 Domine?
2556 3250 2745 3319 Itaque
2776 3248 3116 3317 paratissima
3159 3261 3221 3301 ac
3262 3247 3434 3301 devo-

1854 3347 2063 3403 tissima
2094 3344 2199 3400 ﬁde
2233 3345 2283 3400 id
2314 3344 2497 3399 statim
2531 3342 2749 3407 meruit,
2779 3352 2834 3396 ut
2861 3355 3023 3410 quem
3057 3338 3289 3395 ﬁdeliter
3316 3354 3435 3394 cre-

1843 3441 1998 3507 didit,
2029 3457 2095 3497 eo
2123 3438 2466 3510 ipsojugiter
2499 3454 2604 3493 non
2631 3445 2953 3503 careret;et
2976 3435 3043 3491 ad
3076 3450 3237 3505 quem
3267 3434 3432 3489 corde

1841 3536 2155 3601 transierat,
2208 3535 2254 3589 is
2307 3535 2359 3586 in
2400 3547 2495 3587 cor
2542 3532 2660 3601 ejus
2709 3532 2825 3601 ipse
2882 3530 3164 3595 transiret,
3213 3529 3431 3584 dicente

1835 3631 1957 3701 ipso
1983 3629 2051 3684 de
2103 3644 2162 3683 se
2203 3627 2467 3697 Apostolo
2498 3645 2512 3679 :
2546 3626 2627 3680 Αη
2676 3626 3078 3697 experimentum
3110 3633 3134 3660 α
3178 3623 3415 3695 ᾳιιωνὶιίε

1834 3724 1948 3793 ejus
1969 3724 2058 3792 qui
2089 3722 2140 3774 in
2169 3738 2244 3776 me
2270 3722 2523 3789 loquitur,
2552 3718 2787 3774 Christus
2814 3719 2885 3791 (II
2902 3719 3021 3773 Cor.
3056 3719 3215 3788 xm)?

2439 3872 2669 3931 CAPUT
2705 3872 2815 3927 VII.

1834 3976 1962 4029 Aliis
2003 3988 2211 4027 rursum
2242 3969 2478 4041 Apostoli
2510 3966 2809 4049 testimoniis
2836 3963 3099 4019 Christum
3127 3962 3292 4018 Deum
3314 3977 3427 4019 esse

2466 4046 2789 4111 pronuntiat.

1903 4185 2020 4251 Quo
2058 4182 2180 4237 loco
2223 4180 2366 4245 volo,
2416 4177 2695 4242 hmretice,
2731 4184 2787 4230 ut
2818 4173 2948 4229 mihi
2988 4171 3245 4238 disseras,
3279 4170 3422 4227 hunc

1828 4293 1989 4349 quem
2030 4275 2174 4346 loqui
2213 4273 2531 4344 Apostolum
2576 4271 2718 4324 intra
2764 4282 2824 4323 se
2862 4266 3025 4330 dicit,
3059 4266 3223 4320 homo
3251 4264 3324 4321 sit
3351 4279 3422 4322 an

1833 4371 2005 4425 Deus?
2030 4369 2083 4423 Si
2118 4369 2301 4431 homo,
2326 4365 2598 4435 quomodo
2629 4364 2680 4416 in
2707 4360 2873 4417 corde
2906 4361 3019 4432 ejus
3045 4374 3248 4432 corpus
3272 4358 3422 4431 loqui

1828 4472 2038 4532 poterat
2061 4461 2320 4516 alterius?
2353 4459 2406 4515 Si
2439 4459 2605 4523 Deus,
2640 4471 2770 4524 ergo
2792 4455 2902 4523 jam
2934 4470 3039 4508 non
3072 4453 3235 4509 homo
3261 4451 3423 4506 Chri-

1750 4533 1799 4591 D
1828 4564 1963 4617 stus,
2000 4553 2093 4607 sed
2127 4553 2271 4606 Dens
2296 4569 2308 4602 :
2335 4551 2459 4618 quia
2489 4564 2613 4601 cum
2638 4547 2854 4599 locutus
2882 4544 2936 4598 in
2968 4544 3234 4611 Apostolo
3262 4539 3421 4593 Chri-

1832 4654 1946 4697 stus
1967 4647 2057 4708 sit,
2082 4654 2136 4697 et
2165 4644 2189 4680 δ
2218 4641 2363 4709 loqui
2398 4641 2450 4693 in
2478 4655 2545 4694 eo
2574 4652 2680 4692 non
2710 4634 2949 4705 potuerit
2972 4634 3076 4687 nisi
3102 4633 3268 4696 Deus,
3292 4646 3422 4701 ergo

1202 4751 1460 4807 ALAllDI
1496 4752 1729 4809 GAZZEI
1767 4750 2337 4809 COMMENTARIUS.

224 4845 247 4873 “
280 4837 382 4897 Hoc
407 4855 509 4911 est,
546 4846 712 4905 vultis
742 4848 1121 4914 experimento
1154 4845 1383 4915 probare
1414 4855 1610 4914 quanta
1652 4849 1722 4901 sit

172 4918 371 4973 poteSIas
394 4916 681 4985 judiciaria
710 4919 841 4972 mihi
870 4935 898 4971 a
926 4916 1143 4971 Christo
1170 4917 1393 4978 collata,
1427 4924 1518 4988 qui
1550 4918 1601 4971 iu
1631 4934 1718 4973 me

170 4991 212 5031 ει
233 4996 410 5059 perlue
436 4990 699 5059 loquitur,
730 5001 787 5044 ut
822 5006 917 5057 per
952 5004 1105 5041 suum
1149 4988 1454 5041 ministrum
1487 5001 1539 5043 et
1562 5005 1719 5059 orga-

174 5064 273 5105 num
299 5072 310 5111 :
334 5057 465 5113 sicut
497 5057 597 5114 rex
629 5064 678 5115 in
716 5076 816 5115 suo
843 5058 1074 5115 concilio
1110 5068 1163 5113 et
1192 5070 1378 5113 senatu
1412 5071 1465 5114 et
1499 5076 1594 5126 per
1630 5057 1717 5116 se—

176 5132 320 5179 natum
354 5130 492 5196 loqui
528 5144 583 5186 et
622 5133 918 5187 decernere
948 5131 1147 5186 dicitur
1188 5130 1441 5200 quidquid
1476 5140 1713 5197 senatus,

175 5201 448 5276 auctoritate
474 5205 640 5272 regis,
666 5204 904 5271 loijuitnr
924 5202 1263 5276 etdecernit.
1298 5202 1363 5254 D.
1399 5205 1716 5259 Ambrosius

178 5262 312 5349 legit:
341 5262 606 5349 Quomodo
630 5262 1015 5349 'pro'bationem
1040 5274 1269 5349 qua'ritis
1304 5276 1418 5349 ejus
1444 5276 1529 5343 qui
1555 5276 1606 5328 in
1639 5293 1717 5329 me

179 5333 372 5415 ίυιΐυίιξιί
396 5333 670 5399 Christus?
698 5359 804 5401 etc.
851 5348 914 5400 Et
940 5333 1116 5399 subdit
1148 5363 1158 5397 :
1195 5333 1555 5399 Prob'otionem
1586 5362 1726 5415 qutt-

180 5411 470 5492 lllmlnwiristi
489 5420 758 5492 loquentis
792 5421 846 5471 in
874 5418 1140 5492 Apostolo,
1171 5418 1296 5492 dum
1320 5411 1722 5492 prwceptis'non

184 5475 642 5555 Wdiuntwoleutes
671 5475 967 5554 probareﬁi
995 5475 1137 5540 ausit
1159 5475 1440 5555 vindicare,
1472 5475 1524 5540 ut
1557 5506 1646 5555 per
1668 5490 1721 5541 id

181 5553 445 5675 l:ﬁlltligotur
494 5576 604 5615 esse
653 5561 771 5615 fidit
821 5559 1159 5624 auctoritatis,
1208 5576 1269 5612 ac
1318 5560 1381 5611 de
1426 5553 1613 5613 stetere
1653 5561 1719 5613 ti-

288 5640 358 5675 ur.

288 5640 358 5679 ιτ.

239 5690 261 5729 δ
292 5696 577 5771 Quomodo,
614 5705 842 5775 inquies,
876 5718 981 5759 non
1017 5703 1190 5775 potuit
1232 5703 1373 5774 loqui
1411 5704 1461 5757 in
1493 5716 1579 5775 eo,
1614 5703 1714 5775 nisi

299 5810 315 5839 ,
343 5783 455 5831 cum
476 5784 533 5831 et
553 5773 732 5850 angeli
762 5777 814 5835 in
845 5774 1127 5849 prophetis
1154 5773 1318 5833 locuti
1347 5777 1486 5843 sint,
1513 5773 1716 5833 Zacha-

1828 4846 1920 4899 rize
1952 4860 1988 4899 ιι
2023 4863 2037 4901 :
2071 4845 2300 4916 Angelus
2343 4846 2432 4917 qui
2475 4843 2781 4917 loquebatur
2822 4844 2875 4895 in
2914 4857 3019 4917 me,
3048 4851 3117 4917 _et
3145 4839 3423 4917 daemones

1826 4918 2125 4986 smpissime
2157 4912 2458 4988 loquantur
2506 4912 2558 4972 in
2609 4915 3001 4969 daemoniacis?
3046 4912 3373 4988 Restiondeo
3405 4934 3418 4968 :

1824 4986 2254 5060 Argumentatur
2280 4994 2484 5046 Auctor
2511 5005 2577 5044 ex
2607 4989 2928 5057 suppositis;
2961 4986 3238 5060 supponit
3271 4987 3415 5041 enim

1825 5058 1965 5131 quod
2007 5068 2170 5117 etiam
2213 5076 2297 5118 est
2325 5062 2770 5132 supponendum,
2804 5060 3076 5114 Christum
3107 5059 3197 5128 qui
3228 5058 3416 5132 loque-

1825 5128 1981 5187 batur
2015 5136 2065 5188 in
2116 5128 2407 5205 Apostolo,
2434 5128 2551 5187 non
2604 5144 2727 5205 esse
2754 5133 3026 5202 angelum,
3076 5132 3274 5184 nedum
3301 5128 3417 5205 dia-

1825 5205 2027 5265 bolum,
2060 5198 2203 5276 quod
2236 5198 2410 5275 neque
2450 5202 2699 5276 Nestorio
2742 5198 2887 5259 venit
2925 5204 2976 5257 iu
3008 5210 3266 5276 utentem.
3305 5198 3416 5276 Hoc

1823 5268 2121 5345 supposito,
2164 5268 2388 5331 necesse
2436 5276 2533 5329 fuit
2573 5275 2882 5340 Christum,
2930 5275 3020 5343 qui
3064 5274 3117 5325 in
3150 5268 3416 5345 Apostolo

1832 5340 2173 5417 loquebatur,
2219 5356 2311 5402 aut
2344 5362 2463 5402 esse
2494 5348 2678 5406 Deum,
2708 5357 2797 5399 aut
2838 5340 2988 5400 certe
3020 5358 3224 5417 purntn_
3245 5340 3416 5417 homi-

1831 5411 2053 5483 nein,nt
2075 5419 2287 5473 volebat
2317 5419 2618 5474 Nestorins.
2649 5418 2719 5470 At
2745 5418 2789 5468 si
2815 5416 2977 5469 homo
3006 5411 3171 5483 purus
3201 5411 3414 5479 luisset,

1829 5506 1933 5543 non
1970 5493 2233 5560 potuisset
2256 5491 2400 5559 loqui
2429 5493 2480 5544 in
2504 5488 2791 5556 Apostolo,
2816 5487 3071 5555 quoniam
3093 5488 3416 5560 Oportuisset

1826 5557 2095 5615 eum'suo
2135 5557 2363 5627 corpore
2414 5571 2699 5631 penetrare
2742 5573 2939 5626 corpus
2972 5558 3237 5627 Apostoli,
3267 5557 3413 5631 quod

1825 5633 2119 5687 secundum
2152 5629 2491 5687 naturam'et
2531 5631 2763 5685 humana
2806 5631 3002 5685 virtute
3049 5631 3161 5684 fieri
3203 5629 3412 5698 nequit;

1825 5714 1941 5757 erat
1980 5704 2139 5773 igitur
2164 5702 2411 5780 Christus
2442 5706 2604 5771 Deus,
2648 5703 2738 5777 qui
2774 5702 3096 5780 loquebatur
3138 5700 3193 5765 iu
3218 5699 3406 5770 Paulo,

1821 5784 1875 5833 et
1908 5790 2013 5832 non
2052 5791 2216 5855 purus
2255 5776 2438 5839 homo.
