3976 6180
500 262 575 342 ⁸9
1544 244 1551 249 ’
1832 283 2117 341 JUANNIS

2259 284 2465 340 SSIAN!
3723 276 3780 342 ('30

505 386 717 454 locutus
751 398 800 452 in
848 413 911 453 eo
956 386 1039 455 esi
1069 390 1313 456 Christus
1356 399 1521 455 Deus.
1549 392 1711 455 Vides
1751 400 1932 473 itaque
1963 402 2096 458 nihil
2124 406 2178 465 Α
2207 410 2481 472 totamque
2506 402 2555 457 in
2579 394 2713 457 Filio
2743 388 2833 457 Dei
2862 402 3079 457 Christo
3099 396 3152 458 et
3182 396 3300 457 Filii
3334 400 3423 457 Dei
3459 396 3784 473 majestatem

506 507 627 547 esse
662 490 745 546 hic
768 491 875 562 jam
910 492 1049 563 quod
1078 490 1182 547 dici
1219 501 1400 561 queat,
1434 508 1531 547 nec
1562 492 1984 561 disjunctionem
2006 504 2102 549 aut
2206 507 2262 552 et
2292 495 2469 551 Patris
2508 492 2603 551 Dei
2654 488 3000 565 potestatein.
3054 494 3173 550 Non
3213 498 3349 550 enim
3395 494 3556 551 Pater
3592 495 3787 569 judicat

508 590 829 645 divisionem
882 590 1116 659 aliquam
1164 590 1304 644 inter
1349 587 1623 644 Christum
1676 590 1792 645 ﬁeri
1834 596 1891 647 et
1934 588 2099 646 Deum
2206 594 2533 659 quemquam,
2567 589 2655 642 sed
2696 576 2947 653 iudicium
2986 584 3133 643 omne
3163 590 3304 643 dedit
3338 588 3500 655 Filio,
3544 600 3597 643 ut
3628 588 3787 645 omnés

509 682 691 753 posse,
734 682 855 751 quia
891 674 1033 735 totus
1072 681 1124 735 in
1158 679 1372 736 Christo
1417 682 1577 749 Deus,
1613 692 1666 738 et
1698 690 1842 739 tutus
1886 685 1939 739 in
1991 685 2104 740 Deo
2207 680 2546 749 honori/irent
2578 677 2799 747 Filium,
2828 682 2960 735 sicut
2992 683 3335 752 honoriﬁcam
3370 674 3581 737 Patrem
3607 684 3787 755 (Joan.

510 773 773 829 Christus.
807 772 957 827 Nulla
986 774 1072 829 hic
1106 776 1275 845 recipi
1312 775 1671 845 disseparatio
1711 776 1923 847 potest,
1958 778 2105 833 nulla
2209 775 2297 845 v).
2340 776 2441 843 Qui
2484 776 2627 831 enim
2670 784 2828 846 negat
2870 774 3108 845 Patrem,
3151 770 3202 831 et
3246 774 3434 830 Filium
3471 794 3483 830 :
3516 778 3683 830 omnis
3714 777 3794 846 qui

510 864 756 920 diseissio
790 885 801 919 :
831 882 932 921 una
964 875 1173 922 tantum
1204 881 1286 923 est
1308 869 1569 941 simplex,
1608 886 1710 923 una
1746 880 1953 926 tantum
1996 874 2105 940 pia,
2209 881 2357 939 negat
2392 868 2610 938 Filium,
2642 886 2729 925 nec
2764 868 2971 923 Patrem
3000 868 3188 935 habet;
3229 878 3253 906 ει
3285 870 3372 940 qui
3403 868 3675 937 conﬁtetur
3706 868 3795 922 Fi-

509 968 613 1012 ttna
648 965 851 1012 tantum
890 976 1017 1013 sana
1044 960 1336 1029 confessio,
1364 960 1616 1026 adorare,
1643 978 1825 1018 amare
1848 970 1900 1017 et
1926 964 2107 1019 colere
2212 962 2359 1032 liunt,
2385 973 2431 1015 et
2467 962 2679 1016 Patrem
2706 962 2857 1016 habet
2887 964 2937 1033 (Ι
2956 962 3111 1017 Joan.
3138 961 3232 1035 tt).
3268 963 3423 1017 Disre
3451 956 3803 1032 itaqueinse-

510 1052 781 1106 Christum
816 1053 1005 1107 Deum.
1039 1053 1131 1107 V'is
1163 1065 1344 1109 autem
1380 1054 1555 1110 adhuc
1589 1056 1799 1123 plenius
1834 1065 1888 1111 et
1917 1072 2109 1110 cumu-
2215 1056 2510 1126 parabilem
2551 1072 2671 1111 esse
2714 1054 2892 1110 Patris
2933 1071 2997 1111 ac
3036 1054 3157 1110 Filii
3190 1055 3476 1122 honorem,
3525 1055 3801 1124 insepara-

511 1143 669 1198 latius
700 1144 840 1200 seire
874 1146 1072 1200 nullam
1106 1147 1248 1200 inter
1286 1147 1454 1200 Deum
1488 1144 1543 1201 et
1568 1147 1844 1202 Christum
1876 1164 1997 1204 esse
2028 1147 2111 1202 di-
2215 1148 2373 1204 bilem
2400 1151 2748 1219 dignitatem;
2782 1164 2954 1220 neque
2983 1148 3233 1203 honorari
3266 1144 3462 1202 Filium
3487 1148 3603 1201 sine
3628 1146 3802 1214 Patre,

511 1240 786 1305 stantiam,
830 1251 881 1293 et
921 1239 1172 1294 eumdem
1226 1241 1437 1309 penitus
1480 1241 1648 1296 Deum
1695 1241 2111 1310 intelligendum
2215 1258 2314 1297 nec
2346 1240 2561 1297 Patrem
2596 1256 2756 1313 posse
2787 1243 2907 1297 sine
2937 1242 3093 1297 Filio.
3125 1241 3407 1296 Honorare
3436 1248 3613 1295 autem
3640 1240 3805 1295 Deum

514 1347 636 1387 esse
664 1349 821 1402 quem
853 1334 1166 1388 Christum?
1197 1333 1319 1388 andi
1346 1334 1662 1403 Apostolum
1699 1335 1765 1389 ad
1797 1334 2112 1389 Corinthios
2214 1351 2278 1390 ac
2308 1335 2400 1389 Dei
2445 1334 2654 1401 Filium,
2694 1334 2793 1389 nisi
2836 1334 2889 1388 in
2935 1331 3151 1389 ChriSto
3196 1332 3475 1403 unigenito
3521 1332 3615 1387 Det
3675 1330 3807 1386 Filio

513 1426 821 1499 iOquentem
867 1446 879 1481 :
927 1427 1113 1482 Omnes
1162 1430 1295 1483 enim
1350 1447 1472 1498 nos,
1522 1430 1733 1499 inquit,
1788 1429 2115 1496 manifestari
2217 1429 2401 1483 nullus
2435 1428 2610 1495 valet,
2646 1428 2769 1497 quia
2805 1427 3051 1496 Spiritum
3086 1429 3260 1497 ipsum
3294 1426 3478 1495 utique
3509 1423 3811 1481 honorandi

516 1531 712 1601 apartet
744 1520 861 1573 ante
892 1519 1120 1574 tribunal
1158 1519 1387 1586 Christi,
1432 1531 1487 1574 ut
1531 1522 1720 1590 relerat
1762 1521 2112 1590 unusquisque
2218 1522 2337 1589 Dei,
2365 1523 2467 1577 nisi
2495 1523 2547 1576 in
2572 1518 2765 1591 spiritu
2790 1518 2989 1575 Christi
3012 1522 3215 1576 habere
3245 1536 3349 1576 non
3379 1528 3577 1591 potest,
3606 1516 3814 1575 dieente

518 1614 730 1682 propria
752 1614 1002 1683 corporis,
1038 1624 1189 1685 prout
1219 1614 1394 1684 gessit,
1425 1614 1527 1668 sire
1558 1614 1769 1681 bonum,
1796 1614 1897 1667 sive
1922 1611 2115 1666 malum
2218 1608 2478 1683 Apostolo
2510 1632 2520 1666 ε
2551 1612 2650 1668 Vos
2674 1624 2845 1666 autent
2863 1613 2915 1666 in
2940 1630 3094 1667 carne
3114 1630 3217 1667 non
3238 1614 3381 1681 estis,
3407 1613 3497 1667 sed
3522 1612 3576 1667 in
3604 1613 3815 1684 spiritu;

522 1704 594 1777 (ll
618 1703 737 1760 Cor.
759 1711 841 1777 v).
880 1708 1000 1761 Alio
1029 1717 1212 1762 autem
1246 1708 1363 1763 loco
1392 1707 1457 1763 ad
1486 1708 1783 1762 Ruiiianam
1814 1707 2114 1761 Ecclesiam
2220 1710 2263 1761 si
2296 1718 2463 1761 tamen
2504 1706 2739 1776 Spiritus
2771 1700 2868 1759 Dei
2899 1706 3094 1759 habitat
3135 1705 3188 1759 in
3216 1705 3376 1759 vobis.
3416 1703 3477 1759 Si
3507 1706 3622 1775 quis
3654 1708 3818 1757 autem

520 1798 771 1852 scribens
802 1816 814 1851 :
847 1797 1053 1866 Omnes,
1084 1802 1285 1871 inquit,
1313 1801 1593 1855 astabimus
1626 1809 1746 1854 ante
1775 1798 2111 1854 tribunalDei
2141 1782 2188 1863 ὴ
2222 1800 2473 1870 Spiritum
2520 1795 2709 1852 Christi
2748 1814 2849 1851 non
2896 1798 3061 1862 habet,
3107 1798 3189 1851 hic
3236 1813 3341 1850 non
3383 1808 3458 1851 est
3500 1798 3615 1866 ejus
3639 1797 3816 1869 (Rom.

524 1890 711 1962 (Rom.
738 1894 875 1962 xw).
914 1892 1185 1964 Scriptum
1218 1905 1301 1948 est
1327 1896 1471 1949 enim
1509 1913 1521 1949 :
1563 1890 1685 1948 Viro
1718 1910 1830 1965 ego,
1864 1892 1988 1947 dicit
2015 1890 2117 1945 Do-
2222 1896 2377 1964 vni).
2406 1893 2688 1948 Etiterum
2712 1912 2724 1947 :
2752 1890 2877 1957 Quis
2901 1893 3165 1945 accusabit
3194 1892 3443 1946 adversus
3469 1892 3657 1945 electos
3690 1889 3822 1944 Dei?

522 1984 709 2051 minus,
738 1985 859 2055 quia
904 1987 1027 2038 mihi
1056 1990 1288 2058 [lectetur
1328 2004 1476 2041 omne
1507 1988 1663 2057 genu,
1705 1994 1752 2041 et
1792 1984 2119 2054 conﬁtebitur
2224 1978 2363 2043 Deus
2392 1988 2483 2059 qui
2509 1988 2793 2058 justi/icui.
2836 1986 2965 2053 Quis
2996 1994 3067 2039 est
3099 1986 3190 2056 qui
3223 1986 3556 2039 condemnet?
3588 1984 3824 2039 Christus

527 2078 689 2132 omnis
712 2079 890 2149 lingua
909 2077 1017 2132 Deo
1042 2077 1225 2149 (Isaia:
1250 2078 1418 2149 xm).
1439 2080 1597 2133 Vides
1619 2094 1749 2148 ergo
1774 2094 1935 2131 unum
1959 2087 2120 2147 atque
2222 2078 2398 2148 Jesus,
2435 2081 2523 2150 qui
2552 2088 2787 2134 mortuus
2834 2086 2939 2145 est,
2983 2080 3139 2132 immo
3170 2079 3258 2149 qui
3285 2080 3565 2132 resurrexit
3605 2074 3833 2148 (Ibid).

528 2170 670 2225 idem
701 2171 934 2225 tribunal
969 2172 1059 2225 Dei
1092 2170 1331 2226 futurum
1360 2188 1482 2228 esse
1511 2171 1651 2242 quod
1684 2162 1914 2225 Christi?
1948 2169 2118 2224 lntel-
2226 2172 2389 2229 Vides
2409 2189 2541 2242 ergo
2567 2172 2704 2242 jam,
2735 2172 2835 2227 etsi
2862 2186 2967 2225 non
2996 2172 3097 2238 vis,
3128 2171 3333 2226 nullam
3362 2169 3581 2224 omnino
3612 2168 3831 2238 penitus

529 2263 633 2333 ligo
662 2281 792 2335 ergo
826 2264 1195 2321 indubitanter
1221 2264 1495 2321 Christum
1530 2264 1735 2329 Deum;
1765 2273 1819 2320 et
1850 2266 1937 2319 ubi
1971 2265 2121 2319 vides
2226 2269 2311 2324 vel
2343 2270 2482 2322 inter
2504 2267 2765 2336 Spiritum
2801 2266 2893 2321 Dei
2922 2273 2977 2319 et
3005 2263 3266 2335 Spiritum
3295 2261 3532 2330 Christi,
3569 2264 3656 2318 vel
3692 2261 3833 2317 inter

526 2355 943 2427 inseparabilem
986 2360 1201 2428 penitus
1241 2358 1439 2413 Christi
1485 2374 1547 2412 ac
1586 2358 1679 2412 Dei
1717 2373 1836 2412 esse
1870 2358 2123 2412 substan-
2224 2361 2487 2432 judicium
2519 2359 2614 2414 Dei
2638 2358 2972 2429 eljudicium
2998 2355 3199 2412 Christi
3238 2369 3361 2411 esse
3391 2354 3727 2409 diStantiam.
3755 2352 3833 2408 Tu

529 2452 681 2515 ιίίιηι,
702 2450 1122 2521 inseparabilem
1154 2469 1368 2522 (ιιισηιιιο
1400 2468 1629 2521 (Ignosce
1661 2466 1781 2507 esse
1812 2464 2121 2519 Personam.
2229 2452 2368 2525 elige
2386 2467 2562 2509 utrum
2596 2454 2771 2514 malis,
2804 2454 3035 2508 alterum
3068 2451 3210 2507 enim
3241 2452 3357 2507 ﬁeri
3389 2465 3616 2506 necesse
3646 2458 3758 2515 est,
3780 2456 3835 2503 ut

530 2539 641 2595 Nisi
674 2542 812 2597 forte
839 2542 961 2612 quia
996 2546 1286 2614 Apostolus
1332 2545 1381 2598 iu
1413 2546 1520 2597 alia
1566 2561 1662 2596 nos
1700 2541 2125 2597 manilestandus
2228 2556 2323 2603 aut
2347 2548 2624 2603 Christum
2656 2546 2820 2601 Deum
2850 2560 2973 2601 esse
3012 2545 3117 2600 ﬁde
3149 2543 3446 2614 intelligas,
3481 2552 3572 2598 aut,
3600 2543 3655 2599 in
3682 2540 3835 2599 ειη-ί.

528 2636 755 2705 epistola
796 2646 919 2693 ante
960 2638 1197 2692 tribunal
1224 2636 1457 2703 Christi,
1498 2640 1549 2691 in
1587 2638 1687 2691 alia
1731 2646 1856 2691 ante
1889 2635 2127 2689 tribunal
2230 2650 2315 2696 sto
2342 2642 2507 2696 Deum
2538 2639 2887 2695 damnatione
2914 2652 3235 2708 cognoscas.

530 2728 627 2785 Dei
669 2730 832 2798 dixit,
867 2731 975 2786 duo
1003 2730 1142 2786 forte
1174 2732 1465 2786 tribunalia
1506 2732 1693 2797 lat-ias,
1726 2738 1781 2785 et
1808 2730 1940 2784 alios
1979 2728 2129 2797 judi-

534 2772 627 2785 νυ.
670 2772 832 2798 ...-..,
868 2772 974 2786 μην
1003 2772 1142 2786 ,νην
1598 2772 1693 2797 ...η
1727 2772 1781 2785 η
1808 2772 1939 2784 ,,,,,,,
1979 2772 2095 2797 J_,__

534 2822 737 2877 candos
759 2839 786 2876 a
810 2821 1193 2891 ChriSto,alios
1217 2842 1245 2879 a
1272 2826 1381 2879 Deo
1398 2840 1642 2879 censeas.
1664 2824 1771 2880 Sed
1798 2823 1912 2878 luce
1936 2821 2129 2877 frivola
2832 2773 3057 2830 CAPUT
3099 2772 3234 2828 νηί·

530 2927 583 2971 et
610 2915 811 2971 furiosa
844 2927 1002 2985 sunt,
1033 2930 1086 2974 et
1127 2919 1520 2975 insanientibus
1550 2918 1847 2971 insaniora.
1882 2920 2131 2983 Agnosce

2259 2901 2301 2954 ἠ
2342 2898 2661 2968 confessione
2691 2895 2975 2985 divinitatis
3009 2893 3221 2975 Christi,
3253 2893 3419 2985 crchis
3455 2892 3843 2963 confessionem

534 2964 583 2971 ν-
611 2964 811 2971 --.ηπ
844 2964 1002 2985 .,....-,
1035 2964 1086 2974 υ.
1128 2964 1518 2975 ...υ.....ν..-.υ,.-
1882 2964 2129 2983 “huc---
2439 2964 2448 2968 -
2909 2968 2917 2976 ,
3036 2966 3046 2975 ,

532 3025 660 3079 ergo
682 3011 922 3065 omnium
954 3012 1257 3075 Dominum,
1285 3026 1519 3081 agnosce
1543 3011 1909 3065 universitatis
1936 3010 2126 3077 Deum,
2603 2985 2707 3021 "0"
2737 2983 2845 3021 ⁸⁵⁸⁸
2874 2968 3077 3021 “lenm
3108 2964 3458 3032 premndam'

533 3117 767 3173 agnosce
790 3105 842 3159 in
865 3106 1125 3161 tribunali
1148 3103 1351 3161 Christi
1379 3106 1609 3160 tribunal
1637 3104 1749 3159 Dei.
1776 3104 1909 3159 Ama
1939 3105 2126 3167 vitam,

2306 3106 2410 3164 Sed
2438 3106 2718 3161 videamus
2753 3112 2929 3157 tamen
2959 3108 3156 3155 cratera
3190 3114 3309 3169 quze
3339 3106 3661 3167 sequuntur.
3692 3099 3847 3154 Scri-

533 3214 653 3254 ama
690 3200 916 3255 salutem
951 3213 1124 3265 tuam,
1161 3217 1279 3255 ama
1318 3218 1345 3255 a
1377 3216 1485 3271 quo
1519 3212 1734 3255 creatus
1764 3214 1854 3265 es,
1893 3206 2075 3252 metue
2103 3211 2131 3250 a
2159 3192 2205 3257 C
2239 3202 2370 3257 bens
2399 3199 2463 3255 ad
2495 3197 2899 3253 Corinthiorum
2934 3190 3230 3249 Ecclesium
3273 3190 3448 3257 idem,
3482 3188 3548 3244 de
3592 3205 3709 3259 quo
3755 3205 3847 3245 su-

535 3307 642 3363 quo
667 3292 992 3362 iudicandus
1020 3309 1100 3348 es.
1121 3291 1272 3349 Velis
1302 3294 1470 3360 enim,
1507 3294 1666 3361 nolis,
1702 3290 2132 3347 nrmilestandus

535 3398 661 3443 ante
691 3388 921 3442 tribunal
952 3386 1158 3441 Christi
1201 3404 1259 3441 es
1282 3429 1293 3451 ,
1325 3397 1380 3441 et
1423 3389 1659 3456 seposita
1690 3384 1983 3454 impietatis
2018 3384 2134 3437 hla-

538 3482 804 3550 sphemia,
834 3496 898 3533 ac
927 3480 1220 3534 verborum
1253 3481 1554 3533 inﬁdelium
1588 3480 1877 3541 cantilena,
1911 3479 1955 3532 si
1987 3476 2131 3531 aliud

540 3586 696 3644 putas
736 3572 969 3628 tribunal
1012 3571 1108 3627 Dei
1146 3586 1265 3627 esse
1310 3588 1469 3641 quam
1514 3570 1737 3637 Christi,
1780 3572 1964 3627 venies
2010 3579 2135 3626 ante

542 3669 774 3724 tribunal
806 3668 1037 3732 Christi,
1079 3680 1131 3723 et
1175 3668 1419 3723 invenies
1463 3669 1645 3737 utique
1686 3664 2011 3723 documento
2055 3667 2138 3722 in-

543 3761 847 3832 explicabili
899 3763 1072 3833 ipsum
1120 3762 1352 3818 tribunal
1402 3762 1493 3817 Dei
1551 3776 1670 3817 esse
1720 3762 1862 3833 quod
1913 3761 2135 3827 Christi,

2243 3296 2427 3366 perius
2479 3291 2647 3347 locuti
2687 3303 2897 3357 sumus,
2942 3287 3132 3341 doctor
3178 3284 3547 3339 Ecelesiarum
3598 3286 3851 3339 omnium

2244 3391 2465 3452 Paulus,
2501 3390 2572 3441 ita
2606 3388 2817 3442 locutus
2846 3392 2930 3438 est
2960 3401 2971 3435 ε
3003 3380 3200 3445 Judaei,
3232 3378 3427 3448 inquit,
3460 3379 3609 3449 signa
3639 3385 3849 3447 petunt,

2240 3490 2287 3537 et
2320 3484 2484 3537 (ἐι-ίυεὶ
2521 3483 2825 3555 sapientiam
2858 3486 3090 3548 qua’runt
3122 3492 3139 3529 :
3169 3492 3259 3529 nos
3290 3482 3465 3527 autem
3494 3474 3855 3541 pra’dicamus

2242 3575 2502 3630 Christum
2555 3574 2883 3643 cruciﬁxum,
2931 3570 2959 3609 ι)
3006 3566 3233 3633 Indicis,
3264 3568 3467 3637 quidem
3511 3564 3855 3635 scandalum,

2248 3677 2269 3706 ε
2301 3670 2529 3739 gentibus
2554 3677 2726 3719 autem
2749 3664 3045 3722 stultitiam,
3071 3661 3197 3727 ipsis
3227 3668 3399 3711 autem
3423 3658 3509 3727 qui
3536 3656 3666 3711 salvi
3693 3658 3858 3721 ﬁunt,

2242 3758 2444 3815 Judrris
2472 3770 2622 3830 atque
2660 3759 2889 3822 ercis,
2921 3754 2948 3791 ἀ
2980 3753 3243 3809 Christum
3278 3750 3372 3805 Dei
3404 3752 3641 3805 rirtutem
3673 3760 3725 3805 et
3761 3750 3861 3804 Dei

1615 3900 1874 3956 ALARDI
1914 3898 2149 3956 GAZ/El
2189 3894 2758 3955 COMMENTARIUS.

620 4007 643 4035 α
685 3998 818 4053 Vide
844 3997 983 4052 hanc
1011 3997 1333 4051 sententiam
1366 3994 1588 4047 inferius
1619 3992 1965 4061 explicatam.

618 4070 645 4107 δ
688 4070 844 4126 Unde
891 4081 945 4122 et
980 4070 1046 4123 ab
1091 4067 1248 4129 Isaia,
1297 4066 1448 4119 etab
1494 4067 1862 4131 apostolorum
1899 4062 2141 4127 principe

548 4142 722 4198 dictus
762 4152 842 4195 est
880 4140 1010 4211 lapis
1052 4137 1351 4203 oﬂensionis
1401 4146 1447 4188 et
1494 4147 1635 4201 petra
1658 4133 1902 4211 scandali
1946 4131 2143 4211 _(I_saia:

550 4230 662 4276 vui,
692 4212 872 4266 lPetr.
894 4204 997 4273 in;
1029 4212 1151 4278 quia
1183 4211 1231 4261 in
1263 4224 1381 4259 eum
1418 4216 1522 4259 non
1546 4206 1827 4278 credentes
1858 4204 2029 4258 Judtei
2050 4244 2062 4266 ,
2090 4212 2145 4257 et

550 4285 617 4339 de
647 4288 764 4348 eius
808 4277 1059 4347 passione
1101 4290 1154 4331 et
1200 4280 1492 4345 ignominia
1540 4277 1912 4348 scandalizati,
1968 4280 2143 4342 ipsum

552 4356 653 4411 sibi
679 4347 904 4423 lapidem
932 4352 1243 4423 oil‘eIIsiOIiis
1271 4351 1633 4423 [occasionmll
1660 4358 1709 4401 et
1732 4347 2145 4423 objectunrsim

554 4418 914 4483 damnationis
962 4436 1015 4478 et
1068 4418 1407 4492 perditionis]
1451 4430 1503 4475 et
1541 4429 1746 4490 petram
1780 4418 2020 4492 scandali
2051 4432 2149 4469 suo

554 4501 689 4551 vitio
713 4508 765 4552 et
786 4498 1027 4549 caecitate
1052 4493 1312 4547 fecerunt.
1345 4488 1497 4547 Unde
1526 4488 1577 4545 et
1606 4492 1824 4545 Simeon
1852 4489 1945 4543 ille
1970 4488 2149 4557 justus

557 4572 689 4625 dixit
717 4568 781 4623 ad
813 4566 1031 4623 Mariam
1065 4573 1292 4619 matrem
1328 4566 1441 4630 ejus
1469 4579 1483 4616 :
1518 4562 1647 4616 Ecce
1671 4562 1863 4629 positus
1887 4570 1955 4614 est
1990 4559 2070 4611 hic
2098 4559 2151 4611 in

558 4645 764 4696 ruinam
800 4653 845 4694 et
880 4642 932 4693 in
962 4638 1384 4693 resurrectionem
1416 4637 1691 4688 multorum
1718 4634 1771 4686 in
1804 4633 1989 4699 Israel,
2020 4640 2065 4683 et
2098 4630 2152 4683 in

556 4717 757 4782 signum
799 4714 880 4765 cui
923 4710 1324 4775 contradicetur,
1362 4708 1581 4782 l._uc._t|.
1629 4704 1987 4782 I‘It‘Christus‘
2036 4702 2152 4769 ipse

560 4777 747 4840 Matth.
781 4801 829 4837 χι
859 4803 870 4835 :
910 4783 1098 4837 Beatus
1129 4782 1213 4850 qui
1244 4797 1344 4832 non
1378 4779 1531 4850 fuerit
1561 4777 1945 4850 scandalizatus
1972 4777 2025 4826 in
2047 4789 2146 4850 me.

636 4869 655 4894 ιτ
702 4857 929 4910 Stultum
973 4844 1182 4924 quippe,
1232 4853 1309 4904 ait
1358 4844 1415 4903 li.
1465 4847 2002 4924 Gregoriustﬂom,
2039 4844 2070 4897 6
2102 4845 2156 4895 in

564 4925 761 4993 Evang.
780 4926 819 4996 ).
846 4918 1136 4996 hominibus
1162 4924 1320 4976 visunt
1346 4931 1437 4983 est,
1465 4930 1517 4972 ut
1542 4936 1633 4989 pro
1658 4918 1945 4996 hominibus
1970 4918 2159 4996 ductor

564 5000 681 5050 vilic
714 4985 1017 5050 moreretur.
1062 4994 1127 5047 Et
1164 4995 1283 5046 inde
1312 5002 1488 5044 contra
1519 4985 1631 5042 eum
1664 4987 1818 5041 homo
1851 4985 2159 5039 scandalum

566 5068 808 5135 sumpsit,
852 5066 991 5118 unde
1039 5068 1082 5119 ei
1128 5063 1351 5129 amplius
1393 5062 1590 5135 debitor
1638 5059 1751 5135 ﬁeri
1796 5057 1990 5135 debuit.
2024 5055 2161 5107 Nam

568 5129 710 5193 tanto
770 5138 903 5190 Deus
959 5138 1022 5189 ab
1076 5136 1363 5188 hominibus
1416 5133 1624 5203 dignius
1681 5129 2012 5203 honorandus
2063 5136 2159 5191 est,

566 5221 758 5282 quanto
786 5224 879 5278 pro
906 5207 1197 5282 hominibus
1226 5202 1511 5282 et__indigua
1539 5202 1784 5282 suscepit.

641 5281 665 5319 ί¹
713 5268 945 5337 Possunt
998 5280 1112 5332 lucc
1157 5268 1443 5345 dvplicite'r
1486 5268 1736 5341 intelligi,
1791 5269 2046 5345 nimirum
2091 5268 2161 5345 de

567 5353 783 5409 Christo
813 5362 869 5406 ut
900 5351 1031 5416 Deo,
1065 5360 1119 5404 et
1149 5348 1215 5403 de
1235 5339 1428 5401 eodem
1458 5354 1516 5398 ut
1541 5339 1781 5406 homine;
1814 5343 1914 5416 hoc
1941 5349 2045 5403 est,
2076 5339 2161 5416 vel

568 5428 866 5479 secundum
904 5412 1415 5491 ejus-divinitatem,
1447 5418 1531 5471 vel
1561 5416 1865 5491 secundmn
1906 5412 2155 5491 humani-

572 5506 755 5552 tatem.
790 5497 843 5550 Si
874 5481 1167 5549 Secundum
1195 5490 1551 5551 divinitatem,
1585 5488 1774 5540 dicitur
1804 5486 2035 5540 Christus
2061 5481 2159 5535 Dei

572 5570 752 5634 virtus,
786 5578 833 5621 et
865 5563 964 5619 Dei
993 5566 1279 5636 sapientia,
1328 5578 1417 5631 per
1460 5559 1737 5636 quamdam
1776 5556 2161 5629 appropriatio-

573 5655 711 5703 nem,
743 5631 819 5693 ait
852 5639 907 5693 S.
940 5631 1197 5690 Thomas.
1231 5634 1408 5689 Virtus
1434 5633 1669 5703 quidem,
1700 5631 1765 5703 in
1795 5639 2043 5703 quantum
2072 5640 2160 5697 per

574 5701 869 5763 etimPntcr
894 5708 1066 5760 omnia
1096 5716 1355 5777 rperatur.
1390 5701 1548 5756 λύθη.
1583 5718 1596 5755 1
1627 5720 1636 5755 :
1668 5702 1854 5753 Omnia
1878 5716 1966 5777 per
1990 5701 2162 5777 ipsum

575 5789 714 5855 facta
746 5799 840 5833 sun
871 5769 1189 5855 .“Sapient'ia
1214 5793 1327 5855 rero
1358 5779 1408 5827 in
1438 5787 1687 5855 quantum
1717 5774 1883 5855 ipsum
1910 5769 2159 5855 irritant,

572 5839 710 5925 quod
755 5864 826 5915 est
867 5839 1064 5923 Filius,
1114 5847 1243 5908 nihil
1283 5856 1357 5904 est
1404 5839 1550 5904 aliud
1598 5839 1748 5914 quani
1789 5842 2063 5913 Sapientia
2104 5839 2167 5901 de
2200 5932 2205 5933 γ

2248 3988 2409 4041 Patre
2432 3987 2621 4059 genita.
2656 3983 2860 4036 Eccles.
2887 3997 3009 4036 xxxv
3029 3998 3039 4033 :
3061 3981 3170 4050 Ego
3201 3997 3263 4033 ea:
3289 3977 3642 4059 orleAltissimi
3678 3978 3868 4059 prodti

2248 4050 2590 4128 primogenita
2619 4064 2737 4108 ante
2766 4070 2962 4128 onlnem
2987 4065 3219 4128 cre_atura
3243 4070 3292 4104 Et.
3326 4050 3446 4103 Non
3477 4059 3551 4101 est
3576 4059 3759 4101 autem
3790 4050 3868 4102 sic

2248 4121 2639 4201 intelligendum
2661 4169 2673 4186 ,
2707 4126 2842 4201 quod
2877 4124 3023 4201 Deus
3047 4123 3219 4201 Pater‘
3240 4125 3307 4175 sit
3340 4123 3507 4201 fortis,
3554 4128 3602 4201 et
3637 4121 3865 4189 sapiens

2250 4193 2458 4265 virtute,
2492 4210 2579 4252 aut
2616 4199 2869 4268 sapientia
2909 4196 3100 4268 genita.
3135 4195 3274 4260 quia,
3302 4204 3354 4247 ut
3383 4193 3872 4268 Augustinushpro-

2252 4274 2360 4341 bat,
2396 4260 2455 4326 vi
2482 4272 2544 4323 de
2582 4260 2836 4341 Ti'liliillltz‘
2872 4260 3145 4341 (Capit),
3192 4274 3487 4341 sequeretur
3523 4260 3874 4341 qttod_Pater

2254 4334 2458 4397 habere!
2486 4358 2637 4396 081011
2656 4336 2819 4404 Filio,
2847 4334 2966 4407 quia
2990 4339 3082 4390 hac
3107 4346 3175 4389 est
3206 4334 3308 4389 Deo
3337 4353 3463 4399 esse,
3495 4334 3637 4406 quod
3664 4334 3871 4401 fortem

2256 4425 2300 4469 et
2342 4416 2621 4485 sapientem
2669 4428 2797 4464 esse.
2845 4406 3025 4485 Sic_S.
3060 4408 3391 4485 Thomasjn
3431 4406 3873 4485 commentario.

2258 4488 2323 4541 Et
2350 4477 2604 4552 inprima
2636 4492 2807 4548 parte,
2842 4498 2893 4548 q.
2931 4483 3021 4546 5",
3055 4490 3157 4533 art.
3193 4481 3223 4532 7
3258 4498 3268 4531 :
3298 4478 3479 4552 Pater,
3511 4477 3873 4552 iltqttit_,__rrort

2257 4571 2327 4612 est
2359 4545 2563 4627 sapiens
2593 4545 3047 4627 sapientiauqnam
3078 4552 3253 4627 genuit
3273 4591 3289 4615 ,
3327 4550 3476 4627 quasi
3505 4548 3647 4600 solus
3676 4545 3877 4601 Filius

2257 4632 2320 4684 sit
2351 4619 2643 4697 Sa'pien'ia,
2673 4619 2720 4678 et
2756 4626 2829 4676 sic
2856 4623 3013 4677 Pater
3042 4619 3085 4675 et
3116 4621 3286 4697 Filius
3318 4619 3468 4697 simul
3501 4628 3704 4697 tantum
3739 4635 3879 4697 pos-l

2257 4703 2356 4753 sint
2384 4688 2482 4753 dici
2524 4698 2797 4761 sapientia,
2848 4713 2947 4747 non
2993 4704 3159 4745 autent
3208 4690 3368 4746 Pater
3411 4693 3521 4745 sine
3567 4688 3755 4755 Filio;
3784 4690 3880 4761 sed

2226 4771 2434 4831 ,Filius
2474 4770 2662 4821 dicitur
2704 4767 2957 4831 sapientia
2995 4764 3191 4831 Patris,
3233 4766 3353 4831 quia
3398 4773 3472 4815 est
3514 4762 3785 4831 sapientia
3815 4760 3885 4813 de

2181 4814 2235 4875 D
2268 4842 2423 4895 Patre
2448 4840 2722 4901 sapientia.
2761 4814 2805 4893 ί]
2814 4849 2984 4905 terque
3015 4840 3147 4905 enim
3178 4814 3275 4902 ,pei'
3303 4851 3355 4889 se
3384 4845 3455 4887 est
3486 4814 3793 4905 sapientia,
3832 4841 3883 4884 et

2265 4914 2420 4967 simul
2446 4898 2592 4963 ambo
2624 4927 2724 4963 una
2757 4898 3031 4976 sapientia.
3063 4898 3209 4962 Unde
3244 4905 3399 4959 Pater
3428 4921 3529 4957 non
3550 4898 3627 4955 est
3654 4904 3881 4971 sapiens

2271 4984 2544 5051 Sapientia
2575 4998 2729 5053 quant
2772 4984 2973 5052 genuit,
3001 4982 3091 5034 sed
3126 4979 3376 5053 sapientia
3412 4991 3525 5045 qua:
3559 4983 3635 5053 est
3662 4989 3775 5053 sua
3796 4992 3888 5053 es-

2270 5045 2450 5109 sentia.
2488 5045 2844 5107 iiatilenttsvS.
2875 5053 3129 5105 'l‘hOmas.
3164 5050 3358 5102 Verum
3394 5046 3686 5113 Apostolus
3721 5045 3887 5099 vide-

2269 5137 2356 5179 tur
2386 5126 2471 5179 hic
2505 5124 2721 5192 proprie
2750 5133 3025 5192 Spectasse
3055 5117 3709 5192 humanitatemChristi,
3741 5131 3889 5192 cum

2271 5198 2399 5251 dicit
2428 5216 2439 5250 :
2481 5187 2830 5249 Prtedicamus
2859 5191 3041 5245 Iesum
3073 5190 3402 5258 cruciﬁxum,
3429 5187 3630 5243 Judwis
3655 5187 3890 5252 quidem

2270 5270 2598 5333 scandalum,
2630 5265 2859 5335 gentibus
2891 5271 3059 5335 autem
3088 5262 3375 5335 stultitiam,
3412 5262 3465 5312 et
3494 5269 3891 5335 tamenAeum-

2272 5340 2390 5392 dem
2426 5338 2519 5391 Dei
2545 5328 2780 5391 virtutem
2810 5346 2857 5386 et
2898 5332 2992 5386 Dei
3022 5333 3330 5399 sapientiam
3373 5332 3563 5384 vocatis
3588 5328 3814 5399 .ludreis
3846 5338 3895 5381 et

2267 5410 2481 5476 Gra’ris,
2514 5409 2584 5475 id
2618 5417 2723 5470 est,
2777 5405 2859 5458 his
2905 5405 2994 5472 qui
3044 5398 3110 5457 de
3150 5403 3354 5476 Judaeis
3397 5410 3448 5457 et
3498 5398 3763 5476 gqiitibtts
3820 5400 3895 5476 ευζ

2271 5482 2428 5537 tidem
2462 5462 2661 5536 Christi
2699 5462 3112 5538 convertuntur,
3143 5476 3229 5545 qui
3254 5474 3304 5527 in
3328 5490 3480 5528 carne
3500 5462 3697 5545 Christi
3725 5462 3897 5545 recoi

2268 5563 2516 5623 gnoscunt
2550 5550 2750 5619 (verba
2780 5558 2905 5623 sunt
2934 5542 3173 5615 ejusdem
3201 5545 3257 5599 S.
3292 5545 3546 5612 Thomar)
3574 5542 3665 5595 Dei
3695 5543 3899 5594 virtu-

2266 5620 2387 5685 tem,
2416 5641 2503 5695 per
2532 5638 2690 5695 quam
2725 5630 2768 5674 et
2807 5620 3061 5673 dwmancs
3100 5626 3428 5695 superantur,
3463 5625 3510 5667 et
3543 5621 3899 5695 peccata-re-

2271 5684 2567 5758 mittuntur,
2596 5704 2643 5745 et
2672 5692 2899 5745 homines
2930 5692 3212 5743 salrantur.
3245 5687 3515 5741 Christum
3543 5688 3673 5752 ergo
3700 5684 3901 5739 etiam

2270 5766 2565 5821 secundum
2618 5765 3006 5819 humanitatem
3057 5768 3218 5815 vocat
3262 5760 3350 5815 Dei
3385 5759 3635 5813 virtutem
3669 5763 3731 5806 et
3792 5758 3902 5811 Dei

2268 5839 2621 5919 sapientiam,
2653 5837 2779 5910 quia
2808 5836 2862 5895 in
2894 5834 3010 5908 ipso
3039 5841 3092 5895 et
3126 5848 3221 5908 per
3248 5832 3424 5905 ipsum
3452 5828 3602 5890 cruci
3630 5821 3901 5888 affixam
