3976 6180
527 294 600 355 os
1864 306 2145 367 JOANNIS
2181 309 2495 371 cassum
3729 309 3795 369 οι

527 411 683 505 Pauli
716 415 946 486 apostoli
972 417 1317 489 prmdicatio,
1348 429 1437 475 aut
1484 424 1707 492 paganis
1748 428 2001 493 stultitia,
2029 440 2122 485 aut
2145 435 2199 495 Α
2227 441 2333 487 tus.
2383 433 2475 488 Ille
2510 448 2670 504 quem
2700 433 2871 489 Judaei
2916 432 3162 490 insectati
3200 442 3346 503 sunt,
3386 446 3545 504 quem
3577 431 3794 505 gentiles

528 501 737 562 Juda-is
766 508 1080 564 scandalum
1108 510 1250 565 fuit?
1278 515 1539 583 numquid
1573 529 1822 587 potuerat
1841 521 2121 579 offendere

529 596 803 665 homines,
824 603 869 656 si
892 602 1189 668 Chrismm,
1221 614 1281 660 ut
1313 615 1367 661 tu
1407 611 1634 674 asseris,
1666 614 1968 669 solitarium
2000 633 2121 674 esse

532 690 809 747 hominem
836 696 997 750 etiam
1044 696 1159 768 ipse
1204 700 1517 757 docuisset?
1548 706 1635 759 cui
1676 707 1820 761 enim
1868 711 2123 766 nativitas

528 787 801 851 illius,cui
831 789 1143 858 passio,cui
1174 798 1431 860 crus,cui
1458 800 1762 869 peremptio
1786 801 2121 860 incredibilis

532 888 629 933 aut
655 880 843 950 gravis
866 896 993 937 esse
1022 888 1328 952 potuisset?
1349 899 1435 942 aut
1462 892 1591 959 quid
1620 895 1746 947 novi
1778 895 1861 949 vel
1892 896 2121 953 inauditi

529 973 585 1030 in
600 988 657 1029 se
670 975 823 1029 Pauli
846 977 1160 1047 praedictitio
1178 981 1463 1050 habuerat,
1481 985 1522 1039 si
1540 985 1590 1039 id
1607 1002 1823 1057 passum
1842 990 2121 1047 hominem

530 1066 804 1123 Christum
828 1084 951 1125 esse
980 1072 1233 1140 dixisset,
1267 1077 1412 1143 quod
1445 1078 1644 1147 passim
1668 1083 1910 1151 quotidie
1940 1085 1993 1139 in
2029 1086 2125 1139 lto-

530 1159 769 1217 minibus
791 1164 1035 1219 conditio
1062 1166 1294 1222 humana
1328 1170 1619 1227 toleraret?
1644 1172 1749 1229 Sed
1782 1175 1911 1230 illud
1943 1182 2125 1248 utique

530 1266 649 1311 erat
674 1257 817 1325 quod
848 1260 1065 1329 gentilis
1094 1264 1322 1319 stultitia
1357 1280 1467 1320 non
1494 1268 1797 1338 recipiebat
1821 1312 1837 1338 ,
1869 1271 2127 1341 quodlu-

531 1348 686 1405 daica
716 1352 1011 1407 infidelitas
1040 1356 1353 1424 respuebat,
1401 1359 1546 1427 quod
1595 1361 1869 1416 Christum
1904 1366 2124 1433 utique,

529 1458 691 1513 quem
714 1443 819 1511 illi,
848 1454 907 1499 ut
942 1455 1019 1512 tu,
1051 1447 1353 1502 solitarium
1386 1448 1660 1507 hominem
1699 1454 2120 1525 arbitrabantur,

528 1536 823 1608 Apostolus
858 1538 1023 1594 Deum
1057 1554 1178 1597 esse
1206 1541 1443 1598 dicebat.
1478 1544 1595 1601 Hoc
1618 1558 1737 1602 erat
1768 1548 1951 1619 utique
1980 1551 2126 1620 quod

529 1632 825 1701 impiorum
861 1647 1054 1689 sensus
1075 1635 1349 1692 refutabat
1370 1682 1385 1707 ,
1417 1639 1563 1709 quod
1607 1640 1939 1710 perfidorum
1966 1658 2128 1698 aures

530 1723 677 1781 ferre
728 1740 835 1781 non
885 1735 1173 1796 poterant,
1229 1729 1283 1784 itt
1316 1730 1533 1787 homine
1582 1726 1708 1787 Iesu
1760 1733 1980 1789 Christo
2034 1736 2125 1790 Dei

2225 528 2479 592 riserunt,
2514 542 2671 597 quem
2707 536 2763 581 tu
2800 542 2925 581 cum
2964 527 3070 581 illis
3104 528 3219 596 ipse
3250 526 3636 597 persequeris;
3668 526 3754 581 ille
3781 566 3794 592 ,

2224 623 2469 693 inquam,
2500 624 2587 692 qui
2616 632 2671 676 et
2698 622 2916 691 paganis
2945 623 3177 677 Stultitia
3208 630 3314 689 est,
3346 630 3401 676 et
3428 620 3632 675 ludatis
3658 634 3797 675 scan-

2224 717 2500 786 dalum,et
2526 717 2619 771 tibi
2648 724 2967 784 utrumque;
2996 716 3105 780 ille,
3126 716 3363 786 inquam,
3388 723 3473 769 est
3499 714 3597 769 Dei
3618 715 3798 779 virtus,

2223 822 2276 865 et
2310 810 2405 865 Dei
2456 811 2743 879 sapientia.
2793 809 2931 876 Quid
2990 809 3157 863 habes
3205 807 3345 877 quod
3376 808 3551 875 agas?
3597 806 3801 860 claudes

2225 902 2456 958 fortasse
2495 918 2657 958 aures
2699 918 2766 958 ne
2807 901 3017 957 audias.
3075 901 3188 955 lloc
3235 911 3288 955 et
3332 900 3526 961 Judaei,
3555 896 3803 967 Apostolo

2226 995 2580 1063 pru'dicante,
2606 994 2874 1050 fecerunt.
2928 992 3200 1061 Quidlibet
3246 992 3445 1054 facias,
3476 989 3721 1045 Christus
3758 989 3803 1041 in

2224 1089 2366 1144 ccelo
2396 1100 2502 1155 eet,
2530 1096 2585 1142 et
2612 1088 2663 1142 in
2696 1089 2827 1153 Deo,
2859 1096 2913 1141 et
2941 1104 3063 1141 cum
3090 1101 3175 1149 eo,
3205 1094 3366 1154 atque
3398 1084 3452 1138 in
3482 1098 3547 1138 eo
3575 1082 3626 1137 in
3658 1096 3805 1149 supe-

2227 1183 2487 1247 rioribus,
2520 1182 2572 1236 in
2600 1196 2707 1251 quo
2727 1190 2783 1237 et
2809 1181 2862 1235 in
2890 1180 3235 1236 inferioribus
3264 1180 3385 1245 fuit,
3416 1178 3662 1249 persequi
3689 1190 3803 1230 eum

2223 1276 2334 1346 jam
2366 1290 2487 1331 cum
2530 1274 2731 1330 Iudaeis
2761 1289 2871 1328 non
2904 1283 3077 1342 potes.
3123 1272 3229 1328 Sed
3272 1271 3403 1326 facis
3440 1285 3605 1325 unum
3638 1278 3803 1324 tamen

2228 1366 2370 1437 quod
2406 1376 2583 1435 potes,
2614 1366 2957 1436 persequeris
2988 1380 3110 1420 eum
3143 1365 3194 1417 in
3225 1364 3350 1427 fide,
3399 1360 3730 1433 persequeris
3754 1360 3803 1415 in

2228 1459 2496 1524 Ecclesia,
2540 1460 2880 1527 persequeris
2918 1458 3190 1529 opinionis
3229 1457 3406 1525 impia:
3445 1456 3586 1521 telo,
3618 1468 3805 1512 uerse-

2228 1552 2409 1622 qUeris
2433 1554 2583 1622 pravi
2605 1550 2871 1621 dogmatis
2893 1550 3095 1621 gladio.
3117 1550 3244 1603 Plus
3269 1550 3412 1603 forte
3438 1547 3637 1619 aliquid
3655 1560 3807 1616 quam

2227 1644 2448 1716 quidam
2476 1658 2717 1699 veterum
2746 1644 3056 1699 Judmorum
3082 1643 3211 1698 facis
3236 1660 3251 1695 :
3286 1641 3559 1697 Christum
3590 1648 3647 1695 tu
3676 1653 3807 1694 nunc

2231 1738 2597 1809 persequeris,
2630 1748 2912 1808 postquam
2946 1752 3069 1793 eum
3100 1741 3262 1791 etlam
3307 1735 3385 1789 illi
3429 1734 3520 1805 qui
3553 1729 3811 1804 persecuti

531 1817 826 1888 praedicare
866 1820 1234 1888 nativitatem,
1282 1822 1377 1879 Dei
1418 1827 1589 1879 asseri
1642 1826 1980 1895 passionem,
2030 1827 2122 1883 Dei
2154 1830 2203 1892 B
2232 1832 2446 1887 fuerant
2499 1832 2870 1888 crediderunt.
2915 1830 3021 1886 Sed
3073 1829 3301 1885 minoris
3353 1828 3599 1882 criminis
3645 1829 3809 1882 forsan

532 1912 857 1967 atmuntiare
885 1927 1124 1968 crucem.
1158 1914 1271 1970 Hoc
1300 1916 1486 1987 utique
1526 1927 1644 1972 erat
1682 1934 1865 1988 grave,
1910 1919 2014 1974 hoc
2045 1922 2127 1975 in-

532 2004 820 2073 credibile,
846 2006 973 2075 quia
1000 2006 1102 2061 hoc
1123 2018 1239 2062 erat
1261 2009 1595 2064 incredulum
1627 2010 1877 2066 humanm
1904 2014 2131 2068 audien-

534 2098 645 2162 tiae,
669 2099 812 2170 quod
837 2099 1138 2155 inauditum
1168 2102 1341 2156 fuerat
1364 2103 1560 2158 divinae
1582 2105 1875 2175 contigisse
1899 2117 2126 2162 naturas.

535 2189 721 2264 Itaque
750 2207 980 2249 securus
1018 2209 1077 2250 es
1120 2196 1215 2250 tali
1264 2195 1625 2253 affirmatione
1659 2209 1821 2268 atque
1848 2198 2128 2271 doctrina,

535 2286 679 2357 quod
708 2304 1001 2359 numquam
1026 2290 1335 2358 praedicatio
1365 2298 1456 2345 tua
1480 2302 1571 2346 aut
1596 2294 1844 2362 gentibus
1878 2296 2127 2363 stultitia,

540 2392 634 2435 aut
679 2381 888 2437 ludatis
924 2383 1241 2439 scandalum
1288 2385 1413 2440 erit.
1459 2385 1761 2454 Numquam
1793 2399 1846 2443 tu
1877 2406 1904 2441 a
1932 2389 2135 2446 Judteis

540 2484 709 2544 atque
730 2478 985 2546 gentibus
1006 2490 1095 2531 aut
1125 2493 1247 2534 cum
1266 2478 1427 2535 Petro
1455 2480 1811 2551 crucifigeris,
1838 2492 1864 2519 ιι
1897 2493 1989 2537 aut
2013 2499 2135 2538 cum

541 2569 747 2625 Jacoba
781 2572 1123 2643 Iapidaberis,
1158 2583 1251 2630 aut
1290 2590 1412 2630 cum
1442 2575 1609 2631 Paulo
1647 2578 1827 2645 capite
1858 2578 2135 2647 plecteris.

548 2664 667 2720 Non
693 2666 837 2720 enim
872 2666 1033 2721 habet
1054 2668 1367 2737 pra-dientio
1394 2676 1484 2723 tua
1517 2670 1735 2723 illorum
1759 2669 2139 2726 offensionem.

543 2758 858 2814 Solitariam
884 2760 1157 2816 hominem
1185 2772 1394 2829 natum,
1425 2763 1727 2817 solitarium
1753 2779 1968 2831 passum
1992 2780 2145 2821 asse-

545 2852 645 2908 ris.
668 2852 887 2909 Timere
921 2870 1027 2910 non
1063 2868 1216 2925 potes
1240 2898 1255 2923 ,
1300 2873 1367 2913 ne
1420 2859 1800 2927 persecutione
1828 2876 1924 2915 sua
1972 2872 2024 2917 te
2063 2862 2145 2917 illi

549 2944 767 3012 lmdant,
801 2960 927 3002 cum
958 2957 1013 3003 tu
1037 2963 1133 3004 eos
1157 2961 1247 3003 tua
1276 2950 1664 3019 prtedicatio‘ne
1690 2952 2001 3010 confirmes.

1187 3062 1414 3120 CAPUT
1446 3064 1516 3123 X.

557 3153 829 3221 Quomodo
874 3156 1135 3213 Christum
1168 3159 1264 3215 Dei
1312 3164 1555 3237 uirtutem
1598 3172 1647 3218 et
1693 3161 1795 3219 Dei
1838 3166 2148 3237 sapientiam

1079 3244 1274 3286 asserat
1312 3235 1613 3303 Apostolus.

627 3322 736 3379 Sed
783 3324 1063 3381 videamus
1102 3337 1279 3384 tamen
1306 3330 1496 3398 ,adhuc
1540 3331 1742 3403 aliquid
1770 3332 1838 3389 de
1869 3334 1974 3391 hoc
2007 3336 2144 3405 ipso.

561 3413 811 3471 Christus
854 3432 1015 3487 ergo,
1049 3418 1209 3487 juxta
1253 3420 1600 3491 Apostolum,
1637 3425 1808 3479 virtus
1849 3426 1943 3479 Dei
1971 3436 2026 3480 et
2055 3441 2148 3481 sa-

560 3508 761 3578 pientia
795 3506 889 3563 Dei
921 3519 1023 3563 est.
1057 3511 1193 3576 Quid
1228 3513 1392 3568 habes
1422 3515 1562 3581 quod
1614 3516 1945 3584 respondeas
1968 3518 1992 3569 ἲ
2019 3518 2149 3585 quid

560 3599 731 3659 babes
759 3617 869 3673 quo
900 3612 952 3659 te
986 3602 1275 3661 conferas?
1306 3606 1467 3662 Exire
1514 3608 1641 3664 hinc
1669 3618 1725 3663 et
1748 3612 1996 3682 progredi
2022 3626 2152 3668 nus-

560 3710 722 3767 quam
752 3706 924 3768 potcs.
959 3696 1207 3755 Christus
1248 3700 1343 3757 Dei
1382 3703 1647 3772 sapientia
1674 3714 1787 3771 est,
1822 3714 1875 3761 et
1914 3706 2008 3763 Dei
2043 3708 2155 3762 vir-

2229 1939 2387 1999 putas
2414 1971 2429 1996 ,
2467 1927 2615 1997 quod
2665 1926 2889 1995 injicere
2921 1928 2972 1980 in
3006 1940 3127 1980 eum
3154 1925 3265 1993 jam
3295 1938 3483 1977 manus
3510 1938 3616 1975 non
3650 1930 3810 1991 potes.

2230 2022 2348 2077 Non
2399 2023 2595 2091 minus,
2632 2022 2875 2091 inquam,
2920 2038 3025 2075 non
3080 2020 3257 2073 minus
3289 2018 3363 2072 illi
3396 2017 3575 2088 gravis
3622 2015 3709 2069 illa
3738 2020 3817 2067 est

2232 2115 2565 2185 persecutio,
2597 2115 2653 2169 in
2691 2130 2794 2183 qua
2826 2130 2947 2167 eum
2982 2113 3035 2167 in
3069 2114 3182 2167 suis
3210 2111 3360 2182 impii
3404 2118 3817 2183 persequuntur.

2234 2207 2341 2264 Sed
2374 2208 2599 2263 offendit
2627 2219 2678 2262 te
2718 2207 3010 2262 Dominictn
3042 2207 3220 2261 crucis
3261 2220 3488 2269 nomen,
3520 2202 3626 2257 hoc
3653 2209 3708 2256 et
3734 2198 3823 2254 .lu-

2236 2300 2383 2356 datos
2436 2316 2653 2367 semper
2702 2300 2948 2354 offendit.
3000 2297 3360 2353 Exhorrcscis
3413 2295 3587 2352 Deum
3647 2292 3823 2349 audire

2241 2410 2496 2465 passum,
2548 2394 2651 2449 hoc
2695 2405 2751 2447 et
2801 2394 3017 2463 gentilis
3052 2408 3209 2447 error
3254 2390 3439 2445 irrisit.
3480 2390 3677 2456 Quer
3702 2400 3824 2457 ergo

2242 2504 2407 2554 nunc,
2444 2487 2496 2541 in
2524 2503 2629 2557 qua
2660 2488 2728 2540 ab
2758 2488 2861 2542 illis
2890 2496 3038 2557 parte
3062 2486 3349 2550 dissidens,
3381 2498 3502 2538 cum
3528 2486 3577 2537 in
3612 2482 3709 2536 hac
3739 2477 3826 2535 tibi

2242 2590 2401 2651 atque
2429 2582 2534 2636 ills
2565 2580 2918 2649 perversitate
2946 2580 3273 2634 conveniat?
3301 2577 3404 2634 Sed
3446 2593 3546 2647 ego
3578 2575 3828 2646 prmdica-

2245 2677 2450 2732 tionem
2488 2677 2625 2730 hanc
2648 2691 2814 2730 sacra:
2845 2676 3045 2740 crucis,
3088 2674 3527 2745 praedicationem
3563 2675 3701 2726 hanc
3734 2670 3831 2724 Do-

2248 2771 2460 2825 minica:
2514 2769 2779 2839 passionis
2820 2783 2925 2822 non
2977 2767 3151 2822 solum
3192 2782 3297 2820 non
3346 2764 3649 2831 imminuo,
3702 2760 3791 2816 sed
3818 2800 3831 2823 ,

2248 2872 2508 2935 quantmn
2539 2864 2587 2915 iu
2620 2871 2747 2917 voto
2774 2872 2857 2916 est
2885 2878 2947 2916 ac
2975 2859 3272 2916 substantia
3300 2874 3440 2923 mea,
3470 2874 3665 2948 augeo.
3692 2858 3835 2911 Hunc

2251 2956 2392 3011 enim
2424 2958 2512 3023 qui
2547 2953 2840 3009 crucifixus
2878 2961 2981 3017 est,
3031 2968 3136 3004 non
3169 2950 3344 3005 solum
3374 2950 3633 3003 virtutem
3670 2964 3733 3001 ac
3759 2964 3839 3000 sa-

2255 3049 2509 3118 pientiam
2537 3047 2653 3113 Dei,
2694 3062 2797 3115 qua
2836 3045 2967 3100 nihil
2999 3045 3170 3113 majus
3208 3052 3313 3110 est,
3347 3042 3440 3097 sed
3472 3042 3639 3095 etiam
3684 3041 3841 3095 totius

2256 3144 2553 3199 divinitatis
2583 3157 2644 3196 ac
2676 3142 2976 3211 majestatis
3021 3139 3310 3194 Dominum
3365 3135 3696 3207 pro-dicabo.
3737 3135 3841 3189 Hoc

2256 3236 2605 3311 magis,quod
2630 3238 2717 3291 hic
2740 3252 2919 3291 sermo
2938 3249 3091 3289 meus
3118 3233 3362 3287 doctrina
3390 3231 3480 3285 Dei
3499 3240 3605 3293 est,
3629 3228 3842 3283 dicente

2264 3333 2558 3403 Apostolo:
2591 3329 2618 3369 δ
2652 3331 2975 3401 Sapientiam
3000 3329 3253 3398 loquimur
3282 3328 3414 3380 inter
3445 3327 3730 3395 perfectos:
3760 3317 3841 3374 sed

2261 3429 2567 3500 sapientiam
2599 3444 2701 3481 non
2732 3428 2887 3496 hujus
2914 3423 3114 3490 strculi,
3166 3440 3326 3491 neque
3372 3421 3665 3493 principum
3696 3417 3844 3487 hujus

2258 3522 2455 3586 sazculi,
2496 3522 2585 3591 qui
2612 3524 2984 3585 destruuntur;
3012 3520 3100 3573 sed
3132 3519 3391 3587 loquimur
3418 3514 3516 3569 Dei
3545 3512 3845 3580 sapientiam

2260 3617 2314 3669 in
2344 3615 2607 3686 mysterio,
2638 3630 2754 3685 quae
2797 3613 3099 3667 abscondita
3130 3620 3236 3675 est,
3265 3626 3421 3681 quam
3470 3604 3847 3677 prccdestinavit

2262 3706 2400 3762 Deus
2448 3718 2568 3762 ante
2594 3707 2789 3762 sarcula
2818 3710 2873 3761 in
2923 3708 3140 3777 gloriam
3188 3716 3433 3767 nostram,
3463 3714 3483 3741 ο
3516 3718 3671 3772 quam
3706 3713 3848 3755 nemo

1633 3821 1891 3877 ALARDI
1930 3822 2164 3879 GAZ/El
2201 3822 2774 3881 COMMENTARIUS.

638 3908 665 3939 ⁸
691 3908 968 3976 Suspicari
996 3922 1179 3980 posset
1203 3911 1469 3983 quispiam
1506 3912 1769 3968 Jacobuut
1803 3915 1888 3969 hic
1916 3918 2153 3982 positum
2261 3926 2477 3969 mortem
2526 3914 2649 3966 obiit
2670 3954 2682 3971 .
2710 3913 2799 3966 sed
2828 3911 2971 3965 uultu
3019 3930 3223 3983 sursum
3263 3912 3460 3965 sublato
3482 3953 3497 3975 ,
3543 3910 3855 3983 genibusque

568 3994 667 4056 pro
696 3983 970 4053 Stephano
1002 3981 1420 4056 protomartyre,
1449 4000 1608 4053 quem
1638 3997 1849 4038 constat
1879 3981 2043 4039 fuisse
2075 3989 2153 4039 la-
2261 3988 2411 4056 [lexis
2443 3986 2574 4038 dixit
2600 4000 2616 4037 :
2653 3985 2897 4045 Obsecro,
2936 3985 3153 4037 Domine
3176 3982 3315 4038 Deus
3339 3984 3513 4045 Pater,
3546 3986 3613 4035 da
3644 3981 3755 4034 illis
3777 3996 3855 4033 ve-

569 4051 834 4177 pidatuui,
866 4051 1013 4123 quod
1037 4057 1104 4109 de
1128 4051 1332 4109 Jacoho
1356 4051 1603 4123 apOStolo
1636 4071 1739 4109 non
1766 4059 1835 4109 ita
1867 4057 2053 4124 liquet.
2087 4060 2159 4111 At
2261 4051 2419 4121 niam,
2448 4057 2969 4125 ncsCiuntcnimquitf
2993 4056 3209 4123 faciunt,
3236 4063 3491 4125 coeperunt
3518 4070 3646 4105 sora
3666 4056 3715 4107 in
3746 4068 3856 4104 eum

588 4125 695 4177 iuic
723 4127 1014 4177 suspicioni
1044 4134 1338 4177 renuanat.
1372 4128 1534 4177 immo
1582 4143 1701 4177 eum
1736 4130 1946 4177 nenitus
1969 4129 2159 4177 exclu-
2262 4130 2533 4177 coniicere.
2559 4127 2783 4177 Cumaue
2808 4127 3297 4177 lanidibnstllorum
3322 4128 3548 4177 obterere
3568 4133 3854 4177 perderent.

588 4125 695 4180 iuic
723 4127 1014 4195 suspicioni
1044 4134 1338 4195 repugnat,
1372 4128 1534 4179 immo
1582 4143 1701 4181 eum
1736 4130 1946 4193 penitus
1969 4129 2159 4183 exclu-
2262 4130 2533 4193 coniicere.
2559 4127 2783 4195 Cumque
2808 4127 3297 4195 lapidibnsillorum
3322 4128 3548 4178 obterere
3566 4133 3854 4195 pergerent,

569 4145 695 4180 nurc
723 4145 1014 4195 suspicioni
1044 4145 1338 4195 repugnat,
1373 4145 1534 4179 unmo
1582 4145 1701 4181 eum
1736 4145 1946 4193 penitus
1969 4145 2159 4183 exctu-
2262 4145 2533 4193 conncere.
2559 4145 2683 4181 bum
2725 4145 2783 4179 ue
2808 4145 3297 4195 raptatvnstuorum
3322 4145 3548 4178 ovlt’l'ere
3566 4145 3854 4195 pergerem,

568 4196 679 4260 dit,
708 4200 849 4267 quod
884 4199 1041 4252 nimis
1086 4198 1382 4267 incongrue
1413 4198 1555 4252 inter
1586 4200 1722 4251 duos
1754 4199 2028 4266 aposmlos
2054 4242 2067 4263 ,
2103 4209 2159 4255 et
2264 4194 2397 4254 unus
2436 4200 2499 4253 de
2526 4145 2880 4252 sacerdotibus
2913 4216 2975 4252 ea:
3005 4200 3128 4266 ﬁliis
3172 4196 3398 4260 Rechab,
3446 4198 3534 4263 qui
3565 4208 3685 4249 sunt
3714 4194 3859 4247 Jcrc-

569 4272 938 4331 aposlolorunt
970 4269 1262 4337 principes,
1286 4270 1499 4323 Petrum
1531 4279 1584 4323 et
1617 4269 1862 4332 Paulum,
1890 4272 2157 4335 posoisset
2265 4274 2380 4325 mite
2425 4273 2716 4325 testimonio
2762 4272 3125 4336 commendati,
3175 4285 3293 4322 voce
3340 4270 3525 4322 emissa
3576 4267 3859 4320 contentius

570 4339 773 4413 gttctor
795 4338 1126 4413 Stephanum
1152 4342 1387 4413 medium
1402 4340 1592 4395 ordine
1611 4339 1885 4409 dignitatis
1905 4341 2151 4396 confuso.
2268 4344 2433 4397 dixit:
2488 4343 2628 4407 Quid
2659 4344 2857 4413 agitis?
2899 4341 3083 4395 Justus
3120 4357 3211 4411 pro
3241 4340 3373 4393 vobis
3404 4340 3563 4392 Deum
3595 4349 3859 4409 precatur.

570 4409 803 4483 Proinde
829 4430 933 4483 non
980 4412 1118 4465 alius
1146 4427 1306 4481 quam
1353 4411 1584 4466 Jacobus
1609 4417 1889 4481 apostolus
1932 4414 2155 4483 intelligi
2272 4418 2506 4468 Attamen
2539 4432 2671 4467 unus
2696 4409 2759 4468 cx
2784 4416 2907 4475 illis,
2934 4417 3018 4483 qui
3045 4409 3174 4477 [ullo
3194 4423 3322 4470 erat,
3351 4421 3556 4475 arrepto
3582 4421 3738 4473 recte,
3761 4424 3861 4483 τι]ιο

572 4481 755 4546 debet,
785 4486 872 4553 qui
904 4482 1069 4538 frater
1094 4476 1323 4547 lio—mini,
1346 4483 1550 4544 Justus,
1585 4476 1833 4553 idemque
1874 4486 2050 4539 minor
2076 4476 2160 4539 est
2267 4497 2426 4539 vestes
2475 4488 2705 4539 solebant
2760 4476 3021 4552 premere,
3046 4476 3107 4537 tn
3139 4497 3289 4548 caput
3336 4484 3475 4536 Justi
3511 4483 3737 4553 impegit.
3775 4476 3861 4531 Ita

573 4552 874 4627 appellatus
894 4597 907 4619 ,
958 4566 1011 4609 et
1057 4557 1260 4624 primus
1294 4552 1790 4627 Hierosolymorum
1817 4558 2105 4625 episcopus
2129 4572 2160 4611 a
2268 4560 2423 4612 vitam
2452 4560 2593 4611 beato
2624 4569 2671 4611 et
2704 4558 2841 4622 {elici
2866 4558 3101 4626 martyrii
3124 4556 3357 4608 cruciatu
3378 4554 3590 4621 a/fectus
3617 4552 3861 4627 afﬂictus-

574 4626 638 4723 ΒΙἱ
664 4627 831 4723 retro
860 4627 1165 4723 osdittttlu‘s,
1195 4627 1397 4723 dequo
1428 4627 1627 4681 Paulus
1656 4629 1950 4723 Apostolus
1974 4629 2163 4723 ssribit
2192 4662 2247 4723 Β
2270 4632 2587 4723 que'amisit.
2621 4630 2693 4683 ltn
2726 4629 3044 4723 l‘:.g05lttljttls.
3079 4628 3313 4709 ltlipstun
3364 4631 3525 4723 etiatln
3577 4626 3863 4723 captinnat

574 4699 642 4772 ad
664 4698 880 4754 Galatas
903 4696 1058 4772 (Cap.
1090 4699 1161 4768 t):
1195 4700 1366 4752 Alium
1407 4709 1578 4772 autem
1619 4699 1912 4771 apostolum
1942 4703 2047 4755 uidi
2079 4718 2167 4755 ne-
2192 4696 2245 4723 ν
2275 4703 2335 4755 Ι).
2367 4702 2729 4772 Hieronymus
2752 4698 2974 4766 .losepbi
2999 4700 3332 4772 testinmnio,
3357 4696 3660 4772 quodapud
3691 4697 3859 4772 ipsum

575 4770 782 4834 minem,
815 4765 1192 4824 nisiJacobum
1214 4772 1426 4838 fratrem
1461 4765 1687 4826 Domini.
1724 4774 1787 4825 Et
1816 4772 2061 4839 ejusdem
2085 4781 2169 4827 est
2275 4773 2461 4826 videre
2493 4765 2593 4825 est'.
2630 4771 2766 4826 Vide
2796 4772 2955 4825 etiam
2989 4779 3147 4825 notas
3180 4769 3395 4824 Baronii
3440 4769 3505 4821 ad
3536 4765 3857 4836 Martyrolo-

575 4841 804 4908 epistola
832 4845 986 4895 unica
1011 4858 1132 4911 qua:
1165 4845 1325 4913 inter
1350 4850 1556 4911 septem
1596 4844 1885 4897 canonicas
1918 4860 2171 4899 numera-
2274 4845 2418 4913 gium
2456 4847 2626 4909 primo
2656 4844 2801 4897 Maii.

578 4906 703 4983 thr,
734 4922 955 4983 auctore
984 4906 1150 4966 etiam
1204 4914 1263 4966 ι).
1296 4906 1623 4983 Ιιίειῖοηγιιιο
1678 4913 1823 4983 (Lib.
1856 4916 1919 4965 de
1967 4915 2163 4982 Script.
2274 4906 2301 4913 ⁷
2347 4914 2373 4952 δ
2401 4906 2730 4981 sapientiam
2764 4916 3147 4982 interpretatur
3172 4916 3372 4969 Auctor
3399 4909 3483 4963 vel
3519 4906 3862 4983 ipsumChri-

577 4979 779 5035 Eccles.
830 4984 881 5035 in
921 4981 1163 5055 Iacobo).
1198 4983 1267 5037 At
1294 4978 1563 5051 quomodo
1592 4978 1693 5055 liie'
1726 4987 2032 5039 insinuetur
2078 4978 2173 5038 aut
2275 4994 2416 5039 stum
2448 4978 2631 5039 verum
2661 4988 2826 5038 llenm
2859 4978 2919 5040 et
2943 4986 3239 5048 hominem,
3271 4984 3355 5038 vel
3390 4984 3555 5045 idem,
3588 4989 3642 5055 et
3669 4978 3864 5035 doctri-

578 5059 913 5119 supponatur
955 5056 1245 5123 lapidatus,
1278 5056 1533 5109 nonnulla
1560 5054 1859 5109 difficultas
1887 5065 2001 5119 est,
2046 5070 2170 5109 cum

575 5124 630 5179 in
662 5123 1041 5194 Martyrologio
1086 5125 1244 5180 Rom.
1272 5144 1303 5183 e
1335 5128 1491 5193 pinna
1538 5128 1724 5196 templi
1760 5127 2124 5195 prmcipitatus
2152 5169 2166 5192 ,

578 5196 872 5251 confractis
905 5198 1176 5267 cruribus,
1205 5209 1260 5252 et
1283 5200 1501 5253 fullonis
1530 5209 1681 5253 vecte
1714 5198 1763 5251 in
1794 5201 2022 5251 cerebro
2052 5214 2171 5267 per-

578 5283 769 5340 ctt~sus
806 5269 1125 5323 occubuisse
1156 5270 1396 5333 dicatur;
1439 5270 1891 5340 quemadmodum
1915 5269 2074 5323 etiam
2106 5284 2172 5323 ex

578 5337 858 5395 Clemente
888 5340 1255 5396 Alexandrino
1278 5337 1762 5407 refert—Eusebius,
1790 5341 1885 5396 lib.
1907 5356 1939 5393 ιι
1968 5342 2171 5394 llistor.

579 5426 700 5480 cap.
718 5412 811 5466 22.
833 5413 901 5467 At
929 5414 1065 5469 lianc
1082 5412 1453 5469 difficultatem
1473 5416 1687 5470 sustulit
1716 5413 1859 5467 idem
1884 5412 2169 5476 Eusebius,

580 5486 874 5557 ostendens
902 5486 1183 5557 historiam
1226 5486 1471 5557 martyrii
1493 5486 1612 5554 ejus
1641 5486 1710 5537 ab
1752 5484 2042 5554 Egesippo,
2067 5484 2173 5557 qui

579 5555 1128 5629 aetati‘Apostolorum
1152 5555 1430 5629 proximus
1446 5556 1569 5629 fuit,
1597 5557 1817 5611 uberius
1842 5555 2171 5629 accuratius-

579 5641 686 5697 que
719 5627 1045 5699 descriptam
1069 5668 1084 5689 ,
1124 5626 1178 5683 et
1205 5630 1348 5699 quod
1376 5647 1403 5681 a
1428 5628 1708 5685 Clemente
1747 5626 2169 5699 praetermissum

579 5708 683 5769 est,
709 5698 777 5753 ab
794 5713 872 5769 _eo
892 5697 1200 5769 suppletum
1220 5697 1625 5769 etexpressmn.
1653 5699 1846 5753 Narrat
1869 5699 2010 5751 enim
2040 5697 2171 5765 lige-

578 5768 767 5839 sippus
784 5767 1045 5823 Jacobum
1062 5770 1236 5838 primo
1250 5772 1316 5823 de
1342 5767 1501 5838 pinna
1524 5770 1711 5837 templi
1744 5769 2167 5839 praecipitatum:

577 5837 653 5901 Et
672 5837 958 5912 quoniam,
989 5837 1187 5911 inquit,
1220 5837 1445 5912 dejectus
1473 5842 1525 5894 in
1550 5837 1778 5911 prtecep‘s
1850 5856 1950 5893 non
1995 5839 2168 5893 statim

2278 5072 2399 5110 nam
2431 5056 2826 5112 lncarnutionis
2867 5058 3111 5124 ejttstlcnt
3136 5097 3150 5120 ,
3183 5070 3340 5123 quam
3387 5054 3681 5119 Aposmlus
3710 5056 3864 5105 vocat

2279 5125 2373 5180 Dei
2419 5129 2729 5194 sapientiam
2778 5130 2831 5181 in
2874 5129 3115 5196 mysterio
3160 5127 3533 5188 absconditam,
3585 5126 3709 5194 quia
3761 5137 3861 5175 non

2279 5210 2455 5267 potest
2482 5201 2711 5253 naturali
2745 5199 2952 5252 ratione
2981 5200 3256 5266 CllgllOSCi.

2354 5280 2374 5306 ο
2433 5270 2713 5333 Principes
2770 5268 2955 5321 srcculi
3012 5268 3398 5336 interpretatur
3443 5267 3864 5336 Chrysostomns

2282 5340 2546 5395 lleratlem
2568 5384 2581 5403 ,
2614 5342 2838 5394 Pilatum
2860 5380 2874 5403 ,
2907 5348 2963 5393 et
2992 5338 3205 5394 Judmos
3230 5382 3245 5405 ,
3278 5342 3367 5405 qui
3399 5342 3499 5393 etsi
3551 5337 3861 5392 nonnullam

2279 5412 2477 5465 Christi
2509 5414 2871 5479 cognitiOuetn
2906 5410 3211 5478 habuerint,
3246 5426 3537 5481 numquam
3574 5421 3748 5464 tamen
3778 5422 3866 5458 cti-

2278 5494 2583 5549 gnoverunt
2609 5498 2729 5536 esse
2761 5484 2947 5547 Ileunt,
2976 5487 3101 5551 quia
3126 5484 3169 5533 si
3192 5486 3561 5551 cognovissent,
3590 5493 3863 5551 numquam

2280 5551 2561 5607 Dominum
2589 5556 2769 5624 gloria:
2790 5550 3163 5623 crttciﬁxissent
3194 5550 3491 5624 (l’Corinth.
3524 5558 3616 5619 ιι);
3647 5550 3863 5624 sicutiu

2281 5627 2429 5680 Actis
2453 5630 2522 5679 ait
2552 5608 2741 5701 l’étrns
2767 5643 2778 5675 :
2816 5608 3091 5694 Scio'quod
3134 5608 3825 5701 pei'ignorantiam'[ecistis
3850 5662 3861 5682 ,

2281 5699 2411 5750 sicut
2438 5697 2691 5765 principes
2723 5698 2876 5750 uestri
2898 5698 3035 5763 (Act.
3068 5696 3170 5765 tu).
3193 5696 3507 5749 Ambrosius
3539 5698 3870 5761 iuterpreta-‘

2282 5777 2366 5821 tur
2392 5770 2456 5821 tle
2477 5768 2829 5833 duunonibus,
2862 5770 2949 5836 qui
2979 5772 3019 5818 si
3048 5784 3171 5823 rere
3194 5768 3359 5823 Deum
3386 5776 3434 5821 et
3455 5768 3869 5836 lletlomptorciu

2280 5848 2526 5902 nossent,
2580 5832 3028 5908 nutnquatn'cjus
3082 5849 3309 5897 mortem
3343 5846 3748 5909 procurassent.
3807 5832 3873 5887 D.
