3976 6180
182 270 242 332 65
1143 267 1234 325 DE
1275 263 1785 327 INCARNATIONE
1826 262 2104 329 αιιιιιδτι
2144 268 2276 326 LIB.
2318 268 2407 327 III.
3360 268 3435 334 66

154 389 438 463 iprincipum
470 388 631 444 sarculi
662 387 827 458 hujus
875 386 1125 457 cognovit.
1161 385 1222 441 Si
1254 388 1397 442 enim
1454 390 1720 458 cognovis-
1748 394 1801 453 Α
1828 390 2080 460 ﬁgebant.
2116 389 2328 444 Habent
2359 403 2489 459 ergo
2510 389 2605 458 qui
2626 389 2955 446 conﬁtentur
2980 404 3105 448 cum
3132 390 3429 449 conﬁtente

174 480 308 548 ’sent,
350 500 595 553 numquam
648 481 932 534 Dominum
996 481 1281 549 majestatis
1348 482 1725 551 cruciﬁxissent

181 575 217 646 (l
238 577 345 628 Cor.
369 574 437 641 tt).
466 574 581 639 Sed,
617 574 760 628 sicut
801 572 1059 641 scriptum
1092 580 1209 638 est,
1248 573 1398 639 Quod
1422 574 1599 627 oculus
1625 591 1726 628 non

179 668 308 731 vidit,
338 683 414 719 nec
444 668 573 719 auris
604 666 833 728 audivit,
868 680 959 718 nec
986 664 1038 715 in
1071 680 1157 716 cor
1201 665 1425 718 hominis
1472 666 1722 733 ascendit,

175 775 276 827 qua
312 760 582 828 preparavit
617 758 755 812 Deus
795 755 877 810 his
904 757 990 826 qui
1032 757 1257 829 diligunt
1307 776 1421 812 eum
1474 758 1639 829 (Ibid.
1678 770 1727 815 et

174 849 308 904 Isaia
326 852 483 921 Lm).
516 851 687 906 Vides
725 866 884 920 quam
936 850 1176 906 breviter
1214 866 1398 906 sermo
1446 853 1720 921 Aposmli-

172 959 249 998 cns
283 953 455 1010 quanta
500 945 749 999 dixerit?
779 943 1113 1012 Sapientiam
1147 960 1205 1000 se
1248 944 1393 1016 loqui
1442 948 1593 1013 dicit,
1627 948 1724 1003 sed

171 1034 442 1106 sapientiam
468 1054 625 1107 quant
661 1035 886 1103 perfecti
924 1038 1299 1092 tantummodo
1347 1040 1518 1093 sciant
1546 1082 1559 1106 ,
1592 1056 1722 1111 pru-

167 1129 329 1183 dentes
370 1131 541 1185 steculi
592 1130 860 1184 nesciant.
904 1129 1001 1184 Dei
1032 1132 1177 1184 enim
1211 1131 1347 1185 hanc
1380 1133 1453 1186 ait
1482 1148 1602 1188 esse
1634 1149 1723 1189 sa-

165 1220 545 1293 picntiam,qu:e
574 1222 642 1277 sit
671 1222 854 1277 divino
885 1231 1025 1276 tecta
1060 1224 1342 1293 mysterio,
1376 1235 1429 1277 et
1456 1234 1579 1279 ante
1609 1240 1725 1279 om-

162 1314 235 1367 nia
258 1316 439 1370 szecula
464 1318 511 1370 in
535 1328 843 1371 sanctorum
868 1316 1093 1386 gloriam
1116 1316 1533 1384 prmdestinata;
1562 1328 1725 1386 atque

162 1408 269 1463 ideo
294 1425 400 1463 eam
432 1410 506 1464 bis
540 1421 744 1465 tantum
798 1409 889 1480 qui
922 1409 1089 1463 Deum
1142 1409 1359 1479 sapiunt
1390 1425 1509 1465 esse
1538 1411 1723 1481 cognio

159 1512 277 1565 tam,
304 1503 630 1571 principibus
660 1513 840 1558 autem
889 1503 1076 1556 smculi
1109 1503 1270 1573 hujus
1314 1505 1527 1573 penitus
1574 1505 1725 1575 igno-

159 1603 267 1647 tam.
294 1594 516 1650 Causam
549 1607 727 1650 autem
776 1594 1048 1663 subdidit,
1104 1611 1207 1664 qua
1261 1608 1549 1667 utrumque
1577 1597 1721 1666 quod

155 1686 335 1743 dixerat
366 1688 770 1757 comprobaret,
794 1688 978 1743 dicens
1004 1704 1017 1742 :
1074 1688 1136 1743 Si
1164 1689 1309 1743 enim
1338 1691 1718 1759 cognovissent,

1827 485 2095 554 Apostolo
2127 492 2357 554 partem,
2392 482 2594 537 habeas
2627 493 2679 538 tu
2710 500 2937 541 necesse
2975 495 3061 542 est
3094 500 3215 540 cum
3243 500 3428 556 perse-

1827 578 2119 645 quentibus
2162 577 2488 647 portionem.
2533 576 2674 644 Quid
2705 592 2834 648 ergo
2882 586 2965 633 est
3001 578 3086 634 hic
3112 577 3223 648 jam
3276 577 3423 647 quod

1828 669 1936 724 dici
1971 670 2179 739 queat?
2211 669 2498 723 Dominum
2532 669 2829 740 majestatis
2856 671 3170 727 cruciﬁxum
3194 671 3427 743 Apostoc

1827 762 1911 817 lus
1940 763 2072 817 dicit
2099 782 2109 814 :
2143 762 2366 817 immuta
2395 762 2497 817 hoc
2525 764 2571 816 si
2606 771 2789 832 potes;
2824 779 3015 835 separa
3060 780 3228 829 nunc,
3258 766 3301 820 si
3332 780 3427 820 va-

1830 856 1910 911 les
1935 900 1948 921 ,
1982 857 2166 911 .lesnm
2198 872 2228 909 a
2260 856 2389 911 Deo.
2422 856 2757 911 Cruciﬁxum
2805 866 2955 912 certe
2978 872 3007 912 a
3035 855 3243 912 Jndazis
3268 856 3427 913 Chri-

1830 959 1970 1003 stum
2002 967 2202 1021 negare
2231 966 2335 1006 non
2370 958 2544 1020 potes.
2596 950 2702 1005 Sed
2745 949 3000 1005 Dominus
3028 951 3326 1021 majestatis
3348 960 3429 1009 est

1826 1042 1913 1112 qui
1967 1046 2260 1100 cruciﬁxus
2296 1054 2420 1107 est,
2465 1059 2597 1114 ergo
2639 1058 2861 1099 necesse
2888 1054 2971 1100 est
3019 1052 3111 1099 aut
3155 1044 3425 1101 Christum

1826 1135 2042 1190 aftixum
2087 1152 2211 1193 esse
2252 1137 2307 1193 in
2338 1152 2501 1193 cruce
2544 1137 2817 1208 deneges,
2849 1145 2943 1192 aut
2984 1135 3151 1192 Deum
3200 1133 3426 1192 afﬁxam

1826 1242 1949 1284 esse
1972 1227 2213 1285 fatearis.

2441 1298 2668 1356 CAPUT
2717 1299 2815 1356 XI.

1828 1390 2158 1463 Evangelicis
2190 1393 2490 1447 testimoniis
2518 1394 2750 1447 eamdem
2786 1391 3079 1446 doctrinam
3105 1393 3425 1450 corroborat.

1898 1504 2003 1561 Sed
2030 1508 2165 1560 torte
2185 1505 2409 1560 offendit
2432 1515 2482 1561 te
2503 1506 2644 1577 quod
2672 1504 2873 1559 tamdiu
2896 1506 3056 1560 unius
3076 1504 3164 1560 vel
3190 1505 3425 1563 maxime

1833 1598 1980 1652 Pauli
2007 1599 2237 1668 apostoli
2270 1599 2594 1654 testimoniis
2624 1598 2838 1669 loquor.
2865 1597 3010 1653 Satis
3037 1596 3168 1651 mihi
3196 1596 3424 1655 idoneus

1829 1699 1916 1745 est
1944 1706 2104 1757 quem
2147 1691 2309 1760 elegit
2335 1690 2510 1758 Deus;
2555 1706 2656 1746 nec
2681 1691 2824 1745 enim
2858 1690 3121 1746 erubesco
3147 1706 3269 1746 eum
3298 1690 3423 1750 ﬁdei

154 1799 412 1853 numquam
467 1780 747 1835 Dominum
814 1783 1091 1852 majestatis
1157 1783 1552 1851 cruciﬁxissenl.
1616 1781 1721 1837 Sed
1752 1792 1802 1853 B
1828 1798 1963 1838 meas
1990 1783 2189 1838 habere
2220 1794 2436 1850 testem,
2469 1799 2631 1854 quem
2664 1783 2807 1838 Deus
2836 1783 3004 1838 voluit
3037 1784 3221 1839 mundi
3259 1786 3424 1842 t0tius

148 1875 395 1945 scriptum
430 1884 549 1928 est:
577 1874 725 1939 Quod
752 1874 920 1926 oculus
951 1892 1053 1927 non
1081 1874 1232 1939 vidit,
1268 1891 1359 1928 nec
1391 1876 1530 1927 auris
1560 1876 1717 1928 audi-

147 1967 228 2030 rit,
258 1982 352 2019 nec
378 1967 429 2019 in
461 1982 548 2019 cor
576 1966 785 2019 nominis
816 1967 1062 2030 ascendit,
1100 1982 1213 2036 qua:
1240 1968 1551 2037 pra'paravit
1581 1966 1719 2022 Deus

146 2056 209 2110 Itis
235 2057 326 2127 qui
359 2058 584 2128 diligunt
611 2074 742 2111 eum.
776 2057 937 2113 Vides
984 2074 1112 2129 ergo
1161 2058 1300 2128 quod
1328 2059 1589 2127 sapientia
1622 2059 1717 2113 Dei

148 2152 187 2204 in
213 2153 464 2222 mysterio
488 2152 820 2217 abscondita,
859 2162 912 2207 et
938 2163 1065 2206 ante
1090 2154 1288 2208 smeula
1317 2154 1717 2221 praedi-Stinata,

148 2242 214 2297 bis
232 2243 319 2299 fuit
348 2246 638 2315 incognita,
670 2247 759 2315 qui
790 2245 1091 2314 majcsmtts
1122 2246 1409 2299 Demittunt
1437 2246 1720 2301 crucilixe-

150 2336 288 2389 lunt?
315 2335 395 2390 bis
427 2350 617 2392 autem
644 2339 857 2407 cognita
893 2339 982 2408 qui
1013 2347 1376 2407 susceperunt
1408 2339 1427 2389 ?
1460 2338 1604 2394 Bene
1627 2356 1721 2394 au-

151 2436 230 2483 tem
252 2431 296 2484 in
319 2431 584 2503 mysterio
608 2432 983 2485 absconditam
1016 2432 1149 2485 dicit
1178 2432 1271 2487 Dei
1307 2434 1473 2486 fuisse
1502 2433 1722 2499 sapien—

149 2524 268 2587 tiam,
296 2525 411 2593 quia
459 2525 667 2579 nullius
708 2526 808 2579 hoc
838 2541 1092 2593 umquam
1128 2525 1364 2580 hominis
1418 2526 1504 2580 vel
1535 2527 1721 2581 oculus

148 2616 326 2683 ridere,
377 2619 462 2673 vel
516 2618 711 2671 audire
755 2618 938 2683 auris,
990 2618 1074 2671 vel
1104 2633 1199 2671 cor
1227 2618 1398 2684 potuit
1441 2620 1718 2687 cogitare,

150 2709 255 2775 quod
301 2712 608 2781 majestatis
658 2710 915 2764 Dominus
959 2710 1043 2765 vel
1098 2710 1408 2765 nasciturus
1457 2721 1601 2765 esset
1647 2729 1719 2767 ex

148 2800 347 2873 Virgine,
381 2807 469 2861 vel
505 2815 776 2859 venturus
808 2804 863 2857 in
889 2819 1074 2870 carne,
1120 2806 1207 2858 vel
1238 2806 1383 2857 omni
1408 2805 1721 2862 afﬁciendus

148 2906 281 2960 pinnae
307 2905 361 2951 et
388 2896 751 2951 contumelia:
784 2896 1056 2965 passione.
1110 2895 1215 2951 Sed
1250 2896 1366 2950 haec
1409 2897 1595 2966 utilue
1626 2900 1717 2955 Dei

146 2984 266 3055 dona,
294 2989 441 3045 sicut
479 3006 645 3043 nemo
670 2990 890 3058 estqui,
940 3004 1060 3042 cum
1090 3000 1275 3043 essent
1314 2990 1629 3044 abscondita
1666 2992 1718 3046 in

148 3086 387 3150 mysterio,
426 3097 635 3151 sapere
660 3097 913 3150 umquam
944 3097 1038 3149 per
1061 3097 1119 3135 se
1154 3081 1413 3149 patuerit,
1440 3081 1509 3133 ita
1534 3082 1721 3136 beatus

1823 1892 1945 1932 esse
1976 1876 2279 1931 doctorem.
2315 1876 2422 1932 Sed
2452 1885 2635 1931 tamen
2665 1884 2724 1930 ut
2752 1876 3090 1946 acquiescam
3120 1878 3174 1932 in
3199 1877 3303 1934 hoc
3329 1893 3423 1935 νος

1824 1968 2016 2024 Iuntati
2052 1980 2177 2036 tum,
2206 1972 2295 2039 qui
2330 1968 2529 2025 habere
2560 1985 2645 2024 me
2672 1969 2856 2023 forsan
2886 1970 3020 2024 alios
3048 1986 3275 2041 quorum
3303 1982 3423 2030 utar

1824 2063 2152 2117 testimoniis
2181 2078 2287 2117 non
2327 2062 2635 2129 arbitraris,
2681 2061 2807 2116 audi
2840 2062 3136 2132 perlectum
3171 2064 3423 2123 humana

1823 2156 2010 2210 salutis
2062 2166 2117 2210 et
2171 2156 2515 2224 sempiternae
2576 2153 2923 2210 beatitudinis
2978 2168 3421 2227 sacramentum,

1823 2247 2090 2301 Martham
2126 2250 2179 2301 in
2208 2246 2502 2317 Evangelio
2533 2247 2936 2315 prmdicantem.
2971 2246 3109 2314 Quid
3135 2249 3281 2303 enim
3312 2248 3425 2304 ait!

1828 2341 2037 2413 Utique,
2073 2343 2310 2407 Domine,
2341 2350 2367 2379 ⁸
2395 2358 2486 2412 ego
2516 2342 2713 2396 credidi
2740 2342 2862 2410 quia
2899 2350 2954 2394 tu
2980 2357 3034 2395 es
3066 2339 3301 2397 Christus
3328 2339 3424 2397 Fi-

1824 2436 1923 2491 lius
1956 2434 2052 2489 Dei
2078 2436 2196 2499 vivi,
2225 2436 2314 2502 qui
2341 2437 2394 2487 in
2423 2434 2557 2488 [tunc
2588 2433 2834 2487 mundum
2876 2434 3054 2487 venistt
3083 2432 3279 2506 (Joan.
3310 2434 3422 2508 XI

1826 2527 1983 2585 Disce
2026 2546 2054 2584 a
2101 2528 2332 2583 muliere
2382 2527 2541 2580 ﬁdem
2589 2541 2798 2593 veram,
2845 2526 2997 2583 disce
3043 2535 3263 2584 aeternae
3305 2528 3422 2599 spei

1826 2622 2249 2679 confessionem.
2300 2620 2478 2675 Habes
2522 2630 2698 2675 tamen
2743 2620 2948 2689 grande
2996 2621 3283 2688 solatium;
3314 2637 3422 2684 non

1826 2715 2116 2771 erubescas
2149 2714 2217 2768 ab
2257 2728 2319 2768 ea
2349 2722 2747 2769 sacramentum
2793 2712 2983 2768 salutis
3032 2728 3352 2783 agnoscere,
3393 2727 3422 2773 a

1823 2822 1929 2879 qua
1969 2805 2337 2863 testiinonium
2372 2806 2515 2861 Deus
2543 2821 2647 2859 non
2688 2802 2945 2860 refutavit
2970 2805 3244 2875 accipere.

2423 2916 2650 2973 CAPUT
2691 2914 2809 2971 XII.

1830 3016 1909 3071 Ea:
1938 3013 2003 3069 B.
2038 3014 2182 3069 Petri
2212 3011 2570 3065 laudatissima
2599 3008 2919 3128 confessione
2958 3006 3219 3061 Christum
3256 3006 3423 3068 Deum

2422 3097 2530 3128 €888
2560 3094 2789 3128 εοηινιηει
2818 3116 2835 3128 .

2422 3097 2530 3135 €888
2560 3094 2835 3133 εοηυιιιειι.

149 3186 197 3227 tu
216 3178 292 3245 qui
327 3177 589 3235 revelata
620 3175 891 3243 cognovit.
930 3174 1081 3228 Unde
1107 3176 1437 3243 quicumque
1466 3188 1583 3227 eain
1615 3189 1723 3227 non
1751 3179 1797 3239 C
1900 3178 2055 3243 Quod
2097 3178 2143 3231 si
2186 3174 2481 3227 auctoritas
2528 3172 2622 3223 tibi
2674 3167 2859 3221 forsan
2905 3181 3152 3237 personis
3202 3172 3426 3243 majoris

150 3277 453 3333 agativertmt
475 3309 492 3330 ,
548 3280 767 3319 necesse
816 3265 1116 3318 habeantur
1148 3267 1288 3317 inter
1322 3264 1593 3332 principes
1623 3282 1729 3319 sa:-

150 3362 233 3429 tali;
270 3364 373 3432 qui
413 3371 613 3414 autem
644 3366 1051 3426 cognoverunt,
1100 3357 1244 3411 inter
1288 3357 1561 3427 sapientes
1606 3358 1723 3414 Dei.

148 3450 227 3507 Non
247 3450 525 3526 agnoscit
550 3464 681 3519 ergo
712 3449 881 3503 Deum
907 3449 957 3502 in
986 3464 1148 3503 carne
1180 3459 1385 3515 natum,
1415 3450 1506 3517 qui
1532 3460 1721 3520 negat;

152 3559 238 3617 ergo
253 3561 294 3605 et
318 3563 426 3603 vos
452 3558 568 3599 non
599 3542 912 3613 agnoscitis,
940 3545 1029 3612 qui
1066 3543 1289 3613 negatis.
1320 3544 1423 3598 Sed
1457 3543 1720 3612 quidlibet

151 3634 328 3703 faciatis,
355 3634 670 3711 quamlibet
702 3635 865 3704 impie
906 3637 1133 3704 negetis,
1170 3651 1267 3689 nos
1308 3635 1425 3703 plus
1455 3636 1717 3702 Apostolo

152 3735 396 3788 credimus.
429 3731 506 3786 Et
532 3729 658 3798 quid
678 3727 941 3797 Apostoln
965 3729 1125 3782 dico?
1149 3729 1267 3797 plus
1289 3728 1398 3782 Deo
1421 3728 1714 3782 credimus.

152 3823 381 3892 lpsienim
414 3842 522 3896 per
564 3824 883 3893 Apostolntn
931 3824 1242 3885 credimus.
1277 3839 1437 3893 quem
1477 3823 1715 3878 locutum

152 3914 187 3969 in
207 3922 443 3988 Apostolo
468 3916 614 3973 certi
638 3931 846 3970 sumus.
874 3915 1159 3969 Dominum
1190 3915 1490 3984 majestatis
1532 3930 1720 3971 sermo

152 4009 319 4067 divinus
332 4012 668 4070 cruciﬁxum
687 4025 714 4063 a
733 4010 1066 4077 principibus
1091 4008 1253 4077 hujus
1268 4010 1451 4063 δίπρυΙί
1475 4009 1637 4075 dicit;
1662 4018 1717 4065 tu

151 4115 292 4173 negas,
316 4118 367 4161 et
396 4108 477 4163 illi
503 4107 777 4174 negabant
799 4102 969 4158 Deum
997 4117 1053 4158 se
1080 4103 1397 4171 cruciﬁgere
1425 4103 1517 4172 qui
1541 4103 1717 4157 cruci-

1832 3268 2011 3338 placet
2038 3265 2325 3335 (quamvis
2364 3260 2566 3315 nullius
2605 3258 2896 3327 displicere
2938 3258 3019 3314 vel
3065 3275 3295 3329 persona
3336 3264 3424 3322 vel

1830 3373 1993 3415 sexus
2019 3357 2217 3411 debeat
2247 3352 2334 3409 cui
2366 3349 2640 3408 confessio
2681 3349 3004 3405 sacramenti
3045 3354 3424 3414 auctoritatem

1826 3452 1976 3517 facit,
2014 3449 2137 3520 quia
2170 3446 2467 3513 quamlibet
2510 3443 2750 3499 conditio
2797 3445 3115 3515 cujusquam
3150 3456 3243 3501 ant
3273 3447 3423 3505 locus

1824 3547 2001 3600 minor
2027 3543 2118 3609 sit,
2153 3541 2323 3595 virtus
2352 3550 2529 3594 tamen
2568 3538 2692 3593 ﬁdei
2717 3538 2888 3592 nescit
2919 3538 3224 3609 imminui),
3253 3539 3422 3599 inter.

1820 3650 2071 3707 rogemus
2118 3644 2298 3687 tamen
2322 3646 2427 3686 non
2460 3629 2803 3701 incipientem
2849 3629 3081 3702 aliquem
3133 3633 3419 3702 puerulum

1822 3729 1976 3798 cujus
2006 3725 2269 3780 institutio
2296 3723 2470 3787 rudis,
2507 3731 2601 3776 aut
2641 3721 2894 3776 feminam
2943 3725 3101 3793 cujus
3132 3724 3262 3783 ﬁdes
3308 3728 3418 3784 for-

1821 3825 1963 3879 sitan
1993 3820 2238 3874 videatur
2270 3816 2555 3884 incipiens,
2585 3814 2680 3868 sed
2709 3829 2980 3869 summum
3010 3818 3163 3871 illum
3195 3830 3249 3874 et
3279 3820 3420 3880 inter

1825 3913 2118 3981 discipulos
2139 3907 2487 3977 disoipulum,
2512 3917 2563 3959 et
2595 3905 2738 3958 inter
2762 3904 3051 3974 magistros
3081 3909 3419 3982 magistrum,

1823 4004 1852 4045 ι)
1875 4008 1962 4077 qui
1997 4008 2255 4059 Romana:
2284 3999 2542 4055 Ecclesiae
2556 3997 2980 4068 gubernaculum
3014 4013 3232 4069 regens,
3265 4013 3289 4042 e
3318 4005 3419 4061 εις,

1824 4110 1884 4155 ut
1930 4098 2052 4154 ﬁdei
2103 4095 2309 4161 habuit,
2354 4094 2427 4149 ita
2468 4102 2524 4148 et
2570 4089 2859 4148 sacerdotii
2898 4090 3279 4163 principatum.
3324 4095 3420 4159 Dic

1216 4214 1473 4270 ALARDI
1514 4213 1745 4269 GAZ/El
1783 4208 2351 4268 COMMENTARIUS.

153 4307 342 4371 Thomas
383 4315 435 4368 in
478 4311 893 4368 Commentario
944 4312 1101 4364 docet
1147 4323 1309 4377 posse
1364 4307 1588 4378 intelligi
1639 4309 1707 4363 de

156 4385 303 4449 lriplici
341 4401 548 4455 genere
594 4384 933 4450 principum:
970 4381 1291 4445 Smculares,
1334 4379 1537 4445 inquit,
1564 4381 1706 4455 prin-

154 4465 256 4517 ttpcs
296 4452 420 4511 tuine
454 4457 775 4523 sapientiam
801 4470 901 4507 non
947 4462 1321 4523 cognoverunt,
1348 4454 1467 4519 quia
1508 4452 1706 4505 excedit

156 4528 358 4581 rationem
397 4527 623 4581 humani
654 4527 932 4595 regiminis.
969 4523 1279 4590 PhilosOphi
1326 4542 1425 4595 non
1450 4538 1707 4595 cognove-

155 4607 268 4667 ζωή,
295 4602 409 4667 quia
434 4598 640 4653 excedit
688 4592 943 4650 rationem
981 4596 1280 4647 humanam.
1339 4592 1499 4667 Unde
1519 4593 1707 4667 dicitur

155 4660 325 4720 Barqu
351 4686 405 4723 ιιι
447 4687 461 4723 :
517 4667 879 4739 Exquisitores
921 4668 1207 4739 prudentia:
1243 4672 1291 4717 et
1318 4663 1545 4717 scientia:
1576 4662 1709 4713 viam

156 4739 382 4799 sapientia:
410 4743 719 4794 nescierunt.
753 4738 1020 4793 Damones
1042 4741 1194 4790 etiam
1228 4752 1331 4788 non
1361 4744 1707 4804 cognoscunt,

155 4809 251 4873 quia
277 4813 459 4864 excedit
490 4828 695 4865 omnem
718 4811 1025 4878 sapientiam
1066 4816 1315 4863 creatam.

210 4890 228 4914 η
266 4880 351 4935 His
378 4884 553 4937 Verbis
579 4874 815 4935 breviter
836 4881 1083 4935 confessa
1109 4888 1191 4934 est
1211 4876 1414 4932 Martha
1444 4874 1708 4945 quidquid

157 4946 205 5024 tle
226 4951 421 5009 Christo
452 4963 669 5024 poterat
712 4953 959 5009 confiteri
992 4950 1160 5020 (Vide
1205 4949 1443 5024 Maldon.
1486 4948 1541 5024 in
1569 4946 1710 5000 hunc

159 5017 352 5092 locum),
384 5017 499 5094 ejus
548 5025 758 5079 scilicet
799 5017 1134 5094 divinitatem
1184 5034 1237 5076 et
1282 5019 1705 5094 ltntnnttitatenl;

160 5094 262 5147 nihil
280 5089 669 5165 enim'amplius
693 5097 887 5151 Petrus
914 5093 1195 5149 confessus
1221 5101 1304 5147 est
1326 5089 1562 5165 Matthzei
1592 5103 1705 5156 xvr,

162 5176 253 5216 cum
276 5165 508 5225 Christus
532 5162 656 5223 eum
678 5168 894 5223 beatum
923 5166 1233 5230 appellavit,
1265 5172 1319 5217 et
1345 5178 1506 5223 super
1532 5162 1706 5229 ipsum

163 5229 413 5293 Eulesiatn
446 5255 601 5293 suam
634 5256 691 5293 se
721 5239 1067 5293 fundatnrutn
1100 5237 1362 5302 promisit.
1395 5234 1532 5300 Quin
1560 5232 1700 5287 Petri

163 5306 439 5366 confessioni
476 5312 582 5366 hoc
612 5314 772 5365 etiam
805 5310 1044 5363 addidit:
1073 5310 1174 5373 Qui
1204 5310 1255 5360 in
1288 5308 1423 5360 hunc
1455 5305 1702 5357 mundum

165 5379 323 5451 venisti,
350 5393 405 5437 ut
436 5384 708 5451 “opertus
731 5380 1104 5435 animadvertit
1130 5396 1143 5444 ;
1177 5379 1385 5451 quibus
1406 5376 1585 5430 verbis
1614 5390 1706 5429 no-

168 5448 269 5523 “fit
301 5448 539 5510 alliciunt
572 5469 635 5509 ac
675 5456 988 5523 mysterium
1030 5449 1439 5523 redemptionis
1470 5459 1700 5523 postne,

168 5519 232 5591 (illi
252 5520 337 5579 fuit
360 5526 479 5580 linis
507 5534 557 5580 et
585 5518 782 5591 scapus
805 5525 1065 5577 adventus
1097 5531 1152 5576 et
1180 5518 1567 5575 incarnationis
1588 5518 1705 5570 Do-

169 5588 357 5650 mittiue.
388 5598 468 5652 Ad
500 5600 603 5651 hoc
634 5588 780 5651 enim
811 5596 963 5647 venit
992 5592 1158 5646 Filius
1192 5592 1451 5654 hominis,
1487 5599 1541 5641 ut
1568 5602 1708 5657 qua:-

171 5672 326 5737 "Wet
345 5670 538 5723 salvum
565 5670 757 5737 faceret
776 5666 911 5736 quod
942 5665 1162 5737 perierat
1191 5661 1352 5737 (Luc.
1378 5676 1466 5737 ius
1488 5658 1526 5727 ).

218 5731 244 5807 ἢ
274 5735 543 5807 Eusebius,
565 5731 666 5794 lib.
690 5754 725 5792 ιι
753 5731 890 5792 Hist.
916 5752 1034 5802 cap.
1068 5734 1150 5798 ll,
1178 5736 1246 5807 de
1269 5731 1430 5807 Petro
1458 5734 1709 5807 loquens:

175 5796 412 5879 “utaris,
443 5796 634 5880 inquit,
664 5796 1052 5877 praedicationis
1084 5796 1256 5870 verba,
1279 5803 1473 5870 primus
1504 5796 1558 5857 in
1588 5800 1711 5858 urbe

1815 4307 1983 4362 Roma
2030 4304 2304 4376 Evangelii
2343 4301 2696 4376 suiqclavtbus
2733 4305 2959 4376 januam
3003 4304 3150 4376 regni
3196 4304 3418 4364 celestis

1810 4381 2033 4449 aperuit.
2071 4374 2199 4431 Lco'
2225 4391 2391 4449 ser_m.
2430 4374 2567 4449 I_de
2610 4375 2788 4449 Natali
2837 4374 3205 4449 apostolorum
3240 4392 3256 4432 :
3288 4376 3417 4435 Cum

1809 4444 2035 4519 apostoli
2083 4447 2410 4519 imbuendum
2465 4444 2745 4519 Evangelia
2792 4448 3073 4519 mundum,
3116 4450 3413 4519 distributis

1808 4515 1905 4574 sibi
1928 4533 2183 4573 terrarum
2213 4515 2471 4587 partibus,
2492 4515 2852 4580 suscepissent,
2878 4516 3196 4587 beatissimus
3223 4516 3416 4570 Petrus

1809 4592 2046 4659 princeps
2067 4585 2338 4656 apostolici
2348 4586 2577 4659 ordinis,
2600 4587 2666 4637 ad
2683 4601 2856 4659 arcem
2882 4585 3102 4659 Romani
3128 4587 3415 4659 destinatur

1811 4654 2040 4725 imperii,
2069 4654 2122 4709 ut
2151 4663 2234 4709 lea:
2256 4654 2509 4725 veritatis,
2535 4670 2648 4719 qua:
2676 4656 2729 4707 in
2761 4656 2988 4725 omnium
3014 4655 3245 4721 gentium
3267 4671 3411 4709 reve-

1739 4716 1787 4777 D
1813 4716 2283 4787 labatur'salutem,
2324 4716 2581 4793 efﬁcacius
2609 4740 2663 4776 se
2692 4726 2756 4776 ab
2794 4724 2903 4793 ipso
2934 4716 3098 4789 capite
3130 4739 3221 4792 per
3248 4734 3415 4780 totum

1815 4800 1995 4855 mundi
2014 4814 2201 4869 corpus
2223 4796 2298 4865 (17
2296 4795 2533 4851 underet.
2569 4795 2634 4850 Et
2656 4794 2888 4862 PrOSper
2909 4793 3050 4849 libro
3071 4794 3139 4852 de
3159 4795 3413 4866 Ingratis:

1905 4913 2068 4967 Sedes
2088 4910 2239 4961 Roma
2262 4911 2422 4971 Petri,
2447 4923 2575 4975 quae,
2594 4906 2851 4975 pastoralis
2870 4907 3072 4975 honoris

1906 4977 2053 5027 Facta
2078 4982 2223 5039 caput
2241 4975 2441 5037 mundo,
2464 4970 2700 5037 Quidquid
2724 4983 2821 5020 non
2844 4970 3063 5034 possidet
3085 4974 3249 5037 armis,

1908 5039 2188 5103 Relligione
2212 5045 2373 5089 tenet.

1887 5170 1908 5197 ο
1950 5157 2006 5214 S.
2037 5157 2150 5213 Leo
2180 5171 2344 5211 serm.
2378 5153 2413 5207 5
2437 5152 2489 5206 in
2516 5150 2930 5207 anniversario:
2960 5150 3034 5205 De
3059 5159 3185 5216 toto,
3215 5150 3413 5220 inquit,

1811 5234 2001 5285 mundo
2050 5246 2183 5282 unus
2234 5227 2419 5280 Petrus
2451 5223 2676 5292 eligitur,
2708 5224 2791 5292 qui
2817 5234 2863 5276 et
2891 5222 3245 5292 universaru_m
3292 5237 3413 5291 gert

1812 5304 1940 5355 tium
1960 5301 2216 5353 vocatioui
2237 5343 2250 5365 ,
2279 5308 2324 5349 et
2347 5290 2582 5349 omnibus
2603 5290 2848 5367 apostolis
2870 5290 3415 5367 cunctisqueEcclesim

1816 5371 2062 5425 Patribns
2094 5360 2446 5438 prteponatur,
2480 5375 2533 5420 ut
2557 5360 2784 5434 quamvis
2830 5368 2885 5418 in
2916 5360 3104 5434 popqu
3138 5360 3233 5416 Dei
3263 5362 3413 5438 multi

1815 5435 2104 5497 sacerdotes
2135 5435 2235 5493 sint
2261 5438 2506 5506 multique
2536 5447 2790 5505 pastores,
2815 5449 2988 5506 omnes
3010 5442 3178 5506 tamen
3203 5435 3413 5506 proprie

1818 5524 1958 5585 regat
1993 5513 2200 5585 Petrus,
2229 5526 2357 5585 quos
2385 5502 2742 5585 principaliter
2770 5505 2897 5585 regit
2929 5513 2975 5557 et
2989 5502 3254 5585 .Cltristus.
3291 5504 3409 5585 dia-

1818 5526 1958 5585 t‘egat
1993 5526 2200 5574 t’etrus,
2229 5526 2357 5633 quos
2385 5526 2742 5575 prmapattter
2770 5526 2897 5585 regit
2929 5526 3254 5587 etennstus.
3291 5526 3338 5556 tu
3353 5526 3409 5556 a-

1818 5602 1976 5656 gnum
2018 5594 2063 5636 et
2102 5583 2230 5635 mira
2268 5582 2356 5656 ile,
2379 5580 2741 5656 dilectissimi,
2788 5577 2908 5656 huic
2950 5592 3060 5656 tura
3091 5579 3412 5656 consortium

1820 5645 2060 5726 potentia:
2088 5668 2197 5707 sua:
2235 5652 2410 5726 tribuit
2440 5651 2613 5726 divina
2655 5650 2915 5726 dignatim
3057 5648 3101 5701 si
3128 5646 3251 5711 quid
3296 5662 3411 5700 cum

1819 5719 1878 5781 eo
1908 5742 2174 5781 commune
2205 5724 2400 5779 cazteris
2430 5723 2586 5777 voluit
2619 5719 2726 5776 esse
2752 5719 3092 5789 principibus,
3130 5732 3411 5789 numquam

1820 5800 1919 5855 nisi
1942 5815 2037 5867 per
2061 5799 2227 5867 ipsum
2255 5796 2396 5852 dedit
2418 5795 2665 5865 quidquid
2694 5788 2812 5852 aliis
2838 5807 2937 5848 non
2967 5790 3187 5859 negavit.
3223 5788 3420 5873 Omnes
