3976 6180
524 217 594 281 ω
1862 210 2146 272 JOANNIS
2181 209 2494 272 cassum
2969 169 2972 172 ’
3319 220 3322 223 ·
3748 205 3813 295 ῳ

526 329 685 416 nobis
703 338 863 408 ergo,
896 324 984 382 die
1021 324 1199 404 nobis,
1238 322 1570 396 quaesumus,
1613 322 1869 394 princeps
1913 333 2130 396 aposto-
2158 332 2204 420 ᾼ
2239 324 2381 380 idem
2403 331 2549 380 esset
2568 319 3189 394 oraoresponsionisqui
3221 319 3603 398 erathonoris;
3633 322 3810 392 etipse

529 411 706 478 lorum
738 411 920 488 Petro,
961 420 1047 477 die
1089 419 1544 491 quemadmodum
1594 417 1818 473 credere
1864 418 2124 474 Ecclesia:

525 517 694 601 Deum
727 516 996 573 debeant?
1023 531 1229 586 aequum
1261 524 1343 570 est
1373 516 1514 569 enim
1542 526 1598 568 ut
1631 513 1827 568 doceas
1868 528 1988 581 nos,
2021 513 2124 567 do-

523 623 643 669 etus
669 627 696 664 a
731 611 980 688 Domino,
1015 618 1069 662 et
1109 607 1324 677 aperias
1371 607 1525 661 nobis
1550 606 1798 675 januam,
1834 606 1987 674 cujus
2015 605 2126 659 cla-

524 720 647 760 vem
675 687 951 773 accepisti.
985 699 1222 755 Exclude
1247 714 1437 754 omnes
1464 697 1818 753 sufl‘odientes
1841 697 2123 753 caelestem

525 801 770 876 domum,
801 810 856 872 et
882 815 975 876 eos
1002 799 1092 869 qui
1125 813 1222 870 per
1253 797 1588 852 adulterinas
1627 811 1894 874 cavernas
1934 806 1987 851 et
2021 794 2125 849 illi-

524 875 661 970 citos
701 875 905 948 intrare
947 892 1124 946 aditus
1158 889 1452 958 moliuntur
1481 898 1700 953 averte,
1749 889 1874 958 quia
1910 895 2121 942 certum

523 998 604 1044 est
630 987 771 1070 quod
797 985 973 1054 nullus
994 985 1191 1038 ostium
1217 983 1364 1051 regni
1392 984 1599 1037 intrare
1626 971 1842 1050 poterit,
1866 979 1968 1034 nisi
1989 988 2014 1016 ι
2036 977 2125 1034 cui

522 1065 686 1160 clavis
717 1096 746 1160 ξι
781 1090 831 1135 te
867 1083 917 1158 in
955 1075 1212 1138 Ecclesiis
1245 1065 1513 1131 collocata
1547 1065 1812 1147 [collata]
1844 1073 2119 1129 rcserarit.

523 1155 622 1228 Dic.
643 1155 771 1243 ergo
794 1155 1252 1242 quemadmodum
1283 1169 1516 1222 credere
1545 1165 1727 1220 Jesum
1761 1163 2036 1219 Christum
2068 1171 2124 1218 et

521 1267 768 1323 confiteri
807 1279 1156 1321 communem
1185 1261 1475 1342 Dominum
1509 1259 1826 1334 debeamus.
1880 1260 2124 1327 Respon-

520 1362 672 1440 debis
697 1363 884 1437 ptique
907 1359 1112 1432 abstini:
1141 1356 1307 1436 dubie
1336 1371 1350 1409 :
1384 1354 1521 1434 Quid
1566 1369 1650 1410 me
1681 1353 1922 1434 consulis
1953 1352 2125 1422 quali-

521 1464 604 1526 ter
633 1455 894 1526 Dominus
915 1449 1258 1505 confitendus
1281 1450 1369 1526 sit,
1397 1464 1518 1502 cum
1543 1447 1746 1500 ltabeas
1769 1447 1997 1517 qualiter
2019 1445 2120 1499 sim

523 1519 775 1616 ego'ipsc
802 1521 1121 1597 confessus?
1151 1519 1293 1620 Lege
1327 1539 1700 1614 iiv.inge.lium,
1727 1546 1780 1591 ct
1804 1555 1908 1591 nou
1942 1537 2123 1607 requi-

519 1630 607 1718 res
628 1652 909 1714 personam
934 1617 1124 1698 meam,
1147 1617 1267 1686 cum
1291 1632 1490 1686 habeas
1509 1629 1902 1710 confessionem
1925 1646 2124 1696 meam;

520 1733 687 1812 inuno
717 1731 827 1786 illic
851 1729 1017 1783 habes
1046 1743 1332 1808 personant
1366 1742 1563 1790 meam,
1599 1728 1688 1780 ubi
1719 1727 2114 1803 confessionem
2149 1743 2198 1818 Β

520 1807 722 1904 mea-tn,
775 1825 898 1908 quia
947 1813 1070 1898 cum
1125 1807 1352 1902 persona
1403 1837 1518 1896 mea
1571 1821 1948 1898 auctoritatem
2003 1818 2122 1874 sine
2163 1807 2192 1839 ξ’

520 1905 860 1996 confessione
888 1935 994 1972 non
1024 1917 1237 1994 habeat,
1271 1915 1562 1988 auctoritas
1597 1922 1679 1968 est
1707 1927 1956 1994 personm
1987 1927 2122 1966 mea:

521 2016 634 2098 ipsa
662 2013 952 2086 confessio.
989 2009 1080 2082 Dic
1107 2025 1258 2082 ergo,
1296 2009 1652 2100 evangelista,
1688 2001 1773 2059 die
1804 2006 1961 2058 nobis
1992 2021 2125 2080 con-

521 2096 815 2163 fessionem
846 2123 856 2158 :
891 2104 978 2176 dic
1007 2102 1203 2178 sumini
1251 2099 1412 2174 fidem
1439 2096 1720 2172 'apostoli,
1778 2096 2124 2150 hominemne

522 2181 728 2274 tantum
760 2197 1045 2274 confessus
1076 2194 1145 2274 sit
1171 2191 1377 2268 lesum,
1409 2207 1474 2244 an
1505 2189 1704 2254 Detnn;
1739 2204 1954 2266 Carnem
1980 2188 2034 2241 in
2058 2203 2123 2243 eo

522 2267 728 2378 tantum
763 2307 881 2368 esse
913 2265 1132 2356 diiterit,
1178 2265 1246 2340 an
1290 2286 1381 2356 Dei
1417 2284 1608 2360 Filium
1661 2265 2004 2352 prmdicarit?
2037 2282 2121 2336 lu-

523 2377 819 2460 terroganti
850 2399 979 2454 ergo
1011 2382 1235 2456 Domino
1263 2377 1388 2454 Jesu
1415 2377 1630 2434 Christo
1653 2393 1814 2450 quem
1847 2392 1972 2448 eum
2000 2391 2120 2432 cre-

524 2477 735 2556 derent,
770 2493 928 2549 quem
960 2476 1350 2532 confiterentur
1378 2489 1497 2527 esse
1529 2471 1802 2548 discipuli,
1839 2471 2122 2540 respondit

525 2553 731 2648 primus
758 2553 1123 2646 apostolorum
1159 2568 1347 2642 Petrus
1369 2608 1383 2631 ,
1421 2582 1560 2644 unus
1594 2567 1777 2635 utique
1807 2581 1906 2636 pro
1945 2566 2118 2619 omni-

525 2641 659 2754 bus;
689 2641 829 2718 idem
855 2661 1004 2734 enim
1033 2641 1192 2714 unius
1226 2657 1411 2713 habuit
1438 2641 1742 2728 responsio,
1769 2657 1912 2726 quod
1949 2655 2117 2716 habe-

525 2748 622 2815 Dat
643 2756 884 2836 omnium
917 2752 1193 2836 lide_s.Sed
1211 2751 1442 2831 primum
1475 2750 1654 2826 decuit
1678 2748 2027 2826 respondere,
2064 2758 2119 2803 ut

2235 418 2580 472 antecederet
2618 418 2989 484 confessione,
3035 414 3064 455 δ
3109 417 3198 486 qui
3232 414 3592 471 antecedebat
3637 423 3806 474 aetate.

2230 508 2368 576 Quid
2412 525 2540 579 ergo
2567 509 2675 564 ait?
2711 519 2732 548 ο
2766 507 2846 562 Tu
2883 527 2958 577 es,
2995 507 3188 581 inquit,
3234 508 3466 562 Christus
3519 507 3687 562 Filius
3721 506 3811 588 Dei

2228 607 2326 659 vivi
2357 604 2592 677 (Matth.
2624 603 2766 676 xvi).
2799 601 3134 674 Simplici'et
3169 604 3367 659 rustica
3399 603 3812 673 interrogatione

2230 701 2294 754 ad
2321 699 2708 754 conftttandum
2737 709 2788 754 te
2831 698 2984 761 mihi,
3015 697 3290 763 hmretice,
3329 697 3402 751 uti
3450 711 3673 752 necesse
3711 705 3804 751 est.

2229 791 2323 846 Dic
2352 792 2504 855 mihi,
2535 806 2741 861 qutcso,
2776 787 2895 857 quis
2923 789 3010 844 ille
3039 788 3226 855 fuerit,
3255 788 3338 844 cui
3375 786 3563 860 Petrus
3596 788 3696 842 ista
3730 802 3810 856 re-

2227 883 2481 955 spondit?
2502 882 2711 953 Negare
2733 899 2840 938 non
2866 891 3018 952 potes
3039 879 3311 935 Christum
3335 879 3517 935 fuisse.
3544 879 3813 949 Interrogo

2227 994 2378 1048 ergo,
2422 978 2692 1032 Christum
2739 993 2903 1047 quem
2942 976 3140 1031 vocas?
3189 975 3458 1054 hominem
3487 955 3552 1028 an
3605 967 3815 1028 Deum?

2230 1063 2504 1125 heminem
2538 1070 2721 1140 utique
2749 1069 2954 1138 absque
2976 1067 3167 1134 dubio;
3201 1067 3329 1123 hinc
3359 1067 3501 1120 enim
3533 1066 3708 1121 omnis
3739 1072 3818 1121 est

2229 1169 2317 1216 tua
2371 1162 2615 1230 haeresis,
2649 1162 2773 1231 quia
2808 1175 2973 1231 negas
3018 1158 3291 1234 Christum
3345 1158 3540 1228 Filium
3596 1157 3710 1212 Dei.
3759 1157 3819 1212 Et

2229 1255 2353 1310 ideo
2384 1256 2546 1311 etiam
2575 1254 2796 1309 Mariam
2828 1253 3213 1308 Christotocon
3246 1267 3386 1317 esse,
3435 1267 3540 1305 non
3580 1249 3814 1305 Theoto-

2228 1363 2328 1403 Con
2362 1347 2520 1413 dicis,
2553 1349 2673 1417 quia
2704 1347 2900 1401 Christi
2933 1345 3164 1416 genitrix
3199 1346 3290 1411 sit,
3338 1359 3444 1398 non
3492 1343 3621 1406 Dei;
3670 1341 3822 1412 Citri-

2228 1453 2368 1494 stum
2403 1458 2532 1510 ergo
2569 1450 2774 1494 tantum
2809 1439 3082 1495 hominem
3115 1439 3348 1503 μῦθοι-ῖς,
3395 1455 3499 1492 non
3554 1439 3738 1506 Deum,
3771 1446 3822 1494 et

2228 1533 2350 1606 ideo
2381 1534 2543 1587 filium
2574 1549 2694 1589 esse
2726 1549 2844 1587 eum
2878 1533 3133 1600 hominis,
3166 1547 3269 1586 non
3298 1531 3413 1584 Dei.
3441 1529 3578 1597 Quid
3608 1546 3736 1606 ergo
3759 1527 3823 1586 ad

2231 1546 2350 1606 ideo
2381 1546 2543 1587 IIItutn
2574 1549 2694 1589 esse
2726 1549 2844 1587 eum
2878 1546 3133 1600 nounms,
3166 1547 3269 1586 non
3301 1546 3413 1584 uel.
3441 1546 3578 1597 ulna
3608 1548 3667 1606 er
3706 1546 3736 1583 ο
3759 1546 3823 1586 ad

2231 1627 2346 1681 hcc
2375 1627 2652 1697 respondit
2683 1625 2910 1681 Petrus?
2942 1624 3016 1678 Tu
3048 1643 3121 1688 es,
3154 1623 3344 1696 inquit,
3377 1623 3614 1678 Christus
3658 1546 3824 1694 gilius

2230 1723 2322 1778 Dei
2363 1723 2480 1776 vivi.
2513 1721 2785 1776 Christum
2827 1722 2968 1774 hunc
2999 1736 3161 1789 quem
3197 1728 3252 1774 tu
3283 1719 3512 1796 hominis
3543 1727 3750 1774 tantum
3777 1719 3826 1772 fi-

2233 1816 2360 1872 lium
2385 1831 2505 1870 esse
2527 1815 2749 1878 asseris,
2766 1813 2858 1868 ille
2884 1824 3110 1868 testatur
3129 1811 3323 1886 Filium
3349 1812 3462 1876 Dei.
3488 1809 3583 1866 Cui
3604 1813 3684 1865 vis
3712 1826 3826 1866 cre-

2226 1909 2457 1964 damus?
2483 1909 2599 1973 tibi,
2625 1924 2690 1962 an
2708 1908 2902 1962 Petro?
2925 1907 3136 1976 npinor,
3167 1923 3274 1960 non
3304 1921 3362 1960 es
3385 1918 3489 1959 tant
3519 1905 3826 1975 impudens,

2228 1985 2286 2059 tit
2315 2017 2636 2074 praeponere
2661 2011 2712 2056 te
2739 2001 2937 2055 audeas
2967 2000 3140 2070 primo
3165 1999 3553 2069 apostolorum.
3589 1995 3828 2052 Tametsi

2226 2097 2354 2169 quid
2393 2105 2474 2152 est
2514 2096 2656 2167 quod
2701 2106 2752 2149 ttt
2802 2109 2908 2151 non
2956 2089 3193 2148 audeas?
3237 2101 3328 2146 aut
3369 2091 3829 2162 quemadmodum

2226 2191 2528 2259 apostolum
2558 2205 2666 2245 non
2690 2189 2983 2261 despicias,
3015 2189 3106 2254 qui
3138 2189 3305 2242 Deum
3335 2181 3532 2258 negare
3561 2186 3822 2254 potuisti?

2229 2281 2307 2336 Tu
2333 2300 2384 2336 es
2409 2298 2564 2354 ergo,
2601 2283 2792 2353 inquit,
2824 2281 3057 2335 Christus
3083 2278 3256 2332 Filius
3286 2277 3385 2334 Dei
3411 2280 3525 2333 rivi.
3559 2273 3834 2349 Numquid

2225 2377 2329 2433 hoc
2361 2378 2595 2448 ambigui
2629 2388 2720 2432 aut
2748 2377 2962 2432 obscuri
2992 2374 3196 2445 aliquid
3245 2374 3298 2429 iu
3339 2389 3400 2430 se
3448 2374 3645 2429 habet?
3692 2374 3834 2430 Sim-

2225 2472 2349 2541 plex
2392 2481 2599 2527 tantum
2643 2479 2728 2526 est
2766 2481 2820 2526 et
2859 2479 3043 2540 aperta
3084 2469 3388 2533 confessio,
3431 2467 3708 2522 Christum
3743 2467 3834 2522 Dei

2227 2566 2418 2620 Filium
2452 2565 2730 2636 praedicat.
2759 2564 2933 2635 Negas
2961 2563 3191 2618 fortasse
3221 2562 3448 2629 dictttm,
3480 2562 3574 2617 sed
3600 2577 3835 2632 evange-

2224 2658 2346 2713 lista
2381 2667 2631 2713 testatur.
2665 2659 2745 2713 Au
2775 2657 2995 2714 mentiri
3041 2658 3348 2726 apostolum
3397 2655 3578 2710 dicis?
3613 2655 3713 2710 sed
3743 2653 3836 2709 de-

2225 2751 2488 2806 teSIabilis
2538 2751 2766 2817 falsitas,
2804 2749 3106 2820 apostolum
3140 2748 3386 2803 falsitatis
3423 2763 3717 2804 accusans.
3754 2749 3837 2802 An

1619 2864 1875 2918 ALAliDl
1915 2863 2151 2921 ΟΑΖᾹΞΙ
2188 2864 2756 2936 COMMENTARIUS.

526 2967 743 3042 denique
767 2963 1029 3042 gpostolos
1055 2961 1306 3042 Dominus
1331 2959 1453 3031 quid
1478 2959 1540 3012 de
1567 2975 1618 3034 se
1644 2957 1874 3042 homines
1904 2958 2117 3034 ppinen-

529 3019 1007 3108 ίὶἶιῐὶειῆίῦςιατξθὶ
1035 3025 1227 3086 tantdiu
1252 3019 1419 3108 seruio
1444 3027 1864 3108 respondentium
1893 3019 2121 3081 dominu-

529 3111 609 3164 nis
637 3118 731 3171 est,
765 3099 1010 3174 quitmdiu
1041 3105 1280 3157 humanae
1307 3099 1658 3174 intelligentia:
1689 3101 1993 3174 ambiguitas
2035 3117 2124 3155 ea:-

529 3173 784 3251 plicamr.
812 3180 876 3232 At
901 3178 987 3231 ubi
1016 3177 1141 3251 quid
1171 3173 1571 3251 haheat_sensus
1612 3173 2126 3251 discipulorunt_exi-

529 3245 691 3324 'gitur,
719 3245 1126 3324 primushestin
1171 3246 1378 3324 Domini
1413 3246 1756 3316 confessione,
1798 3245 1888 3315 qui
1925 3245 2124 3314 primus

530 3320 604 3378 cst
634 3325 686 3378 in
719 3320 1005 3393 ppostolica
1035 3320 1308 3393 dignitate.

607 3406 631 3432 α
671 3383 847 3462 Locus
874 3383 1135 3462 obucurn's
1174 3399 1264 3462 et,
1307 3390 1364 3462 ni
1392 3387 1568 3462 fallor,
1596 3386 1836 3462 vitiatus.
1879 3387 1978 3462 Ubi
2031 3406 2126 3462 pro

529 3482 561 3518 tt
595 3457 814 3530 te,'tibi;
850 3477 946 3530 pro
976 3462 1026 3512 in
1060 3457 1322 3522 Ecclesiis,
1349 3460 1401 3511 in
1436 3457 1701 3530 Ecclesia;
1734 3457 2124 3530 proicotlocuta,

532 3529 721 3590 collata
753 3529 1146 3594 emendandum
1170 3539 1223 3584 et
1247 3529 1616 3596 reponendum
1646 3538 1791 3596 puto.
1823 3529 1953 3598 Quis
1982 3533 2126 3588 enim

532 3609 706 3664 nescit
732 3611 910 3666 c-lat’es
937 3605 1084 3672 regni
1115 3603 1374 3672 ctelorutn
1410 3602 1587 3672 Petro,
1621 3615 1726 3672 non
1760 3615 1787 3672 a
1815 3601 1998 3664 Petro,
2031 3604 2124 3658 sed

535 3695 564 3731 a
593 3677 812 3746 Christo
841 3670 1084 3746 collatas,
1111 3689 1222 3746 non
1255 3671 1545 3726 collocatas
1569 3670 1719 3746 [nisi
1742 3670 1890 3746 forte
1923 3675 2002 3727 sic
2029 3692 2126 3728 ex-

533 3741 765 3818 ponatur
794 3741 808 3802 ἑ
838 3743 1036 3805 Clavis.
1069 3745 1120 3798 id
1153 3755 1256 3810 est,
1290 3751 1529 3818 potestas
1572 3741 1776 3818 ligandi
1821 3751 1982 3811 atque
2019 3748 2131 3800 Sol-

532 3814 716 3884 vendi,
751 3817 1062 3887 Seripturas
1095 3815 1521 3884 interpretandi,
1562 3824 1615 3887 et
1656 3814 1777 3887 fidei
1809 3827 2129 3873 controver-

535 3892 646 3956 sias
671 3881 992 3962 definiendi,
1023 3903 1058 3962 .1
1083 3881 1316 3962 Petro‘ut
1346 3888 1521 3962 primo
1551 3881 2012 3962 Citristi_yieario,
2040 3889 2126 3946 vel

535 3953 633 4038 per
663 3957 902 4038 Petrum,
933 3953 989 4038 in
1025 3953 1263 4038 Ecclesia
1296 3953 1558 4038 cnllwi‘cata
1588 3953 1640 4010 et
1673 3953 1878 4038 relicta.

606 4033 632 4073 δ
676 4025 900 4088 Videtur
932 4025 1132 4086 Auctor
1159 4031 1384 4084 inn'uere
1417 4025 1632 4082 Petrum
1665 4030 1876 4081 caeteris
1904 4040 2124 4098 aposto-

534 4108 601 4164 lis
649 4109 916 4161 seniorem
969 4102 1163 4167 l‘uisse,
1212 4102 1328 4154 sive
1371 4111 1598 4155 emteros
1643 4099 1918 4167 apostolos
1967 4112 2130 4158 aetate

535 4179 902 4248 praecessisse,
937 4174 1165 4248 quodet
1195 4171 1358 4226 sentit
1407 4171 1543 4248 Deda
1581 4170 1642 4248 in
1675 4185 1793 4248 cap.
1845 4187 1859 4226 ι
1902 4171 2127 4248 Jilaunis

535 4242 802 4304 scribens.
838 4242 1015 4300 Fuere
1042 4246 1203 4297 etiam
1237 4245 1477 4296 nonnulli
1503 4243 1591 4310 qui
1625 4242 1909 4310 primatum
1942 4243 2126 4300 Eccle-

535 4324 629 4374 sire
665 4320 826 4373 Petro
854 4317 1108 4371 collatum
1141 4315 1395 4368 dixerunt
1443 4324 1660 4381 propter
1706 4323 1944 4380 nitatem,
1990 4331 2128 4384 quos

534 4391 778 4446 refutans
810 4390 1069 4454 Barouius
1100 4385 1278 4456 (Tom.
1316 4385 1331 4438 Ι
1358 4385 1546 4438 Annal.
1580 4387 1671 4437 sub
1697 4401 1830 4437 anno
1857 4385 1918 4439 3f
1944 4388 1962 4456 )
1993 4404 2006 4439 :
2043 4385 2130 4442 Ea:

535 4464 637 4529 Itis,
669 4460 864 4530 inquit,
894 4467 1130 4530 apparet,
1160 4474 1310 4523 quam
1351 4456 1565 4530 turpiter
1603 4466 1766 4530 errent
1810 4458 1900 4530 qui
1934 4460 2130 4527 prima-

533 4539 639 4590 tum
670 4529 857 4604 putant
893 4529 1044 4604 Petro
1070 4530 1334 4592 collatum,
1370 4529 1505 4604 quod
1535 4529 1703 4604 senior
1731 4529 1929 4580 cmteris
1960 4537 2126 4595 esset;

531 4625 651 4661 nam
670 4597 820 4674 'quod
843 4605 910 4658 ad
939 4603 1033 4657 hoc
1069 4610 1286 4668 spectat,
1332 4601 1423 4674 etsi
1458 4616 1556 4650 non
1584 4597 1702 4674 alii,
1733 4608 1871 4674 certe
1895 4601 2128 4674 Andreas

531 4671 702 4744 major
722 4687 890 4742 (etate,
923 4676 1064 4746 prior
1107 4674 1161 4746 in
1189 4673 1470 4746 vocatione.
1499 4682 1545 4722 et
1575 4673 1632 4746 in
1657 4671 1980 4746 perfectioris
2011 4675 2128 4726 vita:

534 4751 560 4821 (
573 4742 698 4821 puta
721 4742 941 4821 ccelibis')
973 4745 1218 4821 electione
1245 4743 1396 4797 Petro
1426 4743 1698 4821 praestabat
1727 4757 1746 4797 :
1771 4742 1858 4794 sed
1892 4742 1935 4794 si
1966 4745 2129 4821 divini

529 4815 734 4875 consilii
773 4815 1023 4873 rationem
1071 4817 1310 4869 humanm
1361 4815 1514 4866 menti
1568 4829 1863 4866 concessum
1912 4827 1987 4867 est
2033 4817 2132 4869 ali-

529 4895 736 4962 quando
766 4889 1097 4962 perscrutari,
1122 4888 1213 4942 illa
1236 4888 1293 4962 in,
1314 4884 1492 4950 Petro,
1525 4901 1674 4962 quam
1699 4884 1947 4962 diximus,
1973 4903 2129 4940 causa

528 4957 848 5034 prtecessi'sse
872 4957 1087 5034 videtur,
1111 4971 1182 5034 Aut
1220 4961 1450 5034 princeps
1483 4957 1707 5034 muniunt
1738 4957 2130 5033 constitueretur

528 5025 902 5102 apostolorum,
937 5031 1072 5099 quod
1105 5032 1154 5083 in
1189 5025 1503 5102 professione
1528 5026 1644 5102 [idet
1679 5025 1874 5102 cupieris
1905 5029 2130 5102 antecel-

529 5097 648 5160 luit.
686 5104 811 5159 lla'c
851 5097 1132 5154 Bar'onius.
1181 5103 1245 5155 Et
1289 5118 1338 5153 Ill
1386 5099 1528 5151 notis
1573 5097 1636 5166 ad
1688 5098 2124 5166 Martyrol03ium

529 5178 632 5249 (50
663 5173 952 5249 Novemb.)
984 5173 1150 5249 refert
1170 5171 1536 5249 inec-doinnis
1557 5164 1934 5249 Chrysostotu'i
1963 5164 2123 5249 verba

527 5239 782 5304 sermone
809 5246 875 5300 de
905 5246 961 5300 S.
985 5243 1212 5298 'Andrea
1241 5261 1252 5294 :
1284 5243 1551 5296 Posterior
1586 5239 1739 5294 Petro
1771 5240 1823 5292 in
1862 5239 2018 5292 vitam
2044 5242 2128 5294 in-

526 5338 726 5392 gressus
766 5327 837 5376 est
878 5318 1128 5392 Andreus,
1153 5325 1209 5392 et
1249 5317 1398 5392 prior_
1427 5315 1636 5368 Petrum
1671 5313 1739 5392 ad
1787 5311 2123 5392 Evangelium

525 5384 724 5456 illexit,
757 5401 852 5444 etc.
901 5391 1026 5462 Qum
1057 5389 1228 5462 verlia,
1252 5384 1446 5454 inquit,
1493 5384 1726 5462 nonnulli
1755 5400 2020 5462 perperam
2044 5387 2125 5462 in;

525 5464 833 5536 telligentcs,
863 5457 1104 5536 diierunt
1141 5458 1351 5536 Petrmum
1383 5467 1530 5536 (etate
1560 5460 1804 5536 majorem
1835 5457 1991 5524 fuisse
2019 5457 2125 5508 An-

525 5529 671 5591 drea'.
703 5536 764 5588 Αι
793 5551 908 5588 vero
939 5534 1198 5586 Andream
1241 5529 1397 5583 Petro
1425 5531 1676 5600 seniorem
1721 5529 1880 5598 fuisse
1908 5536 2125 5600 testatur

525 5606 588 5662 S.
625 5606 946 5680 Epiphanius
977 5605 1160 5680 htm'esi
1186 5603 1274 5680 fil.
1305 5603 1591 5680 Ilucusque
1632 5599 1912 5654 Baronius.
1957 5599 2125 5680 Porro

526 5669 767 5748 quod'ad
797 5675 958 5748 verba
997 5671 1249 5729 Auctoris
1292 5669 1512 5736 attinet,
1537 5681 1613 5748 u_t_
1638 5685 1760 5726 eum
1801 5669 2084 5748 commode
2107 5713 2120 5735 ,

534 5741 703 5846 quoad
735 5746 881 5806 licet.
913 5745 1356 5812 interpretemur,
1389 5759 1496 5799 non
1527 5741 1781 5798 videntur
1817 5742 1888 5798 ita
1936 5743 2126 5798 stricte

2225 2963 2572 3031 accipienda,
2619 2961 2759 3034 quod
2809 2959 2999 3034 Petrus
3040 2970 3267 3034 ceteros
3313 2972 3502 3026 omnes
3551 2961 3843 3034 apostolos

2226 3025 2385 3089 aetate
2431 3025 2808 3100 antecesserit,
2855 3031 2949 3106 sed
3007 3031 3146 3101 quod
3193 3025 3487 3100 plerosque
3537 3025 3742 3086 saltem
3789 3025 3845 3106 et

2229 3108 2342 3160 fere
2372 3120 2585 3158 omnes.
2859 3103 2862 3106 ‘
3689 3107 3696 3114 -
3789 3101 3811 3114 -ι

2305 3189 2327 3216 ε
2368 3175 2674 3231 Notandum
2723 3175 2901 3242 primo
2942 3173 3080 3228 hanc
3129 3171 3273 3228 Petri
3318 3170 3729 3230 confessionem
3782 3191 3848 3232 ex

2230 3249 2487 3318 peculiari
2511 3247 2609 3312 Dei
2634 3241 2971 3302 revelatione
2997 3246 3097 3301 stili
3126 3245 3288 3318 Petro
3310 3241 3851 3318 factatttpeamdcm-

2230 3315 2336 3390 que
2365 3321 2520 3373 simul
2557 3336 2583 3371 a
2618 3319 2789 3372 tribus
2835 3318 3034 3371 divinis
3078 3315 3323 3385 personis
3365 3315 3755 3390 approbatatn,
3791 3315 3848 3384 ut

2152 3371 2198 3436 Ο
2763 3392 3008 3453 sequenti
3059 3371 3212 3456 cap;
3263 3371 3644 3454 tittw'tittideiit
3681 3371 3849 3444 re’ve:

2235 3463 2365 3516 latio
2406 3463 2549 3516 inter
2577 3463 2710 3515 alias
2736 3462 2883 3515 Petri
2918 3461 3304 3527 prterogtutivas
3344 3459 3538 3514 merito
3569 3476 3852 3515 annume-

2233 3543 2419 3599 ratur;
2454 3534 2518 3586 de
2545 3549 2647 3600 qua
2683 3534 2806 3586 vide
2839 3532 3219 3586 Bellarminum
3249 3529 3286 3584 ι.
3319 3545 3334 3600 t
3369 3530 3434 3584 de
3459 3528 3617 3584 Rom.
3648 3531 3852 3599 Ponti-

2235 3607 2334 3660 ﬁce
2367 3620 2487 3674 cap.
2520 3599 2606 3659 ‘ltl.
2641 3603 2896 3658 Secundo
2930 3603 3222 3656 notandum
3272 3599 3559 3674 Christum
3598 3603 3851 3674 interro-

2231 3692 2389 3747 gasse
2415 3670 2573 3748 quem
2606 3676 2851 3730 dicereut
2877 3675 3125 3748 homines
3166 3687 3287 3726 esse
3319 3670 3512 3740 Filium
3548 3671 3845 3748 hominis,

2233 3749 2285 3802 id
2314 3760 2417 3812 est,
2437 3747 2572 3817 quid
2609 3749 2674 3800 de
2709 3763 2768 3800 se
2795 3747 3079 3817 sentirent,
3111 3758 3269 3817 quem
3303 3758 3361 3797 se
3389 3759 3509 3817 esse
3537 3747 3853 3817 existima-

2232 3832 2383 3885 rent;
2417 3814 2493 3874 sic
2540 3818 2683 3872 enim
2716 3832 2774 3873 se
2805 3816 3002 3872 Filium
3055 3816 3292 3870 hominis
3339 3830 3434 3883 per
3465 3814 3856 3875 humilitatem

2233 3892 2442 3954 solebat
2472 3890 2766 3960 appellare,
2799 3897 2853 3943 et
2895 3888 2963 3942 de
2994 3890 3174 3960 seipso
3215 3885 3362 3960 loqui
3407 3887 3458 3939 in
3485 3888 3670 3960 _tertia
3721 3906 3857 3956 per.

2231 3977 2400 4027 δηιιιις
2438 3957 2651 4016 Petrum
2682 3975 2813 4014 vero
2845 3958 3190 4028 TCSpOlldlSSC
3217 3958 3268 4010 in
3297 3957 3530 4011 secunda
3561 3973 3812 4026 persona
3841 3983 3851 4016 -.

2235 4031 2311 4086 Tu
2338 4050 2391 4086 es
2425 4032 2659 4086 Christus
2690 4031 2857 4085 Filius
2887 4029 2980 4083 Dei
3011 4031 3139 4095 viri;
3188 4028 3339 4095 quasi
3377 4030 3522 4082 dicat
3545 4045 3557 4082 :
3580 4029 3691 4095 Tu,
3723 4034 3859 4089 licet

2231 4105 2307 4158 sis
2337 4104 2480 4158 filius
2515 4104 2771 4168 hominis,
2804 4109 2859 4157 et
2882 4101 3079 4156 Filium
3125 4101 3362 4156 hominis
3393 4111 3445 4156 te
3472 4101 3754 4169 nomines,
3794 4120 3860 4160 es

2232 4183 2410 4229 tamen
2439 4185 2494 4229 et
2524 4175 2690 4230 Filius
2715 4176 2844 4240 Dei;
2890 4187 2991 4227 nec
3025 4173 3160 4226 alius
3187 4173 3238 4225 in
3269 4182 3322 4226 te
3350 4171 3489 4225 filius
3517 4171 3769 4229 hominis
3802 4185 3860 4232 et

2232 4245 2399 4300 Filius
2435 4245 2548 4312 Dei,
2585 4246 2680 4301 sed
2722 4259 2862 4299 unus
2888 4255 2940 4298 et
2969 4244 3112 4299 idem
3147 4243 3380 4297 hominis
3409 4253 3463 4296 et
3509 4241 3606 4297 Dei
3638 4244 3857 4302 Filius.

2231 4317 2384 4382 Quod
2415 4318 2757 4388 potissimum
2791 4316 2934 4372 valet
2955 4325 3147 4369 contra
3178 4314 3508 4388 Nestorium,
3540 4317 3632 4383 qui
3663 4315 3857 4373 ﬁlium

2231 4385 2469 4444 hominis
2500 4391 2551 4442 in
2582 4387 2803 4443 Christo
2834 4389 3123 4454 separahat
3150 4403 3179 4440 a
3227 4387 3363 4440 Filio
3395 4385 3514 4451 Dei,
3559 4389 3663 4441 hoc
3720 4398 3815 4444 est
3841 4433 3858 4455 ,

2231 4460 2365 4515 duas
2399 4465 2450 4514 in
2475 4477 2540 4515 eo
2561 4459 2928 4516 conStituehat
2961 4472 3241 4526 personas.
3274 4457 3454 4511 Tertio
3482 4459 3727 4512 notanda
3760 4458 3860 4516 hic

2233 4534 2456 4602 pulchra
2488 4531 2795 4602 antithesis.
2827 4530 3089 4602 Christus
3111 4539 3266 4598 rogat
3292 4547 3304 4582 :
3332 4529 3494 4594 Quem
3520 4530 3715 4602 dicunt
3749 4531 3862 4584 ho-

2231 4599 2392 4659 inines
2423 4621 2529 4658 esse
2559 4600 2756 4657 Filntm
2787 4601 3049 4655 hominis?
3077 4601 3267 4655 Petrus
3297 4600 3590 4668 respondet
3617 4617 3628 4652 :
3657 4599 3753 4653 Tu
3801 4621 3864 4657 es

2234 4675 2472 4730 Christus
2504 4674 2671 4729 Filius
2701 4674 2798 4728 Dei
2827 4673 2942 4727 vivi.
2975 4672 3249 4740 Quantum
3293 4687 3353 4726 se
3382 4672 3632 4739 deprimit
3682 4670 3862 4728 Chri-

2236 4757 2376 4809 stus,
2411 4758 2616 4801 tantum
2642 4762 2764 4800 eum
2797 4746 3005 4799 extollit
3031 4745 3222 4798 Petrus
3251 4761 3264 4798 :
3290 4744 3425 4808 Quia
3466 4743 3637 4814 omnis
3668 4747 3768 4814 qui
3799 4764 3861 4803 se

2238 4819 2496 4885 humiliat,
2530 4819 2862 4872 exattabitur.
2908 4815 3194 4871 Postremo
3226 4816 3514 4868 notandum
3549 4813 3638 4869 hic
3683 4813 3862 4872 Chri-

2236 4898 2379 4944 stum
2409 4905 2536 4943 vere
2565 4897 2618 4942 et
2649 4890 2868 4958 proprie
2903 4887 3000 4942 Dei
3037 4886 3227 4941 Filium
3258 4887 3542 4958 appellari,
3577 4886 3688 4941 hoc
3739 4898 3856 4956 est,

2239 4904 2379 4944 sunn
2409 4905 2536 4943 vere
2565 4904 2868 5014 etgrttprle
2907 4904 3000 4942 uel
3037 4904 3227 4941 l‘llllllll
3258 4904 3542 4954 appellari,
3577 4904 3688 4941 noc
3739 4904 3856 4956 esr,

2239 4975 2343 5014 non
2373 4961 2627 5030 adoption
2673 5003 2686 5022 .
2716 4969 2807 5014 aut
2831 4959 3029 5028 gratia,
3061 4961 3152 5013 sed
3179 4967 3392 5020 natura,
3417 4970 3468 5010 ut
3494 4957 3708 5030 dictum
3741 4969 3859 5017 est.

2237 5033 2398 5100 Cujus
2431 5029 2506 5086 rei
2537 5035 2900 5086 certissimum
2930 5039 3303 5100 argumentum
3334 5038 3436 5095 est,
3468 5029 3609 5095 quod
3637 5030 3859 5088 Petrus

2235 5099 2510 5158 Christum
2547 5103 2640 5157 Dei
2668 5103 2863 5157 Filium
2891 5099 3193 5171 appellans,
3225 5099 3440 5163 Joanni,
3492 5101 3647 5165 Elite,
3683 5101 3863 5156 lere-

2236 5177 2358 5229 tnim
2397 5185 2451 5229 et
2490 5175 2610 5228 altis
2657 5173 2936 5243 ιπορΙιθιίδ
2979 5181 3245 5244 opponat.
3290 5186 3425 5239 quos
3467 5187 3628 5244 nemo
3675 5183 3865 5244 neget

2235 5247 2377 5302 ﬁlios
2410 5246 2505 5300 Dei
2538 5244 2702 5300 fuisse
2746 5246 2918 5312 gratia
2961 5243 3274 5311 adoptionis
3302 5253 3358 5298 et
3396 5243 3858 5312 justificationis.

2231 5316 2506 5372 Christum
2547 5331 2678 5383 ergo
2719 5330 2826 5368 non
2868 5313 3198 5384 adoptivum,
3245 5316 3337 5369 sed
3384 5316 3690 5369 naturalem
3753 5318 3865 5375 Dei

2230 5389 2424 5443 Filium
2454 5387 2781 5456 appellavit;
2823 5387 3277 5455 quemadmodum
3310 5397 3362 5440 et
3387 5389 3678 5456 aposmlus‘
3703 5388 3864 5444 Pau-

2228 5460 2311 5515 lus
2338 5461 2403 5514 ad
2439 5460 2603 5515 Hebr.
2636 5474 2673 5524 ι,
2708 5458 2799 5513 ubi
2823 5457 2997 5525 ipsum
3027 5473 3148 5528 cum
3181 5459 3388 5528 angelis
3417 5460 3498 5514 sic
3519 5469 3859 5527 comparat,

2230 5541 2288 5586 ut
2317 5533 2469 5587 solus
2499 5533 2614 5598 ipse
2644 5531 2909 5586 naturalis
2941 5531 3038 5586 Dei
3082 5527 3274 5594 Filius,
3317 5530 3492 5600 angeli
3523 5542 3654 5585 vero
3691 5534 3862 5590 servi

2229 5613 2285 5660 et
2315 5603 2550 5659 ministri
2580 5601 2850 5670 dicantur,
2879 5603 2972 5674 qui
3007 5611 3184 5674 tamen
3214 5601 3416 5672 alioqui
3445 5600 3540 5657 ﬁlii
3579 5599 3676 5656 Dei
3712 5613 3863 5668 sunt

2231 5675 2494 5746 adoptivi,
2532 5684 2586 5732 et
2617 5677 2840 5748 quidem
2872 5673 3148 5748 praecipui.
