3976 6180
534 223 603 285 τι
1867 215 2153 277 JOANNIS
2190 218 2500 279 cassum
2816 192 2824 204 ’
3761 223 3829 282 η

536 346 687 403 illam
716 340 1110 408 Theodochon,
1142 347 1204 397 ut
1242 348 1298 395 tu
1324 336 1434 404 'ais,
1466 336 1521 393 id
1550 344 1651 405 est,
1687 337 2075 405 Susceptricem
2107 348 2131 375 ιι
2160 340 2215 399 Α
2239 339 2498 408 primens,
2531 338 2636 395 hoc
2663 344 2873 395 tantum
2905 338 3046 411 quod
3079 339 3350 398 didicerat
3377 343 3618 399 tenebat.
3650 343 3827 418 Itaque

534 439 766 496 Deitatis
804 435 1138 496 nominavit?
1186 434 1273 489 vel
1319 447 1471 488 more
1517 430 1810 501 impietatis
1864 441 1969 486 tuae
2010 448 2133 488 cum

535 546 698 603 quem
725 530 975 601 contigit,
1001 543 1107 584 non
1132 534 1351 597 propter
1367 539 1448 592 se,
1477 525 1569 580 sed
1588 533 1808 595 propter
1828 539 1949 578 eum
1975 540 2134 596 quem

526 626 591 683 in
617 639 676 680 se
702 630 983 693 receperat
1011 663 1027 689 ,
1056 617 1425 675 venerandum
1472 630 1597 672 esse
1636 616 1999 671 memoravit?
2038 616 2135 672 sed

534 718 885 774 subtilitatem
912 714 1052 769 hanc
1072 710 1418 768 discretionis
1448 718 1554 766 tute
1585 710 1862 781 apostolus
1880 710 1977 764 Dei
1998 709 2136 765 forte

537 825 647 867 non
671 817 851 875 norat,
883 815 937 862 et
958 805 1285 877 elegantiam
1327 802 1516 873 judicii
1563 802 1639 858 tui
1679 818 1741 857 ac
1771 802 2133 857 diﬂ'erentiam

534 920 643 962 non
676 904 932 967 habebat,
965 901 1128 956 homo
1160 898 1417 955 videlicet
1459 897 1693 953 rusticus
1740 907 1795 952 et
1826 897 2129 963 imperitus,

533 997 834 1055 dialectica:
860 994 993 1049 artis
1038 992 1275 1057 nescius,
1322 990 1719 1060 philosophica:
1750 990 2133 1059 diSpntationis

530 1089 773 1163 ignarus,
792 1089 877 1143 cui
905 1086 1115 1143 scilicet
1137 1083 1404 1139 institutio
1421 1082 1635 1136 Domini
1659 1083 1741 1135 sui
1773 1081 1989 1135 abunde
2016 1080 2131 1134 sul-

529 1184 766 1251 ﬁciebat,
796 1191 853 1238 et
876 1181 967 1251 qui
999 1178 1133 1234 nihil
1163 1176 1390 1233 omnino
1418 1174 1647 1240 sciebat,
1691 1174 1794 1228 nisi
1839 1173 1943 1229 hoc
1986 1173 2132 1244 quod

530 1277 761 1335 Domino
801 1275 1033 1330 docente
1083 1270 1457 1341 cognoverat?
1506 1269 1575 1323 Et
1624 1267 1745 1323 ideo
1787 1282 1970 1322 sermo
2000 1283 2133 1323 suus

527 1371 766 1429 etelestis
786 1366 1034 1422 doctrina
1056 1371 1193 1427 erat,
1212 1360 1346 1416 ﬁdes
1372 1375 1468 1415 sua
1494 1359 1860 1429 magisterium
1888 1357 2129 1413 divinum

526 1474 683 1529 erat;
709 1460 1041 1529 disjungere,
1060 1467 1118 1511 ut
1141 1463 1193 1509 tu
1216 1452 1372 1522 facis,
1396 1470 1423 1508 a
1447 1468 1677 1523 corpore
1707 1467 1805 1506 suo
1840 1453 2127 1507 Dominum

525 1572 633 1614 non
666 1554 949 1616 didicerat,
981 1560 1037 1605 et
1062 1547 1327 1604 divellere
1371 1562 1402 1601 a
1452 1561 1511 1601 se
1545 1547 1662 1616 ipso
1702 1546 1871 1600 Deutn
1907 1549 2126 1614 penitus

524 1650 826 1708 nesciebat.
850 1648 1102 1713 Sanctus,
1132 1647 1400 1714 sincerus,
1435 1644 1577 1714 pius,
1603 1644 1993 1709 innocentiam,
2028 1658 2125 1713 pe-

2239 432 2353 496 ille,
2380 441 2435 487 ut
2467 442 2522 486 tu
2550 432 2775 488 forsitan
2805 445 2987 503 ptttas,
3019 437 3255 492 rusticus
3281 447 3335 493 et
3371 437 3654 509 imperitus
3678 440 3824 498 brevi

2240 533 2292 579 te
2323 540 2466 579 nunc
2495 522 2851 594 responsione
2878 527 3188 595 concludit,
3225 530 3410 597 paucis
3445 533 3718 587 sermonis
3743 535 3823 589 sui

2239 615 2408 689 [Lips.
2437 618 2489 671 in
2519 634 2685 691 marg.
2719 620 3067 674 sermonibus
3091 619 3227 693 suis]
3250 630 3512 676 conteret.
3541 622 3678 691 Quid
3703 638 3824 695 ergo

2237 710 2518 780 apostolus
2558 710 2796 765 Thomas
2821 711 3017 782 tetigit,
3050 726 3170 766 cum
3202 713 3267 767 ad
3300 713 3629 783 palpandum
3663 715 3823 771 Deum

2238 805 2469 858 accessit
2490 804 2513 857 τ
2534 803 2811 859 Christum
2842 807 3025 876 utique
3045 806 3248 877 absque
3273 807 3456 864 dubio.
3482 807 3620 875 Quid
3650 817 3824 865 autem

2237 896 2603 951 exclamavit?
2635 896 2915 965 Dominus,
2968 899 3159 970 inquit,
3195 918 3355 968 meus,
3388 911 3436 956 et
3483 900 3622 957 Deus
3666 920 3821 958 meus.

2239 988 2393 1045 Nunc
2422 992 2465 1044 si
2499 1000 2677 1059 potes,
2709 1004 2763 1047 et
2794 989 3066 1046 Christum
3115 1008 3145 1046 a
3194 992 3305 1047 Deo
3351 1008 3563 1062 separa,
3601 1004 3657 1050 et
3685 1004 3826 1051 mnta

2236 1082 2437 1138 dictum
2464 1082 2588 1145 hoc,
2618 1085 2661 1138 si
2690 1085 2861 1139 vales.
2896 1084 2973 1139 Da
3005 1085 3342 1141 dialecticam
3384 1086 3820 1156 disputationem,

2234 1176 2303 1231 da
2337 1178 2683 1247 prudentiam
2714 1178 3065 1249 mundialem,
3099 1190 3151 1234 et
3181 1180 3401 1234 stultam
3433 1179 3575 1234 illam
3603 1180 3822 1235 verbosa

2234 1270 2533 1327 calliditate
2557 1272 2902 1341 sapientiam.
2940 1273 3105 1329 Verte
3132 1290 3323 1330 omnes
3353 1285 3459 1330 tete
3484 1275 3538 1329 in
3565 1274 3747 1341 facies,
3772 1285 3825 1332 et.

2234 1365 2520 1422 contrahe.
2572 1366 2841 1438 Quidquid
2893 1366 3008 1421 sive
3053 1368 3249 1422 animis
3294 1369 3409 1423 sive
3462 1377 3579 1424 arte
3628 1370 3819 1436 valeas,

2232 1457 2497 1527 quidlibet
2518 1457 2972 1528 dicas,qnidlibet
3004 1459 3191 1526 facias,
3230 1462 3383 1516 exire
3410 1461 3537 1517 hinc
3565 1478 3822 1533 nusquam

2230 1550 2401 1615 vales,
2438 1549 2538 1604 nisi
2572 1550 2674 1605 hoc
2699 1551 2840 1620 quod
2869 1553 3147 1622 apostolus
3184 1555 3356 1625 tetigit
3388 1553 3559 1609 Deum
3589 1571 3712 1612 esse
3750 1556 3826 1610 l‘a-

2232 1644 2419 1697 tearis.
2454 1642 2518 1696 Et
2550 1643 2768 1713 quidem
2798 1643 2842 1697 si
2869 1659 2976 1713 quo
3013 1645 3175 1699 modo
3204 1645 3376 1715 possis
3407 1646 3694 1703 immutare
3723 1648 3825 1702 lor-

523 1746 721 1811 ritiam,
742 1744 902 1799 tidem
924 1742 1173 1805 illaesam,
1194 1739 1474 1795 scientiam
1502 1739 1867 1807 incorruptam
1896 1737 2121 1805 habens,
2155 1741 2204 1803 B
2231 1750 2326 1790 san
2360 1734 2605 1790 historia:
2632 1736 2966 1806 evangelicae
2989 1737 3426 1807 praedicationem
3444 1739 3605 1809 velis,
3639 1750 3699 1795 ut
3728 1757 3824 1796 nec

523 1836 551 1880 δ
578 1852 802 1894 sensum
832 1850 953 1891 cum
984 1834 1181 1889 astutia
1214 1831 1533 1901 simplicem,
1565 1845 1688 1884 cum
1724 1829 1961 1898 perlecta
1990 1830 2120 1882 sim-

522 1932 767 2005 plicitate
800 1942 822 1969 °
872 1927 1189 1997 sapientiam
1244 1927 1407 1979 totius
1455 1924 1578 1979 mali
1610 1935 1913 1993 expertem,
1953 1924 2118 1978 totius

522 2022 883 2094 corruptionis
921 2021 1191 2092 ignarum,
1224 2017 1388 2071 tutius
1440 2015 1713 2070 haeretica:
1746 2015 2119 2086 perversitatis

522 2119 837 2183 immunem,
873 2123 928 2171 et
950 2113 1041 2184 qui
1072 2111 1307 2167 formam
1331 2108 1499 2164 divini
1524 2108 1815 2177 magisterii
1843 2110 1897 2162 in
1927 2125 1986 2163 se
2026 2126 2117 2164 ex-

2228 1844 2424 1899 corpus
2464 1829 2673 1884 Domini
2730 1829 2969 1884 Thomas
3013 1831 3293 1900 apostolus
3340 1833 3638 1903 contigisse
3666 1875 3681 1899 ,
3729 1849 3822 1888 nec

2224 1921 2499 1979 Christum
2526 1925 2813 1980 Dominum
2844 1926 3014 1980 Deum
3046 1925 3251 1981 dixisse
3274 1926 3563 1996 legeretur,
3592 1929 3688 1983 sed
3720 1929 3816 1984 im-

2224 2020 2418 2075 mutari
2459 2019 2603 2089 quod
2633 2020 2685 2073 in
2720 2019 3016 2089 Evangelio
3066 2019 3159 2073 Dei
3191 2020 3452 2090 scriptum
3498 2030 3581 2076 est
3619 2038 3822 2091 nequa-

2221 2125 2383 2181 quam
2415 2121 2615 2180 potest.
2643 2110 2844 2167 Caelum
2868 2112 3015 2168 enim
3045 2121 3093 2166 et
3136 2120 3274 2167 terra
3320 2114 3628 2181 transibunt,
3669 2114 3822 2170 verba

1591 2268 1850 2325 ALARDI
1888 2268 2024 2324 GAZ
2037 2268 2123 2325 [El
2162 2269 2743 2330 COMMENTARIUS.

522 2428 635 2481 rius
659 2420 879 2477 nolebat
912 2416 1137 2472 Mariam
1185 2411 1291 2468 dici
1322 2412 1580 2475 Θεοτόκον,
1619 2410 1715 2466 sed
1754 2412 2116 2485 Χριστοτὸκον,

522 2496 576 2552 id
609 2502 713 2560 est,
739 2490 941 2546 Clll‘iSti
972 2497 1361 2560 matrem,_non
1415 2485 1529 2560 Dei.
1569 2484 1812 2560 Θεὸτοκᾳξ
1842 2499 2117 2560 veruenm

523 2555 751 2623 aecentu
809 2564 861 2615 in
915 2557 1361 2622 antepennltima,
1415 2556 1465 2607 id
1501 2565 1607 2619 est,
1658 2557 1874 2623 genitus
1917 2570 1944 2606 a
1983 2555 2112 2609 Deo.

522 2639 779 2695 Neutrum
805 2639 986 2687 autent
1007 2629 1075 2684 de
1103 2643 1267 2683 carne
1296 2626 1497 2681 Christi
1526 2627 1633 2680 dici
1666 2640 1844 2693 posse,
1878 2641 2053 2694 neque
2084 2642 2114 2681 a

518 2707 778 2767 Nestnrin
804 2705 1005 2758 dictum
1056 2700 1246 2767 fuisse,
1283 2714 1379 2768 per
1408 2713 1467 2752 se
1506 2710 1693 2751 nnttttn
1737 2707 1839 2750 cst.
1883 2696 1957 2749 At
1987 2712 2115 2752 vero

521 2779 835 2850 Θιουδὸχφς,
873 2776 961 2830 γει
1008 2771 1287 2850 Θεοᾷὁχος,
1334 2769 1535 2850 id_est,
1572 2769 1735 2850 Deum
1776 2770 2031 2850 capiens,
2066 2783 2114 2850 _a

522 2800 709 2838 moueo
760 2800 835 2839 ος,
878 2800 961 2830 vct
1008 2800 1287 2845 σεοοοχος,
1334 2800 1386 2824 lu
1428 2800 1535 2832 cas,
1573 2800 1735 2823 ucutu
1785 2800 2031 2835 Ldplcun,
2083 2800 2112 2822 α

522 2854 688 2908 verbo
715 2800 972 2920 2gt'xopmu,
1002 2842 1147 2920 quad
1180 2855 1260 2897 est
1294 2841 1471 2920 capiti,
1514 2841 1597 2894 vel
1644 2838 2112 2920 suscipiogillnde

522 2926 703 2981 statim
745 2908 825 2974 ei.
846 2908 1215 2988 propri'issinte
1256 2913 1545 2988 exponitur
1570 2926 1831 2988 :Acarncm
1879 2908 2116 2988 Tlteotlo—

522 3000 676 3054 chon,
705 2991 758 3045 id
802 2982 906 3055 est,
935 2982 1297 3056 susceptricem
1331 2984 1571 3037 Deitatis.
1598 2982 1689 3056 Sic
1723 2982 1867 3035 enim
1895 2982 2115 3056 _i_tnpius

523 3066 615 3123 ille
665 3051 948 3119 NeStorins
975 3051 1217 3125 carnem,
1252 3056 1300 3109 id
1331 3065 1434 3120 est,
1462 3054 1851 3125 humanitatem
1885 3051 2111 3119 Christi,

522 3138 606 3193 vel
634 3135 901 3191 Christum
940 3129 1218 3184 hominem
1268 3143 1374 3181 non
1404 3127 1653 3181 Θεότοκον
1679 3165 1693 3189 ,
1719 3124 1769 3177 id
1796 3135 1876 3177 est
1896 3166 1909 3187 ,
1942 3139 1969 3175 a
2008 3126 2115 3179 Dco

521 3209 781 3282 genitum,
818 3202 914 3259 sed
958 3199 1242 3282 Θιοδὸχον,
1285 3198 1346 3282 id_
1387 3201 1611 3282 (ιδῃ-ρει
1639 3205 2029 3282 Δδιιτξῑιιςξιριιοιηειιι
2064 3206 2118 3251 et

2222 2413 2357 2467 nihil
2384 2413 2529 2467 aliud
2563 2412 3093 2488 sonet'l‘heodochos
3120 2413 3406 2488 quamiDei
3445 2426 3821 2488 susceptorem

2221 2494 2315 2537 aut
2340 2486 2726 2556 susceptricetn
2761 2484 2923 2556 (Vide
2954 2485 3108 2554 plura
3136 2484 3205 2535 ad
3237 2486 3329 2538 lib.
3363 2502 3396 2539 ν
3422 2504 3468 2541 c.
3502 2489 3584 2555 ‘3).

2295 2566 2318 2590 δι
2349 2555 2662 2624 Opportune
2694 2556 2779 2610 hic
2802 2557 3036 2611 occurrit
3057 2556 3213 2611 Joan.
3248 2556 3446 2611 Molani
3470 2559 3538 2613 de
3564 2560 3669 2617 hac
3692 2578 3823 2620 voce

2221 2626 2449 2701 aliisque
2482 2627 3117 2701 nonnullisnotatin(In
3140 2627 3411 2701 addituad
3444 2629 3724 2701 .llartyrol.
3757 2636 3823 2689 25

2220 2696 2404 2765 Febr.)
2436 2715 2449 2750 :
2482 2697 2605 2751 Non
2637 2706 2730 2764 est,
2767 2698 2958 2768 inquit,
2985 2696 3280 2756 dicendum.
3310 2696 3602 2767 Deitatem;
3620 2708 3825 2761 media-

2218 2776 2401 2831 torem,
2430 2770 2761 2846 salettterem,
2800 2781 2847 2846 et
2879 2769 3076 2846 similes
3104 2786 3246 2822 voces
3294 2786 3396 2824 non
3427 2789 3537 2846 esse
3579 2773 3820 2846 Latinas,

2217 2842 2339 2908 quia
2362 2840 2563 2915 swcule
2586 2838 2844 2915 Ciceronis
2867 2840 3065 2894 Latina:
3091 2857 3191 2915 non
3214 2851 3393 2915 erant;
3416 2844 3511 2897 sed
3535 2838 3825 2915 agnoscen;

2220 2913 2342 2963 dum
2387 2921 2458 2965 est
2501 2910 2823 2965 Christianos
2860 2923 3091 2964 auctores
3125 2913 3468 2971 locupletasse
3520 2910 3587 2970 etv
3606 2935 3825 2975 ornasse

2220 2980 2460 3035 Latinam
2488 2984 2718 3053 linguam
2751 2982 3046 3052 Itujusmodi
3077 2981 3302 3045 vocibus,
3340 3000 3454 3051 quia
3486 2988 3827 3046 instituenda:

2219 3064 2363 3106 erant
2387 3056 2454 3106 ad
2483 3071 2540 3107 ea
2563 3054 2871 3127 Clu-ggnunw
2899 3052 3162 3127 religionis
3187 3058 3446 3127 intysteria
3479 3059 3822 3127 explicanda,

2218 3141 2335 3193 qua:
2377 3140 2511 3178 cwca
2560 3123 2820 3192 gentilitas
2878 3124 3145 3193 ignorabat
3175 3122 3336 3194 (Vide
3364 3122 3561 3181 Barou;
3595 3130 3648 3181 in
3685 3122 3825 3187 notis

2220 3198 2287 3265 ad
2314 3195 2589 3265 Martyrol.
2618 3196 2651 3249 9
2674 3193 2968 3264 Novemb.).
3003 3196 3173 3265 Augus
3199 3196 3319 3248 inus
3348 3194 3438 3249 lib.
3465 3213 3538 3252 vn
3565 3198 3629 3253 de
3663 3200 3823 3259 Civil.

520 3264 687 3337 geluti
730 3264 1038 3344 hospitem.
1060 3264 1164 3326 ve'l'
1190 3264 1463 3344 Θεοφρρον,
1498 3268 1547 3321 id
1571 3277 1675 3344 est,
1708 3267 1985 3344 Deiferum
2018 3284 2113 3333 ap—
2139 3272 2187 3336 ο
2219 3264 2315 3344 Dei
2343 3264 2468 3344 cap,
2498 3272 2518 3320 t
2553 3284 2565 3319 :
2606 3266 2751 3319 Hanc
2781 3266 3119 3344 divinitatem,
3152 3267 3340 3344 inquit,
3362 3270 3459 3332 vel,
3490 3281 3542 3322 ut
3572 3273 3649 3325 sic
3672 3274 3826 3329 dixe-

523 3352 777 3424 pellabat,
801 3337 953 3414 quasi
976 3343 1113 3424 alius
1136 3353 1283 3397 esset
1300 3337 1549 3424 Christus
1570 3339 1772 3419 homoa
1792 3337 1925 3424 Den,
1952 3354 2109 3424 quem

522 3410 859 3485 iusceperat,
892 3424 946 3468 et
976 3414 1114 3485 intra
1141 3428 1202 3485 se
1226 3412 1468 3485 gerebat,
1502 3426 1607 3485 non
1630 3411 1833 3485 unione
1859 3410 2113 3485 hypustn-

524 3496 651 3555 tica,
682 3480 776 3544 sed
799 3486 1027 3554 quadam
1057 3482 1342 3555 dignitatis
1383 3490 1440 3534 et
1482 3480 1731 3555 arnicitiue
1762 3481 2110 3555 praerogativa

523 3549 698 3620 eidem
733 3549 1075 3622 coniunctus.
1099 3551 1298 3608 Contra
1329 3567 1487 3619 quam
1519 3549 1792 3615 hmresim,
1821 3550 1871 3603 in
1904 3554 2111 3621 synodo

523 3632 760 3705 generali
793 3623 1221 3705 Epliesittaediti
1254 3632 1379 3705 sunt
1398 3635 1651 3705 canones,
1682 3630 1738 3705 et
1764 3623 1863 3705 still
1888 3623 2111 3704 anathe-

524 3692 669 3759 inale
699 3692 913 3766 sanci'ti,
946 3712 976 3750 e
996 3696 1189 3765 quibus
1220 3694 1414 3749 tertius
1443 3695 1521 3747 sic
1551 3692 1713 3766 habet
1733 3692 1859 3766 Δεᾼδὶ
1890 3695 2005 3766 quis
2056 3694 2111 3748 in

524 3791 629 3829 uno
659 3770 865 3827 Christo
894 3763 1192 3840 hypostases
1215 3777 1327 3840 post
1370 3766 1611 3840 unionem
1637 3763 1973 3840 dividit-sola
2024 3782 2109 3840 eas

521 3846 861 3909 connexione,
889 3836 1005 3911 qua:
1029 3840 1093 3915 _sit
1129 3836 1409 3915 secundum
1448 3836 1746 3915 dignitatem
1767 3836 1843 3915 uel
1882 3839 2105 3890 auctori-

524 3926 701 3980 tatem,
725 3926 771 3968 et
798 3908 912 3967 non
932 3911 1125 3983 potius,
1155 3925 1270 3983 quia
1299 3909 1365 3961 sit
1384 3908 1669 3983 secundum
1700 3908 1935 3983 unionem
1956 3916 2109 3961 natu-

525 3979 1055 4055 ralentconjungens,
1076 3980 1366 4055 anathemq
1387 3980 1472 4055 sit.
1529 3979 1594 4033 Et
1626 3992 1800 4055 canon
1834 3980 2064 4055 quintus
2092 3998 2104 4033 :

525 4059 584 4117 Si
605 4061 717 4127 quis
750 4048 1011 4112 Clirislunt
1037 4052 1293 4127 hominem
1323 4048 1593 4127 Deiferum
1621 4049 1778 4101 audet
1809 4048 1975 4127 dicere
1996 4091 2011 4115 ,
2053 4060 2111 4127 et

524 4121 627 4186 non
658 4130 829 4199 potius
856 4128 1018 4199 Deum
1047 4124 1325 4199 secundum
1363 4122 1655 4199 veritatem,
1695 4121 1967 4199 an_a_thema
2010 4123 2106 4199 _sit.

521 4203 638 4258 Hoc
658 4190 1088 4271 enitnesopépou
1119 4195 1356 4271 nomine,
1387 4195 1527 4271 sicut
1568 4202 1623 4247 et
1652 4190 1942 4263 Θεοδὸχου,
1975 4193 2109 4247 abu-

522 4275 734 4328 tebatur
773 4263 1059 4323 Nesto'ri'us
1102 4264 1169 4319 ad
1224 4263 1565 4318 indicandum
1626 4278 1978 4331 personarum
2042 4281 2110 4322 ex

525 4345 719 4413 quibus
748 4340 1020 4413 Christum
1037 4335 1394 4413 compositum
1419 4335 1655 4413 Volebat,
1680 4334 2105 4413 distinctioztetn.

520 4406 799 4484 Siquidem
822 4408 998 4484 Deil'er
1027 4407 1401 4484 diciturhomo
1422 4408 1513 4476 qui
1537 4421 1640 4460 non
1665 4416 1879 4484 natura,
1911 4406 2004 4484 sed
2031 4408 2111 4463 di-

522 4477 757 4541 vinitatis
788 4479 1199 4554 participatione
1229 4477 1372 4554 Deus
1397 4487 1499 4554 est,
1536 4477 1679 4554 quod
1716 4478 1881 4554 Deum
1916 4478 2110 4537 habent

520 4558 605 4614 sui
628 4548 811 4612 cordis
837 4548 1214 4613 habitatorem,
1245 4557 1301 4604 et
1322 4549 1568 4603 intimum
1598 4548 1886 4617 hospitem,
1920 4565 2109 4618 quem-

521 4629 812 4683 admodum
844 4624 1130 4695 pollicetur
1161 4620 1421 4677 Dominus
1440 4619 1598 4695 .Ioan.
1626 4634 1713 4695 {tv
1746 4634 1760 4673 ε
1787 4619 1847 4675 Si
1882 4622 1993 4687 quis
2012 4622 2105 4695 di-

520 4700 635 4772 ligit
667 4714 767 4766 me,
790 4689 1071 4772 sermonem
1099 4709 1265 4772 meum
1284 4691 1525 4757 servabit,
1548 4700 1599 4747 et
1627 4689 1793 4772 .I’ater
1822 4708 1963 4772 meus
1985 4694 2111 4747 dili-

519 4762 600 4844 gth
621 4762 762 4835 eum,
785 4778 831 4823 et
852 4768 920 4821 ad
950 4782 1067 4844 eum
1096 4766 1449 4844 ceniemus,_et
1472 4762 1788 4844 mansionem
1823 4763 1963 4844 apud
1996 4780 2111 4820 eum

519 4833 788 4965 iaciemus.
817 4842 882 4893 At
911 4837 1155 4908 quisquis
1198 4842 1284 4890 est
1324 4835 1465 4900 talis,
1505 4833 1655 4887 solus
1700 4842 1754 4886 ct
1804 4835 1980 4889 nudus
2027 4845 2113 4891 est

561 4926 706 4965 omo.
741 4910 835 4963 Dei
862 4908 1361 4964 denominationem
1410 4904 1526 4959 sola
1562 4903 1993 4965 participationis
2027 4922 2113 4959 ra-

561 4926 706 4976 omo,
741 4910 835 4963 Dei
862 4903 1361 4964 deitom'tnationem
1410 4904 1526 4959 sola
1562 4903 1993 4976 participationis
2027 4922 2113 4959 ra-

520 4982 668 5036 tione
692 4975 937 5035 sortitus.
970 4979 1218 5035 Christus
1242 4990 1378 5032 vero
1406 4990 1512 5030 non
1545 4975 1980 5040 participatione,
2012 4979 2109 5032 sed

521 5062 715 5109 natura
738 5054 877 5104 Deus
907 5058 1011 5114 est,
1034 5058 1090 5104 et
1120 5047 1382 5103 naturalis
1412 5046 1504 5101 Dei
1523 5044 1712 5109 Filius,
1740 5045 1884 5099 Deus
1907 5046 1975 5100 de
1994 5046 2108 5103 Deo

553 5124 752 5180 enitus.
770 5119 888 5177 Non
911 5120 1072 5189 igitur
1086 5120 1283 5184 Deiter,
1309 5120 1392 5173 vel
1419 5117 1512 5172 Dei
1538 5125 1821 5189 susceptor
1837 5118 2112 5189 appellan-

553 5140 752 5180 enttus.
771 5140 888 5177 non
911 5140 1283 5189 Igtturueller,
1309 5140 1392 5173 vel
1419 5140 1512 5172 uel
1538 5140 1821 5184 susceptor
1837 5140 2109 5184 appr-uan-

517 5140 620 5253 δας
636 5206 741 5260 est,
770 5203 829 5248 ut
858 5189 1221 5248 contendebat
1249 5189 1555 5260 Nestorins,
1586 5188 1773 5243 anens
1801 5188 2109 5244 istiusmodi

515 5264 900 5349 appellationis
935 5263 1164 5349 obtentu
1195 5276 1378 5349 veram
1406 5262 1463 5349 in
1487 5259 1943 5349 Christognegare
1971 5260 2112 5317 divi-

514 5333 761 5405 nitatem,
812 5348 869 5394 et
913 5335 1087 5392 solam
1138 5333 1532 5387 humanitatem
1563 5340 2107 5405 astruere,_quurum

517 5403 808 5479 utrumque
841 5410 1065 5479 impium
1091 5413 1177 5462 est
1201 5415 1272 5479 Aet
1300 5405 1700 5479 bIaSphemum.
1729 5406 1812 5479 lix
1844 5403 1929 5459 his
1966 5414 2112 5479 patet

519 5481 658 5536 haud
691 5476 896 5537 temere
921 5476 977 5534 et
1004 5476 1278 5533 immerito
1315 5486 1641 5543 eXpunctam
1669 5476 1834 5531 fuisse
1861 5478 2107 5533 voculam

517 5552 893 5624 imaginem,_u_t
919 5550 1269 5624 superﬂuum.
1288 5558 1345 5604 et
1365 5551 1550 5624 nescio
1566 5564 1671 5624 qua
1697 5549 1905 5624 ratione
1927 5564 2029 5616 qua
2040 5563 2105 5604 ve

516 5618 723 5677 incuria
753 5622 840 5677 vel
872 5620 1137 5689 imperitia
1166 5622 1451 5677 intrusam.
1478 5618 1616 5687 Quid
1646 5619 1789 5673 enim
1814 5633 2101 5675 commune

514 5693 666 5748 carni
686 5702 741 5746 et
756 5691 972 5760 imagini
987 5689 1081 5760 iet
1101 5690 1219 5757 quis
1241 5705 1459 5744 carnem
1485 5689 1688 5745 Christi
1714 5689 2096 5759 Theoduchon,

2138 4661 2190 4723 D

2218 3340 2339 3403 rint,
2372 3340 2642 3402 Deitatem,
2668 3354 2786 3390 nam
2815 3349 2860 3390 et
2892 3337 2988 3390 hoc
3017 3339 3163 3391 verba
3191 3340 3265 3390 uti
3309 3340 3423 3408 jam
3469 3351 3677 3398 nostros
3717 3364 3823 3400 non

2216 3410 2371 3484 piget,
2414 3417 2468 3460 ut
2505 3426 2532 3462 e
2564 3408 2742 3484 (ἰξατο
2782 3410 3071 3484 expressius
3121 3409 3441 3484 transferant
3472 3412 3528 3484 id
3552 3414 3697 3484 quod
3741 3418 3825 3472 ηιξ

2216 3479 2445 3553 essem
2464 3479 2748 3553 appellant.
2784 3478 2855 3531 In
2876 3497 3023 3553 quem
3045 3480 3216 3533 locum
3247 3478 3358 3553 lege
3378 3478 3576 3537 Ludat);
3613 3484 3819 3543 Vivent.

2217 3548 2351 3621 Huic
2388 3548 2653 3603 lllolanus.
2688 3550 2857 3603 Porro
2886 3548 2969 3621 (ut
2999 3552 3099 3605 hnc
3123 3548 3481 3607 etiam’onere
3511 3556 3689 3621 ipsum
3721 3559 3824 3613 ad-

2215 3620 2375 3694 eundi
2406 3621 2675 3694 lecturetn
2704 3622 3003 3692 sublevem)
3038 3635 3256 3676 nostros
3297 3620 3691 3694 interpretatur
3724 3630 3819 3685 ille

2216 3692 2631 3761 Hieronymum,
2657 3692 3014 3752 Lactantium.
3036 3694 3376 3763 Fulgentium
3400 3739 3413 3763 ,
3443 3692 3497 3751 et
3523 3697 3679 3754 addit
3702 3700 3820 3757 hmc

2214 3778 2321 3837 non
2351 3762 2667 3837 spernenda
2690 3781 2703 3816 :
2730 3763 2896 3837 Grazci
2927 3766 3048 3818 olim
3079 3782 3110 3837 ᾳ
3148 3762 3318 3829 festae,
3351 3762 3447 3819 hac
3482 3778 3558 3821 est
3583 3770 3820 3837 divinus,

2214 3835 2585 3888 substantivum
2633 3835 2929 3888 derit'abant
2973 3834 3200 3900 Θειότης,
3243 3837 3533 3905 divinitas;
3568 3856 3690 3905 qua:
3723 3834 3826 3897 vos:

2216 3905 2522 3983 Christianis
2562 3905 2852 3983 homini-bus
2884 3916 3008 3983 tam.
3030 3908 3128 3983 late
3155 3918 3329 3979 patere
3355 3912 3460 3963 visa
3512 3921 3608 3975 est,
3657 3930 3821 3983 quam

2215 3992 2397 4052 nomen
2452 3979 2622 4045 ipsum
2665 3978 2887 4052 divinus.
2941 3976 3165 4052 Idcirco
3187 3997 3315 4052 cum
3359 3983 3621 4052 propriam
3666 3976 3823 4040 illam

2214 4045 2313 4125 Dei
2354 4058 2610 4125 naturain
2642 4051 2955 4125 appositiore
2979 4051 3225 4125 vocebulo
3274 4045 3565 4125 signi/[cure
3599 4055 3820 4125 vellent,

2214 4121 2438 4195 Θεὸτῃτα
2474 4120 2804 4195 nominarunt
2833 4120 3168 4195 Athanasius,
3194 4120 3406 4195 uterque
3432 4122 3720 4195 Gregorius
3771 4120 3824 4183 et

2214 4140 2438 4179 υεοτητα
2474 4140 2804 4175 nomtnarum
2833 4140 3168 4190 Atnauasms,
3194 4140 3406 4246 uterque
3432 4140 3720 4195 uregortus
3771 4140 3824 4183 et

2213 4194 2306 4264 alii
2328 4192 2515 4260 σηκοὶ,
2545 4193 2684 4263 quod
2715 4193 2839 4264 ipsis
2880 4194 3045 4264 magis
3074 4194 3309 4264 permitte
3344 4203 3484 4259 atur,
3518 4210 3570 4249 ut
3605 4197 3826 4263 Quinti-

2212 4261 2384 4318 lianus
2412 4265 2508 4329 ait,
2538 4261 2695 4334 quam
2715 4261 2934 4319 Latinis.
2969 4261 3083 4319 'Sed
3111 4281 3201 4318 nec
3230 4263 3400 4318 Latini
3431 4261 3666 4321 deterriti
3694 4279 3823 4324 sunt

2213 4336 2371 4413 (ξιτ-εἰς
2403 4336 2595 4413 lingua:
2625 4336 2906 4408 rigidisque
2958 4336 3247 4413 prwceptis,
3294 4337 3669 4413 quominus‘et
3716 4341 3821 4413 ipsi

2213 4405 2467 4480 Deitatem
2523 4405 2771 4480 dicerent,
2820 4417 3058 4480 naturam
3098 4407 3248 4480 illam
3300 4405 3396 4480 Dei
3432 4405 3817 4480 signiﬁcantes,

2212 4494 2327 4547 qua:
2356 4478 2464 4532 Deo
2495 4478 2704 4549 propria
2734 4488 2943 4550 est,nec
2964 4478 3034 4532 ad
3054 4479 3161 4531 alia
3182 4479 3462 4549 egreditur,
3482 4478 3555 4533 ad
3584 4497 3704 4550 qua:
3732 4478 3823 4537 di-

2212 4551 2362 4605 vinus
2389 4560 2439 4604 et
2484 4549 2742 4621 divinitas.
2794 4548 2931 4603 Nam
2978 4548 3225 4603 divinitas
3271 4551 3461 4604 dicitur
3508 4548 3774 4621 prationis
3801 4595 3820 4621 ,

2216 4621 2357 4694 libri.
2386 4621 2461 4675 rei
2491 4631 2667 4694 gestia,
2687 4619 2908 4694 hominis
2937 4630 2983 4675 et
2997 4621 3238 4694 aliarum
3260 4636 3465 4687 rerum;
3494 4620 3674 4677 Deitas
3704 4619 3822 4679 non

2216 4691 2428 4760 dicitur,
2460 4691 2590 4746 sicut
2616 4707 2706 4747 nec
2728 4692 2823 4745 illa
2847 4701 2964 4745 sunt
2990 4692 3094 4754 Dii,
3114 4691 3229 4745 licet
3258 4708 3366 4746 esse
3389 4694 3565 4748 divina
3587 4696 3817 4762 possint.

2219 4764 2473 4828 Quocirca
2502 4762 2712 4818 Latinos
2737 4762 3043 4818 Christiana:
3070 4764 3276 4831 pietatis
3314 4765 3592 4833 scriptores
3628 4767 3821 4823 imme-

2214 4839 2315 4887 rito
2344 4834 2469 4887 mihi
2511 4833 2825 4890 Laurentius
2864 4833 3013 4889 Valla
3049 4836 3105 4889 in
3133 4833 3418 4889 Dialectica
3457 4854 3552 4891 sua
3603 4839 3820 4892 videtur

2214 4921 2455 4976 arguere,
2490 4908 2627 4976 quod
2654 4905 2853 4961 Deitate
2880 4914 3269 4978 utantur,__novo
3287 4908 3504 4978 quidem
3532 4912 3812 4978 vocabulo,

2213 4980 2303 5052 sed
2330 4978 2383 5031 in
2402 4993 2458 5031 re
2490 4978 2763 5052 priusnon
2785 4995 2881 5033 usu
2907 4979 3049 5052 trita.
3093 4976 3232 5030 Nam
3272 4976 3479 5052 Griecos
3527 4976 3819 5052 reprehen-l

2214 5047 2355 5111 dere,
2387 5046 2701 5120 quod_verba
2749 5065 2840 5120 suo
2883 5050 2977 5104 sibi
3012 5049 3214 5120 ﬁngant
3248 5050 3534 5118 arbitratu,
3584 5046 3693 5105 'Itoc
3738 5060 3821 5107 est

2213 5117 2477 5209 antiquam
2503 5117 2721 5203 ercite
2741 5117 3026 5209 litiertatem
3054 5117 3362 5209 opprimere.
3395 5122 3487 5176 Sic
3516 5121 3630 5209 ille.
3660 5193 3673 5205 .
3740 5195 3755 5207 .
3842 5171 3854 5209 ἶ

2283 5190 2311 5228 ιι
2340 5191 2476 5245 Cum
2504 5192 2722 5254 astutia,
2762 5190 2811 5243 id
2846 5201 2958 5256 est,
2990 5193 3275 5256 prudentia
3303 5207 3430 5247 vera
3459 5202 3514 5248 et
3552 5193 3821 5250 christia-

2213 5275 2306 5325 na,
2336 5276 2457 5331 quae
2486 5261 2789 5335 _opponitur
2816 5262 3116 5332 prudentia:
3158 5263 3356 5331 carnis,
3407 5280 3531 5335 quae
3581 5264 3819 5324 inimica

2212 5340 2298 5386 est
2329 5335 2456 5387 Deo.
2485 5333 2641 5387 Rom.
2670 5347 2785 5386 vnt.

2288 5414 2311 5441 ε
2344 5403 2676 5474 Sapientiam
2698 5411 2828 5475 puto
2857 5402 2943 5460 hic
2968 5404 3300 5473 redundare,
3330 5421 3450 5462 cum
3480 5406 3545 5460 ad
3576 5421 3813 5463 sensum

2213 5475 2363 5561 illum
2394 5476 2697 5545 simplicem
2730 5478 2845 5558 hinc
2870 5477 3059 5561 referri
3092 5478 3298 5561 possint
3341 5478 3409 5561 de
3451 5493 3559 5561 quo
3606 5478 3839 5561 imme-g

2212 5546 2376 5616 diale,
2403 5556 2535 5603 utet
2558 5549 2835 5617 sequentia
2866 5547 3124 5615 epitheta.
3151 5546 3508 5619 Corruptionis
3537 5546 3830 5620 ignarum,‘

2210 5622 2367 5673 totius
2397 5619 2739 5689 perversitatis
2774 5623 3069 5683 immunem,
3094 5632 3289 5689 nempe
3312 5619 3567 5683 sensum,
3586 5621 3638 5674 in
3687 5636 3813 5674 ma-

2206 5691 2447 5764 sculino;
2480 5690 2583 5744 nisi
2614 5694 2736 5764 quis
2767 5691 3050 5761 legendum
3103 5700 3275 5761 putet,
3325 5692 3587 5764 ignaram,
3637 5699 3703 5747 ut
3742 5691 3817 5748 ad

513 5759 905 5827 suscentricem
928 5759 1176 5826 Deitatis,
1207 5760 1493 5830 imaginem
1518 5762 1943 5834 interpretetur,
1971 5777 2097 5823 cum
2204 5763 2527 5835 sapientiam
2556 5759 2847 5820 referatur;
