3976 6180
436 232 510 295 15
1767 228 2024 290 JOANN-Il

2128 232 2405 291 assum
3651 228 3721 307 ni

438 349 625 420 specie
674 348 911 421 Spiritus
942 355 1161 404 sanctus
1190 348 1397 415 astitit;
1426 348 1701 404 Christum
1733 347 1896 403 Pater
1938 362 2031 419 ap-
2057 351 2107 411 Α
2137 348 2329 403 Filiam
2353 349 2859 422 descendisset,nec
2880 354 3244 412 Patchilium
3270 359 3371 415 nisi
3391 374 3514 416 vere
3527 358 3719 420 Filium

441 444 682 516 pallavit.
717 442 829 497 lloc
857 442 902 497 si
929 442 999 497 de
1027 442 1243 498 Christo
1274 440 1481 495 dictum
1514 456 1717 511 negare
1739 455 1902 495 ausus
1927 455 2021 509 es,

442 544 693 608 superest
737 547 793 590 ut
843 549 944 590 nec
982 535 1311 601 baptizatum
1355 532 1635 590 Christum
1686 535 1880 599 ‘uisse,
1928 549 2030 590 nec

444 631 705 702 Spiritum
760 628 1144 695 descendisse,
1194 641 1297 681 nec
1350 625 1567 681 Patrem
1616 627 1856 681 locutum
1904 630 2030 680 esse

443 723 758 779 contendas.
796 721 901 776 Sed
935 730 1090 790 urget
1131 730 1311 774 tamen
1342 731 1397 776 et
1430 720 1628 788 premit
1656 730 1707 774 te
1738 720 1851 789 ipsa
1884 721 2027 774 veri-

445 828 560 872 tas:
594 826 649 869 ut
680 816 846 869 etiam
880 814 925 869 si
958 815 1211 870 conﬁteri
1241 830 1361 871 eam
1403 816 1579 882 nolis,
1624 825 1805 869 tamen
1829 828 2029 883 negare

442 923 547 962 non
572 907 769 976 possis.
819 906 958 974 Quid
998 909 1142 961 enim
1188 907 1266 961 ait
1308 906 1680 977 evangelista?
1724 905 2029 973 Baptizatus

442 1009 613 1053 autem
653 999 920 1069 confestim
959 999 1191 1053 ascendit
1232 1000 1297 1053 de
1333 1015 1493 1071 aqua.
1533 999 1667 1066 Quis
1728 1000 2028 1068 baptizttus

442 1092 559 1159 est?
599 1092 846 1147 Christus
884 1093 1093 1161 utique.
1124 1089 1192 1144 Et
1218 1107 1361 1153 ecce,
1406 1092 1611 1161 inquit,
1643 1092 1810 1163 aperti
1839 1102 1957 1145 sunt
1981 1094 2028 1146 ei

442 1181 685 1239 cali.Cni
711 1184 950 1249 scilicet,
976 1185 1076 1236 nisi
1108 1184 1181 1237 illi
1210 1184 1303 1252 qui
1327 1184 1628 1253 baptizatus
1658 1186 1782 1238 est?
1811 1184 2028 1241 Christo

444 1275 737 1347 utiqtte..Et
774 1277 900 1330 vidit
944 1277 1183 1348 spiritum
1217 1275 1307 1329 Dei
1337 1277 1730 1330 descendentem
1776 1278 1907 1330 sicut
1936 1294 2027 1331 co-

443 1368 667 1422 lumbam
687 1378 733 1422 et
773 1367 1050 1421 seuientem
1089 1382 1245 1434 super
1284 1382 1356 1421 se.
1406 1367 1537 1433 Quis
1581 1368 1747 1422 vidit?
1776 1368 2028 1423 Christus

442 1458 674 1515 scilicet.
705 1458 879 1525 Super
899 1472 1061 1525 quem
1090 1456 1411 1511 descendit?
1438 1471 1601 1526 super
1621 1459 1891 1512 Christum
1926 1456 2029 1511 uti-

440 1564 566 1620 que.
619 1551 685 1603 Et
712 1564 810 1601 vos
852 1552 992 1616 facta
1017 1558 1093 1602 est
1136 1551 1200 1601 de
1228 1549 1388 1617 creto,
1437 1549 1633 1603 dicens.
1676 1549 1753 1605 De
1784 1550 1928 1620 quo?
1960 1549 2028 1606 de

439 1642 658 1698 Christo
687 1643 913 1698 scilicet.
952 1644 1092 1710 Quid
1122 1646 1266 1698 enim
1308 1645 1588 1715 sequitur?
1616 1643 1713 1697 Hic
1742 1654 1815 1698 est
1858 1642 2028 1698 Filius

2135 441 2470 497 declarasset
2510 447 2849 514 :prarsertim
2892 463 3012 503 cum
3057 449 3139 503 his
3181 452 3377 506 divina
3424 455 3720 513 nativitatis

2132 536 2638 605 significatioiiibus,
2660 553 2780 609 qua:
2808 556 2915 595 non
2945 543 3118 597 solum
3147 545 3429 600 veritatem
3461 550 3561 617 pia:
3595 546 3720 606 fidei

2132 628 2541 698 conﬁrmarent,
2566 631 2660 685 sed
2688 634 2849 686 etiam
2880 636 3201 703 pravitatem
3236 637 3413 705 impiae
3443 640 3718 709 opinionis

2133 723 2507 778 excluderent.
2540 723 2799 780 lneﬁ'abili
2829 728 2970 781 enim
3005 728 3168 783 divini
3199 730 3330 786 dicti
3359 733 3721 802 magnificen-

2134 814 2205 867 tia
2245 829 2367 868 cntn
2399 830 2666 886 expresse
2689 833 2753 873 ac
2774 819 3145 889 signiﬁcanter
3172 822 3401 879 dixisset
3431 825 3610 889 Pater,
3635 827 3725 881 hic

2132 916 2203 959 est
2229 904 2404 961 Filius
2435 924 2575 962 meus
2606 910 2846 976 dilectus,
2877 913 3028 967 addit
3051 913 3213 967 etiam
3242 914 3373 969 illud
3405 918 3544 985 qttod
3569 933 3725 973 secu~

2133 1007 2245 1053 tnnt
2281 1006 2401 1065 est,
2446 1002 2678 1057 dilectus
2719 1005 2957 1073 scilicet,
2989 1007 3044 1060 in
3091 1024 3192 1079 qua
3239 1009 3366 1063 mihi
3406 1010 3722 1073 contplacui.

2135 1090 2332 1159 Utique
2355 1093 2493 1147 sicut
2525 1108 2620 1164 per
2647 1096 2964 1165 prophetam
2998 1098 3166 1153 Deum
3206 1100 3437 1166 fortem,
3467 1111 3520 1157 et
3550 1102 3724 1158 Deum

2134 1198 2386 1253 magnum
2405 1183 2518 1253 jam
2547 1186 2934 1254 praedicat-erat
2960 1189 3142 1259 (lenite
3164 1193 3273 1257 Ix):
3303 1194 3372 1244 ita
3401 1192 3486 1249 hic
3510 1196 3719 1261 dicens,

2131 1270 2307 1329 Filius
2336 1291 2480 1331 meus
2526 1278 2744 1333 dilectus
2774 1280 2826 1332 in
2856 1297 2958 1349 quo
3000 1282 3129 1335 mihi
3158 1286 3464 1354 complacui,
3500 1286 3722 1356 insuper

2132 1368 2337 1436 pr0prii
2373 1370 2464 1421 filii
2501 1370 2584 1423 sui
2631 1383 2826 1425 nomen
2856 1370 3088 1440 adjecit,
3120 1383 3177 1426 ttt
3222 1376 3607 1442 proprietatem
3638 1376 3722 1430 di-

2130 1461 2270 1513 vinae
2293 1459 2544 1515 videlicet
2570 1473 2776 1516 naturae
2800 1463 3079 1518 nominum
3107 1464 3438 1533 signiﬁcaret
3460 1467 3719 1537 adjecti‘o,

2134 1558 2189 1605 et
2214 1549 2267 1604 id
2292 1550 2360 1605 ad
2412 1552 2674 1607 honorem
2702 1553 2821 1607 Filii
2854 1553 2948 1608 Dei
2996 1558 3349 1624 peculiariter
3380 1560 3723 1628 pertineret,

2131 1643 2275 1710 quod
2313 1640 2452 1698 nulli
2483 1647 2707 1699 omnino
2735 1645 2942 1700 homini
2982 1648 3314 1717 contigisset.
3350 1650 3532 1716 Itaque
3578 1652 3726 1708 sicut

440 1752 584 1792 meus
621 1737 869 1803 dilectus,
899 1739 955 1790 in
993 1754 1096 1809 quo
1125 1736 1251 1791 mihi
1281 1740 1594 1808 complacui.
1629 1738 1694 1794 Ut
1720 1738 1898 1793 omnia
1937 1740 2023 1793 illa
2059 1738 2105 1799 B
2135 1736 2226 1790 illa
2260 1737 2477 1806 prapria
2523 1752 2586 1793 ac
2614 1740 2909 1807 peculiaria
2938 1741 2995 1793 in
3024 1755 3255 1809 persona
3304 1743 3523 1799 Domini
3549 1747 3725 1802 nostri

440 1840 665 1903 propter
690 1847 850 1901 quem
892 1831 1035 1887 facta
1071 1842 1274 1897 essent,
1300 1836 1735 1901 ostenderentur,
1766 1850 1869 1889 vos
1891 1850 2024 1889 cnn-

438 1934 627 1977 secuta
648 1932 732 1976 est
765 1921 987 1978 dicens:
1035 1921 1136 1976 llic
1159 1932 1233 1976 est
1264 1920 1440 1977 Filius
1469 1941 1610 1979 meus
1647 1925 1898 1989 dilectus,
1926 1927 2028 1982 hoc

440 2022 525 2070 est
562 2013 780 2070 dicere:
816 2014 912 2069 llic
945 2026 1027 2069 est
1066 2024 1286 2085 propter
1318 2032 1477 2086 quem
1511 2028 1705 2072 cuncta
1750 2019 1863 2073 haec
1889 2018 2028 2074 facta

437 2118 585 2164 sunt.
623 2109 719 2163 llic
741 2119 824 2163 est
849 2110 994 2163 enim
1039 2108 1210 2163 Filius
1246 2125 1431 2173 meus,
1470 2119 1690 2180 propter
1731 2113 1871 2166 hunc
1900 2113 2031 2169 coeli

437 2201 609 2271 aperti
639 2209 768 2256 sunt
789 2243 802 2266 ,
830 2211 1051 2272 propter
1073 2206 1218 2258 hunc
1254 2203 1479 2272 spiritus
1503 2218 1654 2258 meus
1692 2205 1839 2258 venit
1865 2246 1877 2270 ,
1902 2219 2030 2275 pro-

438 2304 559 2364 pter
602 2293 746 2349 bunc
783 2310 887 2349 vos
936 2309 1053 2350 mea
1102 2294 1241 2348 facta
1284 2306 1391 2349 est.
1427 2294 1526 2350 llic
1564 2306 1642 2350 est
1674 2296 1817 2351 enim
1858 2298 2029 2353 Filius

441 2401 614 2441 meus.
657 2387 851 2442 Dicens
891 2402 1053 2456 ergo,
1079 2386 1162 2440 hic
1198 2397 1273 2441 est
1298 2384 1470 2441 Filius
1492 2403 1668 2454 meus,
1700 2404 1860 2458 quem
1883 2390 2031 2444 desi-

440 2479 668 2548 gnabat?
692 2479 842 2533 illum
875 2481 1060 2549 utique
1086 2496 1247 2551 quem
1276 2480 1521 2535 columba
1551 2483 1821 2551 tangebat.
1857 2482 2028 2549 Quem

440 2587 571 2643 ergo
596 2573 841 2628 columba
872 2574 1074 2644 tetigit?
1097 2576 1370 2628 Christum
1419 2574 1653 2629 scilicet.
1686 2575 1826 2643 Ergo
1872 2574 2030 2628 Clu-i-

443 2675 560 2719 stus
584 2663 753 2720 Filius
780 2665 874 2720 Dei
890 2676 1000 2720 est.
1027 2665 1253 2733 ltnpleta
1279 2675 1383 2731 est,
1401 2677 1454 2719 ut
1478 2681 1621 2730 reor,
1641 2666 1861 2736 sponsio
1886 2681 2026 2720 mea.

441 2754 603 2811 Vides
637 2772 769 2827 ergo
800 2757 1071 2826 profecto,
1099 2756 1356 2811 bteretice
1376 2797 1392 2823 ,
1421 2757 1633 2827 signum
1667 2758 1761 2811 tibi
1787 2756 1856 2812 de
1886 2758 2029 2813 casio

440 2846 661 2902 datum:
686 2859 739 2902 et
763 2848 982 2916 quidem
1015 2864 1117 2903 non
1145 2863 1307 2902 unum
1328 2888 1343 2913 ,
1370 2849 1544 2903 sedet
1570 2851 1732 2903 multa
1765 2861 1816 2905 et
1845 2853 2030 2921 singu-

439 2939 609 2994 laria?
632 2940 809 2995 [labes
837 2942 982 2996 enim
1019 2957 1183 2996 unum
1213 2942 1263 2997 in
1299 2942 1581 3011 apertione
1611 2944 1736 2998 οωιί
1756 2986 1771 3007 ,
1806 2946 1947 2997 aliud
1973 2946 2027 3000 in

440 3027 676 3099 Spiritus
713 3030 1101 3099 descensione,
1147 3034 1360 3088 tertium
1404 3035 1456 3087 itt
1490 3032 1666 3089 Patris
1694 3050 1847 3090 voce.
1895 3037 2028 3104 Qua

2128 1826 2256 1883 Jesu
2298 1829 2497 1884 Christi
2543 1832 2794 1897 fuerunt,
2827 1832 2970 1900 quod
3001 1834 3127 1887 coeli
3170 1835 3340 1903 aperti
3373 1845 3525 1901 sunt,
3576 1836 3725 1907 quod

2130 1935 2252 1975 eum
2290 1922 2428 1976 Deus
2461 1923 2621 1977 l‘ater
2649 1927 2860 1978 cunctis
2884 1923 3194 1981 videntibus
3225 1943 3319 1997 per
3339 1928 3727 1987 adventantem

2129 2025 2289 2084 atque
2316 2025 2585 2070 astantem
2608 2018 2910 2071 columbam
2936 2020 3091 2088 quasi
3124 2034 3284 2074 manu
3314 2022 3728 2090 quodammodo

2130 2121 2226 2162 sua
2274 2108 2485 2177 tetigit,
2518 2119 2571 2163 et
2605 2109 2759 2178 quasi
2814 2110 2983 2180 digito
3038 2111 3314 2168 indicante
3356 2118 3719 2184 monstravit,

2131 2202 2351 2269 dicens,
2392 2201 2490 2256 llic
2535 2213 2607 2258 est
2653 2201 2825 2258 Filius
2856 2220 3034 2260 meus:
3068 2207 3139 2260 ita
3176 2207 3303 2261 illud
3334 2223 3546 2276 quoque
3590 2222 3727 2278 pro—

2133 2296 2313 2364 prium
2359 2296 2409 2349 ei
2442 2309 2506 2351 ac
2554 2296 2861 2365 singulare,
2897 2299 3036 2363 quod
3074 2300 3421 2366 peculiariter
3453 2301 3724 2368 dilectus,

2132 2396 2185 2439 et
2216 2387 2563 2455 peculiariter
2598 2388 2742 2442 Patri
2777 2391 3133 2459 complacitus
3166 2396 3509 2447 nominatur:
3541 2406 3589 2448 ut
3625 2409 3729 2464 pe-

2132 2479 2391 2534 Culiaretn
2432 2484 2618 2550 utique
2664 2492 2871 2537 natura;
2916 2483 3373 2553 signiﬁcationem
3431 2488 3731 2555 pecoliaria

2134 2572 2499 2628 additamenta
2528 2584 2922 2644 mon~trarent,
2955 2585 3011 2630 et
3042 2577 3432 2645 proprietatem
3464 2568 3732 2648 ttn’geniti

2134 2664 2257 2719 Filii
2305 2666 2471 2718 etiam
2527 2668 2906 2736 cognominnm
2958 2667 3261 2737 proptietas
3327 2668 3678 2724 confirmaret
3713 2718 3729 2741 ,

2132 2773 2292 2828 quam
2329 2758 2440 2828 jam
2474 2760 2646 2814 honor
2691 2761 2962 2831 signorum
3009 2763 3432 2831 praecedentium
3472 2772 3735 2832 ουηιριο-

2132 2851 2339 2907 basset.
2371 2852 2475 2907 Sed
2499 2852 2608 2921 jam
2654 2853 2823 2908 libelli
2855 2854 3013 2907 istius
3054 2855 3177 2908 finis
3223 2857 3312 2910 sit.
3341 2854 3526 2926 Neque
3574 2844 3735 2912 enim

2132 2942 2337 2998 dictum
2374 2948 2478 2998 hoc
2510 2943 2603 2998 Dei
2634 2943 2809 2998 Patris
2850 2957 2940 2997 aut
2971 2946 3154 3014 augeri
3185 2945 3434 3000 humanis
3462 2949 3738 3003 sermoni-

2132 3038 2234 3092 bus
2282 3048 2376 3091 ant
2407 3039 2678 3104 exaequari
2726 3046 2926 3105 potest.
2957 3037 3122 3091 Nobis
3155 3039 3221 3093 de
3258 3039 3489 3093 Domino
3534 3048 3741 3098 nostro

442 3122 627 3190 utique
652 3126 1058 3182 evidentissime
1086 3129 1268 3181 omnia
1292 3126 1565 3183 Christum
1592 3130 1759 3184 Deum
1782 3146 1904 3185 esse
1932 3131 2028 3186 de-
2051 3125 2097 3187 C
2130 3130 2258 3185 .lesu
2289 3130 2508 3185 Christo
2533 3127 2669 3183 Filio
2695 3144 2792 3183 suo
2815 3170 2829 3193 ,
2856 3131 2989 3183 satis
3017 3145 3111 3197 per
3150 3144 3208 3184 se
3240 3132 3355 3200 ipse
3384 3132 3529 3186 Deus
3556 3134 3739 3189 Pater

440 3215 681 3271 clarant:
704 3218 827 3287 quia
859 3233 985 3274 eum
1010 3227 1067 3275 et
1096 3222 1361 3276 reseratio
1387 3223 1655 3277 cmlorum
1688 3225 1852 3278 Detnn
1880 3225 2024 3280 indi-

442 3319 562 3375 cat,
594 3320 651 3367 et
693 3311 985 3368 descensio
1007 3329 1171 3384 super
1210 3329 1334 3369 eum
1380 3316 1611 3385 Spiritus
1646 3321 1819 3372 sancti
1860 3319 2022 3373 Deum

439 3403 737 3472 approbat,
771 3413 824 3458 et
867 3406 1125 3460 allocutio
1153 3406 1328 3461 Patris
1362 3408 1526 3462 Deum
1565 3423 1685 3463 esse
1714 3411 2019 3466 confirmat.

438 3490 625 3562 Neque
650 3493 793 3549 enim
826 3496 908 3548 vel
945 3496 1142 3551 celum
1173 3498 1277 3551 nisi
1326 3500 1539 3552 Domini
1567 3501 1653 3553 sui
1690 3501 1896 3556 honore
1929 3518 2023 3567 pa-

439 3583 633 3639 tuisset
653 3624 670 3650 ,
697 3585 783 3639 vel
823 3583 1063 3653 Spiritus
1099 3588 1283 3658 specie
1307 3590 1573 3658 corporali
1596 3592 1696 3644 nisi
1720 3606 1893 3660 super
1926 3594 2021 3649 Dei

2133 3223 2360 3279 idoneus
2392 3224 2547 3277 testis
2578 3232 2661 3277 est
2682 3261 2696 3285 ,
2731 3220 2919 3275 dicens
2940 3264 2956 3289 ,
2993 3220 3090 3275 Hic
3129 3234 3201 3277 est
3233 3220 3403 3277 Filius
3449 3236 3609 3278 meus.
3638 3223 3741 3285 Tu

2134 3318 2178 3370 si
2208 3313 2690 3370 contradicendum
2723 3311 2807 3367 his
2831 3314 2923 3367 Dei
2956 3313 3133 3369 Patris
3163 3314 3386 3369 vocibus
3418 3327 3614 3385 putas:
3644 3316 3737 3377 illi

2131 3422 2161 3461 a
2196 3416 2247 3461 te
2293 3421 2523 3460 necesse
2550 3414 2635 3458 est
2674 3405 3009 3470 contradici,
3035 3407 3127 3475 qui
3159 3421 3282 3460 eum
3310 3406 3734 3468 evidentissima

2132 3498 2502 3554 declaratione
2536 3498 2732 3551 Filium
2760 3511 2917 3551 suum
2943 3510 3068 3553 esse
3095 3498 3165 3552 ab
3193 3499 3340 3552 omni
3370 3498 3572 3554 mundo
3590 3496 3732 3555 σιςᾱί

2132 3589 2374 3661 agnosci.

1376 3792 1856 3900 LIBER
1938 3721 2377 3923 QIMn
2401 3792 2508 3898 T
2534 3721 2747 3898 es.

944 4045 1175 4104 CAPUT
1215 4045 1503 4105 PRIMUM.

438 4162 705 4221 Christum
731 4170 852 4217 ante
888 4162 1057 4217 cuntis
1102 4164 1506 4303 st'rscqrtionem,
1538 4162 1701 4219 Deum
1726 4168 1789 4220 ab
1827 4178 2023 4222 eterna

1162 4249 1316 4287 uisse.

1162 4253 1193 4285 ιι
1201 4249 1316 4287 ηδε.

507 4328 912 4387 Consummatis
960 4326 1154 4382 libellis
1184 4325 1353 4381 tribus
1396 4327 1548 4397 quasi
1578 4328 1905 4386 fidelissimis
1935 4340 2021 4387 at-

434 4436 542 4494 que
580 4416 1007 4489 opulentissimis
1038 4418 1269 4473 testibus
1291 4459 1308 4485 ,
1335 4429 1523 4489 utpote
1549 4436 1777 4491 quorum
1820 4424 2021 4478 veritas

436 4531 545 4573 non
589 4512 839 4569 humanis
867 4520 1071 4568 tantum
1093 4551 1111 4577 ,
1139 4512 1235 4567 sed
1274 4512 1437 4567 etiam
1463 4511 1661 4568 divinis
1685 4515 2017 4572 testimoniis

436 4607 764 4678 locupletata
806 4614 925 4671 est,
956 4604 1213 4660 sufﬁcere
1262 4604 1479 4676 quidem
1528 4606 1685 4661 nobis
1730 4607 1796 4660 ad
1843 4618 2022 4663 causa

439 4700 846 4773 probationem,
881 4713 977 4770 per
1004 4697 1243 4753 divinam
1270 4698 1648 4754 auctoritatem
1679 4698 1894 4754 abunde
1918 4712 2021 4768 po-

437 4802 650 4858 terant;
672 4808 794 4849 cum
846 4793 959 4861 ipsa
990 4792 1176 4861 utique
1206 4806 1305 4862 per
1332 4807 1393 4847 se
1420 4806 1603 4847 causae
1627 4807 1744 4848 sua:
1781 4793 2022 4848 auctori-

440 4896 521 4941 tas
566 4885 750 4939 divina
781 4886 1033 4941 sufﬁciat.
1082 4884 1189 4942 Sed
1240 4894 1418 4940 tamen
1450 4884 1574 4954 quia
1620 4884 1777 4954 plena
1808 4894 1893 4941 est
1937 4885 2022 4942 his

437 4978 768 5035 testimoniis
824 4993 1099 5034 sacrorum
1149 4977 1486 5033 Voluminurn
1546 4979 1719 5032 series
1783 4979 1873 5032 ubi
1938 4987 2015 5033 tot

435 5081 606 5129 testes
633 5077 761 5123 sunt
784 5076 916 5139 quot
947 5071 1255 5138 sententiae,
1280 5070 1449 5125 immo
1471 5069 1561 5124 ubi
1592 5071 1704 5139 ipsa
1727 5068 2014 5138 Scriptura

433 5177 589 5220 sacra
612 5161 766 5233 quasi
794 5176 958 5216 unum
981 5163 1386 5228 quodammodo
1412 5164 1577 5218 divini
1609 5163 1721 5218 oris
1749 5173 1833 5218 est
1864 5166 2013 5220 testi-

432 5255 711 5311 monium:
742 5251 1132 5308 accumulanda
1164 5255 1408 5324 quaedam
1454 5254 1628 5309 adhuc
1673 5254 1977 5323 putavimus
2000 5297 2016 5322 ,

432 5361 539 5403 non
571 5361 667 5417 pro
696 5341 1028 5403 necessitate
1044 5346 1487 5415 approbatiouis,
1513 5347 1607 5403 sed
1633 5362 1729 5417 pro
1763 5346 2018 5405 facultate

430 5452 613 5495 rerum
643 5448 698 5493 et
726 5440 920 5508 copia:
952 5446 1012 5493 ttt
1036 5436 1296 5509 quidquid
1337 5440 1700 5495 necessarium
1732 5456 1840 5496 non
1872 5449 2016 5497 esset

432 5531 770 5603 defensioni,
804 5539 973 5588 totum
1002 5533 1292 5603 proﬁceret
1332 5535 1563 5591 ornatui.
1598 5534 1738 5603 Ergo
1767 5537 1891 5606 quia
1920 5550 2015 5588 su-

2128 4048 2431 4119 perioribus
2454 4047 2604 4103 libris
2629 4045 2919 4103 Dominum
2943 4047 3131 4106 Iesum
3154 4046 3428 4107 Cltristnm
3460 4068 3564 4109 non
3590 4064 3725 4125 pro-

2128 4142 2364 4213 pheticis
2395 4150 2598 4197 tantum
2631 4152 2791 4213 atque
2820 4145 3174 4212 apostolicis,
3206 4147 3299 4201 sed
3344 4150 3505 4203 etiam
3550 4144 3727 4205 evan-

2124 4235 2316 4304 gelicis
2358 4244 2522 4305 atque
2569 4235 2827 4304 angelicis
2876 4237 3205 4291 te3timoniis
3235 4278 3252 4305 ,
3297 4254 3418 4294 cum
3467 4242 3518 4295 in
3547 4256 3723 4301 carne

2126 4336 2287 4393 atque
2310 4328 2361 4380 in
2393 4334 2538 4381 terra
2578 4336 2761 4391 esset,
2788 4326 2959 4382 Deum
3004 4329 3391 4398 probavimus:
3419 4347 3559 4388 nunc
3586 4318 3717 4392 enni

2124 4419 2215 4487 qui
2248 4418 2300 4471 in
2322 4432 2487 4471 carne
2517 4428 2675 4472 natus
2700 4427 2784 4472 est
2807 4458 2823 4484 ,
2855 4423 3017 4474 etiam
3053 4430 3181 4477 ante
3203 4422 3388 4479 carnis
3413 4430 3719 4496 susceptio-

2124 4526 2247 4566 nem
2283 4511 2449 4566 Deum
2478 4525 2698 4580 semper
2728 4511 2898 4567 fuisse
2922 4524 3290 4570 monstremus
3316 4535 3331 4573 :
3363 4530 3423 4573 ut
3447 4520 3718 4581 inleiliga.

2124 4606 2593 4663 consentientibus
2623 4614 2681 4661 et
2735 4608 2888 4676 quasi
2930 4608 3402 4666 conclamantibus
3433 4613 3534 4667 sibi
3575 4612 3719 4668 divi-

2125 4714 2320 4754 norum
2352 4698 2686 4755 voluminum
2718 4699 3071 4765 testimoniis,
3107 4703 3359 4756 eumdem
3404 4713 3456 4757 te
3490 4704 3541 4757 in
3574 4706 3719 4759 nati-

2124 4792 2291 4844 vitate
2315 4804 2575 4859 corporea
2599 4799 2655 4845 et
2679 4790 2951 4845 hominem
2971 4790 3172 4847 debere
3198 4793 3423 4849 credere
3445 4805 3498 4850 et
3518 4795 3717 4863 Deum,

2123 4896 2282 4951 quem
2309 4891 2437 4935 ante
2464 4882 2803 4937 nativitatem
2833 4897 3155 4952 corpoream
3190 4891 3395 4938 tantum
3429 4884 3625 4940 Deum:
3655 4894 3719 4942 οι

2123 4989 2285 5043 quem
2320 4981 2443 5042 post
2492 4973 2785 5028 editionem
2840 4973 3080 5042 Virginis
3112 4974 3165 5027 in
3214 4988 3445 5041 cnrpore
3500 4977 3709 5051 Deum,

2123 5066 2373 5121 eumdem
2401 5075 2530 5120 ante
2559 5075 2771 5137 partum
2800 5065 3038 5137 Virginis
3064 5065 3296 5121 Verbum
3325 5066 3514 5123 Deum.
3548 5067 3713 5126 Disce

2121 5173 2253 5228 ergo
2284 5159 2518 5228 primum
2567 5160 2635 5214 ab
2682 5159 2949 5226 Apostnlo
2982 5158 3147 5213 totius
3194 5159 3376 5213 mundi
3411 5160 3672 5229 magistro
3694 5201 3709 5228 ,

2119 5266 2242 5307 eum
2275 5252 2363 5321 qtti
2397 5260 2481 5306 est
2511 5252 2629 5306 sine
2652 5250 2875 5305 exordio
2906 5248 3073 5303 Deum
3096 5294 3112 5319 ,
3143 5251 3343 5305 Filium
3371 5252 3492 5319 Dei,
3520 5252 3571 5305 iu
3603 5252 3713 5311 fine

2120 5344 2341 5412 mundi,
2390 5344 2444 5400 id
2484 5354 2605 5411 est,
2657 5343 2709 5398 in
2750 5351 3056 5410 temporum
3108 5341 3482 5411 plenitudine,
3514 5342 3710 5399 Filium

2120 5439 2353 5495 hominis
2377 5439 2577 5495 factum
2601 5452 2745 5495 esse.
2769 5436 2857 5492 Ait
2881 5434 3063 5491 enim:
3086 5434 3153 5490 At
3180 5435 3268 5489 ubi
3287 5437 3420 5491 venit
3442 5437 3711 5505 plenitudo

2121 5533 2380 5603 temporis,
2410 5541 2436 5571 ι
2456 5534 2595 5587 misit
2623 5531 2760 5587 Deus
2781 5527 2986 5586 Filium
3003 5544 3155 5584 suum
3174 5528 3369 5601 factum
3390 5545 3455 5585 ex
3475 5530 3708 5599 muliere,

1498 5643 1752 5700 ALARDI
1794 5644 2026 5703 cum
2064 5634 2629 5705 COMMENTARIUS.

508 5743 537 5777 ι
562 5733 751 5794 (ξι-εει
803 5733 1151 5801 ﬁniendis,
1192 5740 1413 5804 preprie
1455 5737 1663 5801 emisit,
1704 5738 1789 5792 vel
1829 5740 2007 5811 potius

1785 5822 1915 5841 ινα-ιιι
1930 5816 1990 5839 GI:

2114 5734 2335 5809 legavit.
2367 5737 2542 5807 lisit,
2578 5740 2824 5811 inquam,
2859 5738 3061 5797 Filium
3095 5756 3201 5799 non
3221 5758 3273 5815 _a
3306 5756 3366 5799 se
3387 5746 3688 5811 separatam
