3976 6180
295 261 351 320 ’17
1276 254 1820 323 DE'INCA'RNATIO

1951 262 2217 329 CHRISTI
2257 274 2390 331 LIB.
2432 274 2519 333 lV.
3454 283 3526 343 78

294 382 451 452 factum
466 382 549 434 sub
571 380 683 449 lege
703 375 910 451 (Galat.
939 380 1038 446 tr).
1065 376 1159 433 Dic
1181 379 1315 433 mihi
1339 395 1472 450 ergo
1494 397 1655 444 nunc.
1677 392 1831 437 ante-
1858 399 1908 456 Α
1937 385 2188 439 omnibus
2212 386 2377 454 licet,
2407 405 2512 443 non
2547 389 2707 448 liceat
2733 393 2788 447 in
2820 408 2910 459 se,
2933 403 2990 449 et
3022 396 3111 465 qui
3144 396 3327 463 utique
3351 399 3402 451 in
3432 415 3526 455 na-

299 487 425 542 qttatn
445 470 682 525 Dontiuus
703 471 871 525 Jesus
892 469 1143 525 Christus
1169 482 1235 526 ex
1262 479 1435 525 matre
1450 472 1614 527 Maria
1639 488 1834 530 nasce-

298 564 627 629 retur,h.nbuit
673 563 825 617 Deus
862 561 1080 630 Filium,
1105 573 1199 617 aut
1233 579 1338 617 non
1376 566 1600 620 habuit?
1627 566 1836 635 Negare

298 672 383 712 non
408 669 534 724 potes
558 658 692 726 quin
731 656 1029 711 habuerit:
1064 646 1241 725 neque
1270 657 1412 712 enim
1459 670 1712 728 umquam
1744 664 1835 714 ant

294 750 385 803 sine
406 761 538 818 patre
571 751 715 803 littus
740 791 754 815 ,
791 760 880 803 aut
914 750 1035 804 sine
1061 750 1170 804 ﬁlio
1202 760 1390 820 pater:
1439 753 1563 822 quia
1591 740 1728 808 sicut
1752 758 1833 808 ex

292 842 589 913 patrelilius,
606 845 690 899 ita
716 858 785 899 ex
819 843 928 897 lilio
957 852 1113 913 pater
1143 844 1367 901 dicitur.

872 952 1102 1012 carur
1151 930 1215 1012 Π.

281 1030 456 1121 Colligit
480 1067 540 1104 ea:
570 1050 649 1104 his
676 1064 794 1123 qua:
820 1050 981 1123 dixit,
1012 1042 1283 1123 Virginem
1316 1026 1543 1105 Mariam
1575 1046 1829 1123 antiquio-

493 1138 604 1177 rem
644 1120 972 1192 etinajorem
993 1132 1047 1175 se
1070 1120 1275 1175 Filium
1302 1126 1578 1194 peperisse.

344 1210 484 1268 Vides
508 1218 637 1284 ergo
662 1214 829 1283 quod,
854 1213 1072 1268 dicente
1094 1215 1384 1283 Apostolo,
1407 1217 1554 1269 misit
1572 1217 1720 1271 Deus
1743 1214 1831 1271 Fi-

281 1306 392 1360 lio‘m
419 1324 557 1361 suum
584 1353 598 1377 ,
643 1304 801 1362 suum
843 1307 1030 1377 utique
1079 1306 1272 1362 Filium
1302 1349 1317 1373 ,
1351 1319 1409 1361 ιιι
1441 1308 1612 1377 ipsius
1651 1308 1829 1364 verbis

280 1406 381 1451 utar
400 1400 633 1468 Apostnli
653 1441 669 1466 ,
694 1414 851 1455 suum
887 1398 1080 1453 Filium
1111 1398 1254 1454 Deus
1283 1401 1449 1453 misit.
1472 1399 1665 1470 Neque
1686 1401 1825 1455 enim

270 1500 349 1545 aut
373 1492 597 1548 alienum
650 1495 882 1564 aliquem
925 1492 1093 1548 illium
1143 1493 1331 1559 misit,
1362 1494 1484 1562 quia
1536 1506 1690 1548 suum
1724 1495 1827 1549 mi-

270 1584 388 1640 sisse
414 1586 607 1641 dicitur
630 1605 642 1640 :
668 1596 761 1640 aut
790 1585 1011 1640 omnino
1038 1585 1255 1641 mittere
1279 1586 1450 1657 potuit
1471 1586 1551 1652 ,si
1582 1598 1686 1641 non
1711 1592 1830 1642 erat

265 1682 344 1748 qui
368 1682 689 1737 mitteretur.
720 1681 855 1735 Misit
895 1694 1045 1749 ergo,
1075 1680 1271 1751 inquit,
1300 1679 1495 1733 Filium
1539 1695 1716 1743 suum,
1752 1680 1830 1735 la-

1940 480 2060 529 tura
2091 477 2307 533 deitatis
2340 480 2509 549 ipsius
2541 481 2592 535 id
2621 481 2778 538 habet
2805 495 2864 538 ut
2915 486 3091 540 oinnia
3125 489 3302 557 possit
3348 487 3524 557 Deus,

1939 565 1993 620 in
2025 583 2121 622 sua
2149 579 2356 623 tantum
2406 587 2641 641 persona
2666 574 2716 629 id
2742 589 2847 630 non
2874 576 3062 632 habeat
3081 619 3096 646 ,
3124 590 3181 634 ttt
3209 583 3277 634 sit
3302 580 3441 637 Deus
3472 584 3524 638 in

1938 658 2181 717 homine.
2210 662 2577 734 Seqnestratis
2617 682 2749 738 ergo
2778 685 2841 725 ac
2886 673 3181 740 repudiatis
3216 670 3430 731 Trivo'lis
3471 670 3524 732 ἐι

1937 758 2156 812 caducis
2178 766 2519 816 terrenarum
2541 767 3070 833 argumentationum
3105 766 3514 837 stoliditatihns,

1936 848 2169 918 simplici
2204 853 2574 908 tantummodo
2615 844 2978 911 testiﬁcationi
3007 875 3071 913 ac
3110 860 3267 915 nudte
3294 854 3553 916 credcnm'

1934 941 2066 995 dum
2097 953 2179 998 est
2206 943 2452 1001 veritati:
2487 950 2540 1002 et
2570 948 2651 1002 his
2676 960 2880 1004 tantum
2904 951 2972 1006 de
3006 950 3113 1008 Deo
3139 952 3364 1009 testibus
3390 948 3523 1011 ﬁdes

1932 1034 2389 1090 accommodanda
2411 1080 2424 1101 ,
2460 1052 2597 1107 quos
2633 1040 2771 1095 Deus
2802 1041 2949 1096 misit
2973 1085 2986 1106 ,
3018 1052 3071 1098 et
3099 1045 3151 1098 iu
3179 1046 3375 1115 quibus
3399 1048 3517 1117 ipse

1930 1122 1999 1179 de
2020 1132 2080 1181 Se
2103 1167 2118 1193 ,
2147 1136 2203 1181 ot
2238 1128 2311 1181 ita
2334 1128 2604 1197 dixerim,
2639 1133 2974 1202 praedicavit.
3002 1134 3241 1205 Equum
3266 1148 3349 1193 est
3374 1141 3516 1195 enim

1931 1228 1992 1274 ut
2028 1220 2097 1275 de
2142 1222 2418 1291 agnitione
2465 1222 2611 1279 illius
2641 1224 2746 1295 ipsi
2779 1228 3067 1284 credamus
3109 1230 3265 1301 cujus
3315 1234 3523 1290 scilicet

1933 1318 2104 1364 totum
2137 1320 2223 1367 est
2251 1313 2394 1382 quod
2426 1313 2493 1369 de
2525 1330 2589 1370 eo
2613 1317 2899 1372 novimus:
2933 1321 3055 1389 quia
3082 1323 3303 1391 agnosci
3336 1326 3520 1394 utique

1930 1403 2074 1460 Deus
2105 1406 2173 1461 ah
2202 1406 2422 1463 homine
2454 1424 2557 1463 non
2585 1411 2779 1479 potuit,
2808 1413 2911 1466 nisi
2935 1414 3263 1482 agnitionem
3292 1416 3374 1470 sui
3403 1417 3518 1486 ipse

1931 1496 2231 1553 tribuisset.
2256 1498 2322 1553 Et
2352 1500 2471 1554 ideo
2498 1498 2702 1569 justum
2728 1514 2809 1557 est
2842 1513 2901 1557 ut
2935 1512 3104 1558 totum
3135 1506 3424 1561 credamus
3450 1508 3519 1564 de

1930 1602 1995 1641 eo
2025 1590 2167 1657 quod
2199 1590 2398 1645 scimus
2421 1636 2434 1659 ,
2468 1591 2622 1660 cujus
2651 1602 2733 1647 est
2763 1609 2923 1650 omne
2954 1596 3095 1665 quod
3119 1598 3359 1653 scimus:
3393 1598 3519 1669 quia

1930 1682 1972 1735 si
1998 1681 2045 1735 ei
2078 1695 2181 1736 non
2207 1681 2479 1738 credimus
2506 1701 2533 1737 a
2556 1700 2663 1754 quo
2692 1687 2921 1755 scimus,
2959 1687 3019 1742 iit
3041 1698 3097 1741 ut
3128 1690 3352 1745 omnino
3376 1689 3513 1745 nihil

266 1782 398 1827 ctum
427 1790 493 1829 ex
522 1776 769 1829 muliere.
799 1773 934 1843 Ergo
962 1784 1015 1828 et
1045 1774 1168 1843 quia
1203 1773 1353 1827 misit
1384 1786 1530 1836 eum,
1560 1772 1709 1826 misit
1734 1772 1823 1841 qui
1854 1778 1904 1841 Β
1929 1772 2169 1828 sciamus
2193 1815 2206 1836 ,
2235 1773 2362 1828 dum
2394 1774 2445 1829 ei
2476 1791 2581 1830 non
2606 1777 2880 1832 credimus
2907 1794 3003 1848 per
3029 1795 3191 1850 quem
3224 1784 3443 1839 scimus.

265 1872 418 1917 erat:
449 1875 502 1919 et
528 1866 649 1934 quia
679 1877 829 1918 suum
858 1864 1029 1932 misit,
1073 1878 1177 1918 non
1212 1864 1446 1917 alienum
1478 1862 1661 1932 utique
1681 1905 1694 1928 ,
1727 1864 1822 1918 sed

267 1967 415 2009 suum
448 1948 608 2011 misit.
646 1954 739 2011 Ubi
766 1970 891 2026 ergo
918 1956 1051 2010 illud
1084 1967 1167 2011 est
1189 1965 1335 2010 tuom
1367 1954 1683 2011 calliditatis
1708 1965 1821 2011 ter-

255 2058 398 2100 reme
431 2057 842 2117 argumentum:
886 2057 911 2084 λ
954 2048 1126 2102 Nemo
1177 2047 1510 2102 anteriorem
1558 2062 1616 2102 se
1648 2046 1823 2117 parit?

251 2136 503 2209 Numquid
535 2142 675 2194 enim
700 2155 805 2194 non
838 2142 1116 2211 antiquior
1140 2141 1309 2195 Maria
1346 2140 1640 2194 Dominus?
1666 2150 1824 2195 nom-

248 2231 362 2300 quid
385 2247 488 2287 non
506 2235 783 2305 antiquior
804 2234 911 2288 ﬁlia
942 2233 1309 2296 hominis,Dei
1333 2222 1538 2286 Filius?
1560 2232 1822 2303 numquid

248 2336 341 2375 non
369 2324 643 2394 antiquior
690 2325 924 2395 denique
954 2325 1174 2379 homine
1202 2326 1320 2393 ipso
1353 2324 1528 2379 Deus?
1558 2340 1679 2379 cum
1718 2326 1823 2380 uti-

245 2431 337 2486 que
378 2420 563 2474 nullus
596 2420 872 2474 hominum
909 2434 1015 2472 non
1068 2433 1130 2473 ex
1166 2417 1294 2474 Deo.
1325 2417 1487 2473 Vides
1519 2432 1648 2485 ergo
1679 2420 1821 2489 quod

246 2527 335 2566 non
364 2515 575 2582 solum,
602 2515 825 2585 inquam
845 2560 858 2581 ,
891 2514 1250 2581 antiquiorem
1281 2527 1339 2566 se
1370 2512 1535 2566 Maria
1573 2513 1819 2581 peperit:

243 2618 334 2658 nan
376 2608 565 2661 solum
586 2648 601 2672 ,
631 2609 871 2675 inquam,
905 2605 1267 2673 antiquiorem
1298 2619 1390 2672 se,
1424 2604 1518 2658 sed
1548 2606 1821 2659 auctorem

239 2699 307 2750 sui
328 2740 343 2763 ,
373 2709 430 2755 et
465 2714 771 2771 procreatis
805 2706 1204 2768 proci-eatorem
1229 2711 1383 2751 somn
1406 2737 1421 2761 ,
1457 2696 1590 2749 facta
1618 2706 1700 2750 est
1728 2710 1822 2764 pa-

237 2791 385 2845 rentis
415 2806 651 2860 parens:
680 2792 803 2860 quia
837 2802 997 2861 quam
1032 2796 1339 2858 promptum
1366 2788 1553 2856 utique
1580 2786 1679 2842 fuit
1714 2790 1821 2841 Deo

232 2882 571 2938 nativitatem
623 2883 827 2937 homini
858 2882 1131 2943 tribuere,
1186 2889 1292 2934 tam
1323 2891 1630 2950 promptum
1682 2880 1817 2944 sibi;

233 2992 374 3045 quam
401 2978 576 3034 facile
599 2989 657 3033 ut
692 2979 964 3033 hominem
996 2981 1142 3034 nasci
1169 2979 1404 3043 faceret,
1440 2989 1546 3033 tam
1579 2980 1736 3034 facile
1764 2988 1823 3032 ut

228 3069 327 3138 ipse
357 3088 427 3127 ex
457 3073 690 3126 homine
714 3081 1054 3126 nasceretur.
1089 3071 1273 3141 Neque
1297 3073 1441 3126 enim
1472 3071 1819 3125 circumscri-

226 3172 301 3229 pta
348 3174 441 3219 est
494 3164 553 3217 in
594 3177 821 3231 persona
845 3176 943 3217 sua
977 3172 1216 3230 potestas
1250 3163 1376 3226 Dei,
1414 3170 1474 3213 ut
1515 3161 1659 3227 quod
1689 3162 1736 3209 ei
1771 3161 1823 3211 in
1855 3150 1901 3210 C
1932 3157 2141 3208 consilii
2174 3168 2229 3207 et
2259 3157 2530 3208 sermonis
2562 3155 2860 3208 habitabat.
2893 3156 2992 3223 Qui
3024 3172 3153 3227 ergo
3192 3162 3265 3213 ait
3310 3178 3323 3214 :

2543 1887 2771 1944 CAPUT
2815 1889 2898 1944 lii.

2001 1974 2085 2033 Ea:
2111 1968 2331 2049 epistola
2356 1981 2423 2032 ad
2457 1980 2679 2103 (letzten.
2701 1983 2908 2064 _probat
2947 1981 3134 2038 Christi
3163 1985 3225 2039 ab
3255 1996 3444 2041 wterna

2592 2062 2889 2103 tvmtlalem.

2592 2062 2889 2105 tvtnttatem.

2000 2140 2188 2211 itaque
2213 2142 2333 2209 quia
2357 2142 2640 2212 superiore
2666 2146 2978 2199 testimonio
3000 2146 3189 2216 patuit,
3215 2148 3354 2216 quod
3376 2148 3520 2204 Deus

1927 2234 2122 2288 Filium
2152 2246 2307 2287 sonm
2338 2235 2505 2301 misit,
2536 2246 2591 2289 et
2613 2235 2657 2289 is
2684 2235 2821 2289 illius
2847 2236 3076 2291 hominis
3106 2237 3278 2293 laetus
3298 2248 3401 2303 est,
3429 2245 3521 2309 qui

1927 2344 2141 2398 semper
2168 2327 2336 2383 Filius
2369 2328 2460 2384 Dei
2493 2330 2626 2395 fuit;
2664 2330 2940 2384 videamus
2965 2345 3030 2383 an
3060 2330 3201 2387 idem
3226 2332 3520 2401 Apostolus

1932 2420 2057 2474 alibi
2088 2421 2264 2475 simile
2287 2420 2487 2485 aliquid
2522 2423 2834 2476 testimonio
2858 2423 2978 2477 huic
3000 2424 3221 2488 dixerit,
3251 2437 3306 2479 ut
3336 2428 3520 2483 lucens

1920 2512 2032 2581 jam
2077 2524 2174 2580 per
2203 2527 2259 2567 se
2292 2512 2490 2567 veritas
2525 2555 2537 2576 ,
2589 2511 2856 2583 duplicata
2914 2518 3346 2572 testimoniorum
3402 2522 3521 2575 luce

1928 2605 2048 2672 plus
2098 2603 2295 2658 luceat.
2338 2604 2425 2659 Ait
2475 2603 2617 2658 idem
2650 2619 2780 2673 ergo
2820 2604 3112 2673 Apostolus
3146 2628 3157 2661 :
3200 2607 3345 2663 Misit
3377 2609 3519 2666 Deus

1927 2692 2129 2749 Filium
2159 2714 2308 2750 suum
2338 2700 2391 2750 in
2421 2696 2811 2751 similitudinem
2843 2695 2869 2736 ι’
2898 2702 3070 2755 carnis
3103 2704 3302 2771 peccati
3339 2702 3514 2771 (ﬂant.

1925 2788 2061 2858 vm).
2098 2784 2260 2844 Vides
2289 2790 2471 2860 utique
2497 2790 2816 2859 Apostolum
2864 2809 2969 2846 non
3013 2810 3140 2848 casu
3190 2794 3389 2861 aliquid
3424 2804 3517 2849 aut

1927 2883 2319 2937 inconsiderata
2353 2897 2483 2937 vot-e
2510 2884 2727 2947 dixisse,
2765 2894 2822 2936 ut
2854 2885 2904 2937 id
2933 2886 3075 2953 quod
3103 2886 3269 2937 semel
3305 2886 3517 2940 dixerat

1929 2974 2279 3042 praeteriret?
2324 2975 2445 3043 quia
2497 2973 2702 3028 scilicet
2735 2988 2834 3026 nec
2863 2976 3058 3028 cadere
3107 2973 3160 3026 in
3200 2990 3321 3028 eum
3364 2992 3521 3033 casus

1931 3075 2024 3119 aut
2052 3066 2519 3120 inconsiderantia
2551 3075 2781 3133 poterat,
2821 3064 2872 3117 in
2903 3081 3009 3131 quo
3046 3068 3319 3134 plenitudo
3348 3071 3519 3129 divini

3372 3161 3425 3215 Μ
3432 3164 3517 3218 isil

1308 3248 1568 3303 ALARDI
1605 3247 1836 3302 (ἰΑΖᾹΞΙ
1872 3244 2431 3301 COMMENTARIUS.

223 3354 290 3404 sed
321 3362 428 3418 per
481 3344 615 3404 hoc,
652 3344 789 3418 quod
821 3342 1095 3410 assumpsit
1129 3348 1365 3418 naturam
1408 3339 1720 3403 humanam,
1753 3342 1826 3391 sic

222 3409 385 3474 (anteit
422 3428 488 3469 ut
526 3431 556 3464 a
577 3409 698 3466 sinu
731 3412 910 3465 Patris
932 3428 1031 3463 non
1062 3409 1343 3477 recederet,
1372 3419 1586 3463 testante
1610 3418 1823 3478 evange-

225 3493 343 3548 lista.
374 3488 480 3557 qui
501 3485 577 3537 ait
595 3501 614 3537 .·
636 3483 941 3557 nigenittts
962 3482 1048 3557 qui
1068 3492 1142 3536 est
1159 3482 1208 3534 in
1225 3482 1339 3533 sinu
1357 3479 1535 3557 Patris
1551 3477 1726 3557 (Juatl.
1741 3477 1817 3550 Vl),

226 3550 400 3615 εεέιὶεεὶ
432 3550 784 3615 (eternalitei',
804 3565 879 3606 ait
901 3550 1249 3615 S.‘Thumas;
1279 3564 1329 3604 et
1352 3551 1512 3604 .Imtn.
1538 3566 1627 3603 ut:
1659 3550 1820 3605 Nemo

229 3633 447 3684 ascendit
481 3629 542 3679 in
572 3626 754 3679 calum
775 3666 788 3686 ,
824 3626 923 3677 nisi
948 3625 1035 3693 qui
1066 3621 1325 3675 descendit
1356 3623 1420 3675 de
1452 3624 1576 3675 caelo
1597 3666 1610 3687 ,
1646 3616 1820 3675 Filius

232 3702 439 3755 heminis
459 3698 559 3768 qui
578 3709 651 3749 est
670 3698 722 3748 in
739 3695 866 3748 caelo
879 3711 896 3747 :
913 3697 1033 3763 quia
1052 3695 1166 3768 licet
1181 3692 1501 3768 descenderit
1522 3709 1609 3755 per
1622 3709 1818 3768 assum-

233 3777 443 3840 ptionem
473 3764 700 3840 'citrnis,
724 3770 910 3840 mansit
952 3777 1119 3840 tamen
1146 3764 1351 3840 incluto
1380 3779 1472 3840 per
1498 3766 1821 3840 praesentium

237 3836 511 3897 divinitatis
586 3837 716 3891 Item
763 3838 960 3900 emisit,
994 3836 1072 3888 vel
1102 3837 1237 3887 misit
1278 3853 1391 3887 eum
1436 3836 1486 3887 in
1536 3836 1818 3900 mundum,

237 3928 321 3966 non
348 3926 402 3967 ut
434 3912 694 3976 inciperet
717 3908 787 3961 ibi
819 3922 955 3971 esse,
986 3907 1071 3958 ubi
1100 3907 1241 3971 prius
1271 3922 1370 3957 non
1397 3907 1605 3975 fuisset,
1647 3907 1734 3957 sed
1768 3916 1822 3957 ut

236 3983 293 4035 ibi
318 4002 450 4039 noua
471 3982 686 4035 ratione
713 3987 875 4041 esset,
908 3994 1008 4046 qua
1043 3979 1182 4047 prius
1203 3993 1302 4029 non
1329 3978 1492 4047 fuerat
1516 4018 1530 4035 ,
1566 3978 1618 4027 id
1645 3986 1740 4035 est,
1767 3984 1822 4029 ut

238 4056 431 4109 visibilis
455 4052 664 4105 mundo
685 4058 971 4119 appareret,
996 4046 1209 4119 indutus
1238 4064 1390 4100 carne
1412 4048 1653 4119 mortali.
1672 4046 1824 4113 Quod

239 4127 489 4193 explicans
517 4117 1000 4193 subdit'elpostolus
1023 4134 1040 4171 :
1062 4117 1257 4193 factum
1280 4134 1340 4171 ex
1369 4118 1598 4193 muliere.
1634 4117 1695 4169 Id
1718 4128 1820 4181 est,

238 4189 485 4250 (sellaria
526 4192 766 4261 Virgine.
799 4189 935 4242 Nam
962 4192 1147 4241 mulier
1175 4191 1227 4239 in
1257 4204 1403 4241 sacra
1427 4190 1699 4253 Scriptura
1724 4206 1823 4241 non

237 4279 419 4334 scalper
466 4260 688 4318 denotat
735 4262 1151 4334 corruptionem,
1194 4263 1306 4334 sed_
1327 4276 1512 4334 sexmn‘
1556 4260 1824 4334 dumtaxat

240 4328 515 4390 naturalem
538 4377 555 4399 ,
611 4344 666 4385 ut
700 4341 836 4395 patet
863 4328 1070 4384 Genesis
1112 4343 1203 4382 ttt:
1234 4329 1533 4399 /Ediﬁcnvit
1575 4328 1825 4383 Dominus

241 4418 413 4460 costam
443 4410 500 4461 in
554 4402 849 4458 mulierem.
886 4404 947 4454 Et
977 4416 1163 4453 rursus
1189 4419 1200 4451 :
1234 4399 1425 4454 Mulier
1448 4418 1602 4470 quam
1636 4401 1827 4454 dedisti

245 4478 367 4532 mihi.
401 4478 503 4533 Ubi
528 4489 722 4531 sermo
746 4484 831 4527 est
850 4473 918 4525 de
954 4472 1061 4525 Eva
1093 4473 1269 4524 adhuc
1303 4476 1506 4540 integra
1544 4483 1595 4524 et
1627 4476 1824 4525 inmota

244 4547 365 4605 viro.
390 4551 502 4603 Nec
528 4544 805 4601 dubitaxit
828 4544 1074 4597 Christus
1100 4552 1326 4596 matrem
1358 4561 1506 4594 suam
1541 4542 1821 4593 mulierem

245 4623 526 4697 appellare.
550 4617 714 4697 Joanl.
742 4615 961 4697 tLQuid
988 4611 1135 4677 mihi,
1159 4623 1205 4697 et
1231 4614 1451 4697 tibiest;
1478 4609 1821 4697 nntlierAiVP‘er
1848 4638 1900 4697 Ι)

244 4686 333 4739 hoc
361 4692 542 4751 etiam,
579 4699 657 4740 ait
679 4687 739 4741 S.
764 4686 1023 4748 Thomas,
1050 4683 1187 4753 quod
1214 4683 1406 4735 dicitur
1424 4683 1591 4753 [actus
1622 4694 1818 4753 exutu-

244 4760 391 4818 liere.
425 4750 757 4813 destruantur
796 4763 898 4809 duo
942 4750 1173 4813 errores,
1206 4755 1397 4806 scilicet
1426 4750 1695 4803 Valentini
1741 4751 1824 4801 di-

245 4830 399 4881 centis
424 4828 685 4883 Christum
718 4843 818 4880 non
846 4826 1126 4892 sumpsisse
1148 4839 1335 4893 corpus
1361 4825 1423 4874 de
1468 4821 1699 4889 Virgine,
1732 4821 1823 4874 sed

246 4902 467 4954 attulisse
486 4902 628 4953 illud
654 4898 720 4953 de
765 4900 911 4955 caelo.
942 4908 988 4948 et
1021 4912 1109 4963 per
1139 4895 1333 4947 beatam
1374 4894 1655 4961 Virginum,
1690 4893 1824 4955 sicut

248 4985 325 5034 per
352 4971 587 5040 ﬁstulam
634 4980 689 5022 ut
727 4972 961 5023 canalem
1002 4965 1300 5040 tramivisse
1324 4982 1341 5017 :
1387 4964 1520 5040 quod
1550 4964 1608 5040 ‘si
1648 4977 1824 5040 verum

247 5034 392 5111 (sui,
414 5059 519 5095 non
554 5042 733 5111 fuisset
754 5042 922 5110 factus
948 5053 1014 5091 ea:
1040 5037 1271 5097 muliere,
1298 5046 1352 5088 ut
1374 5037 1499 5111 dicit
1527 5034 1820 5111 Apostolus.

249 5106 363 5183 llic:
380 5117 518 5166 enim
543 5105 841 5183 prcrpositio
866 5110 974 5180 (ex)
989 5122 1199 5183 causam
1225 5108 1541 5183 ma_t_erialem
1561 5105 1816 5174 designat.

248 5179 366 5236 Item
389 5178 792 5237 error'Nes'torii
820 5178 1032 5234 dicentis
1063 5187 1259 5235 beatam
1300 5178 1570 5249 Virginem
1584 5193 1685 5229 non
1712 5190 1821 5229 esse

247 5266 443 5310 matrem
474 5254 609 5308 Filii
644 5253 760 5316 Det,
794 5253 883 5305 sed
911 5252 1007 5320 ﬁlii
1045 5251 1286 5310 nominis,
1313 5246 1446 5319 quod
1498 5246 1821 5320 [uisumesse

247 5329 525 5380 ostenditur
556 5342 645 5389 per
676 5326 803 5384 hoc.
831 5317 967 5389 quod
1006 5323 1130 5374 dicit
1162 5317 1478 5387 Apostolus:
1509 5317 1652 5372 Misit
1684 5317 1819 5371 Deus

247 5390 427 5466 filium
454 5414 609 5451 suum
642 5397 836 5466 factum
866 5409 950 5466 ε.τῄ
969 5394 1196 5466 muliere.
1234 5393 1497 5466 Qui_enim
1528 5393 1586 5466 [it
1614 5406 1675 5443 ea:
1702 5404 1820 5441 mtt-

245 5462 382 5524 liere.
415 5481 492 5522 est
535 5461 677 5537 ﬁlius
710 5469 820 5539 ejus
844 5482 862 5519 :
892 5464 952 5517 Si
979 5462 1300 5539 ergoilt'iltus
1334 5462 1429 5539 Dei
1460 5474 1531 5516 est
1561 5461 1725 5527 [actus
1757 5475 1822 5539 ea:

245 5538 473 5597 muliere.
503 5530 701 5597 scilicet
724 5530 788 5591 ita:
807 5538 951 5589 beata
980 5530 1212 5603 Virgine,
1238 5534 1565 5603 manifestum
1585 5541 1659 5584 est
1681 5530 1820 5603 quod

246 5604 375 5681 [tota
409 5609 574 5681 Virgo
597 5622 674 5681 est
718 5608 885 5662 Mater
914 5603 1043 5681 Filii
1074 5598 1342 5681 Βάςιιωε
1369 5598 1429 5658 S.
1460 5598 1698 5681 Thomas
1722 5598 1823 5681 (‘In

242 5674 640 5751 (immensam),
682 5681 772 5749 qui
800 5692 854 5733 et
876 5679 1055 5732 subdit
1084 5679 1371 5751 rationem,
1404 5689 1501 5751 cur
1536 5674 1821 5751 Apostolus

245 5746 433 5810 dixerit
464 5742 667 5807 factum
698 5742 764 5818 es
786 5752 1033 5822 muliere,
1059 5746 1512 5818 quemadmodum
1533 5756 1587 5801 et
1611 5743 1679 5800 ad
1708 5742 1820 5799 lio-

1931 3352 2122 3391 manos
2160 3352 2203 3398 ι,
2239 3336 2411 3391 factus
2439 3338 2636 3391 dicitur
2676 3334 2922 3393 Christus
2960 3356 3025 3396 ex
3070 3344 3278 3399 semine
3310 3344 3517 3406 David:

1928 3410 2191 3488 nimirum
2215 3422 2271 3462 ut
2305 3410 2635 3488 signiﬁcaret
2664 3412 2938 3465 Christum
2987 3428 3091 3488 non
3121 3428 3389 3488 consumo
3419 3434 3516 3488 ge-

1926 3480 2224 3555 nerationis
2254 3480 2428 3555 modo
2480 3494 2850 3555 procreatum,
2901 3487 2994 3537 sed
3040 3487 3305 3554 singulari
3351 3480 3519 3555 opére

1923 3551 2224 3675 immutatis
2252 3550 2303 3604 itt
2330 3562 2482 3606 utero
2509 3552 2754 3623 virginali
2781 3550 3207 3613 incaruatout'ct
3237 3550 3517 3619 hominem

1947 3632 2147 3675 aetum.

1947 3632 2147 3675 aetum.

1996 3701 2022 3729 ι
2064 3692 2559 3774 Nestorii‘azt'imna,
2586 3693 2790 3774 de‘qno
2811 3699 3060 3763 superius
3089 3698 3227 3774 (Lib,
3252 3719 3265 3754 ι
3292 3720 3411 3767 cap.
3430 3704 3517 3774 9),

1924 3779 2031 3830 quo
2066 3763 2326 3839 probabit
2356 3762 2628 3839 Virginem
2658 3765 3021 3839 Mariauthnou
3054 3762 3175 3822 ease
3207 3772 3295 3823 Ι)υῇ
3323 3762 3517 3839 paret;

1927 3841 2056 3897 tem,
2097 3836 2196 3885 hoc
2227 3832 2454 3885 formato
2481 3836 2793 3904 syllogismo
2838 3853 2849 3886 :
2884 3836 3050 3889 Nemo
3090 3832 3412 3895 anterior-em
3460 3854 3517 3900 et

1924 3905 2287 3980 antiquiorem
2317 3919 2374 3980 se
2401 3920 2573 3980 parit:
2612 3909 2750 3957 lteus
2788 3918 2869 3957 e~t
2894 3910 3135 3959 anterior
3163 3920 3212 3960 et
3240 3917 3514 3980 antiquior

1924 3975 2085 4029 Maria
2122 3992 2133 4026 :
2170 3989 2300 4042 ergo
2332 3974 2494 4027 Maria
2531 3975 2695 4028 Deum
2746 3989 2850 4028 non
2904 3982 3131 4044 peperit.
3204 3974 3517 4047 Residndct

1924 4048 2127 4101 Auctor
2156 4048 2438 4114 negatione
2469 4048 2692 4112 majoris
2734 4064 2747 4097 :
2797 4061 2904 4111 quo
2950 4048 3112 4101 veluti
3163 4049 3516 4110 fundamento

1927 4120 2225 4173 subverso.
2276 4119 2684 4188 tototucorrttit
2727 4132 3125 4186 argumentum.
3181 4121 3515 4188 Simpliciter

1927 4189 2068 4242 enim
2100 4202 2151 4241 et
2182 4189 2425 4242 ahSolute
2455 4186 2651 4244 falsum
2684 4202 2786 4254 est,
2821 4192 2959 4258 quod
2989 4208 3148 4246 nemo
3179 4186 3514 4253 anteriorem

1926 4273 1984 4336 se
2016 4265 2196 4336 parit:
2231 4262 2370 4336 quia
2399 4260 2717 4330 simpliciter
2763 4272 2813 4314 et
2865 4261 3113 4319 absolute
3155 4281 3337 4319 rerum
3386 4277 3511 4336 est,

1925 4329 2146 4404 Mariam
2191 4331 2467 4404 peperisse
2497 4329 2828 4387 anteriorem
2854 4373 2867 4396 ,
2909 4340 3027 4404 quia
3065 4340 3267 4403 petierit
3302 4336 3393 4392 Dei
3425 4329 3514 4393 Ρίὲ

1927 4402 2054 4454 lium
2091 4402 2198 4454 De.»
2230 4402 2371 4453 l’atri
2403 4411 2753 4461 eumternnm.
2790 4418 2841 4457 et
2876 4402 3099 4470 proinde
3132 4424 3286 4460 suum
3320 4422 3507 4461 aucto-

1925 4487 2042 4548 retn
2068 4480 2121 4548 et
2151 4482 2449 4548 creatorem
2483 4489 2495 4548 ξ
2530 4474 2676 4548 quod
2705 4477 3032 4548 exemplum,
3068 4478 3190 4528 licet
3216 4477 3506 4548 singulare,

1927 4542 2119 4593 suilicit
2150 4540 2215 4592 ad
2242 4541 2591 4612 evel-tendunt
2627 4544 2756 4612 illud
2790 4545 3030 4607 axioma,
3076 4561 3182 4612 quo
3226 4540 3510 4601 Ναξιονίυὲ

1931 4613 2198 4682 nitebatur
2245 4627 2256 4660 :
2312 4609 2454 4682 quod
2487 4618 2665 4682 tamen
2706 4611 2749 4682 si
2789 4628 2921 4665 sano
2965 4623 3019 4666 et
3069 4609 3307 4682 legitimo
3346 4630 3510 4671 sensu

1925 4679 2255 4752 intelligatur
2280 4722 2294 4744 ,
2340 4678 2656 4752 catholicam
2688 4679 2983 4735 doctrinam
3030 4682 3098 4735 dc
3123 4678 3389 4752 inysterio
3419 4685 3512 4740 1η-

1926 4749 2253 4803 carnationis
2283 4764 2387 4799 non
2419 4748 2673 4815 iuiirmat,
2722 4752 2815 4803 sed
2844 4752 3144 4806 confirmat.
3185 4748 3321 4807 Vere
3363 4757 3511 4814 enim

1926 4820 2156 4879 dicitur,
2200 4820 2340 4888 quod
2372 4834 2529 4873 nemo
2560 4822 2886 4875 anteriorem
2936 4838 2995 4877 se
3045 4825 3213 4890 parit,
3250 4823 3509 4886 nimirum

1926 4901 2190 4957 quatenus
2220 4890 2455 4946 anterior
2485 4900 2567 4945 est
2597 4909 2611 4946 :
2652 4892 2923 4961 quomodo
2963 4894 3128 4949 Maria
3176 4902 3508 4956 anteriorem

1927 4978 1986 5018 se
2019 4964 2181 5016 Deum
2214 4978 2405 5032 parere
2451 4977 2557 5017 non
2590 4966 2762 5033 potuit
2787 5004 2801 5023 .
2846 4975 3111 5034 quatenus
3141 4969 3379 5024 anterior
3400 5011 3416 5036 ,
3454 4970 3511 5025 id

1927 5044 2031 5097 est,
2065 5046 2187 5087 ante
2215 5038 2386 5103 ipsam
2408 5076 2420 5098 ,
2456 5046 2503 5088 et
2532 5038 2599 5089 ab
2628 5046 2834 5089 tuterno
2860 5040 3071 5105 genitus
3100 5042 3396 5094 secundum
3426 5040 3510 5094 di-

1930 5107 2228 5161 vinitatem.
2260 5106 2593 5170 Simpliciter
2626 5120 2799 5160 tamen
2829 5105 3104 5163 fatendum
3136 5124 3218 5165 est
3241 5153 3255 5174 ,
3286 5110 3509 5167 Mariam

1929 5180 2201 5245 peperisse
2251 5177 2577 5246 anteriorem
2618 5193 2697 5241 se,
2728 5180 2849 5246 quia
2900 5184 3152 5235 eumdem
3189 5180 3280 5232 ιιθὶ
3311 5178 3509 5236 Filium

1926 5251 1975 5302 in
2012 5261 2256 5317 tempore
2288 5245 2496 5317 peperit
2521 5248 2590 5302 de
2615 5263 2673 5303 se
2720 5245 3082 5304 Incarnntnm.
3130 5250 3279 5303 Unde
3310 5251 3507 5305 merito

1924 5320 2067 5373 canit
2100 5315 2334 5372 Ecclesia
2357 5336 2368 5369 :
2396 5315 2557 5370 Beata
2584 5335 2657 5379 es,
2693 5319 2847 5391 Virgo
2875 5321 3065 5383 Maria,
3090 5335 3205 5387 quo:
3230 5318 3508 5376 Dominum

1924 5392 2472 5460 portosti,_creutorent
2500 5392 2709 5456 mundi;
2742 5392 2962 5459 genuisti
2987 5394 3072 5460 qui
3105 5402 3152 5443 te
3178 5393 3326 5460 fecit,
3361 5401 3468 5447 etc.

1995 5459 2021 5496 ι’
2064 5462 2139 5534 Ita
2173 5458 2344 5512 Latini
2375 5458 2778 5534 entmnunitcr,
2829 5469 2884 5515 et
2913 5458 3007 5534 est
3045 5458 3253 5534 volgata
3300 5464 3504 5534 versio,

1924 5530 2093 5596 ϐίηφί
2119 5543 2293 5583 autem
2319 5536 2366 5584 ἂν
2386 5529 2685 5602 ᾂμοιὼματι,
2708 5532 2759 5585 in
2784 5529 3507 5600 sitttilitudine:Augustinui

1926 5617 2089 5657 serm.
2135 5603 2168 5656 6
2213 5602 2282 5676 de
2325 5602 2513 5676 Verbis
2556 5603 2819 5676 Apos‘luli,
2873 5614 3103 5676 utroque
3143 5606 3301 5676 modo
3328 5607 3457 5676 legit
3483 5649 3499 5673 ,

1924 5672 2375 5747 quemadmodum
2399 5680 2455 5747 et
2476 5674 2767 5747 Cassianus
2790 5675 2843 5729 in
2873 5678 2974 5732 hoc
3002 5672 3119 5747 cap.
3146 5675 3283 5733 Vide
3303 5672 3509 5746 caelata

1925 5746 1977 5799 in
2010 5745 2151 5802 hanc
2178 5743 2502 5801 sententiam
2531 5744 2660 5804 alibi
2688 5755 2891 5803 notata.
