3976 6180
232 262 311 326 ωε
1202 258 1293 318 DE
1334 255 1848 318 INCARNATIONE
1886 255 2156 316 CHRISTI
2196 258 2325 315 LIB.
2370 259 2435 315 V.

231 382 318 436 Deo
341 394 388 436 se
410 375 716 443 humilient,
747 376 862 431 Deo
894 373 1150 442 subdant,
1178 375 1275 430 Dei
1307 391 1366 431 se
1396 375 1762 430 habitaculum
1790 378 1844 438 Α

231 475 406 540 iaciant,
422 481 468 528 et
491 471 691 525 habere
709 469 982 537 hosliitem
1009 477 1172 538 atque
1199 466 1562 523 habitatorem
1595 468 1762 522 Deum

232 567 318 620 ﬁde
358 577 399 621 et
421 566 604 636 pietate
635 573 972 617 mereantur.
1005 560 1141 626 Quia
1179 569 1337 631 prout
1370 561 1490 630 quis
1529 560 1760 616 idoneus

231 677 408 717 munere
431 662 515 716 Dei
544 659 729 724 fuerit,
765 658 838 712 ita
863 672 984 711 eum
1008 655 1188 710 divina
1217 655 1387 725 gratia
1422 663 1760 710 muneratur.

232 760 364 816 Prout
384 762 418 816 si
443 762 560 832 quis
583 760 784 830 dignus
806 765 1024 828 putatur
1049 757 1181 825 Deo,
1212 757 1284 811 ita
1315 756 1408 810 Dei
1439 755 1636 811 fruitur
1667 756 1763 812 ad-

229 873 370 929 ventu,
394 863 688 920 secundum
731 861 880 916 illam
912 859 1124 915 Domini
1162 859 1582 930 promissionem
1633 877 1646 913 :
1703 858 1767 914 Si

224 966 311 1033 quis
340 965 489 1037 diligit
539 980 649 1032 me,
694 978 984 1018 sermonem
1026 976 1193 1016 meum
1221 961 1472 1025 servabit;
1508 970 1554 1014 et
1597 975 1691 1031 ego
1718 967 1769 1013 et

222 1063 349 1120 Pater
389 1083 522 1121 meus
569 1065 827 1119 veniemus
880 1064 948 1117 ad
977 1078 1125 1129 eum,
1175 1071 1224 1116 et
1261 1062 1578 1115 mansionem
1625 1059 1765 1131 apud

218 1183 314 1222 eum
327 1168 552 1240 faciemus
566 1166 746 1238 (Joan.
777 1164 912 1238 xxv).
942 1165 1126 1235 Longe
1143 1171 1322 1220 autem
1346 1164 1449 1218 alia
1465 1163 1533 1219 de
1551 1161 1768 1218 Christo

224 1283 300 1322 res
322 1278 461 1340 atque
487 1270 622 1325 ratio
651 1277 758 1334 est,
794 1267 846 1320 in
874 1282 976 1337 quo
1007 1268 1171 1320 omnis
1197 1265 1468 1332 plenitudo
1490 1263 1770 1318 diuinitatis

218 1367 388 1424 habitat
422 1370 777 1442 corporaliter,
813 1376 868 1423 et
893 1367 984 1437 qui
1013 1367 1085 1421 ita
1132 1365 1432 1421 divinitatis
1475 1363 1771 1437 plenitudi-

219 1485 321 1524 nem
355 1472 401 1526 in
427 1488 486 1530 se
515 1473 712 1540 habet,
752 1479 810 1526 ut
835 1468 1045 1526 cunctis
1072 1467 1139 1523 de
1174 1483 1268 1523 sua
1302 1466 1640 1538 plenitudine
1666 1465 1772 1521 lar-

214 1572 388 1643 giatur;
411 1578 499 1647 qui
521 1573 865 1631 inhabitante
895 1573 952 1627 in
982 1587 1041 1627 se
1073 1570 1370 1626 divinitatis
1399 1569 1768 1641 plenitudine,

217 1673 274 1727 ita
298 1676 400 1746 ipse
428 1678 479 1732 in
513 1675 742 1746 singulis
769 1682 1078 1729 sanctorum
1106 1671 1335 1742 habitat,
1360 1681 1521 1742 prout
1546 1686 1640 1727 eos
1684 1671 1768 1726 di-

3357 267 3459 327 {06‘

2481 369 2708 429 CAPUT
2749 373 2812 429 V.

1868 463 2132 521 Christum
2183 479 2302 522 ante
2349 478 2518 544 artum
2569 469 3110 544 temporalemADeum
3163 487 3364 544 semper
3426 493 3463 532 ο

2247 541 2512 611 prophetis
2551 541 2869 608 appellatum
2895 541 3078 608 fuisse.

1942 653 2048 708 Iste
2076 668 2206 723 ergo
2247 662 2332 708 est
2357 652 2426 708 de
2451 669 2557 723 quo
2591 653 2853 724 propheta
2879 654 3012 710 dicit
3052 674 3066 709 :
3113 659 3371 723 Quoniam
3399 662 3455 717 in

1869 755 1919 801 te
1944 755 2018 800 est
2055 746 2194 801 Deus
2217 788 2233 815 ,
2263 755 2311 801 et
2347 762 2448 800 non
2474 755 2549 801 est
2587 756 2773 817 prazter
2819 758 2868 802 te
2899 747 3058 803 Deus.
3099 749 3180 804 Tu
3228 769 3279 806 es
3320 756 3458 810 enim

1869 836 2011 892 Deus
2061 849 2262 908 noster,
2303 848 2354 893 et
2407 839 2786 908 nesciebamus,
2839 838 2982 896 Deus
3024 839 3191 898 Israel
3214 844 3462 901 Salvator

1870 927 2054 1003 (Isaiae
2074 933 2223 1000 xu);
2251 930 2344 1001 qui
2385 931 2439 984 in
2470 933 2618 986 terris
2647 932 2830 1003 utique
2861 943 3046 1000 postea
3085 935 3226 990 visus
3265 947 3368 1004 est,
3414 948 3465 994 et

1870 1039 1987 1078 cum
2023 1022 2318 1077 hominibus
2357 1033 2684 1078 conversatus
2723 1034 2795 1080 est
2826 1024 3054 1096 (Baruclt
3083 1029 3188 1100 tu).
3227 1028 3304 1084 De
3352 1045 3462 1101 quo

1869 1115 2032 1170 etiam
2071 1113 2245 1169 David
2286 1115 2550 1185 prOpheta
2581 1131 2648 1172 ex
2671 1132 2904 1186 persona
2945 1118 3113 1186 ipsius
3158 1120 3329 1176 dicit:
3378 1121 3457 1176 De

1869 1217 2042 1262 ventre
2065 1207 2246 1261 matris
2272 1223 2397 1262 mea:
2425 1207 2564 1262 Deus
2593 1224 2735 1263 meus
2760 1225 2815 1263 es
2845 1218 2900 1264 tu
2924 1209 3152 1281 (Psalm.
3185 1214 3326 1283 ut),
3365 1229 3459 1268 os-

1871 1299 2102 1356 tendens
2131 1300 2317 1371 utique
2347 1301 2490 1372 quod
2519 1317 2811 1372 numquam
2845 1312 2870 1340 ει
2903 1303 3066 1360 homo
3096 1306 3188 1361 ille
3224 1307 3466 1363 Domini-

1872 1406 1969 1448 cus
2011 1393 2132 1449 sine
2159 1393 2366 1449 unitate
2409 1394 2504 1448 Dei
2551 1393 2747 1460 fuerit,
2798 1395 2851 1450 in
2892 1411 2999 1465 quo
3030 1397 3085 1450 in
3124 1398 3246 1467 ipso
3281 1401 3461 1455 statim

1872 1485 2112 1557 Virginis
2138 1495 2298 1542 utero
2337 1487 2616 1557 plenitudo
2652 1487 2952 1542 divinitatis
2980 1489 3269 1548 habitaret.
3312 1492 3466 1548 Sicut

1873 1587 1929 1636 et
1947 1579 2081 1635 alibi
2106 1579 2249 1635 idem
2275 1580 2559 1650 propheta,
2605 1579 2840 1647 Veritas,
2871 1582 3066 1652 inquit,
3095 1583 3158 1636 de
3188 1592 3324 1637 terra
3355 1595 3467 1640 orta

1873 1682 1982 1740 est,
2025 1682 2072 1727 et
2091 1673 2301 1743 justitia
2339 1673 2403 1727 de
2433 1672 2561 1728 caelo
2591 1675 2854 1745 prospexit
2904 1674 3077 1745 (Psal.
3119 1675 3365 1748 Lxxnv),
3407 1686 3468 1733 ut

209 1789 323 1844 gnos
347 1793 440 1832 suo
465 1777 675 1848 putarit
698 1775 1022 1842 babitaculo,
1053 1783 1109 1831 et
1134 1775 1206 1829 ita
1234 1774 1485 1829 omnibus
1511 1773 1579 1828 de
1602 1773 1772 1843 pleni-
1801 1763 1850 1826 Β
1878 1769 2306 1841 intelligeremus
2328 1766 2540 1822 scilicet
2569 1765 2934 1836 prospiciente
2953 1783 2984 1823 e
3009 1768 3164 1824 cmlis
3183 1769 3322 1825 Filio
3347 1770 3463 1838 Dei,

214 1876 394 1932 tudine
432 1893 528 1932 sua
554 1876 746 1931 tribuit
778 1885 834 1930 ut
859 1877 966 1947 ipse
995 1876 1047 1930 in
1080 1874 1419 1945 plenitudine
1445 1889 1540 1930 sua
1579 1874 1777 1944 iugiter

209 1991 540 2050 perseveret;
568 1982 657 2053 qui
688 1983 865 2052 utique
894 1982 1061 2037 etiam
1094 1995 1217 2035 cum
1248 1979 1304 2034 in
1333 1993 1562 2048 corpore
1591 1992 1691 2033 suo
1723 1979 1776 2033 in

204 2089 339 2135 terra
389 2091 564 2149 esset,
619 2081 893 2138 animabus
936 2090 1117 2137 tamen
1171 2091 1489 2137 sanctorum
1532 2081 1774 2139 omnium

200 2184 382 2252 inerat,
411 2187 600 2256 caelos,
627 2198 822 2256 terras,
848 2202 1023 2252 mare,
1054 2200 1270 2242 omnem
1295 2186 1533 2258 denique
1562 2185 1752 2242 univer

198 2287 398 2344 sitatem
428 2291 694 2345 inﬁnitate
721 2287 983 2360 potentia:
1006 2302 1120 2342 suae
1149 2302 1212 2342 ac
1241 2286 1542 2358 maiestatis
1573 2286 1768 2358 imple-

197 2384 299 2452 bat;
329 2399 381 2445 et
409 2391 482 2446 ita
517 2399 662 2446 totus
688 2389 740 2443 in
768 2389 953 2458 seipso
974 2396 1111 2452 erat,
1141 2397 1200 2442 ut
1219 2402 1341 2442 eum
1373 2396 1554 2443 tamen
1586 2387 1774 2442 mundi

195 2488 422 2546 universa
447 2507 561 2547 non
585 2498 865 2562 caperent.
894 2489 1031 2558 Quia
1054 2487 1352 2559 quamlibet
1376 2504 1566 2558 magna
1591 2488 1701 2544 sint
1720 2499 1774 2544 et

193 2587 456 2649 ineffabilia
487 2611 612 2666 qua:
630 2595 766 2649 facta
787 2601 934 2658 sunt,
955 2591 1103 2646 nulla
1127 2600 1304 2647 tamen
1337 2603 1443 2647 tam
1472 2594 1686 2663 capacia
1723 2601 1778 2649 et

190 2688 430 2752 immensa
462 2704 624 2764 sunt,
654 2711 775 2767 quas
806 2695 984 2765 ipsum
1015 2693 1226 2763 possint
1254 2708 1454 2764 capere
1483 2693 1769 2751 factorem.

1878 1862 1935 1918 id
1977 1869 2081 1929 est,
2112 1860 2436 1916 adveniente
2470 1873 2536 1914 ac
2560 1858 2957 1924 descendente,
2989 1860 3251 1929 justitiam
3283 1870 3466 1918 natam

1877 1968 2004 2011 esse
2029 1969 2063 2010 e
2090 1967 2256 2010 carne
2283 1949 2551 2021 Virginis;
2581 1965 2688 2006 non
2711 1951 3047 2022 phantasiam
3070 1955 3335 2023 corporis,
3370 1954 3466 2011 sed

1878 2048 2188 2104 veritatem.
2245 2044 2369 2116 Ipse
2409 2055 2494 2101 est
2539 2045 2684 2101 enim
2730 2045 2968 2114 veritas,
3007 2047 3299 2102 secundum
3331 2047 3469 2104 illud

1879 2142 2050 2212 ipsius
2071 2139 2440 2197 testimonium
2461 2137 2719 2194 Veritatis
2748 2155 2762 2192 :
2793 2136 2907 2210 Ego
2927 2154 3042 2192 sum
3066 2141 3270 2206 veritas,
3296 2148 3344 2194 et
3365 2142 3470 2194 vita

1883 2233 2064 2306 (Joan.
2093 2231 2230 2306 xw).
2256 2233 2397 2302 Ergo
2427 2232 2550 2301 quia
2594 2231 2962 2287 anterioribus
2997 2231 3151 2287 libris
3181 2233 3470 2290 veritatem

1878 2325 2040 2392 hanc,
2069 2326 2123 2382 id
2154 2334 2267 2391 est,
2307 2324 2596 2380 Dominum
2642 2324 2833 2380 Jesum
2869 2323 3144 2380 Christum
3189 2334 3372 2381 natum
3402 2341 3471 2384 ex

1880 2417 2101 2490 Virgine
2131 2417 2299 2474 Deum
2344 2415 2713 2486 probavimus,
2748 2431 2913 2483 nunc,
2941 2428 2999 2472 ut
3045 2417 3234 2474 libello
3273 2419 3470 2477 abhinc

1879 2512 2132 2582 proximo
2163 2510 2512 2578 instituimus,
2539 2524 2662 2565 eum
2696 2510 2786 2580 qui
2817 2525 2883 2565 ex
2909 2509 3129 2581 Virgine
3160 2513 3469 2570 nasciturus

1881 2614 2027 2661 esset
2063 2619 2280 2674 semper
2308 2603 2476 2659 Deum
2518 2605 2934 2673 praenuntiatum
2981 2620 3103 2660 csse
3154 2605 3466 2662 doceamus.

1882 2697 1974 2754 Ait
1999 2698 2183 2768 itaque
2211 2696 2374 2752 Isaias
2401 2697 2668 2768 propheta
2717 2714 2732 2752 :
2764 2694 2792 2737 δ
2840 2697 3096 2762 Quiescite
3131 2698 3194 2753 ab
3232 2699 3466 2768 homine,

1247 2832 1507 2888 ALARDI
1546 2831 1777 2891 GAZEI
1815 2832 2383 2892 COMMENTARIUS.

243 2961 265 2988 ι
292 2952 369 3009 De
397 2952 636 3008 homine
658 2950 960 3018 Dominico,
994 2961 1046 3005 et
1068 2966 1134 3005 an
1163 2949 1415 3006 Chrisms
1444 2950 1548 3005 dici
1580 2949 1774 3005 debeat

187 3022 327 3077 homo
386 3023 750 3085 Dominicus,
783 3023 990 3076 dictum
1029 3033 1110 3077 est
1142 3023 1246 3076 alio
1294 3021 1414 3074 loco
1449 3021 1558 3088 (Ad
1594 3022 1771 3074 collat.

257 3112 368 3167 Cap.
399 3098 529 3165 15).
560 3095 626 3148 Et
653 3094 785 3167 satis
813 3095 1008 3167 mirum
1043 3103 1129 3147 est
1166 3091 1486 3167 Cassianam
1507 3133 1523 3157 ,
1557 3091 1774 3167 cum_in

184 3160 420 3221 hislibris
443 3160 645 3221 contra
670 3163 974 3217 Nestorium
999 3179 1063 3216 ex
1092 3165 1334 3230 professo
1356 3171 1498 3229 agat,
1527 3177 1634 3212 non
1657 3160 1776 3213 abs-

181 3237 390 3293 tinuisse
447 3241 526 3289 ab
573 3238 672 3287 hac
726 3235 946 3301 phrasi,
998 3248 1120 3300 quae
1162 3231 1629 3301 Nestqritrl'avcre
1659 3267 1674 3290 ,
1729 3236 1785 3280 et

178 3306 291 3378 duas
320 3310 707 3378 hypgstases,
731 3297 856 3378 duo
891 3297 1169 3378 supposita
1211 3303 1269 3378 in
1299 3297 1519 3350 Christo
1559 3301 1784 3378 iimuere

181 3352 824 3438 hic}illiriéiiuiuéinué
876 3352 1036 3423 etitiiii
1068 3352 1158 3422 alii
1211 3369 1430 3430 Patres,
1479 3352 1857 3438 ipra‘sertimC

182 3443 228 3499 D.
252 3437 650 3518 Augustinus,
685 3439 955 3518 interdum
989 3439 1089 3495 hac
1110 3441 1384 3494 locutione
1411 3437 1488 3492 usi
1514 3439 1777 3518 legantur;

183 3509 369 3573 ιδυμεῖ(
391 3519 534 3584 ipse
561 3513 896 3577 AuguStinns
943 3528 1076 3584 eam,
1099 3524 1283 3578 postea
1315 3519 1646 3584 retractans,
1679 3509 1781 3584 sibi

184 3580 531 3654 displicuisse
556 3584 830 3647 declarat,
860 3594 916 3638 ut
944 3599 1042 3638 suo
1067 3583 1189 3636 loco
1219 3580 1553 3654 ostendimus
1582 3597 1596 3634 :
1626 3583 1778 3654 cujus

183 3649 632 3716 retractatiouem
658 3667 878 3709 secums
912 3657 972 3708 1).
1001 3654 1239 3708 Thomas
1273 3651 1446 3723 (Part.
1473 3667 1560 3716 In,
1595 3668 1644 3720 q.
1678 3649 1773 3717 16,

187 3747 227 3780 a.
250 3733 322 3796 3).
365 3727 903 3800 negatisinipliciter
930 3727 1077 3800 hanc
1111 3723 1437 3800 locutionem
1477 3737 1597 3800 esse
1626 3736 1780 3800 iusiur-

188 3793 600 3870 pandaquuia
636 3798 948 3870 Dominicus
974 3798 1174 3870 dicitur
1195 3795 1594 3870 denominative
1614 3807 1642 3845 a
1675 3793 1779 3845 Do-

189 3865 347 3937 inino,
384 3865 444 3928 et
477 3865 745 3938 supponit
782 3868 1184 3938 diSIinctionem
1225 3882 1253 3919 a
1307 3865 1569 3938 Domino;
1613 3877 1778 3938 quare

191 3956 291 3996 cum
335 3934 610 4000 Christus
652 3941 770 4008 ipse
815 3941 886 3993 sit
928 3937 1218 4004 Dominus,
1253 3936 1570 4008 nonﬂdebet
1614 3934 1779 3989 homo

190 4011 494 4071 Dominicus
531 4007 819 4081 appellari.
855 4009 985 4065 Nam
1020 4026 1116 4079 per
1157 4009 1261 4063 hoc
1307 4007 1575 4081 indicatur
1622 4021 1780 4081 error

190 4081 540 4140 Neslurimms
575 4076 636 4136 et
681 4081 956 4137 distinctio
1005 4076 1380 4147 personarum.
1416 4077 1571 4133 Unde
1613 4087 1665 4130 et
1711 4076 1776 4130 D.

191 4151 471 4225 Gregorius
509 4153 890 4225 Nazianzenus
916 4153 1167 4225 oratione
1202 4151 1263 4204 5|
1304 4150 1469 4225 refert
1503 4148 1781 4225 Apollina-

193 4217 333 4282 ristas
357 4231 448 4284 illa
481 4241 631 4281 voce
663 4226 737 4278 uti
770 4224 979 4285 solere;
1014 4223 1128 4289 ipse
1155 4236 1285 4276 vero
1305 4221 1483 4274 subdit
1516 4236 1530 4274 :
1579 4217 1658 4271 Ne
1686 4219 1782 4272 Ito-

194 4300 334 4352 mines
363 4302 452 4353 isti
485 4298 631 4351 alios
654 4295 936 4362 decipiant,
968 4294 1289 4362 vicissimque
1316 4292 1418 4360 ipsi
1438 4291 1780 4362 decipiantur,

195 4365 436 4423 hominem
495 4366 878 4432 Dominicum,
924 4373 979 4418 ut
1022 4366 1123 4434 ipsi
1153 4366 1448 4433 loquuntur,
1483 4362 1561 4416 vel
1613 4362 1781 4430 potius

201 4435 464 4494 Dominum
496 4448 553 4493 et
588 4436 753 4490 Deum
779 4447 1007 4489 nostrum
1036 4437 1218 4487 mentis
1243 4446 1498 4506 expertem
1517 4449 1624 4486 esse
1644 4449 1782 4486 asse-

197 4521 364 4581 rentes.
401 4511 602 4581 Neque
625 4509 760 4562 enim
789 4508 1046 4581 hominem
1074 4522 1106 4557 a
1133 4506 1396 4581 diuinitatis
1442 4519 1739 4581 separamus
1766 4544 1780 4568 ,

197 4580 276 4632 sed
305 4598 466 4634 unum
489 4572 542 4634 et
567 4581 798 4632 eumdem
823 4579 1145 4646 conﬁtemur.
1170 4577 1269 4632 Ubi
1301 4577 1441 4630 Elia:
1463 4572 1742 4646 Cretensis
1769 4590 1781 4624 :

199 4646 457 4720 Pcrquam
509 4659 694 4711 caute.
722 4651 892 4718 inquit
913 4643 1206 4720 (tamquam
1231 4647 1492 4720 videlicet
1523 4658 1627 4720 non
1650 4643 1785 4695 citra

196 4714 439 4795 errorem
467 4714 991 4795 Doniinicus'dictus
1020 4714 1085 4773 sii
1107 4760 1122 4783 ,
1155 4719 1314 4795 idque
1337 4714 1622 4795 divisionis
1643 4727 1790 4795 _s_us-.

196 4793 471 4859 picionem
523 4792 782 4862 inducat),
834 4801 887 4845 et
935 4791 1050 4845 haec
1092 4790 1254 4843 verba
1287 4787 1563 4862 adjunxit,
1595 4793 1650 4862 ut
1688 4787 1786 4862 ipsi

199 4857 360 4925 aiunt,
397 4872 456 4918 et
487 4865 611 4917 item
642 4857 1036 4918 correctionem
1062 4863 1230 4923 bane,
1271 4859 1370 4922 vel,
1403 4866 1457 4910 ut
1488 4857 1673 4910 rectius
1709 4859 1789 4908 lo—

199 4949 437 5001 quamur,
464 4934 749 4988 Dominum
774 4950 836 4987 ac
867 4932 1034 4987 Deum
1067 4939 1314 4984 nostrum.
1357 4929 1614 5001 Dominus
1646 4926 1787 5001 enim

201 4998 250 5058 in
279 4998 477 5072 totum,
504 5020 570 5060 ac
601 5006 745 5060 Deus
765 5004 1016 5059 Christus
1046 5012 1158 5069 est,
1202 5017 1307 5054 non
1339 5008 1519 5053 autem
1553 4998 1791 5072 Domini-

203 5089 290 5130 cus
335 5068 530 5133 homo.
592 5077 705 5130 Hoc
753 5076 895 5130 enim
951 5072 1352 5143 Apollinaristze
1409 5068 1788 5143 nugab‘antur;

200 5155 468 5218 tamquam
506 5148 646 5202 alius
671 5157 834 5216 atque
853 5139 1197 5218 alius'esset,
1219 5155 1415 5210 nempe
1445 5139 1702 5218 Dominus
1735 5147 1792 5194 et

202 5211 524 5288 conspicuus
556 5221 646 5274 ille
671 5211 852 5272 homo.
879 5217 971 5272 Sic
1002 5218 1137 5285 ipse.
1165 5217 1443 5288 Quatenus
1472 5224 1648 5288 tamen
1675 5211 1787 5288 lucc

205 5282 393 5345 locutio
425 5291 682 5346 excusari
712 5292 910 5358 possit,
940 5282 1122 5358 etquo
1147 5282 1310 5340 sunsu
1337 5282 1603 5358 interdum
1634 5297 1663 5335 a
1690 5282 1790 5336 Pa-

203 5364 364 5416 tribus
421 5355 728 5429 usurpetur
757 5400 773 5425 ,
819 5362 985 5414 babes
1028 5355 1155 5411 alibi
1189 5358 1238 5410 in
1261 5355 1435 5429 ino_t_i_s_
1463 5355 1787 5429 explicatum

233 5429 356 5486 Vide
385 5425 604 5490 Suarea
644 5435 699 5485 in
724 5446 782 5485 Ill
810 5440 945 5502 part.
985 5429 1077 5502 ubi,
1097 5428 1299 5501 supra).
1326 5425 1500 5502 _Vide_,
1529 5428 1575 5481 si
1612 5427 1787 5493 lubet,

247 5505 451 5573 uﬁnnm
481 5507 539 5559 in
574 5499 841 5573 Apologia
873 5516 970 5570 pro
991 5499 1249 5569 Origene,
1289 5500 1431 5573 circa
1465 5499 1650 5553 ﬁnem.

261 5572 288 5612 δ
311 5575 498 5631 Locus
527 5569 682 5630 [sane
713 5569 949 5627 difﬁcilis
970 5583 1024 5624 et
1054 5572 1316 5625 obscurus
1349 5586 1361 5621 :
1396 5569 1574 5636 Quare
1597 5574 1786 5621 notan-

201 5643 318 5699 dum
369 5651 424 5702 in
486 5647 701 5715 primis,
737 5645 884 5715 quod
934 5643 1286 5715 Septuaginta
1331 5639 1654 5715 Interpretes
1687 5639 1785 5709 (ut

199 5718 359 5773 refert
409 5711 815 5790 Hieronymus)
847 5711 1356 5790 hane’sententiam
1382 5711 1604 5766 omnino
1635 5723 1786 5790 .praa-

199 5792 580 5855 termites-unt,
606 5779 750 5858 q'uod
780 5779 836 5841 et
856 5786 1083 5842 Basilius
1101 5785 1157 5842 in
1173 5785 1316 5841 hunc
1341 5783 1522 5840 locum
1542 5779 1790 5842 scribens

511 5881 798 5948 Panos»
811 5879 920 5967 ,ιε

1877 2960 2188 3006 attestatur.
2221 2949 2377 3005 Unde
2403 2950 2666 3007 discimus
2703 2952 2999 3023 editionem
3045 2952 3316 3018 Graecam,
3346 2970 3468 3023 quae

1881 3037 2023 3076 nunc
2067 3023 2470 3084 circumfertur,
2505 3037 2613 3076 non
2643 3037 2766 3077 esse
2805 3022 3177 3094 Septuaginta
3201 3022 3469 3094 Interpre-

1881 3101 2020 3158 tum,
2050 3100 2143 3144 aut
2178 3101 2324 3144 certe
2354 3108 2609 3146 non.esse
2637 3109 2846 3159 puram,
2877 3093 2973 3145 sed
3019 3093 3217 3146 alicubi
3250 3093 3463 3150 auctam

1883 3163 1967 3213 vel
2003 3169 2260 3212 mutatam
2284 3163 2301 3226 (
2322 3161 2446 3213 Vide
2470 3160 2846 3213 Bellarminum
2875 3161 2986 3214 Lib.
3017 3178 3052 3215 tt
3087 3163 3150 3214 de
3179 3163 3343 3220 Verbo
3372 3165 3470 3221 Dei

1888 3229 2130 3304 capt-6);
2164 3231 2306 3295 quod
2336 3240 2391 3283 et
2420 3229 2663 3304 Justinus
2692 3231 2744 3304 in
2775 3232 2991 3304 dialogo
3013 3248 3134 3285 cum
3157 3235 3466 3304 'l‘ryplione,

1891 3299 2330 3372 etr‘llieronynius
2358 3299 2676 3368 prmfatione
2705 3300 2756 3354 in
2788 3299 3318 3372 Paraliponiennn'ct
3342 3299 3468 3363 alibi

1889 3368 2180 3443 affirmant.
2209 3369 2484 3443 Siquidem
2531 3373 2584 3425 in
2626 3373 2878 3426 omnibus
2909 3368 3313 3443 eiemplaribus
3359 3387 3466 3433 tam

1887 3438 2095 3496 Graecis
2130 3438 2302 3508 quam
2321 3441 2533 3496 Latinis
2566 3443 2678 3498 lucc
2707 3446 2978 3499 sententia
3022 3438 3295 3512 reperitur
3327 3449 3469 3504 inte-

1885 3518 2088 3588 gra,__e_t
2119 3514 2670 3588 czeteriinterpretcs,
2706 3527 2902 3583 [muter
2932 3518 3306 3588 Septuaginta,
3343 3535 3462 3575 eam

1881 3581 2253 3661 reddiderunt,
2311 3583 2438 3661 licet
2470 3581 2644 3661 'alite_r
2699 3581 2858 3657 quam
2913 3598 3100 3644 noster
3141 3581 3462 3661 vinterpres.

1881 3652 2078 3723 Aquila
2109 3655 2250 3708 enim
2280 3657 2367 3723 qui
2415 3665 2568 3710 vetus
2603 3652 3010 3713 Testamentum
3046 3676 3108 3714 ex
3145 3652 3375 3717 llebrmo
3409 3667 3461 3720 in

1883 3722 2130 3796 Cra-cum
2163 3722 2460 3787 trauStnlit,
2484 3729 2837 3790 posteriorem
2864 3743 3067 3796 partem
3090 3733 3164 3784 ita
3186 3735 3421 3788 reddidit
3447 3755 3459 3790 :

1886 3794 2026 3864 Quia
2070 3795 2126 3847 in
2173 3811 2276 3864 quo
2331 3805 2600 3861 reputatus
2629 3794 2915 3864 est?quasi
2959 3802 3102 3853 dicat
3138 3819 3149 3851 :
3181 3805 3233 3856 in
3289 3805 3459 3858 nullo.

1884 3863 2301 3934 Pagninus,rqui
2330 3881 2398 3919 ex
2422 3865 2611 3919 Graeco
2641 3868 2692 3919 in
2733 3863 2982 3922 Latinum
3023 3871 3205 3933 Vertit,
3240 3873 3318 3925 sic
3347 3874 3464 3928 edi-

1883 3933 2010 3990 dit’:
2046 3935 2186 4008 Quid
2210 3937 2346 3990 enim
2381 3936 2723 4007 reputationis
2754 3948 2828 3991 est
2868 3939 3023 4008 ipse?
3049 3938 3349 3997 Haereticus
3381 3947 3462 3999 in-

1884 4015 2093 4080 terpres
2124 4007 2428 4080 Mnusterns
2455 4008 2556 4062 huc
2580 4008 2738 4062 modo
2768 4026 2782 4062 :
2816 4007 2954 4076 Quid
2977 4011 3111 4064 enim
3139 4011 3226 4064 ille
3254 4024 3460 4080 reputa-

1885 4087 1970 4131 tur
1993 4078 2018 4130 ?
2041 4077 2198 4134 Solus
2225 4077 2698 4151 D._Hierunymus
2746 4096 2813 4135 eo
2863 4082 3022 4136 modo
3077 4077 3462 4151 interpretatus

1885 4159 1987 4223 est,
2021 4161 2080 4203 ut
2111 4150 2270 4223 habet
2301 4149 2488 4204 L-itina
2528 4161 2582 4206 et
2613 4152 2859 4223 Vulgata
2908 4153 3088 4209 versio
3108 4200 3121 4221 ,
3150 4149 3306 4223 quam
3358 4157 3461 4213 hoc

1884 4218 2027 4288 loco,
2055 4229 2110 4274 ut
2135 4221 2401 4296 veriorem
2431 4232 2485 4276 et
2506 4218 2917 4290 evidentiorem,
2950 4218 3125 4296 magis
3169 4218 3361 4294 probat
3406 4238 3464 4284 et

1885 4293 2226 4370 commendat
2261 4293 2574 4370 Cassianus,
2603 4297 2691 4363 qui
2735 4305 2924 4370 tamen
2972 4293 3098 4352 alibi
3149 4293 3464 4370 frequenter

1887 4361 2128 4439 Grzecam
2156 4365 2462 4439 rersionem
2490 4361 2839 4439 Septuaginta
2878 4370 3144 4439 sequitur,
3179 4361 3461 4430 ut'vitlere

1887 4441 1972 4504 est
1997 4433 2049 4486 in
2080 4433 2256 4488 indice
2284 4435 2525 4489 locorum
2565 4433 2867 4504 huiusmodi
2899 4433 2974 4491 ad'
2999 4433 3457 4504 ipsu'citatorum.

1885 4503 2135 4578 Secundo
2167 4506 2458 4578 notandum
2507 4503 2692 4574 etiam,
2721 4523 2788 4561 ex
2839 4503 3192 4578 Hieronymo,
3223 4513 3462 4564 vocabu-

1887 4573 1996 4644 lum
2044 4575 2366 4644 Ilehraicum
2409 4575 2571 4627 Bama
2619 4591 2740 4629 esse
2793 4573 3144 4644 ambiguum:
3188 4580 3462 4634 interdum

1889 4643 2035 4696 enim
2065 4643 2332 4712 signiﬁcat
2373 4644 2653 4708 excelsum,
2687 4643 2978 4711 interdum,
3020 4648 3074 4699 in
3097 4660 3218 4712 quo.
3267 4649 3463 4703 [lector

1891 4711 2080 4785 Pintns
2125 4711 2182 4785 i_n
2239 4713 2378 4785 hunc
2406 4712 2604 4785 locum
2647 4726 3063 4769 commentans:
3100 4711 3230 4770 ch
3282 4719 3462 4785 dit-tio,

1891 4783 2084 4861 inquit,
2117 4781 2338 4861 Bamah,
2372 4783 2627 4861 sigitifirat
2667 4785 2954 4861 excelsum;
2983 4789 3035 4840 in
3064 4804 3220 4858 quam
3266 4781 3465 4861 signi/il

1891 4854 2468 4928 cationenraccipiturl
2497 4855 2706 4928 lieg._tx
2743 4873 2755 4910 :
2789 4854 3339 4928 Antequam’ascenda—t
3377 4854 3466 4918 ea:-

1887 4925 2106 5000 celsum.
2136 4925 2203 4980 Et
2240 4925 2294 5000 in
2325 4925 2538 5000 Iisalmo
2565 4924 2588 4980 Ξ
2606 4924 2672 5000 Et
2703 4944 2855 5000 super
2881 4924 3080 4982 caicelsa
3121 4941 3352 4988 statuens
3385 4951 3465 4990 me

1892 4995 2119 5073 (Psalm.
2151 4997 2313 5073 xvii).
2336 4996 2403 5052 Et
2426 5000 2542 5053 aliis
2567 5000 2620 5053 in
2646 4995 2791 5053 locis.
2829 5000 2996 5073 Quam
3033 5003 3463 5073 signiﬁcationem

1890 5071 1946 5124 in
1978 5072 2215 5136 presenti
2243 5081 2447 5124 secutus
2473 5079 2567 5132 est,
2593 5081 2640 5124 et
2679 5078 2814 5124 recte
2838 5071 3062 5138 quidem,
3083 5071 3237 5128 divus
3267 5075 3465 5130 Hiero-

1895 5157 2101 5214 nymus,
2132 5143 2220 5212 qui
2250 5143 2322 5195 ita
2365 5142 2648 5214 transtulit,
2679 5149 2734 5192 ut
2777 5153 2848 5196 est
2877 5144 2928 5196 in
2962 5142 3187 5214 Vulgata
3215 5146 3462 5200 editione.

1897 5211 2005 5268 Sed
2035 5211 2281 5280 quoniam
2304 5217 2425 5265 mali
2453 5211 2712 5281 signiﬁcat
2736 5215 2880 5284 quid,
2908 5226 2954 5268 et
2995 5211 3358 5282 batsigniﬁcat
3388 5216 3462 5284 in,

1889 5285 2196 5338 existimavit
2216 5284 2413 5354 Aquila
2448 5285 2542 5336 hoc
2563 5284 2614 5335 in
2639 5284 2748 5338 loco
2779 5285 2910 5339 duas
2935 5301 3042 5341 esse
3061 5285 3330 5347 dictiones,
3354 5302 3466 5354 qut:

1891 5356 2090 5408 ratione
2119 5353 2372 5426 adductus
2413 5354 2696 5426 transtulit,
2724 5357 2777 5408 in
2823 5355 3144 5426 quo,7dic_ens
3167 5369 3186 5408 :
3236 5353 3373 5422 Quia
3412 5359 3466 5411 in

1892 5441 1994 5494 quo
2019 5433 2281 5492 reputatus
2298 5422 2384 5477 ἐει
2410 5425 2556 5492 ipse?
2577 5425 2652 5480 lta
2685 5422 2894 5496 Plutus.
2919 5423 3101 5479 Tertio
3135 5425 3270 5480 hanc
3295 5429 3466 5496 Aqui-

1893 5496 1964 5552 lae
2015 5496 2551 5563 interpretationem,
2597 5505 2657 5549 ut
2704 5495 2981 5551 Judaicam
3022 5502 3080 5550 et
3138 5495 3466 5556 malitioSam

1894 5567 2007 5640 (cui
2037 5567 2218 5640 affinis
2239 5574 2328 5640 est
2351 5565 2699 5640 ill_a7Pagnini
2729 5575 2783 5621 et
2809 5567 2977 5621 altera
3007 5567 3313 5637 Mnnsteri),
3341 5585 3465 5640 gra-

1896 5639 2036 5694 viter
2065 5637 2263 5710 refutat
2304 5637 2367 5691 D.
2402 5638 2784 5710 Hieronymus,
2813 5649 2866 5694 et
2911 5654 3067 5693 suam
3103 5640 3264 5710 simul
3295 5637 3467 5710 aperit

1893 5710 2217 5784 sententiam
2252 5709 2333 5784 his
2360 5709 2543 5784 verbis
2571 5728 2583 5764 :
2611 5707 2973 5784 'Itttelligetttes
3001 5726 3122 5782 ergo
3140 5707 3313 5784 Iudici
3331 5707 3467 5784 'pro-

1893 5781 2120 5858 phetiam
2143 5797 2248 5841 esse
2278 5779 2341 5838 de
2361 5779 2587 5855 Christo,
2619 5779 2824 5840 uerbum
2850 5779 3223 5855 ambiguuman
3243 5779 3472 5841 deterio-

3030 5875 3076 5938 Ιι
