3976 6180
422 199 522 253 10⁷

1743 179 2045 237 'JOANNIS
2083 171 2398 235 CASSIA‘NI

3606 176 3710 234 103

420 315 570 384 cujus
593 307 804 379 spiritus
834 302 890 359 in
926 302 1138 359 naribus
1185 303 1317 367 eius,
1362 298 1484 370 quia
1521 296 1579 350 in
1620 310 1724 364 quo
1751 305 2019 364 reptttattts
2046 297 2097 353 Α
2125 300 2333 346 stanter
2367 289 2652 344 veritatem
2685 285 2921 344 hominis
2951 295 3223 344 assereret
3250 303 3407 356 quam
3439 287 3559 355 Dei,
3589 293 3716 361 quia

422 415 492 459 est
524 404 654 473 ipse,
686 400 793 459 vel.
824 407 882 452 ut
904 398 1090 451 verius
1115 402 1276 463 atque
1299 391 1602 446 evidentius
1632 396 1658 424 ⁸
1683 386 1736 441 in
1786 387 2017 441 Hebraeo

421 510 529 558 est,
569 496 689 564 quia
724 492 974 547 Excelsas
1003 494 1266 558 repatatus
1298 493 1370 538 est
1407 483 1516 556 ipse
1547 479 1730 554 (Isaia:
1760 479 1842 546 tt).
1891 477 2019 533 Pul-

413 591 562 654 ,ιιιιέ
590 597 771 642 autem
800 584 1009 648 dicens,
1039 577 1303 648 quiescite,
1335 574 1501 630 verbo
1530 573 1636 628 vim
1685 571 2023 643 prohibentis

433 679 861 754 inquietudinem
914 669 1310 744 persecutionis
1361 665 1650 738 expressit.
1717 663 1976 729 Quiescite
2006 702 2022 728 ,

427 773 622 843 inquit,
647 771 709 822 ab
737 767 944 820 homine
979 767 1128 836 cujus
1150 763 1364 834 spiritus
1408 763 1463 814 in
1492 756 1700 812 naribus
1727 756 1838 826 ejus
1861 797 1874 818 ,
1903 754 2026 823 quia

430 867 681 924 Excelsus
703 869 974 932 repatatus
1001 860 1110 930 ipse
1137 866 1232 912 est.
1262 853 1530 925 Numquid
1555 868 1660 907 non
1686 863 1788 906 una
1813 849 2030 903 eadem-

433 975 534 1030 que
575 954 846 1011 sententia
874 963 930 1008 et
972 950 1195 1005 humani
1237 945 1484 1018 corporis
1532 942 1932 1014 susceptionem
1977 949 2034 995 et

434 1050 528 1106 Dei
556 1051 764 1104 locutus
777 1052 866 1100 est
878 1043 1164 1098 veritatem
1178 1041 1201 1092 ?
1216 1039 1494 1108 Quiescite,
1512 1036 1706 1105 inquit,
1730 1033 1790 1086 ab
1805 1032 2029 1100 homine,

435 1147 583 1212 cujus
606 1141 819 1214 spiritus
847 1139 902 1192 in
922 1137 1134 1192 nar‘bas
1169 1136 1303 1205 ejus,
1332 1133 1453 1203 quia
1499 1128 1746 1183 Excelsus
1773 1135 2034 1198 reparatas

435 1247 508 1291 est
534 1239 663 1304 ipse.
713 1234 903 1288 Nonne
936 1231 1058 1296 tibi,
1091 1241 1302 1297 qumso,
1329 1226 1509 1295 palam
1543 1221 1745 1290 alloqui
1786 1233 2039 1289 persecu-

436 1340 587 1386 tores
639 1327 857 1384 Domini
889 1325 1104 1378 videtur
1131 1367 1143 1390 ,
1177 1319 1402 1385 dicens,
1437 1317 1692 1382 Quiescite
1732 1315 1792 1368 ab
1837 1313 2040 1368 homine

438 1441 599 1496 quem
653 1418 1089 1493 persequimini,
1141 1415 1267 1483 quia
1315 1413 1402 1468 hic
1433 1409 1767 1466 homnDetts
1808 1407 1925 1462 est?
1973 1405 2041 1460 Et

438 1518 565 1575 licet
597 1519 654 1572 in
693 1515 998 1570 humilitate
1024 1509 1276 1565 humana:
1307 1507 1491 1563 carnis
1520 1515 1810 1574 appareat,
1843 1503 1895 1556 in
1927 1501 2038 1557 cel-

439 1613 681 1666 situdine
736 1617 920 1662 tamen
973 1603 1174 1659 divina:
1225 1600 1642 1671 magniﬁcentia:
1697 1603 2038 1667 perseverat.

2123 389 2240 442 haec
2290 383 2423 438 ﬁdes
2469 399 2593 437 vera
2639 391 2722 438 est
2763 392 2817 438 et
2861 383 3125 438 catholica
3158 383 3384 438 credere
3422 383 3710 440 Dominum

2123 480 2307 536 Jesutn
2339 476 2612 531 Christum
2646 474 2718 531 ita
2743 475 3098 530 substantiam
3145 477 3261 530 veri
3299 477 3550 545 corporis
3578 479 3721 533 sicut

2124 573 2409 626 veritatem
2443 570 2696 639 perlecta:
2717 567 3015 622 divinitatis
3042 567 3315 623 habuisse.
3349 568 3462 624 Nisi
3495 570 3635 625 forte
3669 571 3719 626 in

2126 666 2222 722 illo
2253 664 2456 736 aliquid
2480 662 2863 733 ambigendum
2895 672 3072 732 putes,
3105 663 3227 733 quia
3249 662 3277 700 ι’
3309 664 3594 718 Excelsum
3627 681 3724 734 pro

2131 760 2245 814 Deo
2274 757 2484 830 posuit;
2531 773 2650 812 cum
2681 759 2866 827 utique
2903 755 2992 810 hic
3039 771 3156 811 mos
3205 757 3505 828 Scriptura:
3552 773 3728 813 sacra:

2131 853 2200 907 sit
2237 851 2523 906 Excelsum
2555 866 2653 922 pro
2705 849 2815 904 Deo
2845 849 3063 920 dicere,
3099 849 3233 906 sicut
3265 849 3392 904 illud
3421 851 3729 920 prophetat,

2133 941 2290 998 Dedit
2317 959 2486 997 vocem
2525 958 2674 996 suam
2709 941 2998 1008 Excelsus,
3045 947 3093 996 et
3123 948 3259 995 mota
3279 950 3351 996 est
3382 951 3516 995 terra
3547 941 3733 1014 (Psal.

2135 1035 2284 1107 xcv).
2339 1035 2441 1102 Et,
2485 1033 2569 1089 Tu
2605 1036 2750 1090 solus
2791 1033 3046 1090 Excelsas
3094 1051 3252 1103 super
3292 1051 3494 1088 onmem
3543 1043 3740 1090 terram

2137 1129 2314 1206 (Psal.
2348 1129 2580 1201 Luxu).
2614 1128 2780 1184 Isaias
2805 1145 3041 1200 quoque,
3077 1132 3167 1198 qui
3194 1129 3311 1184 haec
3341 1129 3471 1183 dicit
3501 1146 3517 1183 :
3547 1127 3738 1184 Excel-

2137 1242 2226 1280 sus
2256 1234 2302 1279 et
2341 1225 2573 1278 sublimis
2605 1225 2842 1278 habitans
2881 1224 3219 1280 wternitatem
3259 1221 3446 1295 (Isaia
3481 1223 3635 1293 LVII).
3675 1223 3738 1279 In

2140 1334 2247 1390 qno
2275 1318 2556 1373 manifeste
2583 1315 2994 1385 intelligendum
3021 1325 3109 1372 est
3133 1334 3145 1369 :
3174 1332 3295 1372 cutn
3320 1317 3430 1372 illic
3451 1316 3741 1371 Excelsum

2142 1413 2262 1470 sine
2313 1411 2422 1466 ulla
2464 1411 2772 1481 adjectione
2808 1410 2907 1465 Dei
2947 1411 3220 1480 posuerit,
3261 1411 3406 1482 quod
3446 1412 3605 1467 etiam
3650 1411 3746 1466 hic

2145 1503 2312 1560 Deum
2343 1504 2396 1558 in
2428 1504 2643 1558 Εκουιεί
2676 1503 2896 1559 nomine
2923 1504 3270 1573 nuncuparit.
3307 1504 3449 1573 Ergo
3479 1505 3602 1576 quia
3631 1505 3748 1558 evi-

2145 1599 2339 1655 denter
2371 1616 2466 1667 per
2499 1599 2818 1670 prophetam
2856 1615 3038 1654 sermo
3075 1599 3290 1654 divinus
3319 1599 3611 1654 Dominum
3652 1597 3746 1654 Je-

441 1703 594 1760 Bene
648 1710 828 1756 autem
879 1701 1065 1755 dicens
1109 1695 1407 1767 propheta,
1445 1693 1698 1760 Quiescite
1738 1693 1800 1746 ab
1838 1691 2042 1744 homine
2071 1691 2118 1751 Β
2146 1711 2264 1750 sum
2292 1695 2564 1750 Christum
2606 1704 2662 1750 et
2704 1695 2976 1749 hominem
3019 1704 3074 1748 et
3117 1695 3286 1750 Deum
3329 1693 3744 1763 prtenuntiavit,

444 1799 595 1870 cujus
639 1796 851 1865 spiritus
895 1794 950 1847 in
1002 1790 1214 1846 naribus
1263 1799 1418 1862 ejus,
1469 1786 1773 1844 Certissima
1824 1782 2043 1838 humani

445 1889 693 1960 corporis
734 1887 1130 1959 signiﬁcatione
1184 1883 1459 1937 hominem
1502 1879 1912 1934 demonstravit.
1959 1875 2046 1932 In-

446 1983 658 2053 trepide
688 1983 876 2053 utique
907 1996 970 2037 ac
1017 1977 1371 2041 ﬁducialiter,
1419 1965 1607 2045 utpote
1635 1972 1728 2043 qui
1761 1981 1868 2028 tam
1904 1987 2041 2028 con-

2149 1787 2431 1842 videamus
2472 1803 2539 1842 an
2567 1788 2843 1842 veteribus
2883 1786 3210 1844 testimoniis
3238 1786 3403 1842 etiam
3439 1801 3582 1842 nunc
3611 1799 3746 1843 con-

2150 1881 2367 1939 veniant
2393 1890 2450 1938 et
2478 1879 2814 1938 concordent
2841 1895 3007 1938 nova.
3393 1865 3395 1872 1

1530 2199 1791 2268 ALARDI
1831 2199 2067 2265 ϐΑΖΑἰΙ
2104 2200 2672 2262 COMMENTARIUS.

1324 2277 1332 2300 ἐ

1315 2301 1330 2368 l

453 2411 561 2462 rem
590 2400 790 2462 portent
808 2386 1129 2462 interpretati
1151 2392 1293 2462 sunt,
1317 2381 1689 2462 tttviderentttt:
1708 2396 1814 2433 non
1835 2380 2048 2462 laudare

459 2451 740 2521 Christum,
777 2459 866 2513 sed
889 2451 1039 2511 nihili
1070 2451 1472 2528 penderesQuaa
1498 2464 1574 2505 est
1607 2452 1745 2504 enim
1773 2455 2047 2528 verborum

460 2532 850 2604 consequentia,
880 2537 923 2581 et
951 2529 1042 2598 qui
1072 2522 1203 2581 ordo
1233 2525 1451 2604 rationis
1492 2539 1554 2575 ac
1585 2538 1782 2604 sensus,
1819 2533 1872 2574 ut
1902 2522 2048 2604 dico.-

459 2624 575 2660 mus
610 2594 640 2658 τ’
662 2602 794 2657 Cum
839 2594 973 2654 hcce
1003 2603 1078 2654 ita
1131 2615 1184 2651 se
1226 2597 1470 2660 habeant,
1505 2604 1552 2647 et
1600 2594 1706 2647 dies
1737 2602 1954 2646 ventura
1985 2595 2050 2646 sit

458 2676 701 2735 Domini,
731 2677 784 2728 in
825 2689 925 2742 qua
959 2672 1224 2728 universus
1252 2667 1454 2721 Iudaea:
1485 2676 1646 2718 status
1687 2665 2049 2742 sttbverteudus

459 2759 535 2803 es‘t
566 2756 611 2799 et
646 2746 819 2798 omnia
838 2737 1164 2796 conterenda
1188 2783 1201 2803 ,
1233 2754 1416 2792 moneo
1462 2753 1548 2790 vos
1579 2746 1730 2806 atque
1770 2737 2046 2808 prmcipio,

459 2833 516 2873 ut
545 2819 816 2888 quiescatis
845 2816 904 2888 ab
939 2815 1144 2888 homine
1183 2813 1272 2881 qui
1316 2813 1388 2861 ita
1419 2810 1582 2888 spirat
1611 2825 1672 2888 ac
1711 2809 1828 2888 uiuit
1859 2819 1913 2860 at
1957 2824 2050 2862 nos

461 2878 716 2949 homines,
740 2888 860 2955 quia
886 2887 940 2937 in
968 2884 1132 2938 nihilo
1157 2878 1534 2951 computandas
1557 2879 1670 2955 est?
1703 2879 2052 2955 Quisquamne

461 2947 730 3014 hominum
753 2947 843 3012 'ita
881 2957 1171 3025 quempiam
1219 2947 1415 3025 laudet,
1446 2960 1502 3003 at
1541 2951 1675 3025 d_irt_t_t
1711 2965 1727 3001 :
1761 2947 1946 3002 Carete
1987 2965 2050 3002 ne

463 3031 740 3097 o/fendatis
779 3019 902 3081 eum
930 3019 1253 3097 qui'omnino
1295 3022 1426 3097 nihil
1469 3022 1584 3097 est?
1627 3019 1764 3089 Ergo
1813 3027 2050 3097 econtra-

463 3091 543 3156 rio
569 3103 640 3154 sic
673 3091 1061 3168 intelligendum
1092 3112 1108 3149 :
1142 3092 1270 3148 Cum
1300 3094 1678 3168 luechuttiversa
1712 3101 1920 3143 ventura
1945 3091 2046 3142 sint

464 3175 624 3232 vobis,
651 3182 697 3225 et
741 3161 1030 3240 prophetali
1053 3168 1238 3240 spiritu
1281 3164 1650 3240 prtedicantur,
1685 3178 1865 3240 moneo
1889 3173 2043 3231 atque

466 3246 710 3313 pra’cipio
741 3233 810 3295 ἰιι
839 3233 1130 3313 ’(ιιιὶεδεαιίξ
1173 3239 1234 3313 ab
1276 3253 1334 3289 eo
1379 3235 1463 3313 qui
1512 3233 1792 3313 secundum
1839 3248 2045 3313 carnem

466 3305 672 3387 quidem
703 3305 988 3387 honto'cst,
1020 3319 1083 3387 et.
1112 3307 1262 3362 habet
1310 3309 1556 3387 animam,
1589 3312 1636 3357 et
1683 3308 1756 3386 ita
1802 3305 1967 3387 spirat
1998 3313 2048 3386 et

467 3375 676 3440 naribus
707 3386 925 3436 halitum
951 3380 1108 3432 trahit
1137 3389 1188 3431 ut
1222 3396 1311 3430 nos
1343 3375 1573 3429 homines
1615 3377 1872 3440 spiramus
1903 3385 1946 3426 et
1967 3376 2046 3427 ri-

467 3460 666 3520 t'imus;
695 3457 781 3507 sed
811 3451 1096 3504 secundum
1141 3449 1372 3520 divinant
1398 3449 1715 3520 maiestatem
1746 3448 1974 3498 θῖονθίδηδ
2002 3455 2050 3498 σε

469 3539 565 3589 est,
596 3516 962 3592 etreputatur,
992 3529 1036 3571 et
1066 3518 1313 3592 creditur.
1332 3516 1512 3592 Tacita
1536 3531 1724 3566 mecum
1746 3529 1910 3592 mente
1937 3533 2052 3584 per-

470 3586 855 3656 trac‘atzs,'nott
888 3606 1094 3661 possunt
1124 3588 1344 3661 invenire
1375 3587 1623 3661 rationem
1644 3586 2048 3661 quareSeptua-

473 3670 619 3738 ginta
649 3675 748 3716 tam
775 3656 1099 3738 perspicuam
1127 3660 1190 3712 de
1220 3657 1422 3738 Christo
1453 3657 1774 3738 prophetiam
1806 3659 1857 3710 in
1902 3656 2050 3738 (ἔναιε

475 3728 592 3791 ἵτιιξη
643 3728 902 3789 noluerint
952 3742 1160 3784 vertere.
1214 3728 1394 3783 Caneri
1445 3730 1599 3788 enim,
1652 3731 1739 3798 qtti
1795 3737 2052 3781 verterunt

473 3810 698 3878 quidem,
724 3806 812 3861 sed
835 3818 1114 3858 sermonem
1143 3803 1439 3878 ambiguum
1459 3801 1525 3852 ad
1546 3801 1823 3878 impietatis
1853 3812 2053 3853 traxere

475 3873 702 3940 sensum,
731 3894 829 3929 non
854 3878 1040 3928 miram
1065 3891 1154 3927 cur
1186 3875 1318 3926 male
1345 3873 1666 3938 interpretati
1698 3875 1820 3930 sint,
1856 3888 1947 3922 nec
1967 3887 2055 3922 vo-

478 3951 668 4002 luerint
692 3949 756 4002 de
776 3947 978 4001 Christo
1010 3947 1292 4015 gloriosum
1331 3942 1452 4012 quid
1482 3943 1743 4015 dicere,in
1774 3957 1927 4015 quem
1953 3943 2054 3993 non

479 4021 770 4082 credebant,
793 4013 1103 4071 uidelicet‘ut
1144 4015 1340 4076 Juda'i,
1393 4023 1483 4065 aut
1529 4013 1840 4084 semijuda'i,
1873 4013 1927 4064 id
1960 4021 2053 4074 est,

478 4089 757 4145 Ebionitw.
788 4090 1077 4152 IIucusque
1111 4086 1168 4138 D.
1217 4085 1593 4152 Hieronymus.
1642 4083 1708 4136 Et
1742 4083 1854 4136 haec
1886 4086 2054 4151 prima

478 4162 746 4231 expositio
796 4161 986 4214 horum
1037 4158 1351 4231 verborum,
1396 4169 1556 4231 quam
1596 4153 1688 4231 hic
1716 4166 1932 4231 secutus
1968 4161 2058 4231 est

481 4223 797 4292 Cassianus,
826 4239 886 4282 ut
940 4235 1084 4294 patet
1125 4241 1192 4280 ex
1236 4225 1470 4280 decursu
1515 4223 1677 4290 hujus
1709 4225 1920 4291 capitis.
1953 4225 2058 4278 Alii

479 4305 644 4374 paulo
676 4303 830 4374 aliter
856 4297 936 4374 sic
963 4307 1278 4374 ex_ponttn_t_:
1312 4297 1512 4349 Cavete
1551 4294 1825 4374 oﬂ‘eutlere
1861 4304 1952 4347 aut
1979 4298 2060 4348 itt-

479 4367 619 4444 juria
649 4372 864 4444 allicere
898 4369 1180 4444 hominem
1208 4368 1606 4444 illum,__netnp_e
1652 4367 1899 4444 Messium
1931 4382 2058 4444 ven-

482 4437 686 4508 iurnm,
713 4442 837 4512 quia
887 4440 1109 4506 spiritus
1167 4439 1226 4512 in
1278 4439 1500 4512 naribus
1531 4437 1669 4505 ejus,
1697 4437 1747 4490 id
1796 4447 1900 4512 est,
1934 4439 2060 4512 quia

482 4517 616 4571 iram
667 4509 820 4568 suam
853 4512 1009 4566 vobis
1054 4509 1448 4571 manilestabit,
1473 4517 1526 4560 et
1555 4524 1749 4577 magno
1776 4511 1969 4574 spiritu
2005 4509 2056 4561 in

2151 2393 2422 2462 reputatus
2451 2391 2524 2438 est
2547 2383 3031 2462 _ipse_._Stepe_enim
3079 2385 3140 2438 id
3175 2387 3314 2462 quod
3343 2403 3444 2442 non
3488 2387 3750 2462 uidemus,

2153 2455 2310 2511 odore
2331 2455 2810 2522 comprehendimus
2825 2471 2849 2518 ‘,'
2873 2459 2946 2510 ita
2975 2465 3028 2509 at
3056 2458 3318 2511 nonnulli:
3341 2475 3421 2512 res
3442 2461 3597 2513 etiam
3620 2455 3750 2516 cani

2153 2525 2304 2596 longe
2323 2529 2565 2598 jaceaut,
2597 2528 2888 2598 fragrantia
2913 2529 3059 2581 nobis
3095 2545 3203 2582 sua:
3239 2530 3502 2596 qualitatis
3545 2533 3756 2589 innote-

2153 2607 2325 2672 scant,
2358 2598 2576 2669 dumque
2599 2617 2687 2665 per
2715 2616 2865 2672 nares
2889 2601 3128 2672 spiritum
3158 2598 3413 2670 ducimus,
3443 2603 3757 2672 plerumque

2151 2668 2330 2738 aliqua
2361 2680 2407 2722 et
2446 2668 2611 2724 invisa
2641 2671 3016 2742 perspicimus.
3040 2668 3407 2737 Redemptoris
3428 2668 3549 2742 ergo
3581 2668 3756 2730 nostri

2152 2743 2364 2813 spiritus
2398 2758 2505 2794 esse
2532 2743 2584 2793 in
2616 2746 2726 2813 ejus
2753 2743 2960 2793 naribus
2985 2741 3194 2813 dicitur,
3232 2754 3288 2795 ut
3315 2741 3548 2797 videlicet
3578 2746 3752 2800 scien-

2153 2811 2224 2864 tia
2253 2811 2393 2865 illius
2417 2829 2522 2866 esse
2551 2813 2603 2865 in
2634 2811 2954 2879 prtescientia
2975 2811 3302 2882 designetur;
3332 2817 3452 2876 quia
3483 2832 3755 2879 quacum-

2151 2899 2249 2952 qtte
2288 2900 2343 2938 se
2371 2885 2504 2938 scire
2533 2885 2583 2936 in
2616 2894 2804 2938 natura
2833 2883 3166 2936 humanitais
3186 2887 3430 2947 innotuit,
3458 2887 3566 2939 lucc
3590 2889 3756 2941 nimi-

2149 2969 2264 3006 rum
2306 2967 2426 3007 ante
2465 2956 2656 3009 smcula
2701 2972 2762 3008 er
2805 2955 3069 3007 divinitate
3114 2955 3391 3022 pra’sciuit.
3450 2957 3551 3022 Qui
3610 2961 3763 3014 unde

2149 3027 2390 3090 spiritum
2425 3027 2477 3079 in
2509 3028 2720 3080 naribus
2754 3025 3010 3089 habuerit,
3036 3042 3155 3079 mox
3182 3043 3272 3094 per
3293 3025 3595 3096 prophetam
3623 3030 3765 3082 sub-

2144 3097 2326 3166 junxit
2360 3097 2533 3151 dicens
2569 3114 2585 3150 :
2619 3099 2751 3164 Quia
2779 3099 3005 3151 excelsus
3039 3106 3303 3166 reputatus
3331 3106 3404 3150 est
3434 3099 3561 3162 ipse.
3598 3098 3673 3152 Ac
3706 3103 3764 3155 si

2150 3166 2340 3221 diceret
2372 3186 2383 3220 :
2419 3167 2479 3222 In
2505 3171 2834 3238 inferioribus
2858 3180 3069 3220 ventura
3097 3169 3372 3238 prtrscivit,
3398 3171 3519 3239 quia
3551 3174 3619 3222 ad
3640 3171 3766 3228 ima

2154 3239 2218 3292 de
2244 3242 2529 3294 cce/estibus
2553 3242 2709 3296 venit.
2745 3240 2866 3293 Ilico
2889 3239 3202 3308 Gregorius.

2227 3320 2253 3348 "
2281 3312 2372 3367 Sic
2394 3313 2449 3365 I).
2487 3312 2846 3382 Hieronymus
2871 3311 3023 3364 vertit
3049 3327 3113 3364 ex
3139 3311 3388 3382 Hebraeo,
3412 3319 3465 3365 et
3484 3311 3663 3366 subdit
3691 3316 3754 3369 in

2151 3381 2559 3437 Commentario
2592 3400 2604 3435 :
2639 3380 2790 3447 Quod
2817 3391 2986 3436 autem
3015 3383 3247 3435 Christus
3277 3380 3526 3436 Excelsus
3554 3384 3640 3445 sit,
3669 3387 3763 3440 vel

2154 3453 2464 3517 Altissimus,
2498 3455 2586 3520 qui
2617 3455 2720 3506 alio
2752 3470 2981 3508 sermone
3007 3454 3146 3523 apud
3179 3452 3424 3506 Ilebt'a‘os
3453 3455 3764 3520 appellatur

2153 3523 2332 3588 Elian,
2381 3525 2431 3576 in
2462 3528 2772 3594 octogesimo
2803 3535 2943 3577 sexto
2971 3524 3173 3591 psalmo
3202 3525 3414 3593 legiws
3442 3524 3763 3593 :Numquid

2155 3594 2286 3650 Sion
2313 3597 2465 3657 (licet,
2497 3595 2650 3650 homo
2677 3608 2722 3650 et
2755 3597 2906 3648 Itomo
2935 3604 3085 3648 natus
3114 3604 3184 3648 est
3219 3597 3269 3646 in
3297 3611 3378 3658 ea,
3409 3607 3452 3648 et
3495 3598 3601 3665 ipse
3620 3600 3760 3662 fun-

2155 3665 2294 3719 davit
2349 3683 2461 3719 eam
2513 3665 2844 3720 Altissimus?
2872 3667 2936 3718 Et
2988 3668 3039 3718 in
3074 3665 3350 3735 Evangelia
3384 3683 3401 3720 :
3431 3665 3493 3718 Et.
3526 3677 3577 3719 tu
3619 3685 3762 3732 puer

2156 3737 2408 3808 propheta
2463 3739 2714 3793 Altissimi
2769 3738 3048 3808 vocaberis.
3099 3738 3173 3790 Ac
3219 3754 3281 3789 ne
3327 3736 3536 3807 longum
3577 3738 3766 3807 funem

2155 3807 2376 3872 traham,
2410 3809 2589 3872 (uenia,
2623 3810 2768 3876 apud
2807 3807 3050 3861 [lein-cens
3080 3849 3093 3870 ,
3127 3824 3225 3860 non
3269 3811 3495 3860 excelsus
3539 3809 3763 3873 dicitur,

2155 3881 2244 3932 sed
2271 3884 2552 3934 excelsum.
2588 3880 2641 3932 id
2673 3891 2764 3932 est.
2801 3880 2914 3949 ipsa
2951 3879 3194 3936 altitudo,
3224 3889 3377 3940 atque
3425 3879 3763 3946 sublimitas;

2154 3951 2302 4020 quasi
2333 3967 2372 4002 st
2399 3949 2461 4001 de
2499 3950 2676 4013 aliquo
2709 3952 2942 4003 dicamus
2969 3965 2982 4005 :
3010 3967 3109 4002 non
3140 3960 3211 4002 est
3243 3950 3466 4012 divinus,
3500 3952 3587 4004 sed
3619 3951 3766 4003 divi-

2158 4022 2334 4083 natio;
2366 4031 2565 4074 nonest
2589 4021 2750 4085 riuus,
2781 4023 2870 4072 sed
2899 4020 3049 4090 fons;
3076 4037 3176 4073 non
3208 4033 3277 4073 est
3306 4021 3475 4080 homo,
3511 4021 3599 4074 sed
3632 4023 3759 4090 ipsa

2159 4091 2475 4163 Ita/nouitas.
2513 4091 2758 4163 Origenes
2787 4089 2924 4144 hunc
2949 4093 3120 4144 locum
3149 4093 3223 4144 ita
3254 4091 3620 4153 interpretatus
3648 4089 3761 4147 est.

2230 4162 2257 4200 ι)
2306 4164 2401 4216 Est
2452 4162 2618 4216 enim
2657 4163 2934 4226 Excelsus,
2985 4166 3118 4214 alias
3169 4163 3497 4229 Altissimus,
3556 4179 3765 4220 nomen

2162 4237 2441 4302 proprium
2485 4236 2652 4287 solius
2703 4235 2815 4287 veri
2863 4233 2978 4294 Dei,
3013 4233 3073 4287 D.
3104 4233 3436 4302 Hieronymo
3475 4245 3761 4291 assertore

2163 4303 2214 4357 in
2241 4306 2471 4370 epistola
2513 4307 2609 4359 156
2641 4305 2704 4358 ad
2731 4304 3061 4361 Marcellam.
3095 4304 3226 4360 Nam
3272 4305 3323 4357 in
3357 4306 3579 4368 psalmis
3611 4321 3764 4370 quos

2162 4374 2250 4428 hic
2278 4385 2409 4428 citat
2443 4380 2663 4439 Anetor,
2701 4394 2805 4430 nou
2832 4375 3113 4432 Escelsus.
3147 4375 3242 4430 sed
3274 4375 3583 4430 Altissimus
3615 4376 3759 4445 legi-

2164 4452 2254 4499 tur
2279 4448 2330 4499 in
2368 4446 2590 4512 Vulgata
2621 4449 2878 4501 editione.
2907 4445 3083 4500 Porro
3113 4445 3219 4501 hoc
3265 4462 3460 4502 nomen
3493 4448 3764 4504 tribuitur

2167 4513 2386 4572 Christo
2425 4533 2454 4571 a
2488 4519 2689 4571 Davide
2727 4520 2938 4586 psalmo
2979 4533 3198 4582 Luxvt,
3232 4528 3289 4573 ut
3338 4520 3496 4572 modo
3545 4519 3762 4575 dictum

481 4601 580 4641 vos
611 4585 892 4660 tles_:t3vict,
921 4591 976 4636 ul
1001 4584 1176 4636 solent
1208 4580 1455 4660 |IOIttincs
1487 4579 1608 4660 i'gli
1644 4595 1868 4660 that;an
1900 4578 2061 4660 Spiri-
2088 4580 2140 4639 D
2167 4597 2272 4642 est.
2294 4587 2445 4660 Unde
2477 4590 2620 4643 idem
2649 4578 3008 4660 Iliéronyutus
3033 4578 3225 4643 ibidem
3255 4590 3505 4655 Arianos,
3525 4588 3765 4660 perinde

485 4667 572 4713 tus
600 4669 653 4712 et
693 4658 852 4711 ﬂatus
898 4670 963 4708 ex
1003 4669 1100 4708 ore
1127 4665 1178 4706 et
1221 4653 1443 4705 naribus
1491 4650 1792 4705 eﬁ'undere.
1827 4649 1977 4707 Unde
2010 4661 2062 4704 et

484 4731 553 4784 de
581 4728 795 4784 diabolo
823 4726 1030 4779 furente
1060 4725 1258 4779 dicitur
1291 4741 1306 4778 :
1337 4724 1410 4778 De
1437 4725 1641 4776 naribus
1685 4724 1804 4793 ejus
1826 4723 2064 4790 procedit

485 4801 680 4868 furnus,
711 4799 839 4851 sicut
867 4795 984 4868 ollae
1011 4811 1266 4850 succensa!
1300 4803 1452 4868 atque
1481 4792 1723 4868 [eruentis
1751 4792 1892 4868 (Job.
1923 4795 2059 4863 λιι).

485 4864 576 4924 Sic
605 4869 794 4922 Pintns
828 4886 839 4919 :
871 4866 1100 4933 Habere,
1137 4867 1327 4932 inquit,
1363 4867 1601 4936 spiritum
1629 4870 1682 4916 in
1721 4864 1953 4924 naribus,
1986 4873 2060 4917 est

485 4941 677 4992 iratum
731 4955 856 4991 esse.
917 4937 1124 5004 Dicens,
1182 4933 1398 5003 Quiesce
1447 4937 1510 4986 ab
1561 4933 1786 5004 homine,
1837 4936 2062 4987 ostendit

485 5009 677 5065 Christi
727 5003 1118 5061 humanitatem.
1161 5009 1346 5060 lticetts
1401 5015 1592 5068 autem,
1636 5003 1767 5069 Quia
1827 5004 2059 5058 excelsus

482 5089 750 5152 reputatus
779 5090 850 5132 est
879 5080 1006 5152 ipse,
1029 5081 1265 5152 ostendit
1287 5081 1399 5152 ejus
1439 5077 2054 5152 sanctissintunt_nomrn.

483 5147 559 5207 At:
586 5153 628 5206 si
666 5151 852 5204 diceret
886 5167 899 5202 :
939 5148 1113 5203 Videte
1144 5168 1204 5202 ne
1227 5147 1486 5203 Christum
1521 5147 1864 5200 contemnatis
1884 5164 2060 5200 verum

483 5223 676 5284 Deum,
702 5232 747 5277 et
775 5236 949 5276 verum
972 5221 1246 5282 hominem,
1278 5223 1365 5290 qui
1389 5221 1555 5274 iratus
1588 5219 1769 5283 poterit
1791 5233 1874 5270 vos
1910 5220 2060 5286 facile

485 5297 717 5366 perdere,
760 5303 806 5348 et
835 5306 1034 5347 omnem
1069 5302 1283 5366 vestram
1323 5291 1691 5364 rempublicam
1719 5290 2054 5358 labefactare,

486 5362 535 5420 et
564 5370 761 5434 penitus
788 5366 1131 5434 exstinguere.
1160 5362 1250 5420 Sic
1273 5363 1411 5430 ipse,
1436 5362 1526 5431 qui
1558 5373 1733 5419 tamen
1756 5374 1810 5417 et
1831 5366 2056 5418 alterum

485 5437 638 5491 aliet‘t
665 5438 1065 5505 expositionem
1096 5435 1161 5489 D.
1187 5434 1502 5503 Hieronymi
1535 5437 1781 5505 superius
1813 5435 2056 5489 relatam.

485 5507 667 5563 Tertia
696 5507 964 5576 expositio
988 5517 1071 5560 est
1109 5510 1169 5559 ι).
1199 5505 1447 5575 Gregorii
1480 5509 1573 5559 lib.
1605 5521 1730 5560 xui
1755 5506 2056 5560 Moralium

485 5591 608 5646 cap.
649 5577 714 5630 21
753 5575 1292 5649 ίΝαι-ἱὸιιεῇῳιοᾳυε,
1324 5578 1420 5643 ait,
1456 5578 1777 5649 prtescientia
1819 5579 2058 5649 designa-

487 5645 594 5715 tur,
627 5652 758 5702 sicut
783 5664 872 5718 per
909 5645 1212 5713 praphetam
1248 5650 1436 5703 dicitur
1458 5645 1482 5702 7:
1517 5647 1767 5715 Quieséite
1792 5649 1853 5701 ab
1888 5645 2058 5701 homi-

483 5734 571 5782 περ
599 5720 766 5788 cuius
788 5720 1001 5779 spiritus
1050 5731 1123 5773 est
1167 5720 1222 5774 in
1270 5721 1478 5776 naribus
1511 5723 1646 5787 eius,
1675 5722 1798 5785 quia
1824 5721 2056 5776 excelsus

2167 4674 2231 4715 ac
2269 4659 2568 4714 CaSsianns
2598 4659 2966 4726 Nestorianos,
3003 4661 3104 4715 hoc
3147 4661 3269 4716 loco
3296 4666 3578 4730 aitagitans
3610 4680 3622 4713 :
3655 4659 3766 4715 Re-

2165 4731 2474 4802 spondeant,
2502 4732 2699 4800 inquit,
2729 4733 2930 4802 Ariani,
2957 4733 3202 4802 quoniryn
3234 4733 3411 4786 dicunt
3435 4733 3778 4802 Altissimam

2163 4799 2331 4854 solum
2365 4799 2591 4856 Patrem
2608 4821 2737 4857 esse.
2772 4801 2905 4856 Ecce
2928 4805 3009 4856 hic
3037 4806 3098 4855 de
3122 4799 3264 4856 Filio
3292 4804 3485 4857 dicitur
3513 4820 3530 4854 :
3560 4801 3622 4856 Et
3647 4805 3766 4871 ipse

2165 4872 2398 4942 fundavit
2439 4891 2552 4926 eam
2587 4873 2902 4928 Altissimus.
2939 4873 3058 4928 Non
3100 4875 3229 4928 dixit
3264 4871 3484 4928 :Filius
3517 4872 3636 4932 Dei,
3669 4877 3766 4942 qui

2163 4953 2272 4997 erat
2319 4961 2350 4997 a
2395 4946 2649 5016 principio
2680 4946 2820 5015 apud
2849 4944 3099 5010 Patrem;
3123 4947 3207 4998 sed
3235 4946 3355 5013 quid
3378 4947 3553 5016 dixit?
3582 4944 3766 5016 Homo

2163 5025 2317 5068 natus
2355 5015 2441 5087 est
2476 5017 2528 5070 in
2565 5015 2646 5082 ea,
2678 5029 2726 5070 et
2774 5018 2883 5085 ipse
2914 5017 3147 5087 fundavit
3197 5033 3307 5070 eam
3352 5015 3667 5071 Altissimus.
3695 5015 3766 5072 Si

2163 5095 2336 5158 autem
2381 5085 2691 5154 Altissimus,
2738 5085 2930 5158 quanto
2971 5089 3136 5157 magis
3195 5087 3415 5141 Verbum
3471 5088 3600 5141 Dei?
3632 5089 3766 5143 Ilaec

2165 5156 2389 5212 Hieron.
2415 5159 2559 5213 Idem
2587 5156 2782 5214 nomen
2813 5159 2976 5212 etiam
3001 5156 3220 5212 Christo
3251 5161 3440 5214 tribuit
3460 5160 3764 5214 Zur-Iturius

2163 5226 2322 5282 Lucae
2354 5244 2369 5282 ι
2404 5239 2543 5285 teste
2592 5231 2734 5285 Beda
2777 5229 2832 5283 in
2879 5231 3305 5297 Commentario,
3338 5241 3394 5285 et
3445 5233 3606 5286 verba
3640 5232 3765 5299 ipsa

2161 5299 2295 5373 satis
2340 5311 2524 5373 aperte
2554 5301 2655 5355 hoc
2682 5300 3029 5373 signiﬁcant:
3063 5299 3160 5366 Tu,
3189 5319 3340 5370 puer,
3363 5304 3614 5373 propheta
3661 5299 3767 5354 Al-

2164 5371 2351 5423 tissimi
2399 5374 2687 5431 t'ocaberis:
2717 5372 2923 5441 prwibis
2969 5373 3105 5426 enim
3155 5385 3275 5428 ante
3321 5371 3503 5441 faciem
3541 5373 3766 5426 Domini

2167 5458 2356 5517 parare
2385 5445 2491 5517 vias
2514 5449 2647 5517 ejus.
2667 5440 2773 5517 Ubi
2791 5442 3030 5517 Joannes
3053 5445 3250 5499 dicitur
3282 5440 3498 5500 futurus
3522 5444 3769 5513 protihe-

2167 5523 2220 5588 ta
2264 5513 2550 5588 Altissitui',
2597 5513 2720 5588 quia
2773 5516 2986 5584 prmibit
3037 5526 3164 5588 ante
3217 5517 3372 5571 illum
3403 5532 3595 5587 parare
3641 5518 3769 5588 vias

2166 5583 2284 5654 ejus
2319 5603 2332 5639 :
2361 5587 2577 5654 prmivit
2615 5583 2812 5641 'autem
2863 5600 2991 5642 ante
3033 5585 3335 5657 Christum,
3362 5583 3473 5646 non
3501 5601 3632 5644 ante
3656 5587 3772 5642 ali-

2163 5673 2329 5730 quem
2365 5660 2552 5728 alium,
2577 5666 2639 5716 ut
2673 5668 2864 5715 uotum
2897 5664 3004 5714 est.
