  <div class='ocr_page' id='page_1' title='image "/cluster/home/n/w/nwhite01/storage/ocr_20150623/50/uva.x000827094/063.png"; bbox 0 0 3976 6180; ppageno 0'>
   <div class='ocr_carea' id='block_1_1' title="bbox 399 190 497 250">
    <p class='ocr_par' dir='ltr' id='par_1_1' title="bbox 399 190 497 250">
     <span class='ocr_line' id='line_1_1' title="bbox 399 190 497 250; baseline -0.02 0"><span class='ocrx_word' id='word_1_1' title='bbox 399 190 497 250; x_wconf 89' lang='grc'><strong>111</strong></span> 
     </span>
    </p>
   </div>
   <div class='ocr_carea' id='block_1_2' title="bbox 1718 190 2345 248">
    <p class='ocr_par' dir='ltr' id='par_1_2' title="bbox 1718 190 2345 248">
     <span class='ocr_line' id='line_1_2' title="bbox 1718 190 2345 248; baseline -0.002 0"><span class='ocrx_word' id='word_1_2' title='bbox 1718 190 1997 248; x_wconf 72' lang='grc' dir='ltr'><strong>,ΙΟᾹΝΝΙΞ</strong></span> <span class='ocrx_word' id='word_1_3' title='bbox 2033 190 2345 248; x_wconf 76' lang='lat' dir='ltr'><strong>C.\SSIANI</strong></span> 
     </span>
    </p>
   </div>
   <div class='ocr_carea' id='block_1_3' title="bbox 3567 200 3676 259">
    <p class='ocr_par' dir='ltr' id='par_1_3' title="bbox 3567 200 3676 259">
     <span class='ocr_line' id='line_1_3' title="bbox 3567 200 3676 259; baseline 0.028 -4"><span class='ocrx_word' id='word_1_4' title='bbox 3567 200 3676 259; x_wconf 77' lang='lat' dir='ltr'><strong>H2</strong></span> 
     </span>
    </p>
   </div>
   <div class='ocr_carea' id='block_1_4' title="bbox 394 302 3673 385">
    <p class='ocr_par' dir='ltr' id='par_1_4' title="bbox 394 302 3673 385">
     <span class='ocr_line' id='line_1_4' title="bbox 394 302 3673 385; baseline 0.002 -23"><span class='ocrx_word' id='word_1_5' title='bbox 394 306 487 377; x_wconf 92' lang='lat' dir='ltr'><strong>qui</strong></span> <span class='ocrx_word' id='word_1_6' title='bbox 536 319 642 360; x_wconf 92' lang='lat' dir='ltr'><strong>non</strong></span> <span class='ocrx_word' id='word_1_7' title='bbox 692 314 985 377; x_wconf 87' lang='lat' dir='ltr'><strong>utrumque</strong></span> <span class='ocrx_word' id='word_1_8' title='bbox 1039 314 1388 364; x_wconf 78' lang='lat' dir='ltr'><strong>memoraret.</strong></span> <span class='ocrx_word' id='word_1_9' title='bbox 1419 302 1572 372; x_wconf 78' lang='lat' dir='ltr'><strong>Quod</strong></span> <span class='ocrx_word' id='word_1_10' title='bbox 1611 306 1728 375; x_wconf 91' lang='lat' dir='ltr'><strong>ipse</strong></span> <span class='ocrx_word' id='word_1_11' title='bbox 1756 321 1971 374; x_wconf 86' lang='lat' dir='ltr'><strong>quoque</strong></span> <span class='ocrx_word' id='word_1_12' title='bbox 2004 305 2057 365; x_wconf 73' lang='grc' dir='ltr'>Α</span> <span class='ocrx_word' id='word_1_13' title='bbox 2086 307 2274 360; x_wconf 84' lang='lat' dir='ltr'><strong>ortus?</strong></span> <span class='ocrx_word' id='word_1_14' title='bbox 2303 306 2508 361; x_wconf 80' lang='lat' dir='ltr'><strong>scilicet</strong></span> <span class='ocrx_word' id='word_1_15' title='bbox 2537 308 2661 374; x_wconf 90' lang='lat' dir='ltr'><strong>quia</strong></span> <span class='ocrx_word' id='word_1_16' title='bbox 2687 307 2827 363; x_wconf 91' lang='lat' dir='ltr'><strong>idem</strong></span> <span class='ocrx_word' id='word_1_17' title='bbox 2863 309 2915 363; x_wconf 91' lang='lat' dir='ltr'><strong>in</strong></span> <span class='ocrx_word' id='word_1_18' title='bbox 2943 307 3157 365; x_wconf 84' lang='lat' dir='ltr'><strong>homine</strong></span> <span class='ocrx_word' id='word_1_19' title='bbox 3185 326 3360 380; x_wconf 87' lang='lat' dir='ltr'><strong>nuper</strong></span> <span class='ocrx_word' id='word_1_20' title='bbox 3385 320 3555 378; x_wconf 91' lang='lat' dir='ltr'><strong>ortus,</strong></span> <span class='ocrx_word' id='word_1_21' title='bbox 3580 316 3673 385; x_wconf 87' lang='lat' dir='ltr'><strong>qui</strong></span> 
     </span>
    </p>
   </div>
   <div class='ocr_carea' id='block_1_5' title="bbox 393 398 1975 471">
    <p class='ocr_par' dir='ltr' id='par_1_5' title="bbox 393 398 1975 471">
     <span class='ocr_line' id='line_1_5' title="bbox 393 398 1975 471; baseline -0.001 -18"><span class='ocrx_word' id='word_1_22' title='bbox 393 400 687 471; x_wconf 71' lang='lat' dir='ltr'><strong>Apostolus</strong></span> <span class='ocrx_word' id='word_1_23' title='bbox 716 401 843 455; x_wconf 85' lang='lat' dir='ltr'><strong>alibi</strong></span> <span class='ocrx_word' id='word_1_24' title='bbox 874 401 1281 456; x_wconf 89' lang='lat' dir='ltr'><strong>evidentissime</strong></span> <span class='ocrx_word' id='word_1_25' title='bbox 1308 419 1319 452; x_wconf 88' lang='lat'><strong>:</strong></span> <span class='ocrx_word' id='word_1_26' title='bbox 1349 409 1372 434; x_wconf 68' lang='grc' dir='ltr'>η</span> <span class='ocrx_word' id='word_1_27' title='bbox 1400 398 1555 452; x_wconf 75' lang='lat' dir='ltr'><strong>Iesus</strong></span> <span class='ocrx_word' id='word_1_28' title='bbox 1584 401 1751 464; x_wconf 84' lang='lat' dir='ltr'><strong>enim,</strong></span> <span class='ocrx_word' id='word_1_29' title='bbox 1782 399 1975 468; x_wconf 90' lang='lat' dir='ltr'><strong>inquit,</strong></span> 
     </span>
    </p>
   </div>
   <div class='ocr_carea' id='block_1_6' title="bbox 393 492 1973 563">
    <p class='ocr_par' dir='ltr' id='par_1_6' title="bbox 393 492 1973 563">
     <span class='ocr_line' id='line_1_6' title="bbox 393 492 1973 563; baseline -0.001 -16"><span class='ocrx_word' id='word_1_30' title='bbox 393 493 631 547; x_wconf 73' lang='lat' dir='ltr'><strong>Christus</strong></span> <span class='ocrx_word' id='word_1_31' title='bbox 662 494 774 547; x_wconf 90' lang='lat' dir='ltr'><strong>heri</strong></span> <span class='ocrx_word' id='word_1_32' title='bbox 802 502 852 547; x_wconf 90' lang='lat' dir='ltr'><strong>et</strong></span> <span class='ocrx_word' id='word_1_33' title='bbox 882 494 1053 559; x_wconf 87' lang='lat' dir='ltr'><strong>hodie,</strong></span> <span class='ocrx_word' id='word_1_34' title='bbox 1082 495 1190 559; x_wconf 87' lang='lat' dir='ltr'><strong>ipse</strong></span> <span class='ocrx_word' id='word_1_35' title='bbox 1224 501 1270 545; x_wconf 91' lang='lat' dir='ltr'><strong>et</strong></span> <span class='ocrx_word' id='word_1_36' title='bbox 1307 492 1360 544; x_wconf 90' lang='lat' dir='ltr'><strong>in</strong></span> <span class='ocrx_word' id='word_1_37' title='bbox 1401 492 1591 545; x_wconf 75' lang='lat' dir='ltr'><strong>swcula</strong></span> <span class='ocrx_word' id='word_1_38' title='bbox 1615 492 1804 563; x_wconf 86' lang='lat' dir='ltr'><strong>(Hebr.</strong></span> <span class='ocrx_word' id='word_1_39' title='bbox 1835 493 1973 561; x_wconf 83' lang='lat' dir='ltr'><strong>xm).</strong></span> 
     </span>
    </p>
   </div>
   <div class='ocr_carea' id='block_1_7' title="bbox 392 583 1975 654">
    <p class='ocr_par' dir='ltr' id='par_1_7' title="bbox 392 583 1975 654">
     <span class='ocr_line' id='line_1_7' title="bbox 392 583 1975 654; baseline -0.003 -13"><span class='ocrx_word' id='word_1_40' title='bbox 392 585 508 641; x_wconf 81' lang='lat' dir='ltr'><strong>Hoc</strong></span> <span class='ocrx_word' id='word_1_41' title='bbox 534 596 616 641; x_wconf 91' lang='lat' dir='ltr'><strong>est</strong></span> <span class='ocrx_word' id='word_1_42' title='bbox 648 584 779 639; x_wconf 91' lang='lat' dir='ltr'><strong>illud</strong></span> <span class='ocrx_word' id='word_1_43' title='bbox 802 586 985 654; x_wconf 91' lang='lat' dir='ltr'><strong>utique</strong></span> <span class='ocrx_word' id='word_1_44' title='bbox 1003 583 1146 652; x_wconf 91' lang='lat' dir='ltr'><strong>quod</strong></span> <span class='ocrx_word' id='word_1_45' title='bbox 1172 584 1452 653; x_wconf 85' lang='lat' dir='ltr'><strong>superiore</strong></span> <span class='ocrx_word' id='word_1_46' title='bbox 1474 584 1783 639; x_wconf 82' lang='lat' dir='ltr'><strong>testimonio</strong></span> <span class='ocrx_word' id='word_1_47' title='bbox 1804 584 1975 637; x_wconf 80' lang='lat' dir='ltr'><strong>dixit:</strong></span> 
     </span>
    </p>
   </div>
   <div class='ocr_carea' id='block_1_8' title="bbox 392 676 1979 749">
    <p class='ocr_par' dir='ltr' id='par_1_8' title="bbox 392 676 1979 749">
     <span class='ocr_line' id='line_1_8' title="bbox 392 676 1979 749; baseline -0.001 -18"><span class='ocrx_word' id='word_1_48' title='bbox 392 680 530 748; x_wconf 86' lang='lat' dir='ltr'><strong>quod</strong></span> <span class='ocrx_word' id='word_1_49' title='bbox 586 689 702 734; x_wconf 85' lang='lat' dir='ltr'><strong>erat</strong></span> <span class='ocrx_word' id='word_1_50' title='bbox 746 694 777 730; x_wconf 90' lang='lat' dir='ltr'><strong>a</strong></span> <span class='ocrx_word' id='word_1_51' title='bbox 825 676 1106 748; x_wconf 83' lang='lat' dir='ltr'><strong>principio,</strong></span> <span class='ocrx_word' id='word_1_52' title='bbox 1165 676 1269 732; x_wconf 89' lang='lat' dir='ltr'><strong>hoc</strong></span> <span class='ocrx_word' id='word_1_53' title='bbox 1329 694 1513 731; x_wconf 88' lang='lat' dir='ltr'><strong>manus</strong></span> <span class='ocrx_word' id='word_1_54' title='bbox 1558 689 1744 731; x_wconf 78' lang='lat' dir='ltr'><strong>nostra:</strong></span> <span class='ocrx_word' id='word_1_55' title='bbox 1794 678 1979 749; x_wconf 84' lang='lat' dir='ltr'><strong>palpa—</strong></span> 
     </span>
    </p>
   </div>
   <div class='ocr_carea' id='block_1_9' title="bbox 390 769 1979 842">
    <p class='ocr_par' dir='ltr' id='par_1_9' title="bbox 390 769 1979 842">
     <span class='ocr_line' id='line_1_9' title="bbox 390 769 1979 842; baseline -0.003 -12"><span class='ocrx_word' id='word_1_56' title='bbox 390 783 589 830; x_wconf 76' lang='lat' dir='ltr'><strong>verunt.</strong></span> <span class='ocrx_word' id='word_1_57' title='bbox 623 772 739 827; x_wconf 84' lang='lat' dir='ltr'><strong>Non</strong></span> <span class='ocrx_word' id='word_1_58' title='bbox 772 772 897 841; x_wconf 84' lang='lat' dir='ltr'><strong>quia</strong></span> <span class='ocrx_word' id='word_1_59' title='bbox 931 772 1143 842; x_wconf 90' lang='lat' dir='ltr'><strong>palpari</strong></span> <span class='ocrx_word' id='word_1_60' title='bbox 1176 773 1405 842; x_wconf 81' lang='lat' dir='ltr'><strong>spiritus</strong></span> <span class='ocrx_word' id='word_1_61' title='bbox 1436 790 1530 842; x_wconf 86' lang='lat' dir='ltr'><strong>per</strong></span> <span class='ocrx_word' id='word_1_62' title='bbox 1575 787 1635 826; x_wconf 92' lang='lat' dir='ltr'><strong>se</strong></span> <span class='ocrx_word' id='word_1_63' title='bbox 1666 772 1856 840; x_wconf 83' lang='lat' dir='ltr'><strong>possit,</strong></span> <span class='ocrx_word' id='word_1_64' title='bbox 1882 769 1979 825; x_wconf 89' lang='lat' dir='ltr'><strong>sed</strong></span> 
     </span>
    </p>
   </div>
   <div class='ocr_carea' id='block_1_10' title="bbox 390 862 1974 937">
    <p class='ocr_par' dir='ltr' id='par_1_10' title="bbox 390 862 1974 937">
     <span class='ocr_line' id='line_1_10' title="bbox 390 862 1974 937; baseline -0.004 -16"><span class='ocrx_word' id='word_1_65' title='bbox 390 866 519 937; x_wconf 87' lang='lat' dir='ltr'><strong>quia</strong></span> <span class='ocrx_word' id='word_1_66' title='bbox 570 864 805 919; x_wconf 81' lang='lat' dir='ltr'><strong>Verbum</strong></span> <span class='ocrx_word' id='word_1_67' title='bbox 832 864 1043 918; x_wconf 84' lang='lat' dir='ltr'><strong>scilicet</strong></span> <span class='ocrx_word' id='word_1_68' title='bbox 1081 880 1208 918; x_wconf 89' lang='lat' dir='ltr'><strong>caro</strong></span> <span class='ocrx_word' id='word_1_69' title='bbox 1240 862 1440 920; x_wconf 83' lang='lat' dir='ltr'><strong>factum</strong></span> <span class='ocrx_word' id='word_1_70' title='bbox 1474 864 1527 918; x_wconf 90' lang='lat' dir='ltr'><strong>in</strong></span> <span class='ocrx_word' id='word_1_71' title='bbox 1575 862 1798 917; x_wconf 89' lang='lat' dir='ltr'><strong>homine</strong></span> <span class='ocrx_word' id='word_1_72' title='bbox 1836 878 1974 933; x_wconf 87' lang='lat' dir='ltr'><strong>quo-</strong></span> 
     </span>
    </p>
   </div>
   <div class='ocr_carea' id='block_1_11' title="bbox 388 955 1978 1026">
    <p class='ocr_par' dir='ltr' id='par_1_11' title="bbox 388 955 1978 1026">
     <span class='ocr_line' id='line_1_11' title="bbox 388 955 1978 1026; baseline -0.003 -13"><span class='ocrx_word' id='word_1_73' title='bbox 388 955 676 1014; x_wconf 89' lang='lat' dir='ltr'><strong>dammodo</strong></span> <span class='ocrx_word' id='word_1_74' title='bbox 724 955 812 1011; x_wconf 91' lang='lat' dir='ltr'><strong>cui</strong></span> <span class='ocrx_word' id='word_1_75' title='bbox 867 957 1077 1010; x_wconf 90' lang='lat' dir='ltr'><strong>unitum</strong></span> <span class='ocrx_word' id='word_1_76' title='bbox 1136 956 1313 1011; x_wconf 81' lang='lat' dir='ltr'><strong>fuerat</strong></span> <span class='ocrx_word' id='word_1_77' title='bbox 1359 956 1701 1026; x_wconf 84' lang='lat' dir='ltr'><strong>palpahatur.</strong></span> <span class='ocrx_word' id='word_1_78' title='bbox 1748 955 1816 1008; x_wconf 87' lang='lat' dir='ltr'><strong>Et</strong></span> <span class='ocrx_word' id='word_1_79' title='bbox 1857 955 1978 1009; x_wconf 91' lang='lat' dir='ltr'><strong>ideo</strong></span> 
     </span>
    </p>
   </div>
   <div class='ocr_carea' id='block_1_12' title="bbox 386 1047 1977 1115">
    <p class='ocr_par' dir='ltr' id='par_1_12' title="bbox 386 1047 1977 1115">
     <span class='ocr_line' id='line_1_12' title="bbox 386 1047 1977 1115; baseline -0.004 -8"><span class='ocrx_word' id='word_1_80' title='bbox 386 1052 526 1107; x_wconf 87' lang='lat' dir='ltr'><strong>idem</strong></span> <span class='ocrx_word' id='word_1_81' title='bbox 550 1051 709 1106; x_wconf 86' lang='lat' dir='ltr'><strong>Jesus</strong></span> <span class='ocrx_word' id='word_1_82' title='bbox 738 1048 849 1102; x_wconf 87' lang='lat' dir='ltr'><strong>heri</strong></span> <span class='ocrx_word' id='word_1_83' title='bbox 870 1058 916 1101; x_wconf 88' lang='lat' dir='ltr'><strong>et</strong></span> <span class='ocrx_word' id='word_1_84' title='bbox 945 1049 1122 1115; x_wconf 83' lang='lat' dir='ltr'><strong>hodie,</strong></span> <span class='ocrx_word' id='word_1_85' title='bbox 1154 1048 1207 1103; x_wconf 90' lang='lat' dir='ltr'><strong>id</strong></span> <span class='ocrx_word' id='word_1_86' title='bbox 1234 1059 1337 1114; x_wconf 91' lang='lat' dir='ltr'><strong>est,</strong></span> <span class='ocrx_word' id='word_1_87' title='bbox 1364 1051 1502 1103; x_wconf 86' lang='lat' dir='ltr'><strong>idem</strong></span> <span class='ocrx_word' id='word_1_88' title='bbox 1527 1057 1656 1102; x_wconf 85' lang='lat' dir='ltr'><strong>ante</strong></span> <span class='ocrx_word' id='word_1_89' title='bbox 1683 1047 1977 1101; x_wconf 74' lang='lat' dir='ltr'><strong>exordium</strong></span> 
     </span>
    </p>
   </div>
   <div class='ocr_carea' id='block_1_13' title="bbox 384 1139 1977 1213">
    <p class='ocr_par' dir='ltr' id='par_1_13' title="bbox 384 1139 1977 1213">
     <span class='ocr_line' id='line_1_13' title="bbox 384 1139 1977 1213; baseline -0.004 -15"><span class='ocrx_word' id='word_1_90' title='bbox 384 1143 573 1198; x_wconf 90' lang='lat' dir='ltr'><strong>mundi</strong></span> <span class='ocrx_word' id='word_1_91' title='bbox 602 1143 694 1213; x_wconf 89' lang='lat' dir='ltr'><strong>qui</strong></span> <span class='ocrx_word' id='word_1_92' title='bbox 728 1142 781 1195; x_wconf 89' lang='lat' dir='ltr'><strong>in</strong></span> <span class='ocrx_word' id='word_1_93' title='bbox 806 1155 1001 1205; x_wconf 83' lang='lat' dir='ltr'><strong>carne;</strong></span> <span class='ocrx_word' id='word_1_94' title='bbox 1035 1140 1176 1194; x_wconf 91' lang='lat' dir='ltr'><strong>idem</strong></span> <span class='ocrx_word' id='word_1_95' title='bbox 1213 1142 1265 1195; x_wconf 92' lang='lat' dir='ltr'><strong>in</strong></span> <span class='ocrx_word' id='word_1_96' title='bbox 1296 1141 1598 1209; x_wconf 57' lang='lat' dir='ltr'><strong>praeterito,</strong></span> <span class='ocrx_word' id='word_1_97' title='bbox 1626 1140 1716 1209; x_wconf 92' lang='lat' dir='ltr'><strong>qui</strong></span> <span class='ocrx_word' id='word_1_98' title='bbox 1748 1139 1801 1192; x_wconf 92' lang='lat' dir='ltr'><strong>in</strong></span> <span class='ocrx_word' id='word_1_99' title='bbox 1834 1153 1977 1209; x_wconf 77' lang='lat' dir='ltr'><strong>pra:-</strong></span> 
     </span>
    </p>
   </div>
   <div class='ocr_carea' id='block_1_14' title="bbox 384 1230 1973 1302">
    <p class='ocr_par' dir='ltr' id='par_1_14' title="bbox 384 1230 1973 1302">
     <span class='ocr_line' id='line_1_14' title="bbox 384 1230 1973 1302; baseline -0.003 -12"><span class='ocrx_word' id='word_1_100' title='bbox 384 1236 555 1299; x_wconf 86' lang='lat' dir='ltr'><strong>senti;</strong></span> <span class='ocrx_word' id='word_1_101' title='bbox 590 1233 734 1288; x_wconf 88' lang='lat' dir='ltr'><strong>idem</strong></span> <span class='ocrx_word' id='word_1_102' title='bbox 762 1248 978 1302; x_wconf 88' lang='lat' dir='ltr'><strong>quoque</strong></span> <span class='ocrx_word' id='word_1_103' title='bbox 1008 1233 1169 1287; x_wconf 88' lang='lat' dir='ltr'><strong>etiam</strong></span> <span class='ocrx_word' id='word_1_104' title='bbox 1206 1234 1258 1285; x_wconf 91' lang='lat' dir='ltr'><strong>in</strong></span> <span class='ocrx_word' id='word_1_105' title='bbox 1289 1234 1508 1297; x_wconf 72' lang='lat' dir='ltr'><strong>sarcula,</strong></span> <span class='ocrx_word' id='word_1_106' title='bbox 1534 1233 1657 1301; x_wconf 85' lang='lat' dir='ltr'><strong>quia</strong></span> <span class='ocrx_word' id='word_1_107' title='bbox 1692 1230 1831 1285; x_wconf 88' lang='lat' dir='ltr'><strong>idem</strong></span> <span class='ocrx_word' id='word_1_108' title='bbox 1876 1246 1973 1300; x_wconf 86' lang='lat' dir='ltr'><strong>per</strong></span> 
     </span>
    </p>
   </div>
   <div class='ocr_carea' id='block_1_15' title="bbox 383 1324 1978 1398">
    <p class='ocr_par' dir='ltr' id='par_1_15' title="bbox 383 1324 1978 1398">
     <span class='ocr_line' id='line_1_15' title="bbox 383 1324 1978 1398; baseline -0.003 -15"><span class='ocrx_word' id='word_1_109' title='bbox 383 1329 583 1394; x_wconf 83' lang='lat' dir='ltr'><strong>omnia,</strong></span> <span class='ocrx_word' id='word_1_110' title='bbox 616 1327 859 1398; x_wconf 88' lang='lat' dir='ltr'><strong>quiante</strong></span> <span class='ocrx_word' id='word_1_111' title='bbox 887 1327 1093 1381; x_wconf 88' lang='lat' dir='ltr'><strong>omnia.</strong></span> <span class='ocrx_word' id='word_1_112' title='bbox 1122 1326 1190 1381; x_wconf 88' lang='lat' dir='ltr'><strong>Et</strong></span> <span class='ocrx_word' id='word_1_113' title='bbox 1212 1328 1316 1382; x_wconf 90' lang='lat' dir='ltr'><strong>hoc</strong></span> <span class='ocrx_word' id='word_1_114' title='bbox 1346 1335 1515 1382; x_wconf 88' lang='lat' dir='ltr'><strong>totum</strong></span> <span class='ocrx_word' id='word_1_115' title='bbox 1536 1326 1793 1380; x_wconf 86' lang='lat' dir='ltr'><strong>Dominus</strong></span> <span class='ocrx_word' id='word_1_116' title='bbox 1815 1324 1978 1381; x_wconf 86' lang='lat' dir='ltr'><strong>Jesus</strong></span> 
     </span>
    </p>
   </div>
   <div class='ocr_carea' id='block_1_16' title="bbox 383 1420 649 1477">
    <p class='ocr_par' dir='ltr' id='par_1_16' title="bbox 383 1420 649 1477">
     <span class='ocr_line' id='line_1_16' title="bbox 383 1420 649 1477; baseline -0.008 0"><span class='ocrx_word' id='word_1_117' title='bbox 383 1420 649 1477; x_wconf 79' lang='lat' dir='ltr'><strong>Christus.</strong></span> 
     </span>
    </p>
   </div>
   <div class='ocr_carea' id='block_1_17' title="bbox 990 1492 1369 1548">
    <p class='ocr_par' dir='ltr' id='par_1_17' title="bbox 990 1492 1369 1548">
     <span class='ocr_line' id='line_1_17' title="bbox 990 1492 1369 1548; baseline -0.003 -1"><span class='ocrx_word' id='word_1_118' title='bbox 990 1492 1219 1548; x_wconf 85' lang='lat' dir='ltr'><strong>CAPUT</strong></span> <span class='ocrx_word' id='word_1_119' title='bbox 1257 1492 1369 1547; x_wconf 84' lang='lat' dir='ltr'><strong>VII.</strong></span> 
     </span>
    </p>
   </div>
   <div class='ocr_carea' id='block_1_18' title="bbox 384 1582 1975 1658">
    <p class='ocr_par' dir='ltr' id='par_1_18' title="bbox 384 1582 1975 1658">
     <span class='ocr_line' id='line_1_18' title="bbox 384 1582 1975 1658; baseline -0.003 -18"><span class='ocrx_word' id='word_1_120' title='bbox 384 1583 612 1641; x_wconf 83' lang='lat' dir='ltr'><strong>Rursum</strong></span> <span class='ocrx_word' id='word_1_121' title='bbox 639 1587 863 1640; x_wconf 75' lang='lat' dir='ltr'><strong>ostendit</strong></span> <span class='ocrx_word' id='word_1_122' title='bbox 892 1602 954 1639; x_wconf 77' lang='lat' dir='ltr'><strong>ea:</strong></span> <span class='ocrx_word' id='word_1_123' title='bbox 997 1587 1361 1658; x_wconf 83' lang='lat' dir='ltr'><strong>conjunctione</strong></span> <span class='ocrx_word' id='word_1_124' title='bbox 1411 1586 1636 1637; x_wconf 89' lang='lat' dir='ltr'><strong>duarum</strong></span> <span class='ocrx_word' id='word_1_125' title='bbox 1672 1584 1727 1658; x_wconf 82' lang='lat' dir='ltr'><strong>in</strong></span> <span class='ocrx_word' id='word_1_126' title='bbox 1763 1582 1975 1658; x_wconf 82' lang='lat' dir='ltr'><strong>Christo</strong></span> 
     </span>
    </p>
   </div>
   <div class='ocr_carea' id='block_1_19' title="bbox 451 1654 1974 1725">
    <p class='ocr_par' dir='ltr' id='par_1_19' title="bbox 451 1654 1974 1725">
     <span class='ocr_line' id='line_1_19' title="bbox 451 1654 1974 1725; baseline -0.005 -14"><span class='ocrx_word' id='word_1_127' title='bbox 451 1671 754 1711; x_wconf 85' lang='lat' dir='ltr'><strong>naturarum</strong></span> <span class='ocrx_word' id='word_1_128' title='bbox 804 1659 855 1709; x_wconf 90' lang='lat' dir='ltr'><strong>in</strong></span> <span class='ocrx_word' id='word_1_129' title='bbox 886 1673 1039 1710; x_wconf 84' lang='lat' dir='ltr'><strong>unam</strong></span> <span class='ocrx_word' id='word_1_130' title='bbox 1088 1654 1357 1725; x_wconf 78' lang='lat' dir='ltr'><strong>personam</strong></span> <span class='ocrx_word' id='word_1_131' title='bbox 1377 1696 1392 1721; x_wconf 93' lang='lat'><strong>,</strong></span> <span class='ocrx_word' id='word_1_132' title='bbox 1420 1672 1478 1708; x_wconf 87' lang='lat' dir='ltr'><strong>ea</strong></span> <span class='ocrx_word' id='word_1_133' title='bbox 1518 1671 1635 1725; x_wconf 77' lang='lat' dir='ltr'><strong>qua:</strong></span> <span class='ocrx_word' id='word_1_134' title='bbox 1664 1654 1857 1725; x_wconf 75' lang='lat' dir='ltr'><strong>divina:</strong></span> <span class='ocrx_word' id='word_1_135' title='bbox 1880 1670 1974 1705; x_wconf 87' lang='lat' dir='ltr'><strong>ua-</strong></span> 
     </span>
    </p>
   </div>
   <div class='ocr_carea' id='block_1_20' title="bbox 451 1724 1973 1797">
    <p class='ocr_par' dir='ltr' id='par_1_20' title="bbox 451 1724 1973 1797">
     <span class='ocr_line' id='line_1_20' title="bbox 451 1724 1973 1797; baseline -0.003 -16"><span class='ocrx_word' id='word_1_136' title='bbox 451 1739 579 1782; x_wconf 79' lang='lat' dir='ltr'><strong>turte</strong></span> <span class='ocrx_word' id='word_1_137' title='bbox 609 1738 922 1795; x_wconf 88' lang='lat' dir='ltr'><strong>competunt,</strong></span> <span class='ocrx_word' id='word_1_138' title='bbox 952 1728 1184 1793; x_wconf 81' lang='lat' dir='ltr'><strong>homini;</strong></span> <span class='ocrx_word' id='word_1_139' title='bbox 1212 1738 1257 1781; x_wconf 89' lang='lat' dir='ltr'><strong>et</strong></span> <span class='ocrx_word' id='word_1_140' title='bbox 1277 1744 1393 1797; x_wconf 69' lang='lat' dir='ltr'><strong>quae</strong></span> <span class='ocrx_word' id='word_1_141' title='bbox 1418 1724 1679 1792; x_wconf 66' lang='lat' dir='ltr'><strong>humanae,</strong></span> <span class='ocrx_word' id='word_1_142' title='bbox 1700 1724 1811 1779; x_wconf 90' lang='lat' dir='ltr'><strong>Deo</strong></span> <span class='ocrx_word' id='word_1_143' title='bbox 1833 1732 1973 1777; x_wconf 87' lang='lat' dir='ltr'><strong>recte</strong></span> 
     </span>
    </p>
   </div>
   <div class='ocr_carea' id='block_1_21' title="bbox 448 1802 848 1854">
    <p class='ocr_par' dir='ltr' id='par_1_21' title="bbox 448 1802 848 1854">
     <span class='ocr_line' id='line_1_21' title="bbox 448 1802 848 1854; baseline 0.003 -1"><span class='ocrx_word' id='word_1_144' title='bbox 448 1802 848 1854; x_wconf 85' lang='lat' dir='ltr'><strong>accommodari.</strong></span> 
     </span>
    </p>
   </div>
   <div class='ocr_carea' id='block_1_22' title="bbox 448 1888 1966 1962">
    <p class='ocr_par' dir='ltr' id='par_1_22' title="bbox 448 1888 1966 1962">
     <span class='ocr_line' id='line_1_22' title="bbox 448 1888 1966 1962; baseline -0.002 -16"><span class='ocrx_word' id='word_1_145' title='bbox 448 1888 520 1947; x_wconf 78' lang='lat' dir='ltr'><strong>Et</strong></span> <span class='ocrx_word' id='word_1_146' title='bbox 561 1893 830 1962; x_wconf 88' lang='lat' dir='ltr'><strong>quomodo</strong></span> <span class='ocrx_word' id='word_1_147' title='bbox 856 1891 999 1948; x_wconf 90' lang='lat' dir='ltr'><strong>idem</strong></span> <span class='ocrx_word' id='word_1_148' title='bbox 1043 1900 1166 1947; x_wconf 84' lang='lat' dir='ltr'><strong>ante</strong></span> <span class='ocrx_word' id='word_1_149' title='bbox 1196 1891 1383 1945; x_wconf 87' lang='lat' dir='ltr'><strong>tnundi</strong></span> <span class='ocrx_word' id='word_1_150' title='bbox 1424 1904 1635 1959; x_wconf 90' lang='lat' dir='ltr'><strong>ortum,</strong></span> <span class='ocrx_word' id='word_1_151' title='bbox 1669 1890 1761 1960; x_wconf 89' lang='lat' dir='ltr'><strong>qui</strong></span> <span class='ocrx_word' id='word_1_152' title='bbox 1796 1903 1966 1959; x_wconf 82' lang='lat' dir='ltr'><strong>nuper</strong></span> 
     </span>
    </p>
   </div>
   <div class='ocr_carea' id='block_1_23' title="bbox 2085 402 3673 461">
    <p class='ocr_par' dir='ltr' id='par_1_23' title="bbox 2085 402 3673 461">
     <span class='ocr_line' id='line_1_23' title="bbox 2085 402 3673 461; baseline 0.006 -9"><span class='ocrx_word' id='word_1_153' title='bbox 2085 411 2210 453; x_wconf 83' lang='lat' dir='ltr'><strong>ante</strong></span> <span class='ocrx_word' id='word_1_154' title='bbox 2241 411 2416 454; x_wconf 90' lang='lat' dir='ltr'><strong>ortum</strong></span> <span class='ocrx_word' id='word_1_155' title='bbox 2468 402 2708 454; x_wconf 91' lang='lat' dir='ltr'><strong>omnium</strong></span> <span class='ocrx_word' id='word_1_156' title='bbox 2742 402 2903 456; x_wconf 88' lang='lat' dir='ltr'><strong>Deos.</strong></span> <span class='ocrx_word' id='word_1_157' title='bbox 2953 403 3019 457; x_wconf 83' lang='lat' dir='ltr'><strong>Et</strong></span> <span class='ocrx_word' id='word_1_158' title='bbox 3050 403 3168 457; x_wconf 93' lang='lat' dir='ltr'><strong>ideo</strong></span> <span class='ocrx_word' id='word_1_159' title='bbox 3197 404 3450 460; x_wconf 89' lang='lat' dir='ltr'><strong>Christus</strong></span> <span class='ocrx_word' id='word_1_160' title='bbox 3501 416 3673 461; x_wconf 88' lang='lat' dir='ltr'><strong>totum</strong></span> 
     </span>
    </p>
   </div>
   <div class='ocr_carea' id='block_1_24' title="bbox 2085 491 3675 563">
    <p class='ocr_par' dir='ltr' id='par_1_24' title="bbox 2085 491 3675 563">
     <span class='ocr_line' id='line_1_24' title="bbox 2085 491 3675 563; baseline 0.004 -18"><span class='ocrx_word' id='word_1_161' title='bbox 2085 492 2393 545; x_wconf 85' lang='lat' dir='ltr'><strong>nominatur</strong></span> <span class='ocrx_word' id='word_1_162' title='bbox 2422 491 2563 563; x_wconf 91' lang='lat' dir='ltr'><strong>quod</strong></span> <span class='ocrx_word' id='word_1_163' title='bbox 2599 492 2773 558; x_wconf 89' lang='lat' dir='ltr'><strong>Deus,</strong></span> <span class='ocrx_word' id='word_1_164' title='bbox 2804 494 2928 562; x_wconf 87' lang='lat' dir='ltr'><strong>quia</strong></span> <span class='ocrx_word' id='word_1_165' title='bbox 2972 502 3117 548; x_wconf 88' lang='lat' dir='ltr'><strong>tanta</strong></span> <span class='ocrx_word' id='word_1_166' title='bbox 3148 506 3231 549; x_wconf 90' lang='lat' dir='ltr'><strong>est</strong></span> <span class='ocrx_word' id='word_1_167' title='bbox 3264 496 3466 551; x_wconf 86' lang='lat' dir='ltr'><strong>Christi</strong></span> <span class='ocrx_word' id='word_1_168' title='bbox 3494 509 3547 551; x_wconf 92' lang='lat' dir='ltr'><strong>et</strong></span> <span class='ocrx_word' id='word_1_169' title='bbox 3576 499 3675 553; x_wconf 88' lang='lat' dir='ltr'><strong>Dei</strong></span> 
     </span>
    </p>
   </div>
   <div class='ocr_carea' id='block_1_25' title="bbox 2083 584 3677 657">
    <p class='ocr_par' dir='ltr' id='par_1_25' title="bbox 2083 584 3677 657">
     <span class='ocr_line' id='line_1_25' title="bbox 2083 584 3677 657; baseline 0.005 -19"><span class='ocrx_word' id='word_1_170' title='bbox 2083 584 2296 649; x_wconf 90' lang='lat' dir='ltr'><strong>unitas,</strong></span> <span class='ocrx_word' id='word_1_171' title='bbox 2321 594 2379 638; x_wconf 88' lang='lat' dir='ltr'><strong>ut</strong></span> <span class='ocrx_word' id='word_1_172' title='bbox 2411 599 2568 639; x_wconf 91' lang='lat' dir='ltr'><strong>nemo</strong></span> <span class='ocrx_word' id='word_1_173' title='bbox 2596 586 2777 653; x_wconf 82' lang='lat' dir='ltr'><strong>utique</strong></span> <span class='ocrx_word' id='word_1_174' title='bbox 2801 585 2909 653; x_wconf 86' lang='lat' dir='ltr'><strong>jam</strong></span> <span class='ocrx_word' id='word_1_175' title='bbox 2943 588 3164 642; x_wconf 91' lang='lat' dir='ltr'><strong>omnino</strong></span> <span class='ocrx_word' id='word_1_176' title='bbox 3187 590 3360 657; x_wconf 88' lang='lat' dir='ltr'><strong>possit</strong></span> <span class='ocrx_word' id='word_1_177' title='bbox 3400 592 3484 645; x_wconf 84' lang='lat' dir='ltr'><strong>vel</strong></span> <span class='ocrx_word' id='word_1_178' title='bbox 3512 590 3677 646; x_wconf 84' lang='lat' dir='ltr'><strong>Chri-</strong></span> 
     </span>
    </p>
   </div>
   <div class='ocr_carea' id='block_1_26' title="bbox 2084 677 3672 749">
    <p class='ocr_par' dir='ltr' id='par_1_26' title="bbox 2084 677 3672 749">
     <span class='ocr_line' id='line_1_26' title="bbox 2084 677 3672 749; baseline 0.006 -17"><span class='ocrx_word' id='word_1_179' title='bbox 2084 688 2224 732; x_wconf 82' lang='lat' dir='ltr'><strong>stum</strong></span> <span class='ocrx_word' id='word_1_180' title='bbox 2254 678 2443 733; x_wconf 88' lang='lat' dir='ltr'><strong>dicens</strong></span> <span class='ocrx_word' id='word_1_181' title='bbox 2468 693 2572 732; x_wconf 92' lang='lat' dir='ltr'><strong>non</strong></span> <span class='ocrx_word' id='word_1_182' title='bbox 2602 677 2771 732; x_wconf 90' lang='lat' dir='ltr'><strong>Deum</strong></span> <span class='ocrx_word' id='word_1_183' title='bbox 2797 679 2850 732; x_wconf 92' lang='lat' dir='ltr'><strong>in</strong></span> <span class='ocrx_word' id='word_1_184' title='bbox 2878 678 3077 733; x_wconf 69' lang='lat' dir='ltr'><strong>Christi</strong></span> <span class='ocrx_word' id='word_1_185' title='bbox 3108 683 3323 736; x_wconf 90' lang='lat' dir='ltr'><strong>nomine</strong></span> <span class='ocrx_word' id='word_1_186' title='bbox 3346 684 3549 749; x_wconf 87' lang='lat' dir='ltr'><strong>dicere,</strong></span> <span class='ocrx_word' id='word_1_187' title='bbox 3584 685 3672 740; x_wconf 85' lang='lat' dir='ltr'><strong>vel</strong></span> 
     </span>
    </p>
   </div>
   <div class='ocr_carea' id='block_1_27' title="bbox 2083 770 3679 831">
    <p class='ocr_par' dir='ltr' id='par_1_27' title="bbox 2083 770 3679 831">
     <span class='ocr_line' id='line_1_27' title="bbox 2083 770 3679 831; baseline 0.004 -6"><span class='ocrx_word' id='word_1_188' title='bbox 2083 770 2250 825; x_wconf 87' lang='lat' dir='ltr'><strong>Deum</strong></span> <span class='ocrx_word' id='word_1_189' title='bbox 2284 772 2472 826; x_wconf 89' lang='lat' dir='ltr'><strong>dicens</strong></span> <span class='ocrx_word' id='word_1_190' title='bbox 2504 786 2611 824; x_wconf 90' lang='lat' dir='ltr'><strong>non</strong></span> <span class='ocrx_word' id='word_1_191' title='bbox 2653 771 2929 825; x_wconf 85' lang='lat' dir='ltr'><strong>Christum</strong></span> <span class='ocrx_word' id='word_1_192' title='bbox 2977 772 3027 825; x_wconf 92' lang='lat' dir='ltr'><strong>in</strong></span> <span class='ocrx_word' id='word_1_193' title='bbox 3061 772 3154 827; x_wconf 89' lang='lat' dir='ltr'><strong>Dei</strong></span> <span class='ocrx_word' id='word_1_194' title='bbox 3198 775 3413 828; x_wconf 87' lang='lat' dir='ltr'><strong>nomine</strong></span> <span class='ocrx_word' id='word_1_195' title='bbox 3463 792 3679 831; x_wconf 86' lang='lat' dir='ltr'><strong>nuncu-</strong></span> 
     </span>
    </p>
   </div>
   <div class='ocr_carea' id='block_1_28' title="bbox 2084 865 3678 937">
    <p class='ocr_par' dir='ltr' id='par_1_28' title="bbox 2084 865 3678 937">
     <span class='ocr_line' id='line_1_28' title="bbox 2084 865 3678 937; baseline 0.006 -20"><span class='ocrx_word' id='word_1_196' title='bbox 2084 880 2236 933; x_wconf 91' lang='lat' dir='ltr'><strong>pare.</strong></span> <span class='ocrx_word' id='word_1_197' title='bbox 2272 866 2349 919; x_wconf 83' lang='lat' dir='ltr'><strong>Ac</strong></span> <span class='ocrx_word' id='word_1_198' title='bbox 2390 867 2468 920; x_wconf 89' lang='lat' dir='ltr'><strong>sic</strong></span> <span class='ocrx_word' id='word_1_199' title='bbox 2500 866 2655 919; x_wconf 93' lang='lat' dir='ltr'><strong>unito</strong></span> <span class='ocrx_word' id='word_1_200' title='bbox 2701 865 2804 919; x_wconf 88' lang='lat' dir='ltr'><strong>sibi</strong></span> <span class='ocrx_word' id='word_1_201' title='bbox 2852 867 3068 935; x_wconf 88' lang='lat' dir='ltr'><strong>penitus</strong></span> <span class='ocrx_word' id='word_1_202' title='bbox 3097 881 3191 935; x_wconf 89' lang='lat' dir='ltr'><strong>per</strong></span> <span class='ocrx_word' id='word_1_203' title='bbox 3220 869 3550 937; x_wconf 87' lang='lat' dir='ltr'><strong>majestatem</strong></span> <span class='ocrx_word' id='word_1_204' title='bbox 3584 886 3678 926; x_wconf 85' lang='lat' dir='ltr'><strong>sa-</strong></span> 
     </span>
    </p>
   </div>
   <div class='ocr_carea' id='block_1_29' title="bbox 2083 957 3670 1030">
    <p class='ocr_par' dir='ltr' id='par_1_29' title="bbox 2083 957 3670 1030">
     <span class='ocr_line' id='line_1_29' title="bbox 2083 957 3670 1030; baseline 0.004 -19"><span class='ocrx_word' id='word_1_205' title='bbox 2083 972 2187 1011; x_wconf 71' lang='lat' dir='ltr'><strong>CI&#39;IB</strong></span> <span class='ocrx_word' id='word_1_206' title='bbox 2236 957 2534 1012; x_wconf 87' lang='lat' dir='ltr'><strong>nativitatis</strong></span> <span class='ocrx_word' id='word_1_207' title='bbox 2583 958 2871 1028; x_wconf 90' lang='lat' dir='ltr'><strong>utriusque</strong></span> <span class='ocrx_word' id='word_1_208' title='bbox 2925 958 3242 1013; x_wconf 62' lang='lat' dir='ltr'><strong>substantiae</strong></span> <span class='ocrx_word' id='word_1_209' title='bbox 3290 974 3670 1030; x_wconf 87' lang='lat' dir='ltr'><strong>sacramento,</strong></span> 
     </span>
    </p>
   </div>
   <div class='ocr_carea' id='block_1_30' title="bbox 2082 1049 3677 1119">
    <p class='ocr_par' dir='ltr' id='par_1_30' title="bbox 2082 1049 3677 1119">
     <span class='ocr_line' id='line_1_30' title="bbox 2082 1049 3677 1119; baseline 0.005 -16"><span class='ocrx_word' id='word_1_210' title='bbox 2082 1049 2342 1119; x_wconf 88' lang='lat' dir='ltr'><strong>quidquid</strong></span> <span class='ocrx_word' id='word_1_211' title='bbox 2382 1058 2531 1115; x_wconf 89' lang='lat' dir='ltr'><strong>erat,</strong></span> <span class='ocrx_word' id='word_1_212' title='bbox 2582 1050 2796 1103; x_wconf 89' lang='lat' dir='ltr'><strong>scilicet</strong></span> <span class='ocrx_word' id='word_1_213' title='bbox 2842 1049 3006 1104; x_wconf 91' lang='lat' dir='ltr'><strong>homo</strong></span> <span class='ocrx_word' id='word_1_214' title='bbox 3038 1059 3095 1105; x_wconf 93' lang='lat' dir='ltr'><strong>et</strong></span> <span class='ocrx_word' id='word_1_215' title='bbox 3135 1051 3309 1117; x_wconf 89' lang='lat' dir='ltr'><strong>Deus,</strong></span> <span class='ocrx_word' id='word_1_216' title='bbox 3340 1054 3537 1108; x_wconf 85' lang='lat' dir='ltr'><strong>laetum</strong></span> <span class='ocrx_word' id='word_1_217' title='bbox 3585 1064 3677 1110; x_wconf 86' lang='lat' dir='ltr'><strong>est</strong></span> 
     </span>
    </p>
   </div>
   <div class='ocr_carea' id='block_1_31' title="bbox 2082 1140 3676 1211">
    <p class='ocr_par' dir='ltr' id='par_1_31' title="bbox 2082 1140 3676 1211">
     <span class='ocr_line' id='line_1_31' title="bbox 2082 1140 3676 1211; baseline 0.005 -15"><span class='ocrx_word' id='word_1_218' title='bbox 2082 1151 2254 1196; x_wconf 89' lang='lat' dir='ltr'><strong>totum</strong></span> <span class='ocrx_word' id='word_1_219' title='bbox 2289 1142 2453 1197; x_wconf 84' lang='lat' dir='ltr'><strong>Deus.</strong></span> <span class='ocrx_word' id='word_1_220' title='bbox 2482 1140 2633 1197; x_wconf 85' lang='lat' dir='ltr'><strong>Unde</strong></span> <span class='ocrx_word' id='word_1_221' title='bbox 2664 1144 2955 1211; x_wconf 81' lang='lat' dir='ltr'><strong>Apostolus</strong></span> <span class='ocrx_word' id='word_1_222' title='bbox 2978 1144 3178 1198; x_wconf 85' lang='lat' dir='ltr'><strong>Paulus</strong></span> <span class='ocrx_word' id='word_1_223' title='bbox 3202 1146 3397 1201; x_wconf 88' lang='lat' dir='ltr'><strong>videns</strong></span> <span class='ocrx_word' id='word_1_224' title='bbox 3422 1148 3676 1204; x_wconf 79' lang='lat' dir='ltr'><strong>revelatis</strong></span> 
     </span>
    </p>
   </div>
   <div class='ocr_carea' id='block_1_32' title="bbox 2084 1232 3672 1309">
    <p class='ocr_par' dir='ltr' id='par_1_32' title="bbox 2084 1232 3672 1309">
     <span class='ocr_line' id='line_1_32' title="bbox 2084 1232 3672 1309; baseline 0.004 -20"><span class='ocrx_word' id='word_1_225' title='bbox 2084 1234 2209 1289; x_wconf 89' lang='lat' dir='ltr'><strong>ﬁdei</strong></span> <span class='ocrx_word' id='word_1_226' title='bbox 2237 1235 2412 1288; x_wconf 91' lang='lat' dir='ltr'><strong>oculis</strong></span> <span class='ocrx_word' id='word_1_227' title='bbox 2445 1243 2614 1288; x_wconf 90' lang='lat' dir='ltr'><strong>totum</strong></span> <span class='ocrx_word' id='word_1_228' title='bbox 2648 1235 2699 1287; x_wconf 92' lang='lat' dir='ltr'><strong>in</strong></span> <span class='ocrx_word' id='word_1_229' title='bbox 2730 1232 2947 1290; x_wconf 91' lang='lat' dir='ltr'><strong>Christo</strong></span> <span class='ocrx_word' id='word_1_230' title='bbox 2989 1237 3385 1306; x_wconf 80' lang='lat' dir='ltr'><strong>inexplicabilis</strong></span> <span class='ocrx_word' id='word_1_231' title='bbox 3416 1240 3672 1309; x_wconf 76' lang='lat' dir='ltr'><strong>majesta-</strong></span> 
     </span>
    </p>
   </div>
   <div class='ocr_carea' id='block_1_33' title="bbox 2082 1324 3670 1393">
    <p class='ocr_par' dir='ltr' id='par_1_33' title="bbox 2082 1324 3670 1393">
     <span class='ocr_line' id='line_1_33' title="bbox 2082 1324 3670 1393; baseline 0.004 -13"><span class='ocrx_word' id='word_1_232' title='bbox 2082 1328 2151 1381; x_wconf 87' lang='lat' dir='ltr'><strong>tis</strong></span> <span class='ocrx_word' id='word_1_233' title='bbox 2175 1342 2451 1393; x_wconf 91' lang='lat' dir='ltr'><strong>arcanum,</strong></span> <span class='ocrx_word' id='word_1_234' title='bbox 2479 1324 2552 1379; x_wconf 89' lang='lat' dir='ltr'><strong>ita</strong></span> <span class='ocrx_word' id='word_1_235' title='bbox 2578 1326 2790 1381; x_wconf 92' lang='lat' dir='ltr'><strong>locutus</strong></span> <span class='ocrx_word' id='word_1_236' title='bbox 2820 1336 2935 1393; x_wconf 90' lang='lat' dir='ltr'><strong>est,</strong></span> <span class='ocrx_word' id='word_1_237' title='bbox 2959 1327 3196 1383; x_wconf 84' lang='lat' dir='ltr'><strong>invitatis</strong></span> <span class='ocrx_word' id='word_1_238' title='bbox 3226 1329 3295 1383; x_wconf 89' lang='lat' dir='ltr'><strong>ad</strong></span> <span class='ocrx_word' id='word_1_239' title='bbox 3326 1329 3670 1387; x_wconf 80' lang='lat' dir='ltr'><strong>referendam</strong></span> 
     </span>
    </p>
   </div>
   <div class='ocr_carea' id='block_1_34' title="bbox 2080 1418 3666 1494">
    <p class='ocr_par' dir='ltr' id='par_1_34' title="bbox 2080 1418 3666 1494">
     <span class='ocr_line' id='line_1_34' title="bbox 2080 1418 3666 1494; baseline 0.003 -19"><span class='ocrx_word' id='word_1_240' title='bbox 2080 1420 2195 1475; x_wconf 87' lang='lat' dir='ltr'><strong>Deo</strong></span> <span class='ocrx_word' id='word_1_241' title='bbox 2243 1420 2471 1489; x_wconf 79' lang='lat' dir='ltr'><strong>gratiam</strong></span> <span class='ocrx_word' id='word_1_242' title='bbox 2500 1460 2514 1484; x_wconf 92' lang='lat'><strong>,</strong></span> <span class='ocrx_word' id='word_1_243' title='bbox 2544 1430 2908 1489; x_wconf 86' lang='lat' dir='ltr'><strong>agnoscentes</strong></span> <span class='ocrx_word' id='word_1_244' title='bbox 2951 1418 3212 1476; x_wconf 86' lang='lat' dir='ltr'><strong>beneﬁcia</strong></span> <span class='ocrx_word' id='word_1_245' title='bbox 3259 1422 3354 1476; x_wconf 88' lang='lat' dir='ltr'><strong>Dei</strong></span> <span class='ocrx_word' id='word_1_246' title='bbox 3398 1425 3666 1494; x_wconf 88' lang='lat' dir='ltr'><strong>populos:</strong></span> 
     </span>
    </p>
   </div>
   <div class='ocr_carea' id='block_1_35' title="bbox 2079 1510 3670 1590">
    <p class='ocr_par' dir='ltr' id='par_1_35' title="bbox 2079 1510 3670 1590">
     <span class='ocr_line' id='line_1_35' title="bbox 2079 1510 3670 1590; baseline 0.004 -24"><span class='ocrx_word' id='word_1_247' title='bbox 2079 1510 2286 1567; x_wconf 84' lang='lat' dir='ltr'><strong>Gratias</strong></span> <span class='ocrx_word' id='word_1_248' title='bbox 2314 1555 2327 1579; x_wconf 94' lang='lat'><strong>,</strong></span> <span class='ocrx_word' id='word_1_249' title='bbox 2359 1513 2571 1581; x_wconf 88' lang='lat' dir='ltr'><strong>inquit,</strong></span> <span class='ocrx_word' id='word_1_250' title='bbox 2602 1522 2810 1581; x_wconf 82' lang='lat' dir='ltr'><strong>agentes</strong></span> <span class='ocrx_word' id='word_1_251' title='bbox 2852 1511 3032 1579; x_wconf 88' lang='lat' dir='ltr'><strong>Patri,</strong></span> <span class='ocrx_word' id='word_1_252' title='bbox 3066 1516 3155 1584; x_wconf 88' lang='lat' dir='ltr'><strong>qui</strong></span> <span class='ocrx_word' id='word_1_253' title='bbox 3185 1516 3375 1587; x_wconf 87' lang='lat' dir='ltr'><strong>dignos</strong></span> <span class='ocrx_word' id='word_1_254' title='bbox 3418 1535 3509 1572; x_wconf 88' lang='lat' dir='ltr'><strong>nos</strong></span> <span class='ocrx_word' id='word_1_255' title='bbox 3549 1522 3670 1590; x_wconf 76' lang='lat' dir='ltr'><strong>fecit</strong></span> 
     </span>
    </p>
   </div>
   <div class='ocr_carea' id='block_1_36' title="bbox 2080 1605 3669 1679">
    <p class='ocr_par' dir='ltr' id='par_1_36' title="bbox 2080 1605 3669 1679">
     <span class='ocr_line' id='line_1_36' title="bbox 2080 1605 3669 1679; baseline 0.004 -21"><span class='ocrx_word' id='word_1_256' title='bbox 2080 1608 2315 1677; x_wconf 84' lang='lat' dir='ltr'><strong>portione</strong></span> <span class='ocrx_word' id='word_1_257' title='bbox 2349 1605 2503 1660; x_wconf 84' lang='lat' dir='ltr'><strong>sortis</strong></span> <span class='ocrx_word' id='word_1_258' title='bbox 2534 1615 2828 1659; x_wconf 88' lang='lat' dir='ltr'><strong>sanctorum</strong></span> <span class='ocrx_word' id='word_1_259' title='bbox 2874 1609 2928 1658; x_wconf 87' lang='lat' dir='ltr'><strong>in</strong></span> <span class='ocrx_word' id='word_1_260' title='bbox 2959 1606 3172 1673; x_wconf 88' lang='lat' dir='ltr'><strong>lumine,</strong></span> <span class='ocrx_word' id='word_1_261' title='bbox 3208 1609 3296 1677; x_wconf 86' lang='lat' dir='ltr'><strong>qui</strong></span> <span class='ocrx_word' id='word_1_262' title='bbox 3342 1610 3529 1679; x_wconf 84' lang='lat' dir='ltr'><strong>eripuit</strong></span> <span class='ocrx_word' id='word_1_263' title='bbox 3572 1627 3669 1666; x_wconf 84' lang='lat' dir='ltr'><strong>uos</strong></span> 
     </span>
    </p>
   </div>
   <div class='ocr_carea' id='block_1_37' title="bbox 2001 1696 3671 1769">
    <p class='ocr_par' dir='ltr' id='par_1_37' title="bbox 2001 1696 3671 1769">
     <span class='ocr_line' id='line_1_37' title="bbox 2001 1696 3671 1769; baseline 0.002 -17"><span class='ocrx_word' id='word_1_264' title='bbox 2001 1703 2050 1764; x_wconf 85' lang='lat' dir='ltr'><strong>B</strong></span> <span class='ocrx_word' id='word_1_265' title='bbox 2078 1700 2140 1753; x_wconf 91' lang='lat' dir='ltr'><strong>de</strong></span> <span class='ocrx_word' id='word_1_266' title='bbox 2173 1708 2423 1767; x_wconf 83' lang='lat' dir='ltr'><strong>potestate</strong></span> <span class='ocrx_word' id='word_1_267' title='bbox 2451 1696 2800 1761; x_wconf 87' lang='lat' dir='ltr'><strong>tenebrarum,</strong></span> <span class='ocrx_word' id='word_1_268' title='bbox 2845 1707 2891 1751; x_wconf 90' lang='lat' dir='ltr'><strong>et</strong></span> <span class='ocrx_word' id='word_1_269' title='bbox 2924 1699 3187 1752; x_wconf 91' lang='lat' dir='ltr'><strong>transtulit</strong></span> <span class='ocrx_word' id='word_1_270' title='bbox 3214 1700 3267 1751; x_wconf 88' lang='lat' dir='ltr'><strong>in</strong></span> <span class='ocrx_word' id='word_1_271' title='bbox 3290 1716 3507 1769; x_wconf 84' lang='lat' dir='ltr'><strong>regnum</strong></span> <span class='ocrx_word' id='word_1_272' title='bbox 3537 1698 3671 1755; x_wconf 80' lang='lat' dir='ltr'><strong>Filii</strong></span> 
     </span>
    </p>
   </div>
   <div class='ocr_carea' id='block_1_38' title="bbox 2079 1789 3670 1865">
    <p class='ocr_par' dir='ltr' id='par_1_38' title="bbox 2079 1789 3670 1865">
     <span class='ocr_line' id='line_1_38' title="bbox 2079 1789 3670 1865; baseline 0.002 -20"><span class='ocrx_word' id='word_1_273' title='bbox 2079 1792 2369 1845; x_wconf 84' lang='lat' dir='ltr'><strong>dilectionis</strong></span> <span class='ocrx_word' id='word_1_274' title='bbox 2405 1806 2547 1857; x_wconf 66' lang='lat' dir='ltr'><strong>suae,</strong></span> <span class='ocrx_word' id='word_1_275' title='bbox 2600 1790 2653 1842; x_wconf 88' lang='lat' dir='ltr'><strong>in</strong></span> <span class='ocrx_word' id='word_1_276' title='bbox 2694 1806 2795 1859; x_wconf 92' lang='lat' dir='ltr'><strong>quo</strong></span> <span class='ocrx_word' id='word_1_277' title='bbox 2844 1789 3088 1844; x_wconf 82' lang='lat' dir='ltr'><strong>habemus</strong></span> <span class='ocrx_word' id='word_1_278' title='bbox 3130 1792 3531 1858; x_wconf 82' lang='lat' dir='ltr'><strong>redemptionem</strong></span> <span class='ocrx_word' id='word_1_279' title='bbox 3577 1811 3670 1865; x_wconf 85' lang='lat' dir='ltr'><strong>per</strong></span> 
     </span>
    </p>
   </div>
   <div class='ocr_carea' id='block_1_39' title="bbox 2075 1881 3671 1955">
    <p class='ocr_par' dir='ltr' id='par_1_39' title="bbox 2075 1881 3671 1955">
     <span class='ocr_line' id='line_1_39' title="bbox 2075 1881 3671 1955; baseline 0 -16"><span class='ocrx_word' id='word_1_280' title='bbox 2075 1885 2381 1955; x_wconf 82' lang='lat' dir='ltr'><strong>sanguinem</strong></span> <span class='ocrx_word' id='word_1_281' title='bbox 2406 1882 2605 1951; x_wconf 84' lang='lat' dir='ltr'><strong>ipsius,</strong></span> <span class='ocrx_word' id='word_1_282' title='bbox 2636 1881 2989 1935; x_wconf 84' lang='lat' dir='ltr'><strong>remissionem</strong></span> <span class='ocrx_word' id='word_1_283' title='bbox 3022 1891 3386 1951; x_wconf 84' lang='lat' dir='ltr'><strong>peccatorum;</strong></span> <span class='ocrx_word' id='word_1_284' title='bbox 3414 1882 3441 1921; x_wconf 74' lang='grc' dir='ltr'><strong>ι’</strong></span> <span class='ocrx_word' id='word_1_285' title='bbox 3477 1885 3565 1955; x_wconf 85' lang='lat' dir='ltr'><strong>qui</strong></span> <span class='ocrx_word' id='word_1_286' title='bbox 3595 1895 3671 1939; x_wconf 88' lang='lat' dir='ltr'><strong>est</strong></span> 
     </span>
    </p>
   </div>
   <div class='ocr_carea' id='block_1_40' title="bbox 1452 2019 2589 2083">
    <p class='ocr_par' dir='ltr' id='par_1_40' title="bbox 1452 2019 2589 2083">
     <span class='ocr_line' id='line_1_40' title="bbox 1452 2019 2589 2083; baseline -0.007 -1"><span class='ocrx_word' id='word_1_287' title='bbox 1452 2026 1708 2083; x_wconf 79' lang='lat' dir='ltr'><strong>ALARDl</strong></span> <span class='ocrx_word' id='word_1_288' title='bbox 1753 2024 1985 2081; x_wconf 56' lang='lat' dir='ltr'><strong>CAZJEI</strong></span> <span class='ocrx_word' id='word_1_289' title='bbox 2022 2019 2589 2079; x_wconf 69' lang='lat' dir='ltr'><strong>COMMENTARIUS.</strong></span> 
     </span>
    </p>
   </div>
   <div class='ocr_carea' id='block_1_41' title="bbox 448 2138 1966 2209">
    <p class='ocr_par' dir='ltr' id='par_1_41' title="bbox 448 2138 1966 2209">
     <span class='ocr_line' id='line_1_41' title="bbox 448 2138 1966 2209; baseline -0.005 -7"><span class='ocrx_word' id='word_1_290' title='bbox 448 2157 475 2184; x_wconf 78' lang='grc'><strong>⁸</strong></span> <span class='ocrx_word' id='word_1_291' title='bbox 504 2144 737 2208; x_wconf 74' lang='lat' dir='ltr'><strong>Cvrillus</strong></span> <span class='ocrx_word' id='word_1_292' title='bbox 766 2145 1054 2200; x_wconf 77' lang='lat' dir='ltr'><strong>Alexand.:</strong></span> <span class='ocrx_word' id='word_1_293' title='bbox 1097 2144 1353 2205; x_wconf 86' lang='lat' dir='ltr'><strong>Verbum,</strong></span> <span class='ocrx_word' id='word_1_294' title='bbox 1378 2141 1579 2209; x_wconf 83' lang='lat' dir='ltr'><strong>inquit.</strong></span> <span class='ocrx_word' id='word_1_295' title='bbox 1602 2142 1738 2204; x_wconf 85' lang='lat' dir='ltr'><strong>quod</strong></span> <span class='ocrx_word' id='word_1_296' title='bbox 1770 2159 1833 2195; x_wconf 70' lang='lat' dir='ltr'><strong>ex</strong></span> <span class='ocrx_word' id='word_1_297' title='bbox 1859 2138 1966 2194; x_wconf 71' lang='lat' dir='ltr'><strong>Deo</strong></span> 
     </span>
    </p>
   </div>
   <div class='ocr_carea' id='block_1_42' title="bbox 378 2209 1961 2289">
    <p class='ocr_par' dir='ltr' id='par_1_42' title="bbox 378 2209 1961 2289">
     <span class='ocr_line' id='line_1_42' title="bbox 378 2209 1961 2289; baseline -0.005 -20"><span class='ocrx_word' id='word_1_298' title='bbox 378 2209 624 2289; x_wconf 78' lang='lat' dir='ltr'><strong>gignitur,</strong></span> <span class='ocrx_word' id='word_1_299' title='bbox 652 2227 773 2271; x_wconf 89' lang='lat' dir='ltr'><strong>tunc</strong></span> <span class='ocrx_word' id='word_1_300' title='bbox 804 2222 1005 2270; x_wconf 89' lang='lat' dir='ltr'><strong>demum</strong></span> <span class='ocrx_word' id='word_1_301' title='bbox 1028 2215 1154 2268; x_wconf 81' lang='lat' dir='ltr'><strong>Jesu</strong></span> <span class='ocrx_word' id='word_1_302' title='bbox 1187 2214 1377 2289; x_wconf 81' lang='lat' dir='ltr'><strong>Christi</strong></span> <span class='ocrx_word' id='word_1_303' title='bbox 1421 2212 1824 2289; x_wconf 71' lang='lat' dir='ltr'><strong>appellationem</strong></span> <span class='ocrx_word' id='word_1_304' title='bbox 1853 2229 1961 2264; x_wconf 86' lang='lat' dir='ltr'><strong>sor-</strong></span> 
     </span>
    </p>
   </div>
   <div class='ocr_carea' id='block_1_43' title="bbox 378 2285 1959 2355">
    <p class='ocr_par' dir='ltr' id='par_1_43' title="bbox 378 2285 1959 2355">
     <span class='ocr_line' id='line_1_43' title="bbox 378 2285 1959 2355; baseline -0.006 -13"><span class='ocrx_word' id='word_1_305' title='bbox 378 2285 523 2343; x_wconf 73' lang='lat' dir='ltr'><strong>iitum</strong></span> <span class='ocrx_word' id='word_1_306' title='bbox 564 2290 925 2355; x_wconf 81' lang='lat' dir='ltr'><strong>comperimus,</strong></span> <span class='ocrx_word' id='word_1_307' title='bbox 959 2304 1074 2339; x_wconf 90' lang='lat' dir='ltr'><strong>cum</strong></span> <span class='ocrx_word' id='word_1_308' title='bbox 1115 2303 1175 2339; x_wconf 75' lang='lat' dir='ltr'><strong>ex</strong></span> <span class='ocrx_word' id='word_1_309' title='bbox 1203 2287 1419 2339; x_wconf 84' lang='lat' dir='ltr'><strong>muliere</strong></span> <span class='ocrx_word' id='word_1_310' title='bbox 1456 2285 1648 2354; x_wconf 79' lang='lat' dir='ltr'><strong>factum</strong></span> <span class='ocrx_word' id='word_1_311' title='bbox 1680 2297 1751 2336; x_wconf 90' lang='lat' dir='ltr'><strong>est</strong></span> <span class='ocrx_word' id='word_1_312' title='bbox 1787 2286 1959 2355; x_wconf 85' lang='lat' dir='ltr'><strong>homo.</strong></span> 
     </span>
    </p>
   </div>
   <div class='ocr_carea' id='block_1_44' title="bbox 377 2354 1963 2422">
    <p class='ocr_par' dir='ltr' id='par_1_44' title="bbox 377 2354 1963 2422">
     <span class='ocr_line' id='line_1_44' title="bbox 377 2354 1963 2422; baseline -0.004 -8"><span class='ocrx_word' id='word_1_313' title='bbox 377 2360 484 2415; x_wconf 86' lang='lat' dir='ltr'><strong>Sed</strong></span> <span class='ocrx_word' id='word_1_314' title='bbox 513 2362 767 2419; x_wconf 86' lang='lat' dir='ltr'><strong>quomodo</strong></span> <span class='ocrx_word' id='word_1_315' title='bbox 806 2361 935 2411; x_wconf 90' lang='lat' dir='ltr'><strong>idem</strong></span> <span class='ocrx_word' id='word_1_316' title='bbox 964 2368 1036 2411; x_wconf 88' lang='lat' dir='ltr'><strong>est</strong></span> <span class='ocrx_word' id='word_1_317' title='bbox 1064 2368 1110 2409; x_wconf 91' lang='lat' dir='ltr'><strong>et</strong></span> <span class='ocrx_word' id='word_1_318' title='bbox 1142 2359 1271 2422; x_wconf 85' lang='lat' dir='ltr'><strong>heri,</strong></span> <span class='ocrx_word' id='word_1_319' title='bbox 1295 2369 1338 2407; x_wconf 87' lang='lat' dir='ltr'><strong>et</strong></span> <span class='ocrx_word' id='word_1_320' title='bbox 1380 2357 1552 2419; x_wconf 80' lang='lat' dir='ltr'><strong>hodie,</strong></span> <span class='ocrx_word' id='word_1_321' title='bbox 1579 2366 1625 2408; x_wconf 91' lang='lat' dir='ltr'><strong>et</strong></span> <span class='ocrx_word' id='word_1_322' title='bbox 1651 2357 1700 2406; x_wconf 91' lang='lat' dir='ltr'><strong>in</strong></span> <span class='ocrx_word' id='word_1_323' title='bbox 1730 2354 1963 2407; x_wconf 78' lang='lat' dir='ltr'><strong>srecala?</strong></span> 
     </span>
    </p>
   </div>
   <div class='ocr_carea' id='block_1_45' title="bbox 375 2428 1961 2497">
    <p class='ocr_par' dir='ltr' id='par_1_45' title="bbox 375 2428 1961 2497">
     <span class='ocr_line' id='line_1_45' title="bbox 375 2428 1961 2497; baseline -0.007 -14"><span class='ocrx_word' id='word_1_324' title='bbox 375 2446 479 2483; x_wconf 84' lang='lat' dir='ltr'><strong>non</strong></span> <span class='ocrx_word' id='word_1_325' title='bbox 503 2431 608 2481; x_wconf 87' lang='lat' dir='ltr'><strong>alia</strong></span> <span class='ocrx_word' id='word_1_326' title='bbox 635 2433 803 2496; x_wconf 82' lang='lat' dir='ltr'><strong>utique</strong></span> <span class='ocrx_word' id='word_1_327' title='bbox 824 2432 1045 2488; x_wconf 80' lang='lat' dir='ltr'><strong>ratione,</strong></span> <span class='ocrx_word' id='word_1_328' title='bbox 1077 2445 1233 2497; x_wconf 83' lang='lat' dir='ltr'><strong>quam</strong></span> <span class='ocrx_word' id='word_1_329' title='bbox 1256 2429 1450 2489; x_wconf 87' lang='lat' dir='ltr'><strong>carnis,</strong></span> <span class='ocrx_word' id='word_1_330' title='bbox 1483 2443 1637 2495; x_wconf 88' lang='lat' dir='ltr'><strong>quam</strong></span> <span class='ocrx_word' id='word_1_331' title='bbox 1659 2428 1961 2497; x_wconf 54' lang='lat' dir='ltr'><strong>assumpsit,</strong></span> 
     </span>
    </p>
   </div>
   <div class='ocr_carea' id='block_1_46' title="bbox 378 2492 1966 2569">
    <p class='ocr_par' dir='ltr' id='par_1_46' title="bbox 378 2492 1966 2569">
     <span class='ocr_line' id='line_1_46' title="bbox 378 2492 1966 2569; baseline -0.003 -17"><span class='ocrx_word' id='word_1_332' title='bbox 378 2515 492 2552; x_wconf 82' lang='lat' dir='ltr'><strong>cum</strong></span> <span class='ocrx_word' id='word_1_333' title='bbox 521 2499 613 2550; x_wconf 76' lang='lat' dir='ltr'><strong>Dei</strong></span> <span class='ocrx_word' id='word_1_334' title='bbox 645 2492 803 2551; x_wconf 74' lang='lat' dir='ltr'><strong>Verbo</strong></span> <span class='ocrx_word' id='word_1_335' title='bbox 832 2492 1218 2569; x_wconf 81' lang='lat' dir='ltr'><strong>coiijuuctioue,</strong></span> <span class='ocrx_word' id='word_1_336' title='bbox 1241 2492 1570 2567; x_wconf 71' lang='lat' dir='ltr'><strong>ejusdemque</strong></span> <span class='ocrx_word' id='word_1_337' title='bbox 1591 2498 1659 2549; x_wconf 87' lang='lat' dir='ltr'><strong>ad</strong></span> <span class='ocrx_word' id='word_1_338' title='bbox 1687 2512 1847 2549; x_wconf 90' lang='lat' dir='ltr'><strong>unum</strong></span> <span class='ocrx_word' id='word_1_339' title='bbox 1871 2492 1966 2569; x_wconf 64' lang='lat' dir='ltr'><strong>Fi-</strong></span> 
     </span>
    </p>
   </div>
   <div class='ocr_carea' id='block_1_47' title="bbox 377 2567 1967 2637">
    <p class='ocr_par' dir='ltr' id='par_1_47' title="bbox 377 2567 1967 2637">
     <span class='ocr_line' id='line_1_47' title="bbox 377 2567 1967 2637; baseline -0.004 -13"><span class='ocrx_word' id='word_1_340' title='bbox 377 2570 506 2624; x_wconf 87' lang='lat' dir='ltr'><strong>lium</strong></span> <span class='ocrx_word' id='word_1_341' title='bbox 530 2570 790 2622; x_wconf 80' lang='lat' dir='ltr'><strong>relatione.</strong></span> <span class='ocrx_word' id='word_1_342' title='bbox 820 2567 933 2621; x_wconf 79' lang='lat' dir='ltr'><strong>llac</strong></span> <span class='ocrx_word' id='word_1_343' title='bbox 962 2586 1176 2637; x_wconf 85' lang='lat' dir='ltr'><strong>namque</strong></span> <span class='ocrx_word' id='word_1_344' title='bbox 1205 2570 1621 2621; x_wconf 78' lang='lat' dir='ltr'><strong>consideratione</strong></span> <span class='ocrx_word' id='word_1_345' title='bbox 1640 2610 1652 2629; x_wconf 90' lang='lat'><strong>,</strong></span> <span class='ocrx_word' id='word_1_346' title='bbox 1687 2567 1883 2620; x_wconf 88' lang='lat' dir='ltr'><strong>etiamsi</strong></span> <span class='ocrx_word' id='word_1_347' title='bbox 1912 2575 1967 2617; x_wconf 87' lang='lat' dir='ltr'><strong>ut</strong></span> 
     </span>
    </p>
   </div>
   <div class='ocr_carea' id='block_1_48' title="bbox 376 2639 1964 2709">
    <p class='ocr_par' dir='ltr' id='par_1_48' title="bbox 376 2639 1964 2709">
     <span class='ocr_line' id='line_1_48' title="bbox 376 2639 1964 2709; baseline -0.004 -14"><span class='ocrx_word' id='word_1_348' title='bbox 376 2656 531 2696; x_wconf 75' lang='lat' dir='ltr'><strong>carne</strong></span> <span class='ocrx_word' id='word_1_349' title='bbox 552 2642 763 2693; x_wconf 74' lang='lat' dir='ltr'><strong>indutus</strong></span> <span class='ocrx_word' id='word_1_350' title='bbox 786 2650 857 2691; x_wconf 84' lang='lat' dir='ltr'><strong>est</strong></span> <span class='ocrx_word' id='word_1_351' title='bbox 879 2644 1048 2692; x_wconf 84' lang='lat' dir='ltr'><strong>animo</strong></span> <span class='ocrx_word' id='word_1_352' title='bbox 1077 2641 1417 2709; x_wconf 80' lang='lat' dir='ltr'><strong>concipiatur,</strong></span> <span class='ocrx_word' id='word_1_353' title='bbox 1452 2657 1598 2693; x_wconf 87' lang='lat' dir='ltr'><strong>suam</strong></span> <span class='ocrx_word' id='word_1_354' title='bbox 1627 2639 1964 2690; x_wconf 84' lang='lat' dir='ltr'><strong>nihilominus</strong></span> 
     </span>
    </p>
   </div>
   <div class='ocr_carea' id='block_1_49' title="bbox 377 2710 1963 2779">
    <p class='ocr_par' dir='ltr' id='par_1_49' title="bbox 377 2710 1963 2779">
     <span class='ocr_line' id='line_1_49' title="bbox 377 2710 1963 2779; baseline -0.003 -13"><span class='ocrx_word' id='word_1_355' title='bbox 377 2712 662 2766; x_wconf 81' lang='lat' dir='ltr'><strong>naturalem</strong></span> <span class='ocrx_word' id='word_1_356' title='bbox 692 2711 1023 2764; x_wconf 83' lang='lat' dir='ltr'><strong>stabilitatem</strong></span> <span class='ocrx_word' id='word_1_357' title='bbox 1049 2714 1296 2779; x_wconf 86' lang='lat' dir='ltr'><strong>integram</strong></span> <span class='ocrx_word' id='word_1_358' title='bbox 1322 2727 1519 2776; x_wconf 83' lang='lat' dir='ltr'><strong>semper</strong></span> <span class='ocrx_word' id='word_1_359' title='bbox 1545 2712 1747 2763; x_wconf 88' lang='lat' dir='ltr'><strong>retinet.</strong></span> <span class='ocrx_word' id='word_1_360' title='bbox 1777 2710 1963 2779; x_wconf 64' lang='lat' dir='ltr'><strong>Plures</strong></span> 
     </span>
    </p>
   </div>
   <div class='ocr_carea' id='block_1_50' title="bbox 378 2777 1964 2850">
    <p class='ocr_par' dir='ltr' id='par_1_50' title="bbox 378 2777 1964 2850">
     <span class='ocr_line' id='line_1_50' title="bbox 378 2777 1964 2850; baseline -0.003 -14"><span class='ocrx_word' id='word_1_361' title='bbox 378 2785 511 2836; x_wconf 86' lang='lat' dir='ltr'><strong>alias</strong></span> <span class='ocrx_word' id='word_1_362' title='bbox 528 2781 899 2850; x_wconf 77' lang='lat' dir='ltr'><strong>expositiones</strong></span> <span class='ocrx_word' id='word_1_363' title='bbox 921 2782 1077 2849; x_wconf 77' lang='lat' dir='ltr'><strong>hujus</strong></span> <span class='ocrx_word' id='word_1_364' title='bbox 1101 2777 1383 2836; x_wconf 77' lang='lat' dir='ltr'><strong>sententiae</strong></span> <span class='ocrx_word' id='word_1_365' title='bbox 1414 2783 1595 2835; x_wconf 79' lang='lat' dir='ltr'><strong>\iderc</strong></span> <span class='ocrx_word' id='word_1_366' title='bbox 1627 2792 1709 2834; x_wconf 63' lang='lat' dir='ltr'><strong>est</strong></span> <span class='ocrx_word' id='word_1_367' title='bbox 1733 2779 1873 2847; x_wconf 88' lang='lat' dir='ltr'><strong>apud</strong></span> <span class='ocrx_word' id='word_1_368' title='bbox 1903 2777 1964 2831; x_wconf 84' lang='lat' dir='ltr'><strong>F.</strong></span> 
     </span>
    </p>
   </div>
   <div class='ocr_carea' id='block_1_51' title="bbox 377 2852 1960 2922">
    <p class='ocr_par' dir='ltr' id='par_1_51' title="bbox 377 2852 1960 2922">
     <span class='ocr_line' id='line_1_51' title="bbox 377 2852 1960 2922; baseline -0.004 -13"><span class='ocrx_word' id='word_1_369' title='bbox 377 2854 633 2909; x_wconf 83' lang='lat' dir='ltr'><strong>Riberam</strong></span> <span class='ocrx_word' id='word_1_370' title='bbox 656 2896 672 2918; x_wconf 89' lang='lat'><strong>,</strong></span> <span class='ocrx_word' id='word_1_371' title='bbox 706 2855 773 2907; x_wconf 88' lang='lat' dir='ltr'><strong>ab</strong></span> <span class='ocrx_word' id='word_1_372' title='bbox 795 2870 856 2908; x_wconf 89' lang='lat' dir='ltr'><strong>ea</strong></span> <span class='ocrx_word' id='word_1_373' title='bbox 880 2870 1001 2922; x_wconf 70' lang='lat' dir='ltr'><strong>qum</strong></span> <span class='ocrx_word' id='word_1_374' title='bbox 1024 2855 1109 2906; x_wconf 88' lang='lat' dir='ltr'><strong>ltic</strong></span> <span class='ocrx_word' id='word_1_375' title='bbox 1134 2853 1415 2921; x_wconf 85' lang='lat' dir='ltr'><strong>subjicitur</strong></span> <span class='ocrx_word' id='word_1_376' title='bbox 1435 2852 1675 2907; x_wconf 88' lang='lat' dir='ltr'><strong>nonnihil</strong></span> <span class='ocrx_word' id='word_1_377' title='bbox 1697 2852 1960 2907; x_wconf 82' lang='lat' dir='ltr'><strong>diversas.</strong></span> 
     </span>
    </p>
   </div>
   <div class='ocr_carea' id='block_1_52' title="bbox 376 2924 1961 2988">
    <p class='ocr_par' dir='ltr' id='par_1_52' title="bbox 376 2924 1961 2988">
     <span class='ocr_line' id='line_1_52' title="bbox 376 2924 1961 2988; baseline -0.004 -8"><span class='ocrx_word' id='word_1_378' title='bbox 376 2924 515 2980; x_wconf 79' lang='lat' dir='ltr'><strong>lluic</strong></span> <span class='ocrx_word' id='word_1_379' title='bbox 544 2937 723 2979; x_wconf 90' lang='lat' dir='ltr'><strong>tamen</strong></span> <span class='ocrx_word' id='word_1_380' title='bbox 759 2937 1126 2980; x_wconf 84' lang='lat' dir='ltr'><strong>consentanea</strong></span> <span class='ocrx_word' id='word_1_381' title='bbox 1158 2934 1241 2977; x_wconf 76' lang='lat' dir='ltr'><strong>est</strong></span> <span class='ocrx_word' id='word_1_382' title='bbox 1280 2932 1372 2976; x_wconf 88' lang='lat' dir='ltr'><strong>ant</strong></span> <span class='ocrx_word' id='word_1_383' title='bbox 1401 2934 1549 2977; x_wconf 87' lang='lat' dir='ltr'><strong>certe</strong></span> <span class='ocrx_word' id='word_1_384' title='bbox 1576 2924 1755 2976; x_wconf 87' lang='lat' dir='ltr'><strong>allinis</strong></span> <span class='ocrx_word' id='word_1_385' title='bbox 1791 2936 1961 2988; x_wconf 78' lang='lat' dir='ltr'><strong>expo-</strong></span> 
     </span>
    </p>
   </div>
   <div class='ocr_carea' id='block_1_53' title="bbox 377 2992 1965 3065">
    <p class='ocr_par' dir='ltr' id='par_1_53' title="bbox 377 2992 1965 3065">
     <span class='ocr_line' id='line_1_53' title="bbox 377 2992 1965 3065; baseline -0.002 -16"><span class='ocrx_word' id='word_1_386' title='bbox 377 2996 503 3049; x_wconf 87' lang='lat' dir='ltr'><strong>sitio</strong></span> <span class='ocrx_word' id='word_1_387' title='bbox 532 2996 596 3050; x_wconf 92' lang='lat' dir='ltr'><strong>D.</strong></span> <span class='ocrx_word' id='word_1_388' title='bbox 628 2996 906 3061; x_wconf 83' lang='lat' dir='ltr'><strong>Anselmi,</strong></span> <span class='ocrx_word' id='word_1_389' title='bbox 937 3012 1097 3065; x_wconf 90' lang='lat' dir='ltr'><strong>quam</strong></span> <span class='ocrx_word' id='word_1_390' title='bbox 1131 2995 1270 3049; x_wconf 92' lang='lat' dir='ltr'><strong>idem</strong></span> <span class='ocrx_word' id='word_1_391' title='bbox 1320 2996 1485 3065; x_wconf 77' lang='lat' dir='ltr'><strong>refert</strong></span> <span class='ocrx_word' id='word_1_392' title='bbox 1525 2994 1609 3048; x_wconf 90' lang='lat' dir='ltr'><strong>his</strong></span> <span class='ocrx_word' id='word_1_393' title='bbox 1639 2992 1818 3065; x_wconf 85' lang='lat' dir='ltr'><strong>verbis</strong></span> <span class='ocrx_word' id='word_1_394' title='bbox 1863 2992 1965 3058; x_wconf 87' lang='lat' dir='ltr'><strong>(In</strong></span> 
     </span>
    </p>
   </div>
   <div class='ocr_carea' id='block_1_54' title="bbox 380 3064 1963 3137">
    <p class='ocr_par' dir='ltr' id='par_1_54' title="bbox 380 3064 1963 3137">
     <span class='ocr_line' id='line_1_54' title="bbox 380 3064 1963 3137; baseline -0.004 -16"><span class='ocrx_word' id='word_1_395' title='bbox 380 3066 755 3121; x_wconf 72' lang='lat' dir='ltr'><strong>Commentario</strong></span> <span class='ocrx_word' id='word_1_396' title='bbox 788 3067 957 3137; x_wconf 85' lang='lat' dir='ltr'><strong>Epist.</strong></span> <span class='ocrx_word' id='word_1_397' title='bbox 987 3067 1055 3120; x_wconf 80' lang='lat' dir='ltr'><strong>ad</strong></span> <span class='ocrx_word' id='word_1_398' title='bbox 1084 3065 1365 3131; x_wconf 83' lang='lat' dir='ltr'><strong>Ilcbreos):</strong></span> <span class='ocrx_word' id='word_1_399' title='bbox 1400 3064 1559 3128; x_wconf 85' lang='lat' dir='ltr'><strong>Heri,</strong></span> <span class='ocrx_word' id='word_1_400' title='bbox 1583 3064 1785 3137; x_wconf 85' lang='lat' dir='ltr'><strong>inquit.</strong></span> <span class='ocrx_word' id='word_1_401' title='bbox 1818 3079 1963 3137; x_wconf 80' lang='lat' dir='ltr'><strong>omne</strong></span> 
     </span>
    </p>
   </div>
   <div class='ocr_carea' id='block_1_55' title="bbox 378 3135 1965 3210">
    <p class='ocr_par' dir='ltr' id='par_1_55' title="bbox 378 3135 1965 3210">
     <span class='ocr_line' id='line_1_55' title="bbox 378 3135 1965 3210; baseline -0.002 -20"><span class='ocrx_word' id='word_1_402' title='bbox 378 3139 690 3208; x_wconf 75' lang='lat' dir='ltr'><strong>prazteritum</strong></span> <span class='ocrx_word' id='word_1_403' title='bbox 738 3135 935 3210; x_wconf 82' lang='lat' dir='ltr'><strong>tempus</strong></span> <span class='ocrx_word' id='word_1_404' title='bbox 960 3148 1009 3192; x_wconf 90' lang='lat' dir='ltr'><strong>et</strong></span> <span class='ocrx_word' id='word_1_405' title='bbox 1054 3156 1201 3191; x_wconf 84' lang='lat' dir='ltr'><strong>omne</strong></span> <span class='ocrx_word' id='word_1_406' title='bbox 1225 3140 1450 3210; x_wconf 86' lang='lat' dir='ltr'><strong>spatium</strong></span> <span class='ocrx_word' id='word_1_407' title='bbox 1495 3136 1799 3210; x_wconf 78' lang='lat' dir='ltr'><strong>wleruitatis</strong></span> <span class='ocrx_word' id='word_1_408' title='bbox 1827 3135 1965 3205; x_wconf 90' lang='lat' dir='ltr'><strong>quod</strong></span> 
     </span>
    </p>
   </div>
   <div class='ocr_carea' id='block_1_56' title="bbox 380 3209 1967 3281">
    <p class='ocr_par' dir='ltr' id='par_1_56' title="bbox 380 3209 1967 3281">
     <span class='ocr_line' id='line_1_56' title="bbox 380 3209 1967 3281; baseline -0.001 -21"><span class='ocrx_word' id='word_1_409' title='bbox 380 3218 499 3262; x_wconf 87' lang='lat' dir='ltr'><strong>ante</strong></span> <span class='ocrx_word' id='word_1_410' title='bbox 528 3210 707 3263; x_wconf 88' lang='lat' dir='ltr'><strong>mundi</strong></span> <span class='ocrx_word' id='word_1_411' title='bbox 734 3209 981 3277; x_wconf 80' lang='lat' dir='ltr'><strong>originem</strong></span> <span class='ocrx_word' id='word_1_412' title='bbox 1006 3212 1103 3281; x_wconf 80' lang='lat' dir='ltr'><strong>fuit</strong></span> <span class='ocrx_word' id='word_1_413' title='bbox 1129 3210 1427 3279; x_wconf 75' lang='lat' dir='ltr'><strong>signiﬁcat;</strong></span> <span class='ocrx_word' id='word_1_414' title='bbox 1460 3209 1633 3281; x_wconf 81' lang='lat' dir='ltr'><strong>hodie,</strong></span> <span class='ocrx_word' id='word_1_415' title='bbox 1660 3224 1806 3260; x_wconf 86' lang='lat' dir='ltr'><strong>omne</strong></span> <span class='ocrx_word' id='word_1_416' title='bbox 1836 3222 1967 3276; x_wconf 76' lang='lat' dir='ltr'><strong>pra:-</strong></span> 
     </span>
    </p>
   </div>
   <div class='ocr_carea' id='block_1_57' title="bbox 380 3279 1967 3351">
    <p class='ocr_par' dir='ltr' id='par_1_57' title="bbox 380 3279 1967 3351">
     <span class='ocr_line' id='line_1_57' title="bbox 380 3279 1967 3351; baseline -0.002 -19"><span class='ocrx_word' id='word_1_417' title='bbox 380 3296 495 3332; x_wconf 82' lang='lat' dir='ltr'><strong>seus</strong></span> <span class='ocrx_word' id='word_1_418' title='bbox 528 3290 754 3351; x_wconf 83' lang='lat' dir='ltr'><strong>tempus;</strong></span> <span class='ocrx_word' id='word_1_419' title='bbox 775 3282 905 3334; x_wconf 84' lang='lat' dir='ltr'><strong>illud</strong></span> <span class='ocrx_word' id='word_1_420' title='bbox 929 3279 1098 3334; x_wconf 84' lang='lat' dir='ltr'><strong>autem</strong></span> <span class='ocrx_word' id='word_1_421' title='bbox 1116 3322 1131 3343; x_wconf 88' lang='lat'><strong>,</strong></span> <span class='ocrx_word' id='word_1_422' title='bbox 1164 3283 1273 3349; x_wconf 89' lang='lat' dir='ltr'><strong>ipsc</strong></span> <span class='ocrx_word' id='word_1_423' title='bbox 1293 3291 1337 3334; x_wconf 85' lang='lat' dir='ltr'><strong>et</strong></span> <span class='ocrx_word' id='word_1_424' title='bbox 1364 3282 1414 3351; x_wconf 86' lang='lat' dir='ltr'><strong>in</strong></span> <span class='ocrx_word' id='word_1_425' title='bbox 1436 3279 1645 3343; x_wconf 77' lang='lat' dir='ltr'><strong>swcula,</strong></span> <span class='ocrx_word' id='word_1_426' title='bbox 1680 3295 1825 3351; x_wconf 69' lang='lat' dir='ltr'><strong>omne</strong></span> <span class='ocrx_word' id='word_1_427' title='bbox 1848 3294 1967 3348; x_wconf 86' lang='lat' dir='ltr'><strong>spa-</strong></span> 
     </span>
    </p>
   </div>
   <div class='ocr_carea' id='block_1_58' title="bbox 381 3347 1969 3420">
    <p class='ocr_par' dir='ltr' id='par_1_58' title="bbox 381 3347 1969 3420">
     <span class='ocr_line' id='line_1_58' title="bbox 381 3347 1969 3420; baseline -0.001 -18"><span class='ocrx_word' id='word_1_428' title='bbox 381 3352 511 3420; x_wconf 67' lang='lat' dir='ltr'><strong>tium</strong></span> <span class='ocrx_word' id='word_1_429' title='bbox 538 3347 780 3415; x_wconf 73' lang='lat' dir='ltr'><strong>temporis</strong></span> <span class='ocrx_word' id='word_1_430' title='bbox 810 3364 855 3403; x_wconf 75' lang='lat' dir='ltr'><strong>et</strong></span> <span class='ocrx_word' id='word_1_431' title='bbox 897 3347 1193 3415; x_wconf 84' lang='lat' dir='ltr'><strong>inﬁnitatis</strong></span> <span class='ocrx_word' id='word_1_432' title='bbox 1214 3352 1352 3420; x_wconf 90' lang='lat' dir='ltr'><strong>quod</strong></span> <span class='ocrx_word' id='word_1_433' title='bbox 1383 3350 1614 3419; x_wconf 83' lang='lat' dir='ltr'><strong>futurum</strong></span> <span class='ocrx_word' id='word_1_434' title='bbox 1644 3358 1750 3420; x_wconf 84' lang='lat' dir='ltr'><strong>est._</strong></span> <span class='ocrx_word' id='word_1_435' title='bbox 1784 3347 1969 3417; x_wconf 83' lang='lat' dir='ltr'><strong>Itaque</strong></span> 
     </span>
    </p>
   </div>
   <div class='ocr_carea' id='block_1_59' title="bbox 383 3418 1965 3490">
    <p class='ocr_par' dir='ltr' id='par_1_59' title="bbox 383 3418 1965 3490">
     <span class='ocr_line' id='line_1_59' title="bbox 383 3418 1965 3490; baseline -0.001 -18"><span class='ocrx_word' id='word_1_436' title='bbox 383 3418 537 3475; x_wconf 74' lang='lat' dir='ltr'><strong>Iesus</strong></span> <span class='ocrx_word' id='word_1_437' title='bbox 557 3422 791 3474; x_wconf 83' lang='lat' dir='ltr'><strong>Christus</strong></span> <span class='ocrx_word' id='word_1_438' title='bbox 811 3422 909 3490; x_wconf 79' lang='lat' dir='ltr'><strong>fuit</strong></span> <span class='ocrx_word' id='word_1_439' title='bbox 934 3422 1062 3475; x_wconf 88' lang='lat' dir='ltr'><strong>heri.</strong></span> <span class='ocrx_word' id='word_1_440' title='bbox 1090 3422 1212 3487; x_wconf 82' lang='lat' dir='ltr'><strong>quia</strong></span> <span class='ocrx_word' id='word_1_441' title='bbox 1227 3418 1285 3473; x_wconf 82' lang='lat' dir='ltr'><strong>in</strong></span> <span class='ocrx_word' id='word_1_442' title='bbox 1308 3418 1559 3489; x_wconf 86' lang='lat' dir='ltr'><strong>principio</strong></span> <span class='ocrx_word' id='word_1_443' title='bbox 1574 3428 1681 3469; x_wconf 89' lang='lat' dir='ltr'><strong>erat</strong></span> <span class='ocrx_word' id='word_1_444' title='bbox 1717 3418 1965 3490; x_wconf 83' lang='lat' dir='ltr'><strong>Verbum,</strong></span> 
     </span>
    </p>
   </div>
   <div class='ocr_carea' id='block_1_60' title="bbox 382 3488 1970 3559">
    <p class='ocr_par' dir='ltr' id='par_1_60' title="bbox 382 3488 1970 3559">
     <span class='ocr_line' id='line_1_60' title="bbox 382 3488 1970 3559; baseline -0.002 -16"><span class='ocrx_word' id='word_1_445' title='bbox 382 3500 430 3543; x_wconf 86' lang='lat' dir='ltr'><strong>et</strong></span> <span class='ocrx_word' id='word_1_446' title='bbox 461 3494 524 3543; x_wconf 90' lang='lat' dir='ltr'><strong>ab</strong></span> <span class='ocrx_word' id='word_1_447' title='bbox 564 3503 751 3543; x_wconf 67' lang='lat' dir='ltr'><strong>esterno</strong></span> <span class='ocrx_word' id='word_1_448' title='bbox 800 3488 959 3559; x_wconf 83' lang='lat' dir='ltr'><strong>usque</strong></span> <span class='ocrx_word' id='word_1_449' title='bbox 996 3490 1063 3541; x_wconf 91' lang='lat' dir='ltr'><strong>ad</strong></span> <span class='ocrx_word' id='word_1_450' title='bbox 1096 3498 1271 3541; x_wconf 86' lang='lat' dir='ltr'><strong>nostra</strong></span> <span class='ocrx_word' id='word_1_451' title='bbox 1310 3488 1669 3555; x_wconf 81' lang='lat' dir='ltr'><strong>temporaipse</strong></span> <span class='ocrx_word' id='word_1_452' title='bbox 1694 3498 1790 3559; x_wconf 84' lang='lat' dir='ltr'><strong>est;</strong></span> <span class='ocrx_word' id='word_1_453' title='bbox 1814 3488 1970 3540; x_wconf 88' lang='lat' dir='ltr'><strong>hodie</strong></span> 
     </span>
    </p>
   </div>
   <div class='ocr_carea' id='block_1_61' title="bbox 382 3558 1971 3629">
    <p class='ocr_par' dir='ltr' id='par_1_61' title="bbox 382 3558 1971 3629">
     <span class='ocr_line' id='line_1_61' title="bbox 382 3558 1971 3629; baseline -0.001 -18"><span class='ocrx_word' id='word_1_454' title='bbox 382 3578 608 3629; x_wconf 86' lang='lat' dir='ltr'><strong>quoque,</strong></span> <span class='ocrx_word' id='word_1_455' title='bbox 634 3564 685 3613; x_wconf 92' lang='lat' dir='ltr'><strong>id</strong></span> <span class='ocrx_word' id='word_1_456' title='bbox 699 3570 795 3621; x_wconf 89' lang='lat' dir='ltr'><strong>est,</strong></span> <span class='ocrx_word' id='word_1_457' title='bbox 814 3558 1064 3629; x_wconf 12' lang='lat' dir='ltr'><strong>inlnostro</strong></span> <span class='ocrx_word' id='word_1_458' title='bbox 1092 3570 1317 3629; x_wconf 87' lang='lat' dir='ltr'><strong>tempore</strong></span> <span class='ocrx_word' id='word_1_459' title='bbox 1338 3562 1432 3610; x_wconf 85' lang='lat' dir='ltr'><strong>crit</strong></span> <span class='ocrx_word' id='word_1_460' title='bbox 1463 3570 1508 3609; x_wconf 89' lang='lat' dir='ltr'><strong>et</strong></span> <span class='ocrx_word' id='word_1_461' title='bbox 1531 3559 1583 3610; x_wconf 87' lang='lat' dir='ltr'><strong>in</strong></span> <span class='ocrx_word' id='word_1_462' title='bbox 1604 3558 1817 3617; x_wconf 70' lang='lat' dir='ltr'><strong>sa&#39;cula,</strong></span> <span class='ocrx_word' id='word_1_463' title='bbox 1848 3559 1971 3625; x_wconf 89' lang='lat' dir='ltr'><strong>quia</strong></span> 
     </span>
    </p>
   </div>
   <div class='ocr_carea' id='block_1_62' title="bbox 386 3627 1967 3697">
    <p class='ocr_par' dir='ltr' id='par_1_62' title="bbox 386 3627 1967 3697">
     <span class='ocr_line' id='line_1_62' title="bbox 386 3627 1967 3697; baseline -0.003 -12"><span class='ocrx_word' id='word_1_464' title='bbox 386 3627 697 3685; x_wconf 76' lang='lat' dir='ltr'><strong>teternaliter</strong></span> <span class='ocrx_word' id='word_1_465' title='bbox 725 3628 964 3682; x_wconf 62' lang='lat' dir='ltr'><strong>manebit.</strong></span> <span class='ocrx_word' id='word_1_466' title='bbox 998 3627 1145 3682; x_wconf 88' lang='lat' dir='ltr'><strong>Unde</strong></span> <span class='ocrx_word' id='word_1_467' title='bbox 1175 3640 1221 3681; x_wconf 90' lang='lat' dir='ltr'><strong>et</strong></span> <span class='ocrx_word' id='word_1_468' title='bbox 1254 3629 1595 3697; x_wconf 79' lang='lat' dir='ltr'><strong>Apocalypsis</strong></span> <span class='ocrx_word' id='word_1_469' title='bbox 1628 3629 1793 3695; x_wconf 90' lang='lat' dir='ltr'><strong>primo</strong></span> <span class='ocrx_word' id='word_1_470' title='bbox 1822 3631 1883 3680; x_wconf 87' lang='lat' dir='ltr'><strong>de</strong></span> <span class='ocrx_word' id='word_1_471' title='bbox 1911 3645 1967 3681; x_wconf 89' lang='lat' dir='ltr'><strong>eo</strong></span> 
     </span>
    </p>
   </div>
   <div class='ocr_carea' id='block_1_63' title="bbox 384 3700 1969 3769">
    <p class='ocr_par' dir='ltr' id='par_1_63' title="bbox 384 3700 1969 3769">
     <span class='ocr_line' id='line_1_63' title="bbox 384 3700 1969 3769; baseline -0.001 -16"><span class='ocrx_word' id='word_1_472' title='bbox 384 3703 609 3753; x_wconf 86' lang='lat' dir='ltr'><strong>dicitur:</strong></span> <span class='ocrx_word' id='word_1_473' title='bbox 645 3704 741 3764; x_wconf 76' lang='lat' dir='ltr'><strong>Qui</strong></span> <span class='ocrx_word' id='word_1_474' title='bbox 782 3711 926 3760; x_wconf 84' lang='lat' dir='ltr'><strong>erat,</strong></span> <span class='ocrx_word' id='word_1_475' title='bbox 956 3710 1002 3752; x_wconf 90' lang='lat' dir='ltr'><strong>et</strong></span> <span class='ocrx_word' id='word_1_476' title='bbox 1031 3700 1118 3769; x_wconf 86' lang='lat' dir='ltr'><strong>qui</strong></span> <span class='ocrx_word' id='word_1_477' title='bbox 1148 3709 1254 3765; x_wconf 84' lang='lat' dir='ltr'><strong>est,</strong></span> <span class='ocrx_word' id='word_1_478' title='bbox 1299 3711 1345 3753; x_wconf 76' lang='lat' dir='ltr'><strong>et</strong></span> <span class='ocrx_word' id='word_1_479' title='bbox 1388 3701 1474 3769; x_wconf 89' lang='lat' dir='ltr'><strong>qui</strong></span> <span class='ocrx_word' id='word_1_480' title='bbox 1501 3710 1738 3751; x_wconf 63' lang='lat' dir='ltr'><strong>venturus</strong></span> <span class='ocrx_word' id='word_1_481' title='bbox 1778 3710 1883 3762; x_wconf 86' lang='lat' dir='ltr'><strong>est,</strong></span> <span class='ocrx_word' id='word_1_482' title='bbox 1916 3700 1969 3752; x_wconf 90' lang='lat' dir='ltr'><strong>id</strong></span> 
     </span>
    </p>
   </div>
   <div class='ocr_carea' id='block_1_64' title="bbox 382 3770 1967 3842">
    <p class='ocr_par' dir='ltr' id='par_1_64' title="bbox 382 3770 1967 3842">
     <span class='ocr_line' id='line_1_64' title="bbox 382 3770 1967 3842; baseline 0 -19"><span class='ocrx_word' id='word_1_483' title='bbox 382 3785 493 3837; x_wconf 88' lang='lat' dir='ltr'><strong>est,</strong></span> <span class='ocrx_word' id='word_1_484' title='bbox 525 3772 609 3840; x_wconf 94' lang='lat' dir='ltr'><strong>qui</strong></span> <span class='ocrx_word' id='word_1_485' title='bbox 643 3771 846 3841; x_wconf 81' lang='lat' dir='ltr'><strong>futurus</strong></span> <span class='ocrx_word' id='word_1_486' title='bbox 869 3781 939 3824; x_wconf 88' lang='lat' dir='ltr'><strong>est</strong></span> <span class='ocrx_word' id='word_1_487' title='bbox 970 3788 1059 3842; x_wconf 84' lang='lat' dir='ltr'><strong>per</strong></span> <span class='ocrx_word' id='word_1_488' title='bbox 1091 3773 1261 3823; x_wconf 89' lang='lat' dir='ltr'><strong>omnia</strong></span> <span class='ocrx_word' id='word_1_489' title='bbox 1290 3770 1498 3825; x_wconf 60' lang='lat' dir='ltr'><strong>scutula.</strong></span> <span class='ocrx_word' id='word_1_490' title='bbox 1545 3770 1633 3824; x_wconf 77' lang='lat' dir='ltr'><strong>Sic</strong></span> <span class='ocrx_word' id='word_1_491' title='bbox 1656 3770 1967 3842; x_wconf 74' lang='grc' dir='ltr'><strong>Αιιεειιιιιιε,</strong></span> 
     </span>
    </p>
   </div>
   <div class='ocr_carea' id='block_1_65' title="bbox 382 3841 1965 3910">
    <p class='ocr_par' dir='ltr' id='par_1_65' title="bbox 382 3841 1965 3910">
     <span class='ocr_line' id='line_1_65' title="bbox 382 3841 1965 3910; baseline -0.002 -14"><span class='ocrx_word' id='word_1_492' title='bbox 382 3843 538 3909; x_wconf 87' lang='lat' dir='ltr'><strong>cujus</strong></span> <span class='ocrx_word' id='word_1_493' title='bbox 570 3841 978 3905; x_wconf 67' lang='lat' dir='ltr'><strong>exutisitionem</strong></span> <span class='ocrx_word' id='word_1_494' title='bbox 1018 3843 1297 3910; x_wconf 79' lang='lat' dir='ltr'><strong>amplexus</strong></span> <span class='ocrx_word' id='word_1_495' title='bbox 1345 3842 1559 3895; x_wconf 77' lang='lat' dir='ltr'><strong>videtur</strong></span> <span class='ocrx_word' id='word_1_496' title='bbox 1603 3842 1664 3894; x_wconf 88' lang='lat' dir='ltr'><strong>D.</strong></span> <span class='ocrx_word' id='word_1_497' title='bbox 1698 3841 1965 3907; x_wconf 74' lang='lat' dir='ltr'><strong>Thomas,</strong></span> 
     </span>
    </p>
   </div>
   <div class='ocr_carea' id='block_1_66' title="bbox 381 3910 1969 3981">
    <p class='ocr_par' dir='ltr' id='par_1_66' title="bbox 381 3910 1969 3981">
     <span class='ocr_line' id='line_1_66' title="bbox 381 3910 1969 3981; baseline -0.001 -16"><span class='ocrx_word' id='word_1_498' title='bbox 381 3929 503 3965; x_wconf 85' lang='lat' dir='ltr'><strong>cum</strong></span> <span class='ocrx_word' id='word_1_499' title='bbox 531 3913 583 3966; x_wconf 85' lang='lat' dir='ltr'><strong>iit</strong></span> <span class='ocrx_word' id='word_1_500' title='bbox 612 3915 1005 3967; x_wconf 85' lang='lat' dir='ltr'><strong>connueutario</strong></span> <span class='ocrx_word' id='word_1_501' title='bbox 1044 3913 1204 3981; x_wconf 85' lang='lat' dir='ltr'><strong>hujus</strong></span> <span class='ocrx_word' id='word_1_502' title='bbox 1230 3915 1331 3968; x_wconf 89' lang='lat' dir='ltr'><strong>loci</strong></span> <span class='ocrx_word' id='word_1_503' title='bbox 1356 3914 1425 3966; x_wconf 86' lang='lat' dir='ltr'><strong>ita</strong></span> <span class='ocrx_word' id='word_1_504' title='bbox 1450 3913 1758 3965; x_wconf 83' lang='lat' dir='ltr'><strong>Concludit:</strong></span> <span class='ocrx_word' id='word_1_505' title='bbox 1787 3910 1851 3964; x_wconf 88' lang='lat' dir='ltr'><strong>In</strong></span> <span class='ocrx_word' id='word_1_506' title='bbox 1874 3914 1969 3964; x_wconf 89' lang='lat' dir='ltr'><strong>hoc</strong></span> 
     </span>
    </p>
   </div>
   <div class='ocr_carea' id='block_1_67' title="bbox 382 3982 1968 4056">
    <p class='ocr_par' dir='ltr' id='par_1_67' title="bbox 382 3982 1968 4056">
     <span class='ocr_line' id='line_1_67' title="bbox 382 3982 1968 4056; baseline -0.001 -20"><span class='ocrx_word' id='word_1_507' title='bbox 382 4001 505 4056; x_wconf 82' lang='lat' dir='ltr'><strong>ergo</strong></span> <span class='ocrx_word' id='word_1_508' title='bbox 523 3988 741 4037; x_wconf 70' lang='lat' dir='ltr'><strong>ostendit</strong></span> <span class='ocrx_word' id='word_1_509' title='bbox 765 3985 1043 4056; x_wconf 69' lang='lat' dir='ltr'><strong>Apostolus</strong></span> <span class='ocrx_word' id='word_1_510' title='bbox 1062 3988 1397 4056; x_wconf 71' lang='lat' dir='ltr'><strong>teteruitatem</strong></span> <span class='ocrx_word' id='word_1_511' title='bbox 1419 3983 1625 4037; x_wconf 87' lang='lat' dir='ltr'><strong>Christi.</strong></span> <span class='ocrx_word' id='word_1_512' title='bbox 1649 3982 1895 4056; x_wconf 71' lang='lat' dir='ltr'><strong>Gagncus</strong></span> <span class='ocrx_word' id='word_1_513' title='bbox 1915 3983 1968 4035; x_wconf 88' lang='lat' dir='ltr'><strong>in</strong></span> 
     </span>
    </p>
   </div>
   <div class='ocr_carea' id='block_1_68' title="bbox 380 4054 1974 4123">
    <p class='ocr_par' dir='ltr' id='par_1_68' title="bbox 380 4054 1974 4123">
     <span class='ocr_line' id='line_1_68' title="bbox 380 4054 1974 4123; baseline -0.001 -16"><span class='ocrx_word' id='word_1_514' title='bbox 380 4054 631 4109; x_wconf 86' lang='lat' dir='ltr'><strong>eumdem</strong></span> <span class='ocrx_word' id='word_1_515' title='bbox 650 4054 826 4111; x_wconf 88' lang='lat' dir='ltr'><strong>locum</strong></span> <span class='ocrx_word' id='word_1_516' title='bbox 846 4072 856 4107; x_wconf 93' lang='lat'>:</span> <span class='ocrx_word' id='word_1_517' title='bbox 878 4054 1031 4109; x_wconf 72' lang='lat' dir='ltr'><strong>Iesus</strong></span> <span class='ocrx_word' id='word_1_518' title='bbox 1050 4056 1284 4108; x_wconf 78' lang='lat' dir='ltr'><strong>Christus</strong></span> <span class='ocrx_word' id='word_1_519' title='bbox 1308 4055 1420 4108; x_wconf 88' lang='lat' dir='ltr'><strong>heri</strong></span> <span class='ocrx_word' id='word_1_520' title='bbox 1448 4065 1495 4107; x_wconf 87' lang='lat' dir='ltr'><strong>et</strong></span> <span class='ocrx_word' id='word_1_521' title='bbox 1521 4056 1688 4111; x_wconf 84' lang='lat' dir='ltr'><strong>hodie.</strong></span> <span class='ocrx_word' id='word_1_522' title='bbox 1709 4055 1843 4105; x_wconf 89' lang='lat' dir='ltr'><strong>idem</strong></span> <span class='ocrx_word' id='word_1_523' title='bbox 1866 4054 1974 4123; x_wconf 87' lang='lat' dir='ltr'><strong>ipse</strong></span> 
     </span>
    </p>
   </div>
   <div class='ocr_carea' id='block_1_69' title="bbox 380 4125 1970 4196">
    <p class='ocr_par' dir='ltr' id='par_1_69' title="bbox 380 4125 1970 4196">
     <span class='ocr_line' id='line_1_69' title="bbox 380 4125 1970 4196; baseline -0.001 -19"><span class='ocrx_word' id='word_1_524' title='bbox 380 4127 693 4196; x_wconf 83' lang='lat' dir='ltr'><strong>permanebit</strong></span> <span class='ocrx_word' id='word_1_525' title='bbox 719 4128 770 4180; x_wconf 88' lang='lat' dir='ltr'><strong>in</strong></span> <span class='ocrx_word' id='word_1_526' title='bbox 792 4128 1019 4196; x_wconf 63' lang='lat' dir='ltr'><strong>sa&#39;cula,</strong></span> <span class='ocrx_word' id='word_1_527' title='bbox 1050 4126 1099 4177; x_wconf 91' lang='lat' dir='ltr'><strong>id</strong></span> <span class='ocrx_word' id='word_1_528' title='bbox 1128 4135 1209 4178; x_wconf 67' lang='lat' dir='ltr'><strong>est</strong></span> <span class='ocrx_word' id='word_1_529' title='bbox 1231 4167 1244 4189; x_wconf 89' lang='lat'><strong>,</strong></span> <span class='ocrx_word' id='word_1_530' title='bbox 1275 4127 1414 4178; x_wconf 88' lang='lat' dir='ltr'><strong>idem</strong></span> <span class='ocrx_word' id='word_1_531' title='bbox 1438 4133 1521 4177; x_wconf 75' lang='lat' dir='ltr'><strong>est</strong></span> <span class='ocrx_word' id='word_1_532' title='bbox 1545 4125 1644 4196; x_wconf 78' lang='lat' dir='ltr'><strong>qui</strong></span> <span class='ocrx_word' id='word_1_533' title='bbox 1667 4126 1734 4173; x_wconf 93' lang='lat' dir='ltr'><strong>ah</strong></span> <span class='ocrx_word' id='word_1_534' title='bbox 1762 4134 1970 4177; x_wconf 82' lang='lat' dir='ltr'><strong>a-terno</strong></span> 
     </span>
    </p>
   </div>
   <div class='ocr_carea' id='block_1_70' title="bbox 380 4192 1970 4263">
    <p class='ocr_par' dir='ltr' id='par_1_70' title="bbox 380 4192 1970 4263">
     <span class='ocr_line' id='line_1_70' title="bbox 380 4192 1970 4263; baseline -0.001 -13"><span class='ocrx_word' id='word_1_535' title='bbox 380 4192 510 4259; x_wconf 65' lang='lat' dir='ltr'><strong>luit,</strong></span> <span class='ocrx_word' id='word_1_536' title='bbox 546 4198 647 4250; x_wconf 91' lang='lat' dir='ltr'><strong>hoc</strong></span> <span class='ocrx_word' id='word_1_537' title='bbox 694 4198 963 4263; x_wconf 78' lang='lat' dir='ltr'><strong>signiﬁcat</strong></span> <span class='ocrx_word' id='word_1_538' title='bbox 1003 4195 1151 4259; x_wconf 85' lang='lat' dir='ltr'><strong>heri;</strong></span> <span class='ocrx_word' id='word_1_539' title='bbox 1192 4197 1285 4263; x_wconf 87' lang='lat' dir='ltr'><strong>qui</strong></span> <span class='ocrx_word' id='word_1_540' title='bbox 1320 4209 1463 4247; x_wconf 88' lang='lat' dir='ltr'><strong>nunc</strong></span> <span class='ocrx_word' id='word_1_541' title='bbox 1492 4206 1595 4260; x_wconf 88' lang='lat' dir='ltr'><strong>est,</strong></span> <span class='ocrx_word' id='word_1_542' title='bbox 1634 4192 1735 4246; x_wconf 84' lang='lat' dir='ltr'><strong>hoc.</strong></span> <span class='ocrx_word' id='word_1_543' title='bbox 1765 4196 1970 4262; x_wconf 82' lang='lat' dir='ltr'><strong>signiti-</strong></span> 
     </span>
    </p>
   </div>
   <div class='ocr_carea' id='block_1_71' title="bbox 382 4264 1968 4334">
    <p class='ocr_par' dir='ltr' id='par_1_71' title="bbox 382 4264 1968 4334">
     <span class='ocr_line' id='line_1_71' title="bbox 382 4264 1968 4334; baseline 0 -15"><span class='ocrx_word' id='word_1_544' title='bbox 382 4278 469 4319; x_wconf 85' lang='lat' dir='ltr'><strong>cat</strong></span> <span class='ocrx_word' id='word_1_545' title='bbox 498 4270 678 4329; x_wconf 85' lang='lat' dir='ltr'><strong>hodie,</strong></span> <span class='ocrx_word' id='word_1_546' title='bbox 709 4278 765 4318; x_wconf 86' lang='lat' dir='ltr'><strong>et</strong></span> <span class='ocrx_word' id='word_1_547' title='bbox 794 4268 880 4333; x_wconf 89' lang='lat' dir='ltr'><strong>qui</strong></span> <span class='ocrx_word' id='word_1_548' title='bbox 917 4267 1254 4334; x_wconf 84' lang='lat' dir='ltr'><strong>permanebit</strong></span> <span class='ocrx_word' id='word_1_549' title='bbox 1284 4266 1337 4319; x_wconf 90' lang='lat' dir='ltr'><strong>in</strong></span> <span class='ocrx_word' id='word_1_550' title='bbox 1370 4276 1655 4319; x_wconf 81' lang='lat' dir='ltr'><strong>:eternum.</strong></span> <span class='ocrx_word' id='word_1_551' title='bbox 1691 4264 1968 4319; x_wconf 82' lang='lat' dir='ltr'><strong>Bellartni-</strong></span> 
     </span>
    </p>
   </div>
   <div class='ocr_carea' id='block_1_72' title="bbox 379 4334 1971 4405">
    <p class='ocr_par' dir='ltr' id='par_1_72' title="bbox 379 4334 1971 4405">
     <span class='ocr_line' id='line_1_72' title="bbox 379 4334 1971 4405; baseline -0.001 -15"><span class='ocrx_word' id='word_1_552' title='bbox 379 4351 483 4390; x_wconf 83' lang='lat' dir='ltr'><strong>nus</strong></span> <span class='ocrx_word' id='word_1_553' title='bbox 516 4339 673 4405; x_wconf 88' lang='lat' dir='ltr'><strong>paulo</strong></span> <span class='ocrx_word' id='word_1_554' title='bbox 725 4338 938 4389; x_wconf 87' lang='lat' dir='ltr'><strong>brevius</strong></span> <span class='ocrx_word' id='word_1_555' title='bbox 973 4336 1123 4402; x_wconf 91' lang='lat' dir='ltr'><strong>(Lib.</strong></span> <span class='ocrx_word' id='word_1_556' title='bbox 1158 4351 1174 4387; x_wconf 92' lang='grc' dir='ltr'><strong>ι</strong></span> <span class='ocrx_word' id='word_1_557' title='bbox 1206 4337 1269 4388; x_wconf 90' lang='lat' dir='ltr'><strong>de</strong></span> <span class='ocrx_word' id='word_1_558' title='bbox 1318 4334 1519 4389; x_wconf 85' lang='lat' dir='ltr'><strong>Christo</strong></span> <span class='ocrx_word' id='word_1_559' title='bbox 1546 4352 1660 4405; x_wconf 88' lang='lat' dir='ltr'><strong>cap.</strong></span> <span class='ocrx_word' id='word_1_560' title='bbox 1690 4335 1789 4402; x_wconf 83' lang='lat'><strong>8):</strong></span> <span class='ocrx_word' id='word_1_561' title='bbox 1820 4334 1971 4390; x_wconf 83' lang='lat' dir='ltr'><strong>Jesus</strong></span> 
     </span>
    </p>
   </div>
   <div class='ocr_carea' id='block_1_73' title="bbox 382 4406 1972 4474">
    <p class='ocr_par' dir='ltr' id='par_1_73' title="bbox 382 4406 1972 4474">
     <span class='ocr_line' id='line_1_73' title="bbox 382 4406 1972 4474; baseline 0.001 -14"><span class='ocrx_word' id='word_1_562' title='bbox 382 4406 619 4461; x_wconf 87' lang='lat' dir='ltr'><strong>Christus</strong></span> <span class='ocrx_word' id='word_1_563' title='bbox 658 4408 797 4472; x_wconf 89' lang='lat' dir='ltr'><strong>heri,</strong></span> <span class='ocrx_word' id='word_1_564' title='bbox 820 4418 867 4462; x_wconf 87' lang='lat' dir='ltr'><strong>et</strong></span> <span class='ocrx_word' id='word_1_565' title='bbox 904 4406 1078 4470; x_wconf 88' lang='lat' dir='ltr'><strong>hodie,</strong></span> <span class='ocrx_word' id='word_1_566' title='bbox 1108 4417 1155 4460; x_wconf 91' lang='lat' dir='ltr'><strong>et</strong></span> <span class='ocrx_word' id='word_1_567' title='bbox 1186 4407 1239 4458; x_wconf 89' lang='lat' dir='ltr'><strong>iu</strong></span> <span class='ocrx_word' id='word_1_568' title='bbox 1267 4407 1484 4461; x_wconf 72' lang='lat' dir='ltr'><strong>sa&#39;cula.</strong></span> <span class='ocrx_word' id='word_1_569' title='bbox 1516 4407 1565 4458; x_wconf 88' lang='lat' dir='ltr'><strong>id</strong></span> <span class='ocrx_word' id='word_1_570' title='bbox 1598 4420 1679 4460; x_wconf 27' lang='lat' dir='ltr'><strong>est</strong></span> <span class='ocrx_word' id='word_1_571' title='bbox 1702 4447 1715 4468; x_wconf 94' lang='lat'><strong>,</strong></span> <span class='ocrx_word' id='word_1_572' title='bbox 1754 4422 1972 4474; x_wconf 81' lang='lat' dir='ltr'><strong>semper</strong></span> 
     </span>
    </p>
   </div>
   <div class='ocr_carea' id='block_1_74' title="bbox 380 4476 1971 4547">
    <p class='ocr_par' dir='ltr' id='par_1_74' title="bbox 380 4476 1971 4547">
     <span class='ocr_line' id='line_1_74' title="bbox 380 4476 1971 4547; baseline 0.001 -17"><span class='ocrx_word' id='word_1_573' title='bbox 380 4476 511 4540; x_wconf 78' lang='lat' dir='ltr'><strong>fuit,</strong></span> <span class='ocrx_word' id='word_1_574' title='bbox 545 4494 761 4547; x_wconf 77' lang='lat' dir='ltr'><strong>Semper</strong></span> <span class='ocrx_word' id='word_1_575' title='bbox 789 4488 901 4543; x_wconf 77' lang='lat' dir='ltr'><strong>est,</strong></span> <span class='ocrx_word' id='word_1_576' title='bbox 945 4489 998 4533; x_wconf 91' lang='lat' dir='ltr'><strong>et</strong></span> <span class='ocrx_word' id='word_1_577' title='bbox 1035 4492 1250 4545; x_wconf 76' lang='lat' dir='ltr'><strong>setnper</strong></span> <span class='ocrx_word' id='word_1_578' title='bbox 1280 4479 1402 4531; x_wconf 85' lang='lat' dir='ltr'><strong>erit.</strong></span> <span class='ocrx_word' id='word_1_579' title='bbox 1450 4477 1650 4530; x_wconf 80' lang='lat' dir='ltr'><strong>Similis</strong></span> <span class='ocrx_word' id='word_1_580' title='bbox 1696 4486 1777 4528; x_wconf 88' lang='lat' dir='ltr'><strong>est</strong></span> <span class='ocrx_word' id='word_1_581' title='bbox 1821 4478 1971 4532; x_wconf 90' lang='lat' dir='ltr'><strong>locns</strong></span> 
     </span>
    </p>
   </div>
   <div class='ocr_carea' id='block_1_75' title="bbox 1994 3172 2041 3237">
    <p class='ocr_par' dir='ltr' id='par_1_75' title="bbox 1994 3172 2041 3237">
     <span class='ocr_line' id='line_1_75' title="bbox 1994 3172 2041 3237; baseline 0 0"><span class='ocrx_word' id='word_1_582' title='bbox 1994 3172 2041 3237; x_wconf 90' lang='lat' dir='ltr'><strong>C</strong></span> 
     </span>
    </p>
   </div>
   <div class='ocr_carea' id='block_1_76' title="bbox 2077 2134 3661 2203">
    <p class='ocr_par' dir='ltr' id='par_1_76' title="bbox 2077 2134 3661 2203">
     <span class='ocr_line' id='line_1_76' title="bbox 2077 2134 3661 2203; baseline 0.001 -11"><span class='ocrx_word' id='word_1_583' title='bbox 2077 2152 2275 2192; x_wconf 89' lang='lat' dir='ltr'><strong>nomen</strong></span> <span class='ocrx_word' id='word_1_584' title='bbox 2305 2136 2433 2200; x_wconf 89' lang='lat' dir='ltr'><strong>Dei,</strong></span> <span class='ocrx_word' id='word_1_585' title='bbox 2460 2135 2614 2203; x_wconf 80' lang='lat' dir='ltr'><strong>juxta</strong></span> <span class='ocrx_word' id='word_1_586' title='bbox 2662 2134 2795 2189; x_wconf 90' lang='lat' dir='ltr'><strong>illud</strong></span> <span class='ocrx_word' id='word_1_587' title='bbox 2826 2135 3105 2198; x_wconf 80' lang='lat' dir='ltr'><strong>Apostoli:</strong></span> <span class='ocrx_word' id='word_1_588' title='bbox 3141 2136 3451 2203; x_wconf 89' lang='lat' dir='ltr'><strong>lmmortali,</strong></span> <span class='ocrx_word' id='word_1_589' title='bbox 3483 2139 3661 2193; x_wconf 87' lang='lat' dir='ltr'><strong>invisi-</strong></span> 
     </span>
    </p>
   </div>
   <div class='ocr_carea' id='block_1_77' title="bbox 2077 2205 3662 2279">
    <p class='ocr_par' dir='ltr' id='par_1_77' title="bbox 2077 2205 3662 2279">
     <span class='ocr_line' id='line_1_77' title="bbox 2077 2205 3662 2279; baseline 0.002 -18"><span class='ocrx_word' id='word_1_590' title='bbox 2077 2210 2187 2273; x_wconf 83' lang='lat' dir='ltr'><strong>bili,</strong></span> <span class='ocrx_word' id='word_1_591' title='bbox 2219 2207 2319 2262; x_wconf 89' lang='lat' dir='ltr'><strong>soli</strong></span> <span class='ocrx_word' id='word_1_592' title='bbox 2352 2206 2461 2259; x_wconf 81' lang='lat' dir='ltr'><strong>Deo</strong></span> <span class='ocrx_word' id='word_1_593' title='bbox 2480 2205 2644 2279; x_wconf 49' lang='lat' dir='ltr'><strong>hortor</strong></span> <span class='ocrx_word' id='word_1_594' title='bbox 2666 2216 2711 2258; x_wconf 89' lang='lat' dir='ltr'><strong>et</strong></span> <span class='ocrx_word' id='word_1_595' title='bbox 2744 2206 2910 2279; x_wconf 81' lang='lat' dir='ltr'><strong>gloria</strong></span> <span class='ocrx_word' id='word_1_596' title='bbox 2932 2208 2972 2277; x_wconf 93' lang='lat' dir='ltr'><strong>(I</strong></span> <span class='ocrx_word' id='word_1_597' title='bbox 3008 2206 3232 2261; x_wconf 86' lang='lat' dir='ltr'><strong>Timoth.</strong></span> <span class='ocrx_word' id='word_1_598' title='bbox 3258 2210 3317 2275; x_wconf 91' lang='lat' dir='ltr'><strong>t).</strong></span> <span class='ocrx_word' id='word_1_599' title='bbox 3344 2212 3411 2264; x_wconf 85' lang='lat' dir='ltr'><strong>At</strong></span> <span class='ocrx_word' id='word_1_600' title='bbox 3442 2225 3662 2279; x_wconf 80' lang='lat' dir='ltr'><strong>reSpon-</strong></span> 
     </span>
    </p>
   </div>
   <div class='ocr_carea' id='block_1_78' title="bbox 2075 2276 3661 2347">
    <p class='ocr_par' dir='ltr' id='par_1_78' title="bbox 2075 2276 3661 2347">
     <span class='ocr_line' id='line_1_78' title="bbox 2075 2276 3661 2347; baseline 0.003 -15"><span class='ocrx_word' id='word_1_601' title='bbox 2075 2282 2271 2333; x_wconf 88' lang='lat' dir='ltr'><strong>derunt</strong></span> <span class='ocrx_word' id='word_1_602' title='bbox 2316 2279 2506 2332; x_wconf 59' lang='lat' dir='ltr'><strong>Patres</strong></span> <span class='ocrx_word' id='word_1_603' title='bbox 2540 2276 2732 2330; x_wconf 81' lang='lat' dir='ltr'><strong>Filium</strong></span> <span class='ocrx_word' id='word_1_604' title='bbox 2778 2277 2912 2339; x_wconf 86' lang='lat' dir='ltr'><strong>dici,</strong></span> <span class='ocrx_word' id='word_1_605' title='bbox 2960 2291 3013 2332; x_wconf 90' lang='lat' dir='ltr'><strong>et</strong></span> <span class='ocrx_word' id='word_1_606' title='bbox 3043 2293 3164 2333; x_wconf 88' lang='lat' dir='ltr'><strong>esse</strong></span> <span class='ocrx_word' id='word_1_607' title='bbox 3214 2276 3661 2347; x_wconf 78' lang='lat' dir='ltr'><strong>perfectissimam</strong></span> 
     </span>
    </p>
   </div>
   <div class='ocr_carea' id='block_1_79' title="bbox 2076 2347 3663 2422">
    <p class='ocr_par' dir='ltr' id='par_1_79' title="bbox 2076 2347 3663 2422">
     <span class='ocr_line' id='line_1_79' title="bbox 2076 2347 3663 2422; baseline 0.003 -18"><span class='ocrx_word' id='word_1_608' title='bbox 2076 2351 2363 2419; x_wconf 79' lang='lat' dir='ltr'><strong>imaginem</strong></span> <span class='ocrx_word' id='word_1_609' title='bbox 2397 2347 2492 2403; x_wconf 89' lang='lat' dir='ltr'><strong>Dei</strong></span> <span class='ocrx_word' id='word_1_610' title='bbox 2523 2349 2845 2422; x_wconf 73' lang='lat' dir='ltr'><strong>invisibilis,</strong></span> <span class='ocrx_word' id='word_1_611' title='bbox 2880 2349 3002 2422; x_wconf 84' lang='lat' dir='ltr'><strong>quia</strong></span> <span class='ocrx_word' id='word_1_612' title='bbox 3033 2350 3195 2403; x_wconf 87' lang='lat' dir='ltr'><strong>etiam</strong></span> <span class='ocrx_word' id='word_1_613' title='bbox 3230 2352 3342 2417; x_wconf 91' lang='lat' dir='ltr'><strong>ipsa</strong></span> <span class='ocrx_word' id='word_1_614' title='bbox 3372 2352 3547 2422; x_wconf 80' lang='lat' dir='ltr'><strong>imago</strong></span> <span class='ocrx_word' id='word_1_615' title='bbox 3577 2363 3663 2409; x_wconf 86' lang='lat' dir='ltr'><strong>est</strong></span> 
     </span>
    </p>
   </div>
   <div class='ocr_carea' id='block_1_80' title="bbox 2076 2418 3665 2487">
    <p class='ocr_par' dir='ltr' id='par_1_80' title="bbox 2076 2418 3665 2487">
     <span class='ocr_line' id='line_1_80' title="bbox 2076 2418 3665 2487; baseline 0.003 -11"><span class='ocrx_word' id='word_1_616' title='bbox 2076 2418 2405 2485; x_wconf 68' lang='lat' dir='ltr'><strong>invisibilis;</strong></span> <span class='ocrx_word' id='word_1_617' title='bbox 2440 2430 2522 2473; x_wconf 90' lang='lat' dir='ltr'><strong>est</strong></span> <span class='ocrx_word' id='word_1_618' title='bbox 2569 2421 2713 2473; x_wconf 89' lang='lat' dir='ltr'><strong>enim</strong></span> <span class='ocrx_word' id='word_1_619' title='bbox 2762 2418 3034 2473; x_wconf 82' lang='lat' dir='ltr'><strong>simillima</strong></span> <span class='ocrx_word' id='word_1_620' title='bbox 3088 2422 3188 2487; x_wconf 86' lang='lat' dir='ltr'><strong>ipsi</strong></span> <span class='ocrx_word' id='word_1_621' title='bbox 3230 2418 3556 2487; x_wconf 65' lang='lat' dir='ltr'><strong>exemplaii,</strong></span> <span class='ocrx_word' id='word_1_622' title='bbox 3607 2434 3665 2480; x_wconf 88' lang='lat' dir='ltr'><strong>et</strong></span> 
     </span>
    </p>
   </div>
   <div class='ocr_carea' id='block_1_81' title="bbox 2079 2490 3663 2560">
    <p class='ocr_par' dir='ltr' id='par_1_81' title="bbox 2079 2490 3663 2560">
     <span class='ocr_line' id='line_1_81' title="bbox 2079 2490 3663 2560; baseline 0.004 -15"><span class='ocrx_word' id='word_1_623' title='bbox 2079 2495 2312 2560; x_wconf 76' lang='lat' dir='ltr'><strong>proinde</strong></span> <span class='ocrx_word' id='word_1_624' title='bbox 2337 2492 2559 2545; x_wconf 82' lang='lat' dir='ltr'><strong>Omnino</strong></span> <span class='ocrx_word' id='word_1_625' title='bbox 2583 2490 2705 2541; x_wconf 77' lang='lat' dir='ltr'><strong>Iulis</strong></span> <span class='ocrx_word' id='word_1_626' title='bbox 2730 2491 2887 2553; x_wconf 89' lang='lat' dir='ltr'><strong>quale</strong></span> <span class='ocrx_word' id='word_1_627' title='bbox 2919 2492 3116 2557; x_wconf 89' lang='lat' dir='ltr'><strong>ipsum.</strong></span> <span class='ocrx_word' id='word_1_628' title='bbox 3138 2491 3294 2546; x_wconf 90' lang='lat' dir='ltr'><strong>Unde</strong></span> <span class='ocrx_word' id='word_1_629' title='bbox 3314 2494 3378 2548; x_wconf 90' lang='lat' dir='ltr'><strong>ad</strong></span> <span class='ocrx_word' id='word_1_630' title='bbox 3406 2493 3663 2551; x_wconf 68' lang='lat' dir='ltr'><strong>llehrteos</strong></span> 
     </span>
    </p>
   </div>
   <div class='ocr_carea' id='block_1_82' title="bbox 2073 2562 3659 2635">
    <p class='ocr_par' dir='ltr' id='par_1_82' title="bbox 2073 2562 3659 2635">
     <span class='ocr_line' id='line_1_82' title="bbox 2073 2562 3659 2635; baseline 0.001 -19"><span class='ocrx_word' id='word_1_631' title='bbox 2073 2578 2089 2616; x_wconf 89' lang='grc' dir='ltr'><strong>ι</strong></span> <span class='ocrx_word' id='word_1_632' title='bbox 2114 2566 2311 2616; x_wconf 88' lang='lat' dir='ltr'><strong>dicitur</strong></span> <span class='ocrx_word' id='word_1_633' title='bbox 2331 2562 2839 2635; x_wconf 29' lang='grc' dir='ltr'><strong>Δενιειιιιοι·’ςιΙοιοὶαξ,</strong></span> <span class='ocrx_word' id='word_1_634' title='bbox 2872 2570 2941 2635; x_wconf 82' lang='lat' dir='ltr'><strong>et_</strong></span> <span class='ocrx_word' id='word_1_635' title='bbox 2963 2563 3131 2632; x_wconf 81' lang='lat' dir='ltr'><strong>ﬁgura</strong></span> <span class='ocrx_word' id='word_1_636' title='bbox 3161 2563 3460 2618; x_wconf 78' lang='lat' dir='ltr'><strong>substantia:</strong></span> <span class='ocrx_word' id='word_1_637' title='bbox 3514 2566 3659 2635; x_wconf 82' lang='lat' dir='ltr'><strong>ejus,</strong></span> 
     </span>
    </p>
   </div>
   <div class='ocr_carea' id='block_1_83' title="bbox 2072 2630 3664 2703">
    <p class='ocr_par' dir='ltr' id='par_1_83' title="bbox 2072 2630 3664 2703">
     <span class='ocr_line' id='line_1_83' title="bbox 2072 2630 3664 2703; baseline 0.003 -16"><span class='ocrx_word' id='word_1_638' title='bbox 2072 2638 2296 2703; x_wconf 82' lang='lat' dir='ltr'><strong>supple,</strong></span> <span class='ocrx_word' id='word_1_639' title='bbox 2330 2632 2541 2696; x_wconf 85' lang='lat' dir='ltr'><strong>Patris;</strong></span> <span class='ocrx_word' id='word_1_640' title='bbox 2575 2630 2625 2684; x_wconf 93' lang='lat' dir='ltr'><strong>id</strong></span> <span class='ocrx_word' id='word_1_641' title='bbox 2656 2644 2768 2696; x_wconf 76' lang='lat' dir='ltr'><strong>est,</strong></span> <span class='ocrx_word' id='word_1_642' title='bbox 2796 2630 3109 2686; x_wconf 72' lang='lat' dir='ltr'><strong>omnimoda</strong></span> <span class='ocrx_word' id='word_1_643' title='bbox 3140 2635 3457 2697; x_wconf 86' lang='lat' dir='ltr'><strong>similitudo,</strong></span> <span class='ocrx_word' id='word_1_644' title='bbox 3491 2630 3549 2689; x_wconf 72' lang='lat' dir='ltr'><strong>ei</strong></span> <span class='ocrx_word' id='word_1_645' title='bbox 3567 2630 3664 2692; x_wconf 47' lang='lat' dir='ltr'><strong>ex;</strong></span> 
     </span>
    </p>
   </div>
   <div class='ocr_carea' id='block_1_84' title="bbox 2072 2704 3654 2775">
    <p class='ocr_par' dir='ltr' id='par_1_84' title="bbox 2072 2704 3654 2775">
     <span class='ocr_line' id='line_1_84' title="bbox 2072 2704 3654 2775; baseline 0.003 -18"><span class='ocrx_word' id='word_1_646' title='bbox 2072 2720 2257 2775; x_wconf 79' lang='lat' dir='ltr'><strong>pressa</strong></span> <span class='ocrx_word' id='word_1_647' title='bbox 2283 2747 2297 2768; x_wconf 89' lang='lat'><strong>,</strong></span> <span class='ocrx_word' id='word_1_648' title='bbox 2345 2720 2514 2772; x_wconf 86' lang='lat' dir='ltr'><strong>caque</strong></span> <span class='ocrx_word' id='word_1_649' title='bbox 2548 2719 2651 2775; x_wconf 85' lang='lat' dir='ltr'><strong>non</strong></span> <span class='ocrx_word' id='word_1_650' title='bbox 2685 2704 3078 2769; x_wconf 87' lang='lat' dir='ltr'><strong>accidentaria,</strong></span> <span class='ocrx_word' id='word_1_651' title='bbox 3125 2704 3221 2758; x_wconf 92' lang='lat' dir='ltr'><strong>sed</strong></span> <span class='ocrx_word' id='word_1_652' title='bbox 3252 2707 3654 2773; x_wconf 86' lang='lat' dir='ltr'><strong>substantialis;</strong></span> 
     </span>
    </p>
   </div>
   <div class='ocr_carea' id='block_1_85' title="bbox 2072 2773 3662 2849">
    <p class='ocr_par' dir='ltr' id='par_1_85' title="bbox 2072 2773 3662 2849">
     <span class='ocr_line' id='line_1_85' title="bbox 2072 2773 3662 2849; baseline 0.003 -19"><span class='ocrx_word' id='word_1_653' title='bbox 2072 2773 2178 2830; x_wconf 84' lang='lat' dir='ltr'><strong>non</strong></span> <span class='ocrx_word' id='word_1_654' title='bbox 2212 2776 2520 2849; x_wconf 87' lang='lat' dir='ltr'><strong>imita_toria,</strong></span> <span class='ocrx_word' id='word_1_655' title='bbox 2554 2773 2649 2826; x_wconf 85' lang='lat' dir='ltr'><strong>sed</strong></span> <span class='ocrx_word' id='word_1_656' title='bbox 2676 2775 2933 2827; x_wconf 87' lang='lat' dir='ltr'><strong>naturalis</strong></span> <span class='ocrx_word' id='word_1_657' title='bbox 2954 2775 3283 2849; x_wconf 32' lang='lat' dir='ltr'><strong>:‘imitatoria</strong></span> <span class='ocrx_word' id='word_1_658' title='bbox 3315 2780 3459 2831; x_wconf 90' lang='lat' dir='ltr'><strong>enim</strong></span> <span class='ocrx_word' id='word_1_659' title='bbox 3486 2779 3662 2849; x_wconf 83' lang='lat' dir='ltr'><strong>imago</strong></span> 
     </span>
    </p>
   </div>
   <div class='ocr_carea' id='block_1_86' title="bbox 2074 2845 3663 2917">
    <p class='ocr_par' dir='ltr' id='par_1_86' title="bbox 2074 2845 3663 2917">
     <span class='ocr_line' id='line_1_86' title="bbox 2074 2845 3663 2917; baseline 0.003 -18"><span class='ocrx_word' id='word_1_660' title='bbox 2074 2864 2179 2899; x_wconf 91' lang='lat' dir='ltr'><strong>non</strong></span> <span class='ocrx_word' id='word_1_661' title='bbox 2214 2858 2297 2900; x_wconf 90' lang='lat' dir='ltr'><strong>est</strong></span> <span class='ocrx_word' id='word_1_662' title='bbox 2324 2846 2565 2915; x_wconf 72' lang='lat' dir='ltr'><strong>ejusdem</strong></span> <span class='ocrx_word' id='word_1_663' title='bbox 2597 2860 2720 2917; x_wconf 90' lang='lat' dir='ltr'><strong>cutn</strong></span> <span class='ocrx_word' id='word_1_664' title='bbox 2772 2845 3071 2917; x_wconf 79' lang='lat' dir='ltr'><strong>exemplari</strong></span> <span class='ocrx_word' id='word_1_665' title='bbox 3100 2862 3196 2899; x_wconf 86' lang='lat' dir='ltr'><strong>suo</strong></span> <span class='ocrx_word' id='word_1_666' title='bbox 3223 2850 3500 2912; x_wconf 65' lang='lat' dir='ltr'><strong>essentne;</strong></span> <span class='ocrx_word' id='word_1_667' title='bbox 3538 2845 3663 2917; x_wconf 75' lang='lat' dir='ltr'><strong>pro-</strong></span> 
     </span>
    </p>
   </div>
   <div class='ocr_carea' id='block_1_87' title="bbox 2071 2916 3663 2989">
    <p class='ocr_par' dir='ltr' id='par_1_87' title="bbox 2071 2916 3663 2989">
     <span class='ocr_line' id='line_1_87' title="bbox 2071 2916 3663 2989; baseline 0.003 -18"><span class='ocrx_word' id='word_1_668' title='bbox 2071 2918 2198 2972; x_wconf 87' lang='lat' dir='ltr'><strong>inde</strong></span> <span class='ocrx_word' id='word_1_669' title='bbox 2225 2918 2297 2969; x_wconf 87' lang='lat' dir='ltr'><strong>sic</strong></span> <span class='ocrx_word' id='word_1_670' title='bbox 2323 2928 2397 2970; x_wconf 89' lang='lat' dir='ltr'><strong>est</strong></span> <span class='ocrx_word' id='word_1_671' title='bbox 2421 2917 2651 2989; x_wconf 72' lang='lat' dir='ltr'><strong>Christus</strong></span> <span class='ocrx_word' id='word_1_672' title='bbox 2674 2916 2972 2989; x_wconf 58' lang='lat' dir='ltr'><strong>intago_Dei</strong></span> <span class='ocrx_word' id='word_1_673' title='bbox 2991 2917 3288 2979; x_wconf 79' lang='lat' dir='ltr'><strong>invisibilis,</strong></span> <span class='ocrx_word' id='word_1_674' title='bbox 3314 2920 3449 2972; x_wconf 88' lang='lat' dir='ltr'><strong>utsit</strong></span> <span class='ocrx_word' id='word_1_675' title='bbox 3476 2928 3523 2971; x_wconf 86' lang='lat' dir='ltr'><strong>et</strong></span> <span class='ocrx_word' id='word_1_676' title='bbox 3542 2916 3663 2989; x_wconf 85' lang='lat' dir='ltr'><strong>ipse</strong></span> 
     </span>
    </p>
   </div>
   <div class='ocr_carea' id='block_1_88' title="bbox 2073 2986 3662 3054">
    <p class='ocr_par' dir='ltr' id='par_1_88' title="bbox 2073 2986 3662 3054">
     <span class='ocr_line' id='line_1_88' title="bbox 2073 2986 3662 3054; baseline 0.001 -12"><span class='ocrx_word' id='word_1_677' title='bbox 2073 2991 2366 3051; x_wconf 82' lang='lat' dir='ltr'><strong>invisibilis,</strong></span> <span class='ocrx_word' id='word_1_678' title='bbox 2388 2990 2518 3041; x_wconf 80' lang='lat' dir='ltr'><strong>sicut</strong></span> <span class='ocrx_word' id='word_1_679' title='bbox 2542 2987 2717 3051; x_wconf 88' lang='lat' dir='ltr'><strong>Pater,</strong></span> <span class='ocrx_word' id='word_1_680' title='bbox 2748 2997 2821 3040; x_wconf 69' lang='lat' dir='ltr'><strong>ait</strong></span> <span class='ocrx_word' id='word_1_681' title='bbox 2843 2987 2899 3039; x_wconf 86' lang='lat' dir='ltr'><strong>S.</strong></span> <span class='ocrx_word' id='word_1_682' title='bbox 2934 2986 3185 3040; x_wconf 88' lang='lat' dir='ltr'><strong>Thomas.</strong></span> <span class='ocrx_word' id='word_1_683' title='bbox 3216 2990 3371 3054; x_wconf 78' lang='lat' dir='ltr'><strong>Quod</strong></span> <span class='ocrx_word' id='word_1_684' title='bbox 3401 2990 3546 3043; x_wconf 90' lang='lat' dir='ltr'><strong>enim</strong></span> <span class='ocrx_word' id='word_1_685' title='bbox 3572 2986 3662 3045; x_wconf 88' lang='lat' dir='ltr'><strong>in-</strong></span> 
     </span>
    </p>
   </div>
   <div class='ocr_carea' id='block_1_89' title="bbox 2073 3056 3658 3130">
    <p class='ocr_par' dir='ltr' id='par_1_89' title="bbox 2073 3056 3658 3130">
     <span class='ocr_line' id='line_1_89' title="bbox 2073 3056 3658 3130; baseline 0.001 -16"><span class='ocrx_word' id='word_1_686' title='bbox 2073 3062 2301 3114; x_wconf 83' lang='lat' dir='ltr'><strong>visibilis</strong></span> <span class='ocrx_word' id='word_1_687' title='bbox 2328 3058 2490 3113; x_wconf 89' lang='lat' dir='ltr'><strong>etiam</strong></span> <span class='ocrx_word' id='word_1_688' title='bbox 2527 3058 2662 3112; x_wconf 83' lang='lat' dir='ltr'><strong>Filio</strong></span> <span class='ocrx_word' id='word_1_689' title='bbox 2697 3057 3001 3130; x_wconf 79' lang='lat' dir='ltr'><strong>perindeac</strong></span> <span class='ocrx_word' id='word_1_690' title='bbox 3032 3056 3175 3112; x_wconf 89' lang='lat' dir='ltr'><strong>Patri</strong></span> <span class='ocrx_word' id='word_1_691' title='bbox 3198 3059 3505 3130; x_wconf 81' lang='lat' dir='ltr'><strong>conveniat,</strong></span> <span class='ocrx_word' id='word_1_692' title='bbox 3532 3065 3658 3130; x_wconf 83' lang='lat' dir='ltr'><strong>quia</strong></span> 
     </span>
    </p>
   </div>
   <div class='ocr_carea' id='block_1_90' title="bbox 2073 3127 3652 3198">
    <p class='ocr_par' dir='ltr' id='par_1_90' title="bbox 2073 3127 3652 3198">
     <span class='ocr_line' id='line_1_90' title="bbox 2073 3127 3652 3198; baseline 0 -13"><span class='ocrx_word' id='word_1_693' title='bbox 2073 3134 2325 3185; x_wconf 88' lang='lat' dir='ltr'><strong>nimirum</strong></span> <span class='ocrx_word' id='word_1_694' title='bbox 2350 3131 2645 3183; x_wconf 88' lang='lat' dir='ltr'><strong>secundum</strong></span> <span class='ocrx_word' id='word_1_695' title='bbox 2668 3144 2817 3182; x_wconf 66' lang='lat' dir='ltr'><strong>suam</strong></span> <span class='ocrx_word' id='word_1_696' title='bbox 2846 3127 3104 3181; x_wconf 76' lang='lat' dir='ltr'><strong>lleitatem</strong></span> <span class='ocrx_word' id='word_1_697' title='bbox 3130 3127 3295 3181; x_wconf 78' lang='lat' dir='ltr'><strong>videri</strong></span> <span class='ocrx_word' id='word_1_698' title='bbox 3322 3144 3424 3183; x_wconf 83' lang='lat' dir='ltr'><strong>noo</strong></span> <span class='ocrx_word' id='word_1_699' title='bbox 3450 3127 3652 3198; x_wconf 76' lang='lat' dir='ltr'><strong>potest,</strong></span> 
     </span>
    </p>
   </div>
   <div class='ocr_carea' id='block_1_91' title="bbox 2072 3201 3655 3270">
    <p class='ocr_par' dir='ltr' id='par_1_91' title="bbox 2072 3201 3655 3270">
     <span class='ocr_line' id='line_1_91' title="bbox 2072 3201 3655 3270; baseline -0.001 -12"><span class='ocrx_word' id='word_1_700' title='bbox 2072 3205 2175 3258; x_wconf 89' lang='lat' dir='ltr'><strong>nisi</strong></span> <span class='ocrx_word' id='word_1_701' title='bbox 2210 3220 2268 3256; x_wconf 84' lang='lat' dir='ltr'><strong>se</strong></span> <span class='ocrx_word' id='word_1_702' title='bbox 2296 3205 2411 3269; x_wconf 89' lang='lat' dir='ltr'><strong>ipse</strong></span> <span class='ocrx_word' id='word_1_703' title='bbox 2433 3201 2766 3259; x_wconf 75' lang='lat' dir='ltr'><strong>manifestet.</strong></span> <span class='ocrx_word' id='word_1_704' title='bbox 2795 3201 2934 3269; x_wconf 85' lang='lat' dir='ltr'><strong>quod</strong></span> <span class='ocrx_word' id='word_1_705' title='bbox 2962 3201 3063 3253; x_wconf 91' lang='lat' dir='ltr'><strong>soli</strong></span> <span class='ocrx_word' id='word_1_706' title='bbox 3097 3201 3207 3253; x_wconf 89' lang='lat' dir='ltr'><strong>Deo</strong></span> <span class='ocrx_word' id='word_1_707' title='bbox 3240 3204 3517 3270; x_wconf 78' lang='lat' dir='ltr'><strong>proprium</strong></span> <span class='ocrx_word' id='word_1_708' title='bbox 3547 3214 3655 3270; x_wconf 90' lang='lat' dir='ltr'><strong>est,</strong></span> 
     </span>
    </p>
   </div>
   <div class='ocr_carea' id='block_1_92' title="bbox 2074 3270 3659 3341">
    <p class='ocr_par' dir='ltr' id='par_1_92' title="bbox 2074 3270 3659 3341">
     <span class='ocr_line' id='line_1_92' title="bbox 2074 3270 3659 3341; baseline 0.001 -15"><span class='ocrx_word' id='word_1_709' title='bbox 2074 3283 2221 3341; x_wconf 87' lang='lat' dir='ltr'><strong>patet</strong></span> <span class='ocrx_word' id='word_1_710' title='bbox 2249 3274 2480 3327; x_wconf 73' lang='lat' dir='ltr'><strong>Matthmi</strong></span> <span class='ocrx_word' id='word_1_711' title='bbox 2505 3272 2810 3335; x_wconf 87' lang='lat' dir='ltr'><strong>undecimo,</strong></span> <span class='ocrx_word' id='word_1_712' title='bbox 2836 3272 2923 3324; x_wconf 92' lang='lat' dir='ltr'><strong>uhi</strong></span> <span class='ocrx_word' id='word_1_713' title='bbox 2951 3270 3181 3324; x_wconf 85' lang='lat' dir='ltr'><strong>dicitur:</strong></span> <span class='ocrx_word' id='word_1_714' title='bbox 3209 3270 3372 3324; x_wconf 80' lang='lat' dir='ltr'><strong>Nemo</strong></span> <span class='ocrx_word' id='word_1_715' title='bbox 3402 3274 3536 3341; x_wconf 68' lang='lat' dir='ltr'><strong>norit</strong></span> <span class='ocrx_word' id='word_1_716' title='bbox 3563 3272 3659 3328; x_wconf 80' lang='lat' dir='ltr'><strong>Fi-</strong></span> 
     </span>
    </p>
   </div>
   <div class='ocr_carea' id='block_1_93' title="bbox 2072 3339 3661 3413">
    <p class='ocr_par' dir='ltr' id='par_1_93' title="bbox 2072 3339 3661 3413">
     <span class='ocr_line' id='line_1_93' title="bbox 2072 3339 3661 3413; baseline 0.001 -14"><span class='ocrx_word' id='word_1_717' title='bbox 2072 3339 2197 3399; x_wconf 85' lang='lat' dir='ltr'><strong>lium</strong></span> <span class='ocrx_word' id='word_1_718' title='bbox 2228 3347 2325 3399; x_wconf 88' lang='lat' dir='ltr'><strong>nisi</strong></span> <span class='ocrx_word' id='word_1_719' title='bbox 2348 3344 2526 3407; x_wconf 74' lang='lat' dir='ltr'><strong>Pater;</strong></span> <span class='ocrx_word' id='word_1_720' title='bbox 2550 3360 2711 3413; x_wconf 91' lang='lat' dir='ltr'><strong>neque</strong></span> <span class='ocrx_word' id='word_1_721' title='bbox 2733 3341 2941 3396; x_wconf 81' lang='lat' dir='ltr'><strong>Patrem</strong></span> <span class='ocrx_word' id='word_1_722' title='bbox 2968 3344 3082 3412; x_wconf 87' lang='lat' dir='ltr'><strong>quis</strong></span> <span class='ocrx_word' id='word_1_723' title='bbox 3103 3345 3261 3403; x_wconf 83' lang='lat' dir='ltr'><strong>norit,</strong></span> <span class='ocrx_word' id='word_1_724' title='bbox 3283 3346 3381 3395; x_wconf 87' lang='lat' dir='ltr'><strong>nisi</strong></span> <span class='ocrx_word' id='word_1_725' title='bbox 3395 3339 3588 3409; x_wconf 78' lang='lat' dir='ltr'><strong>Filius,</strong></span> <span class='ocrx_word' id='word_1_726' title='bbox 3614 3357 3661 3401; x_wconf 86' lang='lat' dir='ltr'><strong>et</strong></span> 
     </span>
    </p>
   </div>
   <div class='ocr_carea' id='block_1_94' title="bbox 2072 3413 3659 3485">
    <p class='ocr_par' dir='ltr' id='par_1_94' title="bbox 2072 3413 3659 3485">
     <span class='ocr_line' id='line_1_94' title="bbox 2072 3413 3659 3485; baseline 0.003 -18"><span class='ocrx_word' id='word_1_727' title='bbox 2072 3418 2151 3467; x_wconf 88' lang='lat' dir='ltr'><strong>cui</strong></span> <span class='ocrx_word' id='word_1_728' title='bbox 2176 3417 2394 3468; x_wconf 73' lang='lat' dir='ltr'><strong>coluerit</strong></span> <span class='ocrx_word' id='word_1_729' title='bbox 2436 3413 2609 3468; x_wconf 82' lang='lat' dir='ltr'><strong>Filius</strong></span> <span class='ocrx_word' id='word_1_730' title='bbox 2636 3416 2879 3467; x_wconf 82' lang='lat' dir='ltr'><strong>revelare.</strong></span> <span class='ocrx_word' id='word_1_731' title='bbox 2908 3415 2971 3467; x_wconf 81' lang='lat' dir='ltr'><strong>Et</strong></span> <span class='ocrx_word' id='word_1_732' title='bbox 3017 3415 3373 3485; x_wconf 82' lang='lat' dir='ltr'><strong>Apocalypsis</strong></span> <span class='ocrx_word' id='word_1_733' title='bbox 3423 3431 3512 3470; x_wconf 76' lang='lat' dir='ltr'><strong>xIx</strong></span> <span class='ocrx_word' id='word_1_734' title='bbox 3545 3434 3555 3467; x_wconf 92' lang='lat'>:</span> <span class='ocrx_word' id='word_1_735' title='bbox 3588 3414 3659 3472; x_wconf 83' lang='lat' dir='ltr'><strong>Et</strong></span> 
     </span>
    </p>
   </div>
   <div class='ocr_carea' id='block_1_95' title="bbox 2073 3486 3659 3555">
    <p class='ocr_par' dir='ltr' id='par_1_95' title="bbox 2073 3486 3659 3555">
     <span class='ocr_line' id='line_1_95' title="bbox 2073 3486 3659 3555; baseline 0.001 -17"><span class='ocrx_word' id='word_1_736' title='bbox 2073 3503 2257 3538; x_wconf 80' lang='lat' dir='ltr'><strong>nomen</strong></span> <span class='ocrx_word' id='word_1_737' title='bbox 2284 3486 2432 3537; x_wconf 88' lang='lat' dir='ltr'><strong>habet</strong></span> <span class='ocrx_word' id='word_1_738' title='bbox 2458 3488 2738 3555; x_wconf 82' lang='lat' dir='ltr'><strong>scriptum,</strong></span> <span class='ocrx_word' id='word_1_739' title='bbox 2766 3487 2901 3555; x_wconf 87' lang='lat' dir='ltr'><strong>quod</strong></span> <span class='ocrx_word' id='word_1_740' title='bbox 2930 3501 3074 3537; x_wconf 89' lang='lat' dir='ltr'><strong>nemo</strong></span> <span class='ocrx_word' id='word_1_741' title='bbox 3107 3487 3278 3550; x_wconf 77' lang='lat' dir='ltr'><strong>novit,</strong></span> <span class='ocrx_word' id='word_1_742' title='bbox 3312 3487 3411 3539; x_wconf 76' lang='lat' dir='ltr'><strong>nisi</strong></span> <span class='ocrx_word' id='word_1_743' title='bbox 3441 3490 3578 3551; x_wconf 79' lang='lat' dir='ltr'><strong>ipse,</strong></span> <span class='ocrx_word' id='word_1_744' title='bbox 3609 3497 3659 3542; x_wconf 86' lang='lat' dir='ltr'><strong>et</strong></span> 
     </span>
    </p>
   </div>
   <div class='ocr_carea' id='block_1_96' title="bbox 2073 3555 3655 3625">
    <p class='ocr_par' dir='ltr' id='par_1_96' title="bbox 2073 3555 3655 3625">
     <span class='ocr_line' id='line_1_96' title="bbox 2073 3555 3655 3625; baseline 0.003 -17"><span class='ocrx_word' id='word_1_745' title='bbox 2073 3573 2258 3609; x_wconf 87' lang='lat' dir='ltr'><strong>nomen</strong></span> <span class='ocrx_word' id='word_1_746' title='bbox 2287 3560 2399 3625; x_wconf 81' lang='lat' dir='ltr'><strong>ejus</strong></span> <span class='ocrx_word' id='word_1_747' title='bbox 2428 3566 2503 3608; x_wconf 85' lang='lat' dir='ltr'><strong>est</strong></span> <span class='ocrx_word' id='word_1_748' title='bbox 2534 3555 2755 3609; x_wconf 87' lang='lat' dir='ltr'><strong>Verbum</strong></span> <span class='ocrx_word' id='word_1_749' title='bbox 2789 3557 2905 3609; x_wconf 83' lang='lat' dir='ltr'><strong>Dei.</strong></span> <span class='ocrx_word' id='word_1_750' title='bbox 2941 3555 3091 3609; x_wconf 88' lang='lat' dir='ltr'><strong>Unde</strong></span> <span class='ocrx_word' id='word_1_751' title='bbox 3117 3556 3391 3622; x_wconf 71' lang='lat' dir='ltr'><strong>colligitur</strong></span> <span class='ocrx_word' id='word_1_752' title='bbox 3418 3557 3655 3612; x_wconf 74' lang='lat' dir='ltr'><strong>Verbum</strong></span> 
     </span>
    </p>
   </div>
   <div class='ocr_carea' id='block_1_97' title="bbox 2074 3626 3659 3696">
    <p class='ocr_par' dir='ltr' id='par_1_97' title="bbox 2074 3626 3659 3696">
     <span class='ocr_line' id='line_1_97' title="bbox 2074 3626 3659 3696; baseline 0.002 -15"><span class='ocrx_word' id='word_1_753' title='bbox 2074 3627 2171 3681; x_wconf 77' lang='lat' dir='ltr'><strong>Dei</strong></span> <span class='ocrx_word' id='word_1_754' title='bbox 2201 3642 2321 3681; x_wconf 87' lang='lat' dir='ltr'><strong>esse</strong></span> <span class='ocrx_word' id='word_1_755' title='bbox 2352 3628 2480 3693; x_wconf 87' lang='lat' dir='ltr'><strong>quid</strong></span> <span class='ocrx_word' id='word_1_756' title='bbox 2532 3626 2825 3688; x_wconf 81' lang='lat' dir='ltr'><strong>invisibile,</strong></span> <span class='ocrx_word' id='word_1_757' title='bbox 2874 3627 3089 3696; x_wconf 84' lang='lat' dir='ltr'><strong>quando</strong></span> <span class='ocrx_word' id='word_1_758' title='bbox 3117 3628 3267 3680; x_wconf 92' lang='lat' dir='ltr'><strong>solus</strong></span> <span class='ocrx_word' id='word_1_759' title='bbox 3295 3628 3421 3693; x_wconf 89' lang='lat' dir='ltr'><strong>ille,</strong></span> <span class='ocrx_word' id='word_1_760' title='bbox 3456 3630 3545 3694; x_wconf 90' lang='lat' dir='ltr'><strong>qui</strong></span> <span class='ocrx_word' id='word_1_761' title='bbox 3574 3640 3659 3683; x_wconf 86' lang='lat' dir='ltr'><strong>est</strong></span> 
     </span>
    </p>
   </div>
   <div class='ocr_carea' id='block_1_98' title="bbox 2077 3698 3659 3766">
    <p class='ocr_par' dir='ltr' id='par_1_98' title="bbox 2077 3698 3659 3766">
     <span class='ocr_line' id='line_1_98' title="bbox 2077 3698 3659 3766; baseline 0.003 -17"><span class='ocrx_word' id='word_1_762' title='bbox 2077 3698 2311 3753; x_wconf 74' lang='lat' dir='ltr'><strong>Verbum</strong></span> <span class='ocrx_word' id='word_1_763' title='bbox 2358 3699 2477 3764; x_wconf 85' lang='grc' dir='ltr'><strong>Ι)εἱ,</strong></span> <span class='ocrx_word' id='word_1_764' title='bbox 2531 3700 2679 3751; x_wconf 90' lang='lat' dir='ltr'><strong>novit</strong></span> <span class='ocrx_word' id='word_1_765' title='bbox 2718 3699 2843 3766; x_wconf 90' lang='lat' dir='ltr'><strong>quid</strong></span> <span class='ocrx_word' id='word_1_766' title='bbox 2877 3700 2978 3751; x_wconf 92' lang='lat' dir='ltr'><strong>hoc</strong></span> <span class='ocrx_word' id='word_1_767' title='bbox 3009 3699 3105 3762; x_wconf 85' lang='lat' dir='ltr'><strong>sit;</strong></span> <span class='ocrx_word' id='word_1_768' title='bbox 3138 3714 3237 3751; x_wconf 88' lang='lat' dir='ltr'><strong>nec</strong></span> <span class='ocrx_word' id='word_1_769' title='bbox 3266 3708 3442 3751; x_wconf 84' lang='lat' dir='ltr'><strong>tamen</strong></span> <span class='ocrx_word' id='word_1_770' title='bbox 3476 3701 3659 3754; x_wconf 77' lang='lat' dir='ltr'><strong>exclu-</strong></span> 
     </span>
    </p>
   </div>
   <div class='ocr_carea' id='block_1_99' title="bbox 2073 3769 3659 3839">
    <p class='ocr_par' dir='ltr' id='par_1_99' title="bbox 2073 3769 3659 3839">
     <span class='ocr_line' id='line_1_99' title="bbox 2073 3769 3659 3839; baseline 0.003 -18"><span class='ocrx_word' id='word_1_771' title='bbox 2073 3770 2273 3824; x_wconf 88' lang='lat' dir='ltr'><strong>dttntur</strong></span> <span class='ocrx_word' id='word_1_772' title='bbox 2305 3769 2466 3825; x_wconf 84' lang='lat' dir='ltr'><strong>Pater</strong></span> <span class='ocrx_word' id='word_1_773' title='bbox 2496 3782 2549 3822; x_wconf 72' lang='grc' dir='ltr'><strong>(ιι</strong></span> <span class='ocrx_word' id='word_1_774' title='bbox 2580 3770 2815 3839; x_wconf 87' lang='lat' dir='ltr'><strong>Spiritus</strong></span> <span class='ocrx_word' id='word_1_775' title='bbox 2860 3779 3107 3831; x_wconf 85' lang='lat' dir='ltr'><strong>sanctus,</strong></span> <span class='ocrx_word' id='word_1_776' title='bbox 3134 3769 3223 3838; x_wconf 90' lang='lat' dir='ltr'><strong>qui</strong></span> <span class='ocrx_word' id='word_1_777' title='bbox 3259 3771 3503 3822; x_wconf 75' lang='lat' dir='ltr'><strong>eamdem</strong></span> <span class='ocrx_word' id='word_1_778' title='bbox 3536 3787 3659 3826; x_wconf 91' lang='lat' dir='ltr'><strong>cum</strong></span> 
     </span>
    </p>
   </div>
   <div class='ocr_carea' id='block_1_100' title="bbox 2076 3840 3655 3909">
    <p class='ocr_par' dir='ltr' id='par_1_100' title="bbox 2076 3840 3655 3909">
     <span class='ocr_line' id='line_1_100' title="bbox 2076 3840 3655 3909; baseline 0.001 -16"><span class='ocrx_word' id='word_1_779' title='bbox 2076 3840 2254 3894; x_wconf 79' lang='lat' dir='ltr'><strong>Verbo</strong></span> <span class='ocrx_word' id='word_1_780' title='bbox 2277 3842 2571 3895; x_wconf 67' lang='lat' dir='ltr'><strong>es~entiam</strong></span> <span class='ocrx_word' id='word_1_781' title='bbox 2599 3840 2955 3909; x_wconf 12' lang='lat' dir='ltr'><strong>etiscientiam</strong></span> <span class='ocrx_word' id='word_1_782' title='bbox 2983 3840 3200 3893; x_wconf 86' lang='lat' dir='ltr'><strong>habent.</strong></span> <span class='ocrx_word' id='word_1_783' title='bbox 3229 3840 3492 3893; x_wconf 82' lang='lat' dir='ltr'><strong>Observat</strong></span> <span class='ocrx_word' id='word_1_784' title='bbox 3522 3860 3655 3909; x_wconf 63' lang='lat' dir='ltr'><strong>prm-</strong></span> 
     </span>
    </p>
   </div>
   <div class='ocr_carea' id='block_1_101' title="bbox 2074 3908 3658 3980">
    <p class='ocr_par' dir='ltr' id='par_1_101' title="bbox 2074 3908 3658 3980">
     <span class='ocr_line' id='line_1_101' title="bbox 2074 3908 3658 3980; baseline 0.002 -15"><span class='ocrx_word' id='word_1_785' title='bbox 2074 3920 2218 3965; x_wconf 81' lang='lat' dir='ltr'><strong>terea</strong></span> <span class='ocrx_word' id='word_1_786' title='bbox 2250 3912 2309 3965; x_wconf 90' lang='lat' dir='ltr'><strong>S.</strong></span> <span class='ocrx_word' id='word_1_787' title='bbox 2339 3912 2575 3963; x_wconf 81' lang='lat' dir='ltr'><strong>Thomas</strong></span> <span class='ocrx_word' id='word_1_788' title='bbox 2617 3908 2706 3977; x_wconf 88' lang='lat' dir='ltr'><strong>(In</strong></span> <span class='ocrx_word' id='word_1_789' title='bbox 2732 3909 3015 3962; x_wconf 87' lang='lat' dir='ltr'><strong>Comment.</strong></span> <span class='ocrx_word' id='word_1_790' title='bbox 3060 3913 3128 3963; x_wconf 87' lang='lat' dir='ltr'><strong>ad</strong></span> <span class='ocrx_word' id='word_1_791' title='bbox 3154 3910 3351 3965; x_wconf 83' lang='lat' dir='ltr'><strong>Coloss.</strong></span> <span class='ocrx_word' id='word_1_792' title='bbox 3385 3914 3427 3980; x_wconf 90' lang='grc' dir='ltr'><strong>ι)</strong></span> <span class='ocrx_word' id='word_1_793' title='bbox 3463 3908 3529 3966; x_wconf 71' lang='grc' dir='ltr'><strong>ιιι</strong></span> <span class='ocrx_word' id='word_1_794' title='bbox 3554 3914 3658 3968; x_wconf 87' lang='lat' dir='ltr'><strong>illis</strong></span> 
     </span>
    </p>
   </div>
   <div class='ocr_carea' id='block_1_102' title="bbox 2073 3980 3657 4051">
    <p class='ocr_par' dir='ltr' id='par_1_102' title="bbox 2073 3980 3657 4051">
     <span class='ocr_line' id='line_1_102' title="bbox 2073 3980 3657 4051; baseline 0.003 -16"><span class='ocrx_word' id='word_1_795' title='bbox 2073 3981 2255 4035; x_wconf 75' lang='lat' dir='ltr'><strong>verbis</strong></span> <span class='ocrx_word' id='word_1_796' title='bbox 2299 3980 2575 4044; x_wconf 84' lang='lat' dir='ltr'><strong>Apostoli,</strong></span> <span class='ocrx_word' id='word_1_797' title='bbox 2602 3996 2718 4049; x_wconf 68' lang='lat' dir='ltr'><strong>quae</strong></span> <span class='ocrx_word' id='word_1_798' title='bbox 2751 3980 2839 4033; x_wconf 91' lang='lat' dir='ltr'><strong>hic</strong></span> <span class='ocrx_word' id='word_1_799' title='bbox 2866 3981 3119 4041; x_wconf 87' lang='lat' dir='ltr'><strong>citantur.</strong></span> <span class='ocrx_word' id='word_1_800' title='bbox 3155 3983 3356 4048; x_wconf 81' lang='lat' dir='ltr'><strong>triplici</strong></span> <span class='ocrx_word' id='word_1_801' title='bbox 3381 3999 3448 4035; x_wconf 78' lang='lat' dir='ltr'><strong>ex</strong></span> <span class='ocrx_word' id='word_1_802' title='bbox 3480 3984 3657 4051; x_wconf 81' lang='lat' dir='ltr'><strong>capite</strong></span> 
     </span>
    </p>
   </div>
   <div class='ocr_carea' id='block_1_103' title="bbox 2077 4053 3656 4121">
    <p class='ocr_par' dir='ltr' id='par_1_103' title="bbox 2077 4053 3656 4121">
     <span class='ocr_line' id='line_1_103' title="bbox 2077 4053 3656 4121; baseline 0.002 -16"><span class='ocrx_word' id='word_1_803' title='bbox 2077 4069 2170 4105; x_wconf 85' lang='lat' dir='ltr'><strong>seu</strong></span> <span class='ocrx_word' id='word_1_804' title='bbox 2201 4054 2395 4118; x_wconf 83' lang='lat' dir='ltr'><strong>triplici</strong></span> <span class='ocrx_word' id='word_1_805' title='bbox 2436 4056 2844 4120; x_wconf 86' lang='lat' dir='ltr'><strong>comparatione</strong></span> <span class='ocrx_word' id='word_1_806' title='bbox 2883 4053 3250 4106; x_wconf 74' lang='lat' dir='ltr'><strong>ciuitmendari</strong></span> <span class='ocrx_word' id='word_1_807' title='bbox 3280 4071 3341 4108; x_wconf 89' lang='lat' dir='ltr'><strong>ac</strong></span> <span class='ocrx_word' id='word_1_808' title='bbox 3372 4055 3656 4121; x_wconf 83' lang='lat' dir='ltr'><strong>pra-dicari</strong></span> 
     </span>
    </p>
   </div>
   <div class='ocr_carea' id='block_1_104' title="bbox 2074 4122 3657 4192">
    <p class='ocr_par' dir='ltr' id='par_1_104' title="bbox 2074 4122 3657 4192">
     <span class='ocr_line' id='line_1_104' title="bbox 2074 4122 3657 4192; baseline 0.001 -15"><span class='ocrx_word' id='word_1_809' title='bbox 2074 4123 2271 4177; x_wconf 87' lang='lat' dir='ltr'><strong>Christi</strong></span> <span class='ocrx_word' id='word_1_810' title='bbox 2317 4122 2633 4189; x_wconf 68' lang='lat' dir='ltr'><strong>dignitatem</strong></span> <span class='ocrx_word' id='word_1_811' title='bbox 2682 4132 2735 4175; x_wconf 88' lang='lat' dir='ltr'><strong>et</strong></span> <span class='ocrx_word' id='word_1_812' title='bbox 2766 4123 3141 4177; x_wconf 79' lang='lat' dir='ltr'><strong>excellentiam</strong></span> <span class='ocrx_word' id='word_1_813' title='bbox 3164 4165 3179 4187; x_wconf 88' lang='lat'><strong>,</strong></span> <span class='ocrx_word' id='word_1_814' title='bbox 3210 4124 3350 4192; x_wconf 78' lang='lat' dir='ltr'><strong>quod</strong></span> <span class='ocrx_word' id='word_1_815' title='bbox 3380 4127 3541 4178; x_wconf 87' lang='lat' dir='ltr'><strong>etiam</strong></span> <span class='ocrx_word' id='word_1_816' title='bbox 3588 4126 3657 4180; x_wconf 86' lang='lat' dir='ltr'><strong>ad</strong></span> 
     </span>
    </p>
   </div>
   <div class='ocr_carea' id='block_1_105' title="bbox 2075 4194 3659 4263">
    <p class='ocr_par' dir='ltr' id='par_1_105' title="bbox 2075 4194 3659 4263">
     <span class='ocr_line' id='line_1_105' title="bbox 2075 4194 3659 4263; baseline 0.001 -14"><span class='ocrx_word' id='word_1_817' title='bbox 2075 4195 2219 4249; x_wconf 86' lang='lat' dir='ltr'><strong>hunc</strong></span> <span class='ocrx_word' id='word_1_818' title='bbox 2248 4196 2419 4247; x_wconf 89' lang='lat' dir='ltr'><strong>locum</strong></span> <span class='ocrx_word' id='word_1_819' title='bbox 2466 4204 2521 4247; x_wconf 90' lang='lat' dir='ltr'><strong>et</strong></span> <span class='ocrx_word' id='word_1_820' title='bbox 2550 4208 2769 4262; x_wconf 87' lang='lat' dir='ltr'><strong>seopnm</strong></span> <span class='ocrx_word' id='word_1_821' title='bbox 2806 4194 3055 4249; x_wconf 85' lang='lat' dir='ltr'><strong>Anetoris</strong></span> <span class='ocrx_word' id='word_1_822' title='bbox 3096 4207 3325 4263; x_wconf 83' lang='lat' dir='ltr'><strong>spectat.</strong></span> <span class='ocrx_word' id='word_1_823' title='bbox 3360 4197 3538 4249; x_wconf 81' lang='lat' dir='ltr'><strong>Primo</strong></span> <span class='ocrx_word' id='word_1_824' title='bbox 3569 4212 3659 4250; x_wconf 83' lang='lat' dir='ltr'><strong>re-</strong></span> 
     </span>
    </p>
   </div>
   <div class='ocr_carea' id='block_1_106' title="bbox 2074 4265 3658 4335">
    <p class='ocr_par' dir='ltr' id='par_1_106' title="bbox 2074 4265 3658 4335">
     <span class='ocr_line' id='line_1_106' title="bbox 2074 4265 3658 4335; baseline 0.001 -16"><span class='ocrx_word' id='word_1_825' title='bbox 2074 4276 2260 4334; x_wconf 77' lang='lat' dir='ltr'><strong>Spectu</strong></span> <span class='ocrx_word' id='word_1_826' title='bbox 2291 4265 2493 4329; x_wconf 76' lang='lat' dir='ltr'><strong>Patris,</strong></span> <span class='ocrx_word' id='word_1_827' title='bbox 2525 4280 2618 4317; x_wconf 84' lang='lat' dir='ltr'><strong>seu</strong></span> <span class='ocrx_word' id='word_1_828' title='bbox 2660 4270 3070 4333; x_wconf 69' lang='lat' dir='ltr'><strong>comparatione</strong></span> <span class='ocrx_word' id='word_1_829' title='bbox 3111 4269 3175 4319; x_wconf 86' lang='lat' dir='ltr'><strong>ad</strong></span> <span class='ocrx_word' id='word_1_830' title='bbox 3222 4265 3467 4331; x_wconf 84' lang='lat' dir='ltr'><strong>Patrem,</strong></span> <span class='ocrx_word' id='word_1_831' title='bbox 3504 4270 3658 4335; x_wconf 84' lang='lat' dir='ltr'><strong>cujus</strong></span> 
     </span>
    </p>
   </div>
   <div class='ocr_carea' id='block_1_107' title="bbox 2074 4336 3655 4405">
    <p class='ocr_par' dir='ltr' id='par_1_107' title="bbox 2074 4336 3655 4405">
     <span class='ocr_line' id='line_1_107' title="bbox 2074 4336 3655 4405; baseline 0 -14"><span class='ocrx_word' id='word_1_832' title='bbox 2074 4348 2159 4392; x_wconf 87' lang='lat' dir='ltr'><strong>est</strong></span> <span class='ocrx_word' id='word_1_833' title='bbox 2186 4340 2360 4400; x_wconf 77' lang='lat' dir='ltr'><strong>imago</strong></span> <span class='ocrx_word' id='word_1_834' title='bbox 2388 4336 2799 4403; x_wconf 62' lang='lat' dir='ltr'><strong>perfectissima,</strong></span> <span class='ocrx_word' id='word_1_835' title='bbox 2833 4336 3022 4405; x_wconf 87' lang='lat' dir='ltr'><strong>sicque</strong></span> <span class='ocrx_word' id='word_1_836' title='bbox 3052 4336 3117 4389; x_wconf 88' lang='lat' dir='ltr'><strong>ad</strong></span> <span class='ocrx_word' id='word_1_837' title='bbox 3152 4340 3332 4390; x_wconf 90' lang='lat' dir='ltr'><strong>vivum</strong></span> <span class='ocrx_word' id='word_1_838' title='bbox 3364 4353 3655 4405; x_wconf 80' lang='lat' dir='ltr'><strong>expressa,</strong></span> 
     </span>
    </p>
   </div>
   <div class='ocr_carea' id='block_1_108' title="bbox 2075 4407 3658 4475">
    <p class='ocr_par' dir='ltr' id='par_1_108' title="bbox 2075 4407 3658 4475">
     <span class='ocr_line' id='line_1_108' title="bbox 2075 4407 3658 4475; baseline 0 -14"><span class='ocrx_word' id='word_1_839' title='bbox 2075 4416 2133 4461; x_wconf 91' lang='lat' dir='ltr'><strong>ut</strong></span> <span class='ocrx_word' id='word_1_840' title='bbox 2160 4408 2402 4459; x_wconf 89' lang='lat' dir='ltr'><strong>eamdem</strong></span> <span class='ocrx_word' id='word_1_841' title='bbox 2454 4422 2677 4460; x_wconf 89' lang='lat' dir='ltr'><strong>numero</strong></span> <span class='ocrx_word' id='word_1_842' title='bbox 2708 4417 2763 4461; x_wconf 88' lang='lat' dir='ltr'><strong>et</strong></span> <span class='ocrx_word' id='word_1_843' title='bbox 2793 4415 2953 4459; x_wconf 88' lang='lat' dir='ltr'><strong>totam</strong></span> <span class='ocrx_word' id='word_1_844' title='bbox 3002 4407 3118 4474; x_wconf 88' lang='lat' dir='ltr'><strong>ejus</strong></span> <span class='ocrx_word' id='word_1_845' title='bbox 3150 4410 3540 4475; x_wconf 78' lang='lat' dir='ltr'><strong>t&#39;Otttpleclalttr</strong></span> <span class='ocrx_word' id='word_1_846' title='bbox 3569 4423 3658 4461; x_wconf 86' lang='lat' dir='ltr'><strong>es-</strong></span> 
     </span>
    </p>
   </div>
   <div class='ocr_carea' id='block_1_109' title="bbox 2075 4478 3653 4538">
    <p class='ocr_par' dir='ltr' id='par_1_109' title="bbox 2075 4478 3653 4538">
     <span class='ocr_line' id='line_1_109' title="bbox 2075 4478 3653 4538; baseline -0.001 -6"><span class='ocrx_word' id='word_1_847' title='bbox 2075 4481 2305 4532; x_wconf 87' lang='lat' dir='ltr'><strong>sentiam</strong></span> <span class='ocrx_word' id='word_1_848' title='bbox 2340 4490 2393 4531; x_wconf 89' lang='lat' dir='ltr'><strong>et</strong></span> <span class='ocrx_word' id='word_1_849' title='bbox 2424 4488 2691 4530; x_wconf 82' lang='lat' dir='ltr'><strong>naturam.</strong></span> <span class='ocrx_word' id='word_1_850' title='bbox 2724 4478 2973 4530; x_wconf 73' lang='lat' dir='ltr'><strong>Secundo</strong></span> <span class='ocrx_word' id='word_1_851' title='bbox 3006 4490 3254 4538; x_wconf 71' lang='lat' dir='ltr'><strong>restiectu</strong></span> <span class='ocrx_word' id='word_1_852' title='bbox 3284 4490 3653 4532; x_wconf 85' lang='lat' dir='ltr'><strong>creaturarum</strong></span> 
     </span>
    </p>
   </div>
   <div class='ocr_carea' id='block_1_110' title="bbox 379 4546 3649 4619">
    <p class='ocr_par' dir='ltr' id='par_1_110' title="bbox 379 4546 3649 4619">
     <span class='ocr_line' id='line_1_110' title="bbox 379 4546 3649 4619; baseline -0.001 -18"><span class='ocrx_word' id='word_1_853' title='bbox 379 4549 548 4603; x_wconf 81' lang='lat' dir='ltr'><strong>Ilebr.</strong></span> <span class='ocrx_word' id='word_1_854' title='bbox 582 4546 689 4605; x_wconf 72' lang='lat' dir='ltr'><strong>\‘tt:</strong></span> <span class='ocrx_word' id='word_1_855' title='bbox 741 4546 921 4619; x_wconf 82' lang='lat' dir='ltr'><strong>Neque</strong></span> <span class='ocrx_word' id='word_1_856' title='bbox 964 4550 1169 4619; x_wconf 80' lang='lat' dir='ltr'><strong>initium</strong></span> <span class='ocrx_word' id='word_1_857' title='bbox 1208 4548 1438 4608; x_wconf 83' lang='lat' dir='ltr'><strong>dierum,</strong></span> <span class='ocrx_word' id='word_1_858' title='bbox 1474 4565 1633 4618; x_wconf 88' lang='lat' dir='ltr'><strong>neque</strong></span> <span class='ocrx_word' id='word_1_859' title='bbox 1658 4549 1811 4616; x_wconf 82' lang='lat' dir='ltr'><strong>ﬁnem</strong></span> <span class='ocrx_word' id='word_1_860' title='bbox 1857 4550 1974 4603; x_wconf 70' lang='lat' dir='ltr'><strong>vitm</strong></span> <span class='ocrx_word' id='word_1_861' title='bbox 1997 4554 2050 4614; x_wconf 86' lang='lat' dir='ltr'><strong>D</strong></span> <span class='ocrx_word' id='word_1_862' title='bbox 2078 4549 2131 4603; x_wconf 87' lang='lat' dir='ltr'><strong>in</strong></span> <span class='ocrx_word' id='word_1_863' title='bbox 2155 4564 2383 4618; x_wconf 57' lang='lat' dir='ltr'><strong>genere,</strong></span> <span class='ocrx_word' id='word_1_864' title='bbox 2402 4563 2523 4601; x_wconf 89' lang='lat' dir='ltr'><strong>cum</strong></span> <span class='ocrx_word' id='word_1_865' title='bbox 2548 4549 2763 4613; x_wconf 91' lang='lat' dir='ltr'><strong>dicitur,</strong></span> <span class='ocrx_word' id='word_1_866' title='bbox 2792 4546 3172 4616; x_wconf 86' lang='lat' dir='ltr'><strong>Primogenitus</strong></span> <span class='ocrx_word' id='word_1_867' title='bbox 3196 4552 3357 4619; x_wconf 88' lang='lat' dir='ltr'><strong>oumis</strong></span> <span class='ocrx_word' id='word_1_868' title='bbox 3381 4558 3649 4614; x_wconf 67' lang='lat' dir='ltr'><strong>creaturae,</strong></span> 
     </span>
    </p>
   </div>
   <div class='ocr_carea' id='block_1_111' title="bbox 381 4618 1972 4685">
    <p class='ocr_par' dir='ltr' id='par_1_111' title="bbox 381 4618 1972 4685">
     <span class='ocr_line' id='line_1_111' title="bbox 381 4618 1972 4685; baseline 0.001 -16"><span class='ocrx_word' id='word_1_869' title='bbox 381 4621 594 4674; x_wconf 84' lang='lat' dir='ltr'><strong>habens.</strong></span> <span class='ocrx_word' id='word_1_870' title='bbox 641 4622 707 4676; x_wconf 83' lang='lat' dir='ltr'><strong>Et</strong></span> <span class='ocrx_word' id='word_1_871' title='bbox 734 4618 952 4676; x_wconf 68' lang='lat' dir='ltr'><strong>Joannis</strong></span> <span class='ocrx_word' id='word_1_872' title='bbox 996 4637 1028 4673; x_wconf 89' lang='lat' dir='ltr'><strong>v</strong></span> <span class='ocrx_word' id='word_1_873' title='bbox 1069 4638 1079 4672; x_wconf 92' lang='lat'><strong>:</strong></span> <span class='ocrx_word' id='word_1_874' title='bbox 1114 4618 1216 4673; x_wconf 81' lang='lat' dir='ltr'><strong>llic</strong></span> <span class='ocrx_word' id='word_1_875' title='bbox 1260 4630 1332 4672; x_wconf 80' lang='lat' dir='ltr'><strong>est</strong></span> <span class='ocrx_word' id='word_1_876' title='bbox 1371 4634 1515 4673; x_wconf 81' lang='lat' dir='ltr'><strong>uerus</strong></span> <span class='ocrx_word' id='word_1_877' title='bbox 1568 4620 1736 4685; x_wconf 78' lang='lat' dir='ltr'><strong>Ueus,</strong></span> <span class='ocrx_word' id='word_1_878' title='bbox 1770 4628 1815 4672; x_wconf 91' lang='lat' dir='ltr'><strong>et</strong></span> <span class='ocrx_word' id='word_1_879' title='bbox 1870 4622 1972 4674; x_wconf 74' lang='lat' dir='ltr'><strong>rita</strong></span> 
     </span>
    </p>
   </div>
   <div class='ocr_carea' id='block_1_112' title="bbox 378 4692 1970 4758">
    <p class='ocr_par' dir='ltr' id='par_1_112' title="bbox 378 4692 1970 4758">
     <span class='ocr_line' id='line_1_112' title="bbox 378 4692 1970 4758; baseline 0.001 -15"><span class='ocrx_word' id='word_1_880' title='bbox 378 4701 593 4747; x_wconf 69' lang='lat' dir='ltr'><strong>(eterna.</strong></span> <span class='ocrx_word' id='word_1_881' title='bbox 620 4693 749 4747; x_wconf 84' lang='lat' dir='ltr'><strong>Nam</strong></span> <span class='ocrx_word' id='word_1_882' title='bbox 779 4694 822 4747; x_wconf 88' lang='lat' dir='ltr'><strong>si</strong></span> <span class='ocrx_word' id='word_1_883' title='bbox 856 4693 1101 4746; x_wconf 88' lang='lat' dir='ltr'><strong>Christus</strong></span> <span class='ocrx_word' id='word_1_884' title='bbox 1126 4692 1230 4745; x_wconf 76' lang='lat' dir='ltr'><strong>vita</strong></span> <span class='ocrx_word' id='word_1_885' title='bbox 1275 4704 1475 4745; x_wconf 66' lang='lat' dir='ltr'><strong>aeterna</strong></span> <span class='ocrx_word' id='word_1_886' title='bbox 1512 4703 1590 4744; x_wconf 67' lang='lat' dir='ltr'><strong>est</strong></span> <span class='ocrx_word' id='word_1_887' title='bbox 1611 4736 1623 4756; x_wconf 87' lang='lat'><strong>,</strong></span> <span class='ocrx_word' id='word_1_888' title='bbox 1652 4707 1756 4744; x_wconf 90' lang='grc' dir='ltr'><strong>ιιυιι</strong></span> <span class='ocrx_word' id='word_1_889' title='bbox 1789 4701 1970 4758; x_wconf 89' lang='lat' dir='ltr'><strong>potest</strong></span> 
     </span>
    </p>
   </div>
   <div class='ocr_carea' id='block_1_113' title="bbox 384 4763 1970 4831">
    <p class='ocr_par' dir='ltr' id='par_1_113' title="bbox 384 4763 1970 4831">
     <span class='ocr_line' id='line_1_113' title="bbox 384 4763 1970 4831; baseline 0.003 -18"><span class='ocrx_word' id='word_1_890' title='bbox 384 4778 489 4815; x_wconf 89' lang='lat' dir='ltr'><strong>non</strong></span> <span class='ocrx_word' id='word_1_891' title='bbox 517 4764 680 4817; x_wconf 62' lang='lat' dir='ltr'><strong>fuisse</strong></span> <span class='ocrx_word' id='word_1_892' title='bbox 704 4772 863 4829; x_wconf 80' lang='lat' dir='ltr'><strong>atque</strong></span> <span class='ocrx_word' id='word_1_893' title='bbox 890 4781 1009 4817; x_wconf 79' lang='lat' dir='ltr'><strong>esse</strong></span> <span class='ocrx_word' id='word_1_894' title='bbox 1034 4767 1194 4815; x_wconf 75' lang='lat' dir='ltr'><strong>etiam</strong></span> <span class='ocrx_word' id='word_1_895' title='bbox 1221 4764 1335 4826; x_wconf 64' lang='lat' dir='ltr'><strong>ipse</strong></span> <span class='ocrx_word' id='word_1_896' title='bbox 1364 4772 1623 4828; x_wconf 81' lang='lat' dir='ltr'><strong>a-ternus,</strong></span> <span class='ocrx_word' id='word_1_897' title='bbox 1655 4780 1715 4815; x_wconf 88' lang='lat' dir='ltr'><strong>ac</strong></span> <span class='ocrx_word' id='word_1_898' title='bbox 1743 4763 1970 4831; x_wconf 86' lang='lat' dir='ltr'><strong>proinde</strong></span> 
     </span>
    </p>
   </div>
   <div class='ocr_carea' id='block_1_114' title="bbox 382 4834 1441 4903">
    <p class='ocr_par' dir='ltr' id='par_1_114' title="bbox 382 4834 1441 4903">
     <span class='ocr_line' id='line_1_114' title="bbox 382 4834 1441 4903; baseline 0 -17"><span class='ocrx_word' id='word_1_899' title='bbox 382 4847 544 4903; x_wconf 69' lang='lat' dir='ltr'><strong>verus</strong></span> <span class='ocrx_word' id='word_1_900' title='bbox 570 4834 711 4887; x_wconf 80' lang='lat' dir='ltr'><strong>Deus</strong></span> <span class='ocrx_word' id='word_1_901' title='bbox 732 4878 745 4899; x_wconf 94' lang='lat'><strong>,</strong></span> <span class='ocrx_word' id='word_1_902' title='bbox 776 4836 918 4903; x_wconf 87' lang='lat' dir='ltr'><strong>qttod</strong></span> <span class='ocrx_word' id='word_1_903' title='bbox 956 4835 1183 4887; x_wconf 79' lang='lat' dir='ltr'><strong>llllelltlll</strong></span> <span class='ocrx_word' id='word_1_904' title='bbox 1216 4835 1441 4886; x_wconf 75' lang='lat' dir='ltr'><strong>Auctor.</strong></span> 
     </span>
    </p>
   </div>
   <div class='ocr_carea' id='block_1_115' title="bbox 454 4902 1966 4972">
    <p class='ocr_par' dir='ltr' id='par_1_115' title="bbox 454 4902 1966 4972">
     <span class='ocr_line' id='line_1_115' title="bbox 454 4902 1966 4972; baseline 0.003 -18"><span class='ocrx_word' id='word_1_905' title='bbox 454 4902 482 4939; x_wconf 70' lang='grc' dir='ltr'><strong>ι’</strong></span> <span class='ocrx_word' id='word_1_906' title='bbox 516 4902 739 4970; x_wconf 84' lang='lat' dir='ltr'><strong>Propter</strong></span> <span class='ocrx_word' id='word_1_907' title='bbox 766 4905 1111 4957; x_wconf 89' lang='lat' dir='ltr'><strong>omnimodam</strong></span> <span class='ocrx_word' id='word_1_908' title='bbox 1142 4944 1155 4963; x_wconf 82' lang='grc'><strong>,</strong></span> <span class='ocrx_word' id='word_1_909' title='bbox 1189 4904 1259 4955; x_wconf 82' lang='lat' dir='ltr'><strong>ait</strong></span> <span class='ocrx_word' id='word_1_910' title='bbox 1298 4904 1719 4972; x_wconf 81' lang='lat' dir='ltr'><strong>Chrysoslomus</strong></span> <span class='ocrx_word' id='word_1_911' title='bbox 1741 4945 1753 4963; x_wconf 82' lang='lat'><strong>,</strong></span> <span class='ocrx_word' id='word_1_912' title='bbox 1783 4904 1966 4957; x_wconf 84' lang='lat' dir='ltr'><strong>simili-</strong></span> 
     </span>
    </p>
   </div>
   <div class='ocr_carea' id='block_1_116' title="bbox 382 4972 1967 5042">
    <p class='ocr_par' dir='ltr' id='par_1_116' title="bbox 382 4972 1967 5042">
     <span class='ocr_line' id='line_1_116' title="bbox 382 4972 1967 5042; baseline 0.001 -19"><span class='ocrx_word' id='word_1_913' title='bbox 382 4972 615 5025; x_wconf 72' lang='lat' dir='ltr'><strong>tudinem</strong></span> <span class='ocrx_word' id='word_1_914' title='bbox 638 4985 684 5025; x_wconf 89' lang='lat' dir='ltr'><strong>et</strong></span> <span class='ocrx_word' id='word_1_915' title='bbox 706 4977 1069 5038; x_wconf 67' lang='lat' dir='ltr'><strong>mqualitatem,</strong></span> <span class='ocrx_word' id='word_1_916' title='bbox 1098 4972 1295 5025; x_wconf 77' lang='lat' dir='ltr'><strong>Filium</strong></span> <span class='ocrx_word' id='word_1_917' title='bbox 1317 4984 1458 5024; x_wconf 83' lang='lat' dir='ltr'><strong>vocat</strong></span> <span class='ocrx_word' id='word_1_918' title='bbox 1484 4976 1779 5042; x_wconf 81' lang='lat' dir='ltr'><strong>imaginem.</strong></span> <span class='ocrx_word' id='word_1_919' title='bbox 1810 4976 1967 5026; x_wconf 85' lang='lat' dir='ltr'><strong>Chri-</strong></span> 
     </span>
    </p>
   </div>
   <div class='ocr_carea' id='block_1_117' title="bbox 380 5044 1963 5112">
    <p class='ocr_par' dir='ltr' id='par_1_117' title="bbox 380 5044 1963 5112">
     <span class='ocr_line' id='line_1_117' title="bbox 380 5044 1963 5112; baseline 0.003 -18"><span class='ocrx_word' id='word_1_920' title='bbox 380 5055 498 5095; x_wconf 90' lang='lat' dir='ltr'><strong>stus</strong></span> <span class='ocrx_word' id='word_1_921' title='bbox 531 5045 672 5095; x_wconf 83' lang='grc' dir='ltr'><strong>‹·ιιίιιι</strong></span> <span class='ocrx_word' id='word_1_922' title='bbox 711 5052 768 5095; x_wconf 89' lang='grc' dir='ltr'><strong>ιιι</strong></span> <span class='ocrx_word' id='word_1_923' title='bbox 809 5045 897 5096; x_wconf 83' lang='lat' dir='ltr'><strong>Dei</strong></span> <span class='ocrx_word' id='word_1_924' title='bbox 930 5044 1128 5106; x_wconf 81' lang='lat' dir='ltr'><strong>Filius,</strong></span> <span class='ocrx_word' id='word_1_925' title='bbox 1160 5045 1357 5096; x_wconf 87' lang='lat' dir='ltr'><strong>dicitur</strong></span> <span class='ocrx_word' id='word_1_926' title='bbox 1398 5046 1571 5108; x_wconf 72' lang='lat' dir='ltr'><strong>imago</strong></span> <span class='ocrx_word' id='word_1_927' title='bbox 1609 5045 1809 5104; x_wconf 75' lang='lat' dir='ltr'><strong>I&#39;atris,</strong></span> <span class='ocrx_word' id='word_1_928' title='bbox 1841 5047 1963 5112; x_wconf 88' lang='lat' dir='ltr'><strong>quia</strong></span> 
     </span>
    </p>
   </div>
   <div class='ocr_carea' id='block_1_118' title="bbox 384 5113 1971 5181">
    <p class='ocr_par' dir='ltr' id='par_1_118' title="bbox 384 5113 1971 5181">
     <span class='ocr_line' id='line_1_118' title="bbox 384 5113 1971 5181; baseline -0.001 -12"><span class='ocrx_word' id='word_1_929' title='bbox 384 5113 532 5169; x_wconf 86' lang='lat' dir='ltr'><strong>Patri</strong></span> <span class='ocrx_word' id='word_1_930' title='bbox 568 5131 661 5181; x_wconf 84' lang='lat' dir='ltr'><strong>per</strong></span> <span class='ocrx_word' id='word_1_931' title='bbox 706 5115 886 5167; x_wconf 85' lang='lat' dir='ltr'><strong>Omnia</strong></span> <span class='ocrx_word' id='word_1_932' title='bbox 918 5114 1141 5173; x_wconf 39' lang='lat' dir='ltr'><strong>similis,</strong></span> <span class='ocrx_word' id='word_1_933' title='bbox 1191 5114 1402 5167; x_wconf 82' lang='lat' dir='ltr'><strong>Patrem</strong></span> <span class='ocrx_word' id='word_1_934' title='bbox 1447 5114 1834 5176; x_wconf 70' lang='lat' dir='ltr'><strong>perlectis-inte</strong></span> <span class='ocrx_word' id='word_1_935' title='bbox 1887 5130 1971 5168; x_wconf 82' lang='lat' dir='ltr'><strong>re-</strong></span> 
     </span>
    </p>
   </div>
   <div class='ocr_carea' id='block_1_119' title="bbox 385 5182 1969 5255">
    <p class='ocr_par' dir='ltr' id='par_1_119' title="bbox 385 5182 1969 5255">
     <span class='ocr_line' id='line_1_119' title="bbox 385 5182 1969 5255; baseline 0.001 -18"><span class='ocrx_word' id='word_1_936' title='bbox 385 5198 721 5251; x_wconf 64' lang='lat' dir='ltr'><strong>pra&#39;sentaus</strong></span> <span class='ocrx_word' id='word_1_937' title='bbox 751 5184 911 5255; x_wconf 83' lang='lat' dir='ltr'><strong>(Vide</strong></span> <span class='ocrx_word' id='word_1_938' title='bbox 945 5185 1003 5236; x_wconf 85' lang='lat' dir='ltr'><strong>S.</strong></span> <span class='ocrx_word' id='word_1_939' title='bbox 1026 5183 1209 5236; x_wconf 74' lang='lat' dir='ltr'><strong>Titani.</strong></span> <span class='ocrx_word' id='word_1_940' title='bbox 1237 5202 1248 5237; x_wconf 97' lang='grc' dir='ltr'><strong>ι</strong></span> <span class='ocrx_word' id='word_1_941' title='bbox 1278 5202 1350 5249; x_wconf 89' lang='lat' dir='ltr'><strong>p.,</strong></span> <span class='ocrx_word' id='word_1_942' title='bbox 1376 5201 1424 5255; x_wconf 90' lang='lat' dir='ltr'><strong>q.</strong></span> <span class='ocrx_word' id='word_1_943' title='bbox 1461 5182 1548 5248; x_wconf 81' lang='grc'><strong>57,</strong></span> <span class='ocrx_word' id='word_1_944' title='bbox 1570 5196 1673 5255; x_wconf 50' lang='grc' dir='ltr'><strong>ανιἒ</strong></span> <span class='ocrx_word' id='word_1_945' title='bbox 1699 5183 1797 5246; x_wconf 70' lang='grc'><strong>2),</strong></span> <span class='ocrx_word' id='word_1_946' title='bbox 1828 5186 1969 5239; x_wconf 85' lang='lat' dir='ltr'><strong>sicut</strong></span> 
     </span>
    </p>
   </div>
   <div class='ocr_carea' id='block_1_120' title="bbox 380 5253 1961 5325">
    <p class='ocr_par' dir='ltr' id='par_1_120' title="bbox 380 5253 1961 5325">
     <span class='ocr_line' id='line_1_120' title="bbox 380 5253 1961 5325; baseline 0.001 -17"><span class='ocrx_word' id='word_1_947' title='bbox 380 5257 497 5322; x_wconf 66' lang='lat' dir='ltr'><strong>ipse</strong></span> <span class='ocrx_word' id='word_1_948' title='bbox 532 5260 661 5311; x_wconf 75' lang='lat' dir='ltr'><strong>dicit</strong></span> <span class='ocrx_word' id='word_1_949' title='bbox 688 5276 699 5309; x_wconf 91' lang='lat'><strong>:</strong></span> <span class='ocrx_word' id='word_1_950' title='bbox 736 5253 836 5319; x_wconf 75' lang='lat' dir='ltr'><strong>Qui</strong></span> <span class='ocrx_word' id='word_1_951' title='bbox 864 5257 991 5306; x_wconf 85' lang='lat' dir='ltr'><strong>videt</strong></span> <span class='ocrx_word' id='word_1_952' title='bbox 1022 5271 1118 5316; x_wconf 82' lang='lat' dir='ltr'><strong>me,</strong></span> <span class='ocrx_word' id='word_1_953' title='bbox 1147 5256 1281 5307; x_wconf 73' lang='lat' dir='ltr'><strong>videt</strong></span> <span class='ocrx_word' id='word_1_954' title='bbox 1311 5266 1356 5307; x_wconf 88' lang='lat' dir='ltr'><strong>et</strong></span> <span class='ocrx_word' id='word_1_955' title='bbox 1388 5254 1593 5307; x_wconf 80' lang='lat' dir='ltr'><strong>Patrem</strong></span> <span class='ocrx_word' id='word_1_956' title='bbox 1620 5253 1795 5325; x_wconf 59' lang='grc' dir='ltr'><strong>(λυ-ιιι.</strong></span> <span class='ocrx_word' id='word_1_957' title='bbox 1828 5259 1961 5325; x_wconf 65' lang='lat' dir='ltr'><strong>stv).</strong></span> 
     </span>
    </p>
   </div>
   <div class='ocr_carea' id='block_1_121' title="bbox 381 5325 1969 5393">
    <p class='ocr_par' dir='ltr' id='par_1_121' title="bbox 381 5325 1969 5393">
     <span class='ocr_line' id='line_1_121' title="bbox 381 5325 1969 5393; baseline 0.001 -14"><span class='ocrx_word' id='word_1_958' title='bbox 381 5327 482 5379; x_wconf 83' lang='lat' dir='ltr'><strong>Est</strong></span> <span class='ocrx_word' id='word_1_959' title='bbox 513 5338 691 5381; x_wconf 77' lang='lat' dir='ltr'><strong>autem</strong></span> <span class='ocrx_word' id='word_1_960' title='bbox 737 5326 1007 5380; x_wconf 73' lang='lat' dir='ltr'><strong>invisibilis</strong></span> <span class='ocrx_word' id='word_1_961' title='bbox 1037 5325 1121 5379; x_wconf 88' lang='lat' dir='ltr'><strong>hic</strong></span> <span class='ocrx_word' id='word_1_962' title='bbox 1164 5328 1381 5393; x_wconf 85' lang='lat' dir='ltr'><strong>genitivi</strong></span> <span class='ocrx_word' id='word_1_963' title='bbox 1426 5342 1613 5387; x_wconf 81' lang='lat' dir='ltr'><strong>casus,</strong></span> <span class='ocrx_word' id='word_1_964' title='bbox 1652 5337 1705 5379; x_wconf 85' lang='lat' dir='ltr'><strong>et</strong></span> <span class='ocrx_word' id='word_1_965' title='bbox 1738 5327 1969 5381; x_wconf 81' lang='lat' dir='ltr'><strong>refertur</strong></span> 
     </span>
    </p>
   </div>
   <div class='ocr_carea' id='block_1_122' title="bbox 381 5397 1967 5466">
    <p class='ocr_par' dir='ltr' id='par_1_122' title="bbox 381 5397 1967 5466">
     <span class='ocr_line' id='line_1_122' title="bbox 381 5397 1967 5466; baseline 0.001 -17"><span class='ocrx_word' id='word_1_966' title='bbox 381 5413 489 5449; x_wconf 89' lang='lat' dir='ltr'><strong>non</strong></span> <span class='ocrx_word' id='word_1_967' title='bbox 523 5400 586 5452; x_wconf 83' lang='lat' dir='ltr'><strong>ad</strong></span> <span class='ocrx_word' id='word_1_968' title='bbox 622 5400 941 5466; x_wconf 58' lang='lat' dir='ltr'><strong>imaginem,</strong></span> <span class='ocrx_word' id='word_1_969' title='bbox 979 5398 1069 5452; x_wconf 73' lang='lat' dir='ltr'><strong>sed</strong></span> <span class='ocrx_word' id='word_1_970' title='bbox 1120 5399 1183 5450; x_wconf 89' lang='lat' dir='ltr'><strong>ad</strong></span> <span class='ocrx_word' id='word_1_971' title='bbox 1225 5397 1392 5450; x_wconf 89' lang='lat' dir='ltr'><strong>Deum</strong></span> <span class='ocrx_word' id='word_1_972' title='bbox 1444 5398 1690 5460; x_wconf 81' lang='lat' dir='ltr'><strong>Patrem,</strong></span> <span class='ocrx_word' id='word_1_973' title='bbox 1736 5409 1789 5449; x_wconf 90' lang='lat' dir='ltr'><strong>ut</strong></span> <span class='ocrx_word' id='word_1_974' title='bbox 1825 5409 1967 5465; x_wconf 88' lang='lat' dir='ltr'><strong>patet</strong></span> 
     </span>
    </p>
   </div>
   <div class='ocr_carea' id='block_1_123' title="bbox 381 5468 1967 5543">
    <p class='ocr_par' dir='ltr' id='par_1_123' title="bbox 381 5468 1967 5543">
     <span class='ocr_line' id='line_1_123' title="bbox 381 5468 1967 5543; baseline 0.001 -25"><span class='ocrx_word' id='word_1_975' title='bbox 381 5481 445 5543; x_wconf 74' lang='lat' dir='ltr'><strong>ex</strong></span> <span class='ocrx_word' id='word_1_976' title='bbox 491 5468 677 5543; x_wconf 42' lang='lat' dir='ltr'><strong>Graico</strong></span> <span class='ocrx_word' id='word_1_977' title='bbox 728 5472 970 5543; x_wconf 75' lang='grc' dir='ltr'><strong>ἀοράτου.</strong></span> <span class='ocrx_word' id='word_1_978' title='bbox 1025 5470 1174 5523; x_wconf 87' lang='lat' dir='ltr'><strong>Unde</strong></span> <span class='ocrx_word' id='word_1_979' title='bbox 1205 5468 1967 5543; x_wconf 9' lang='lat' dir='ltr'><strong>abolebantur_VA_riaui_hoc</strong></span> 
     </span>
    </p>
   </div>
   <div class='ocr_carea' id='block_1_124' title="bbox 377 5536 1963 5605">
    <p class='ocr_par' dir='ltr' id='par_1_124' title="bbox 377 5536 1963 5605">
     <span class='ocr_line' id='line_1_124' title="bbox 377 5536 1963 5605; baseline 0.004 -17"><span class='ocrx_word' id='word_1_980' title='bbox 377 5536 524 5602; x_wconf 82' lang='lat' dir='ltr'><strong>loco,</strong></span> <span class='ocrx_word' id='word_1_981' title='bbox 559 5536 804 5593; x_wconf 75' lang='lat' dir='ltr'><strong>dicentes</strong></span> <span class='ocrx_word' id='word_1_982' title='bbox 838 5545 936 5593; x_wconf 88' lang='lat' dir='ltr'><strong>hoc</strong></span> <span class='ocrx_word' id='word_1_983' title='bbox 971 5556 1163 5593; x_wconf 80' lang='lat' dir='ltr'><strong>nomen</strong></span> <span class='ocrx_word' id='word_1_984' title='bbox 1196 5539 1462 5592; x_wconf 71' lang='lat' dir='ltr'><strong>invisibilis</strong></span> <span class='ocrx_word' id='word_1_985' title='bbox 1486 5584 1499 5605; x_wconf 84' lang='lat'><strong>,</strong></span> <span class='ocrx_word' id='word_1_986' title='bbox 1531 5540 1629 5592; x_wconf 88' lang='lat' dir='ltr'><strong>soli</strong></span> <span class='ocrx_word' id='word_1_987' title='bbox 1664 5539 1772 5592; x_wconf 89' lang='lat' dir='ltr'><strong>Deo</strong></span> <span class='ocrx_word' id='word_1_988' title='bbox 1820 5540 1963 5594; x_wconf 83' lang='lat' dir='ltr'><strong>Patri</strong></span> 
     </span>
    </p>
   </div>
   <div class='ocr_carea' id='block_1_125' title="bbox 379 5609 1966 5674">
    <p class='ocr_par' dir='ltr' id='par_1_125' title="bbox 379 5609 1966 5674">
     <span class='ocr_line' id='line_1_125' title="bbox 379 5609 1966 5674; baseline 0.003 -14"><span class='ocrx_word' id='word_1_989' title='bbox 379 5612 710 5674; x_wconf 82' lang='lat' dir='ltr'><strong>convenire,</strong></span> <span class='ocrx_word' id='word_1_990' title='bbox 742 5627 844 5664; x_wconf 91' lang='lat' dir='ltr'><strong>non</strong></span> <span class='ocrx_word' id='word_1_991' title='bbox 879 5610 1048 5667; x_wconf 69' lang='lat' dir='ltr'><strong>Fili&quot;,</strong></span> <span class='ocrx_word' id='word_1_992' title='bbox 1095 5612 1322 5673; x_wconf 87' lang='lat' dir='ltr'><strong>proinde</strong></span> <span class='ocrx_word' id='word_1_993' title='bbox 1357 5609 1549 5663; x_wconf 80' lang='lat' dir='ltr'><strong>Filium</strong></span> <span class='ocrx_word' id='word_1_994' title='bbox 1584 5627 1686 5663; x_wconf 91' lang='lat' dir='ltr'><strong>non</strong></span> <span class='ocrx_word' id='word_1_995' title='bbox 1718 5625 1841 5663; x_wconf 83' lang='lat' dir='ltr'><strong>esse</strong></span> <span class='ocrx_word' id='word_1_996' title='bbox 1876 5627 1966 5666; x_wconf 79' lang='lat' dir='ltr'><strong>ve-</strong></span> 
     </span>
    </p>
   </div>
   <div class='ocr_carea' id='block_1_126' title="bbox 376 5680 1962 5753">
    <p class='ocr_par' dir='ltr' id='par_1_126' title="bbox 376 5680 1962 5753">
     <span class='ocr_line' id='line_1_126' title="bbox 376 5680 1962 5753; baseline 0.003 -18"><span class='ocrx_word' id='word_1_997' title='bbox 376 5692 497 5737; x_wconf 82' lang='lat' dir='ltr'><strong>rum</strong></span> <span class='ocrx_word' id='word_1_998' title='bbox 528 5681 727 5740; x_wconf 86' lang='lat' dir='ltr'><strong>Deum.</strong></span> <span class='ocrx_word' id='word_1_999' title='bbox 760 5696 882 5735; x_wconf 88' lang='lat' dir='ltr'><strong>cum</strong></span> <span class='ocrx_word' id='word_1_1000' title='bbox 925 5680 1194 5733; x_wconf 83' lang='lat' dir='ltr'><strong>invisibilis</strong></span> <span class='ocrx_word' id='word_1_1001' title='bbox 1214 5721 1228 5747; x_wconf 95' lang='lat'><strong>,</strong></span> <span class='ocrx_word' id='word_1_1002' title='bbox 1259 5684 1399 5737; x_wconf 88' lang='lat' dir='ltr'><strong>inter</strong></span> <span class='ocrx_word' id='word_1_1003' title='bbox 1426 5682 1553 5748; x_wconf 84' lang='lat' dir='ltr'><strong>alia,</strong></span> <span class='ocrx_word' id='word_1_1004' title='bbox 1583 5683 1653 5735; x_wconf 90' lang='lat' dir='ltr'><strong>sit</strong></span> <span class='ocrx_word' id='word_1_1005' title='bbox 1682 5683 1962 5753; x_wconf 87' lang='lat' dir='ltr'><strong>proprium</strong></span> 
     </span>
    </p>
   </div>
   <div class='ocr_carea' id='block_1_127' title="bbox 2077 4618 3655 4690">
    <p class='ocr_par' dir='ltr' id='par_1_127' title="bbox 2077 4618 3655 4690">
     <span class='ocr_line' id='line_1_127' title="bbox 2077 4618 3655 4690; baseline -0.002 -16"><span class='ocrx_word' id='word_1_1006' title='bbox 2077 4621 2129 4674; x_wconf 91' lang='lat' dir='ltr'><strong>id</strong></span> <span class='ocrx_word' id='word_1_1007' title='bbox 2155 4631 2253 4679; x_wconf 80' lang='lat' dir='ltr'><strong>est,</strong></span> <span class='ocrx_word' id='word_1_1008' title='bbox 2282 4630 2405 4673; x_wconf 75' lang='lat' dir='ltr'><strong>alite</strong></span> <span class='ocrx_word' id='word_1_1009' title='bbox 2432 4634 2643 4672; x_wconf 90' lang='lat' dir='ltr'><strong>omnem</strong></span> <span class='ocrx_word' id='word_1_1010' title='bbox 2670 4630 2972 4672; x_wconf 87' lang='lat' dir='ltr'><strong>creaturam</strong></span> <span class='ocrx_word' id='word_1_1011' title='bbox 2996 4622 3227 4687; x_wconf 80' lang='lat' dir='ltr'><strong>genitus,</strong></span> <span class='ocrx_word' id='word_1_1012' title='bbox 3254 4632 3307 4671; x_wconf 90' lang='lat' dir='ltr'><strong>ut</strong></span> <span class='ocrx_word' id='word_1_1013' title='bbox 3327 4618 3655 4690; x_wconf 73' lang='lat' dir='ltr'><strong>Chrysosto—</strong></span> 
     </span>
    </p>
   </div>
   <div class='ocr_carea' id='block_1_128' title="bbox 2078 4690 3663 4758">
    <p class='ocr_par' dir='ltr' id='par_1_128' title="bbox 2078 4690 3663 4758">
     <span class='ocr_line' id='line_1_128' title="bbox 2078 4690 3663 4758; baseline 0 -13"><span class='ocrx_word' id='word_1_1014' title='bbox 2078 4706 2197 4746; x_wconf 88' lang='grc' dir='ltr'><strong>ιιιιιε</strong></span> <span class='ocrx_word' id='word_1_1015' title='bbox 2222 4690 2639 4758; x_wconf 82' lang='lat' dir='ltr'><strong>interpretatur:</strong></span> <span class='ocrx_word' id='word_1_1016' title='bbox 2674 4706 2778 4743; x_wconf 89' lang='lat' dir='ltr'><strong>non</strong></span> <span class='ocrx_word' id='word_1_1017' title='bbox 2812 4691 2937 4755; x_wconf 88' lang='lat' dir='ltr'><strong>quia</strong></span> <span class='ocrx_word' id='word_1_1018' title='bbox 2970 4694 3035 4742; x_wconf 89' lang='lat' dir='ltr'><strong>sit</strong></span> <span class='ocrx_word' id='word_1_1019' title='bbox 3070 4691 3238 4758; x_wconf 89' lang='lat' dir='ltr'><strong>prima</strong></span> <span class='ocrx_word' id='word_1_1020' title='bbox 3270 4702 3523 4744; x_wconf 85' lang='lat' dir='ltr'><strong>creatura</strong></span> <span class='ocrx_word' id='word_1_1021' title='bbox 3549 4734 3562 4755; x_wconf 92' lang='lat'><strong>,</strong></span> <span class='ocrx_word' id='word_1_1022' title='bbox 3600 4700 3663 4745; x_wconf 85' lang='lat' dir='ltr'><strong>ut</strong></span> 
     </span>
    </p>
   </div>
   <div class='ocr_carea' id='block_1_129' title="bbox 2078 4760 3662 4830">
    <p class='ocr_par' dir='ltr' id='par_1_129' title="bbox 2078 4760 3662 4830">
     <span class='ocr_line' id='line_1_129' title="bbox 2078 4760 3662 4830; baseline 0.001 -17"><span class='ocrx_word' id='word_1_1023' title='bbox 2078 4762 2295 4817; x_wconf 80' lang='lat' dir='ltr'><strong>volebat</strong></span> <span class='ocrx_word' id='word_1_1024' title='bbox 2321 4764 2507 4824; x_wconf 78' lang='lat' dir='ltr'><strong>Arius,</strong></span> <span class='ocrx_word' id='word_1_1025' title='bbox 2544 4762 2627 4814; x_wconf 82' lang='lat' dir='ltr'><strong>vel</strong></span> <span class='ocrx_word' id='word_1_1026' title='bbox 2658 4760 2799 4829; x_wconf 88' lang='lat' dir='ltr'><strong>quod</strong></span> <span class='ocrx_word' id='word_1_1027' title='bbox 2829 4769 3129 4813; x_wconf 83' lang='lat' dir='ltr'><strong>creaturam</strong></span> <span class='ocrx_word' id='word_1_1028' title='bbox 3161 4762 3225 4815; x_wconf 89' lang='lat' dir='ltr'><strong>de</strong></span> <span class='ocrx_word' id='word_1_1029' title='bbox 3254 4777 3313 4815; x_wconf 82' lang='lat' dir='ltr'><strong>se</strong></span> <span class='ocrx_word' id='word_1_1030' title='bbox 3345 4774 3529 4830; x_wconf 89' lang='lat' dir='ltr'><strong>postea</strong></span> <span class='ocrx_word' id='word_1_1031' title='bbox 3560 4762 3662 4817; x_wconf 86' lang='lat' dir='ltr'><strong>Pa-</strong></span> 
     </span>
    </p>
   </div>
   <div class='ocr_carea' id='block_1_130' title="bbox 2080 4832 3659 4901">
    <p class='ocr_par' dir='ltr' id='par_1_130' title="bbox 2080 4832 3659 4901">
     <span class='ocr_line' id='line_1_130' title="bbox 2080 4832 3659 4901; baseline 0 -16"><span class='ocrx_word' id='word_1_1032' title='bbox 2080 4844 2162 4887; x_wconf 87' lang='lat' dir='ltr'><strong>ter</strong></span> <span class='ocrx_word' id='word_1_1033' title='bbox 2190 4834 2466 4898; x_wconf 61' lang='lat' dir='ltr'><strong>polluerit,</strong></span> <span class='ocrx_word' id='word_1_1034' title='bbox 2498 4834 2587 4885; x_wconf 88' lang='lat' dir='ltr'><strong>sed</strong></span> <span class='ocrx_word' id='word_1_1035' title='bbox 2620 4835 2679 4883; x_wconf 78' lang='lat' dir='ltr'><strong>sit</strong></span> <span class='ocrx_word' id='word_1_1036' title='bbox 2703 4842 2757 4883; x_wconf 91' lang='lat' dir='ltr'><strong>ut</strong></span> <span class='ocrx_word' id='word_1_1037' title='bbox 2786 4832 3082 4885; x_wconf 85' lang='lat' dir='ltr'><strong>secundum</strong></span> <span class='ocrx_word' id='word_1_1038' title='bbox 3118 4834 3507 4885; x_wconf 86' lang='lat' dir='ltr'><strong>htunauitatem</strong></span> <span class='ocrx_word' id='word_1_1039' title='bbox 3545 4835 3659 4901; x_wconf 52' lang='lat' dir='ltr'><strong>pri-</strong></span> 
     </span>
    </p>
   </div>
   <div class='ocr_carea' id='block_1_131' title="bbox 2078 4902 3658 4971">
    <p class='ocr_par' dir='ltr' id='par_1_131' title="bbox 2078 4902 3658 4971">
     <span class='ocr_line' id='line_1_131' title="bbox 2078 4902 3658 4971; baseline 0 -14"><span class='ocrx_word' id='word_1_1040' title='bbox 2078 4903 2381 4969; x_wconf 72' lang='lat' dir='ltr'><strong>ttiogenitns</strong></span> <span class='ocrx_word' id='word_1_1041' title='bbox 2402 4903 2585 4957; x_wconf 60' lang='lat' dir='ltr'><strong>Maria?</strong></span> <span class='ocrx_word' id='word_1_1042' title='bbox 2607 4904 2824 4969; x_wconf 89' lang='lat' dir='ltr'><strong>dicitur,</strong></span> <span class='ocrx_word' id='word_1_1043' title='bbox 2852 4918 2953 4955; x_wconf 91' lang='lat' dir='ltr'><strong>non</strong></span> <span class='ocrx_word' id='word_1_1044' title='bbox 2979 4903 3119 4971; x_wconf 89' lang='lat' dir='ltr'><strong>quod</strong></span> <span class='ocrx_word' id='word_1_1045' title='bbox 3139 4903 3275 4955; x_wconf 88' lang='lat' dir='ltr'><strong>alios</strong></span> <span class='ocrx_word' id='word_1_1046' title='bbox 3302 4902 3370 4956; x_wconf 89' lang='lat' dir='ltr'><strong>de</strong></span> <span class='ocrx_word' id='word_1_1047' title='bbox 3393 4919 3450 4957; x_wconf 91' lang='lat' dir='ltr'><strong>se</strong></span> <span class='ocrx_word' id='word_1_1048' title='bbox 3472 4914 3658 4970; x_wconf 70' lang='lat' dir='ltr'><strong>po:tca</strong></span> 
     </span>
    </p>
   </div>
   <div class='ocr_carea' id='block_1_132' title="bbox 2079 4973 3657 5044">
    <p class='ocr_par' dir='ltr' id='par_1_132' title="bbox 2079 4973 3657 5044">
     <span class='ocr_line' id='line_1_132' title="bbox 2079 4973 3657 5044; baseline 0 -18"><span class='ocrx_word' id='word_1_1049' title='bbox 2079 4973 2241 5041; x_wconf 71' lang='lat' dir='ltr'><strong>Virgo</strong></span> <span class='ocrx_word' id='word_1_1050' title='bbox 2272 4976 2549 5041; x_wconf 76' lang='lat' dir='ltr'><strong>genuerit,</strong></span> <span class='ocrx_word' id='word_1_1051' title='bbox 2578 4974 2670 5026; x_wconf 83' lang='lat' dir='ltr'><strong>sed</strong></span> <span class='ocrx_word' id='word_1_1052' title='bbox 2703 4975 2824 5043; x_wconf 80' lang='lat' dir='ltr'><strong>quia</strong></span> <span class='ocrx_word' id='word_1_1053' title='bbox 2861 4990 2964 5026; x_wconf 91' lang='lat' dir='ltr'><strong>non</strong></span> <span class='ocrx_word' id='word_1_1054' title='bbox 2997 4976 3158 5025; x_wconf 90' lang='lat' dir='ltr'><strong>alium</strong></span> <span class='ocrx_word' id='word_1_1055' title='bbox 3190 4984 3314 5028; x_wconf 85' lang='lat' dir='ltr'><strong>ante</strong></span> <span class='ocrx_word' id='word_1_1056' title='bbox 3349 4976 3521 5041; x_wconf 68' lang='lat' dir='ltr'><strong>ipsdm</strong></span> <span class='ocrx_word' id='word_1_1057' title='bbox 3558 4989 3657 5044; x_wconf 79' lang='lat' dir='ltr'><strong>ge-</strong></span> 
     </span>
    </p>
   </div>
   <div class='ocr_carea' id='block_1_133' title="bbox 2074 5044 3661 5115">
    <p class='ocr_par' dir='ltr' id='par_1_133' title="bbox 2074 5044 3661 5115">
     <span class='ocr_line' id='line_1_133' title="bbox 2074 5044 3661 5115; baseline 0 -17"><span class='ocrx_word' id='word_1_1058' title='bbox 2074 5047 2220 5108; x_wconf 88' lang='lat' dir='ltr'><strong>nuit;</strong></span> <span class='ocrx_word' id='word_1_1059' title='bbox 2246 5056 2299 5097; x_wconf 85' lang='grc' dir='ltr'><strong>ει</strong></span> <span class='ocrx_word' id='word_1_1060' title='bbox 2330 5047 2451 5109; x_wconf 84' lang='lat' dir='ltr'><strong>quia</strong></span> <span class='ocrx_word' id='word_1_1061' title='bbox 2481 5062 2595 5098; x_wconf 80' lang='lat' dir='ltr'><strong>mos</strong></span> <span class='ocrx_word' id='word_1_1062' title='bbox 2628 5057 2709 5099; x_wconf 86' lang='lat' dir='ltr'><strong>est</strong></span> <span class='ocrx_word' id='word_1_1063' title='bbox 2736 5044 3035 5111; x_wconf 63' lang='lat' dir='ltr'><strong>Scriptura:</strong></span> <span class='ocrx_word' id='word_1_1064' title='bbox 3060 5047 3286 5111; x_wconf 87' lang='lat' dir='ltr'><strong>pritnnm</strong></span> <span class='ocrx_word' id='word_1_1065' title='bbox 3320 5060 3415 5115; x_wconf 90' lang='lat' dir='ltr'><strong>pro</strong></span> <span class='ocrx_word' id='word_1_1066' title='bbox 3438 5058 3544 5097; x_wconf 90' lang='lat' dir='ltr'><strong>uno</strong></span> <span class='ocrx_word' id='word_1_1067' title='bbox 3568 5060 3661 5098; x_wconf 68' lang='lat' dir='ltr'><strong>su-</strong></span> 
     </span>
    </p>
   </div>
   <div class='ocr_carea' id='block_1_134' title="bbox 2075 5116 3658 5185">
    <p class='ocr_par' dir='ltr' id='par_1_134' title="bbox 2075 5116 3658 5185">
     <span class='ocr_line' id='line_1_134' title="bbox 2075 5116 3658 5185; baseline 0 -18"><span class='ocrx_word' id='word_1_1068' title='bbox 2075 5130 2255 5177; x_wconf 84' lang='lat' dir='ltr'><strong>tnero,</strong></span> <span class='ocrx_word' id='word_1_1069' title='bbox 2287 5125 2339 5185; x_wconf 79' lang='lat' dir='ltr'><strong>ut</strong></span> <span class='ocrx_word' id='word_1_1070' title='bbox 2370 5116 2509 5168; x_wconf 80' lang='lat' dir='ltr'><strong>idem</strong></span> <span class='ocrx_word' id='word_1_1071' title='bbox 2542 5118 2611 5170; x_wconf 89' lang='lat' dir='ltr'><strong>sit</strong></span> <span class='ocrx_word' id='word_1_1072' title='bbox 2662 5117 3049 5183; x_wconf 73' lang='lat' dir='ltr'><strong>pritnngenitus</strong></span> <span class='ocrx_word' id='word_1_1073' title='bbox 3077 5130 3140 5185; x_wconf 88' lang='lat' dir='ltr'><strong>ac</strong></span> <span class='ocrx_word' id='word_1_1074' title='bbox 3182 5117 3520 5185; x_wconf 83' lang='lat' dir='ltr'><strong>unigenitus;</strong></span> <span class='ocrx_word' id='word_1_1075' title='bbox 3551 5131 3658 5184; x_wconf 86' lang='lat' dir='ltr'><strong>qua</strong></span> 
     </span>
    </p>
   </div>
   <div class='ocr_carea' id='block_1_135' title="bbox 2074 5184 3657 5257">
    <p class='ocr_par' dir='ltr' id='par_1_135' title="bbox 2074 5184 3657 5257">
     <span class='ocr_line' id='line_1_135' title="bbox 2074 5184 3657 5257; baseline -0.001 -19"><span class='ocrx_word' id='word_1_1076' title='bbox 2074 5186 2141 5257; x_wconf 86' lang='lat' dir='ltr'><strong>de</strong></span> <span class='ocrx_word' id='word_1_1077' title='bbox 2172 5201 2233 5257; x_wconf 78' lang='lat' dir='ltr'><strong>re</strong></span> <span class='ocrx_word' id='word_1_1078' title='bbox 2263 5184 2397 5237; x_wconf 82' lang='lat' dir='ltr'><strong>infra</strong></span> <span class='ocrx_word' id='word_1_1079' title='bbox 2424 5187 2581 5239; x_wconf 86' lang='lat' dir='ltr'><strong>latius</strong></span> <span class='ocrx_word' id='word_1_1080' title='bbox 2605 5187 2707 5255; x_wconf 79' lang='lat' dir='ltr'><strong>(Ad</strong></span> <span class='ocrx_word' id='word_1_1081' title='bbox 2734 5186 2823 5239; x_wconf 91' lang='lat' dir='ltr'><strong>lib.</strong></span> <span class='ocrx_word' id='word_1_1082' title='bbox 2850 5201 2900 5239; x_wconf 83' lang='grc' dir='ltr'><strong>νι</strong></span> <span class='ocrx_word' id='word_1_1083' title='bbox 2924 5202 3039 5252; x_wconf 89' lang='lat' dir='ltr'><strong>cap.</strong></span> <span class='ocrx_word' id='word_1_1084' title='bbox 3070 5184 3181 5257; x_wconf 74' lang='lat'><strong>18).</strong></span> <span class='ocrx_word' id='word_1_1085' title='bbox 3209 5187 3324 5250; x_wconf 84' lang='lat' dir='ltr'><strong>Vel,</strong></span> <span class='ocrx_word' id='word_1_1086' title='bbox 3357 5188 3657 5240; x_wconf 83' lang='lat' dir='ltr'><strong>secandum</strong></span> 
     </span>
    </p>
   </div>
   <div class='ocr_carea' id='block_1_136' title="bbox 2075 5255 3657 5324">
    <p class='ocr_par' dir='ltr' id='par_1_136' title="bbox 2075 5255 3657 5324">
     <span class='ocr_line' id='line_1_136' title="bbox 2075 5255 3657 5324; baseline -0.001 -14"><span class='ocrx_word' id='word_1_1087' title='bbox 2075 5256 2132 5311; x_wconf 89' lang='lat' dir='ltr'><strong>S.</strong></span> <span class='ocrx_word' id='word_1_1088' title='bbox 2171 5255 2465 5317; x_wconf 64' lang='lat' dir='ltr'><strong>&#39;I‘Itomam,</strong></span> <span class='ocrx_word' id='word_1_1089' title='bbox 2518 5258 2881 5324; x_wconf 84' lang='lat' dir='ltr'><strong>prituogeuitus</strong></span> <span class='ocrx_word' id='word_1_1090' title='bbox 2931 5258 3093 5310; x_wconf 89' lang='lat' dir='ltr'><strong>omnis</strong></span> <span class='ocrx_word' id='word_1_1091' title='bbox 3140 5255 3391 5311; x_wconf 73' lang='lat' dir='ltr'><strong>creatura:</strong></span> <span class='ocrx_word' id='word_1_1092' title='bbox 3426 5256 3657 5322; x_wconf 73' lang='lat' dir='ltr'><strong>dicitur,</strong></span> 
     </span>
    </p>
   </div>
   <div class='ocr_carea' id='block_1_137' title="bbox 2072 5327 3662 5395">
    <p class='ocr_par' dir='ltr' id='par_1_137' title="bbox 2072 5327 3662 5395">
     <span class='ocr_line' id='line_1_137' title="bbox 2072 5327 3662 5395; baseline 0.002 -16"><span class='ocrx_word' id='word_1_1093' title='bbox 2072 5330 2196 5395; x_wconf 88' lang='lat' dir='ltr'><strong>quia</strong></span> <span class='ocrx_word' id='word_1_1094' title='bbox 2249 5328 2327 5380; x_wconf 89' lang='lat' dir='ltr'><strong>sic</strong></span> <span class='ocrx_word' id='word_1_1095' title='bbox 2358 5342 2384 5377; x_wconf 90' lang='lat' dir='ltr'><strong>a</strong></span> <span class='ocrx_word' id='word_1_1096' title='bbox 2432 5327 2589 5381; x_wconf 83' lang='lat' dir='ltr'><strong>Patre</strong></span> <span class='ocrx_word' id='word_1_1097' title='bbox 2620 5328 2862 5395; x_wconf 82' lang='lat' dir='ltr'><strong>genitus.</strong></span> <span class='ocrx_word' id='word_1_1098' title='bbox 2896 5336 2955 5379; x_wconf 90' lang='grc' dir='ltr'><strong>ιιι</strong></span> <span class='ocrx_word' id='word_1_1099' title='bbox 2989 5327 3218 5382; x_wconf 72' lang='lat' dir='ltr'><strong>Verbum</strong></span> <span class='ocrx_word' id='word_1_1100' title='bbox 3253 5341 3430 5381; x_wconf 83' lang='lat' dir='ltr'><strong>mente</strong></span> <span class='ocrx_word' id='word_1_1101' title='bbox 3460 5341 3662 5383; x_wconf 84' lang='lat' dir='ltr'><strong>conce-</strong></span> 
     </span>
    </p>
   </div>
   <div class='ocr_carea' id='block_1_138' title="bbox 2073 5399 3659 5468">
    <p class='ocr_par' dir='ltr' id='par_1_138' title="bbox 2073 5399 3659 5468">
     <span class='ocr_line' id='line_1_138' title="bbox 2073 5399 3659 5468; baseline 0.002 -19"><span class='ocrx_word' id='word_1_1102' title='bbox 2073 5411 2219 5468; x_wconf 86' lang='lat' dir='ltr'><strong>ptum</strong></span> <span class='ocrx_word' id='word_1_1103' title='bbox 2257 5408 2649 5466; x_wconf 72' lang='lat' dir='ltr'><strong>reprtesentans</strong></span> <span class='ocrx_word' id='word_1_1104' title='bbox 2698 5412 2914 5451; x_wconf 89' lang='lat' dir='ltr'><strong>omnem</strong></span> <span class='ocrx_word' id='word_1_1105' title='bbox 2959 5408 3298 5462; x_wconf 81' lang='lat' dir='ltr'><strong>creaturam,</strong></span> <span class='ocrx_word' id='word_1_1106' title='bbox 3331 5411 3385 5454; x_wconf 88' lang='lat' dir='ltr'><strong>et</strong></span> <span class='ocrx_word' id='word_1_1107' title='bbox 3417 5410 3473 5451; x_wconf 90' lang='lat' dir='ltr'><strong>ut</strong></span> <span class='ocrx_word' id='word_1_1108' title='bbox 3503 5399 3659 5468; x_wconf 85' lang='lat' dir='ltr'><strong>prin-</strong></span> 
     </span>
    </p>
   </div>
   <div class='ocr_carea' id='block_1_139' title="bbox 2073 5468 3657 5539">
    <p class='ocr_par' dir='ltr' id='par_1_139' title="bbox 2073 5468 3657 5539">
     <span class='ocr_line' id='line_1_139' title="bbox 2073 5468 3657 5539; baseline -0.001 -16"><span class='ocrx_word' id='word_1_1109' title='bbox 2073 5472 2269 5537; x_wconf 88' lang='lat' dir='ltr'><strong>cipium</strong></span> <span class='ocrx_word' id='word_1_1110' title='bbox 2314 5472 2491 5524; x_wconf 90' lang='lat' dir='ltr'><strong>omnis</strong></span> <span class='ocrx_word' id='word_1_1111' title='bbox 2516 5478 2799 5524; x_wconf 68' lang='lat' dir='ltr'><strong>creaturae.</strong></span> <span class='ocrx_word' id='word_1_1112' title='bbox 2837 5468 2991 5523; x_wconf 88' lang='lat' dir='ltr'><strong>Unde</strong></span> <span class='ocrx_word' id='word_1_1113' title='bbox 3041 5471 3332 5537; x_wconf 66' lang='lat' dir='ltr'><strong>ApOstolus</strong></span> <span class='ocrx_word' id='word_1_1114' title='bbox 3378 5472 3657 5539; x_wconf 75' lang='lat' dir='ltr'><strong>explicans</strong></span> 
     </span>
    </p>
   </div>
   <div class='ocr_carea' id='block_1_140' title="bbox 2075 5540 3660 5611">
    <p class='ocr_par' dir='ltr' id='par_1_140' title="bbox 2075 5540 3660 5611">
     <span class='ocr_line' id='line_1_140' title="bbox 2075 5540 3660 5611; baseline 0.001 -21"><span class='ocrx_word' id='word_1_1115' title='bbox 2075 5543 2215 5610; x_wconf 86' lang='lat' dir='ltr'><strong>quod</strong></span> <span class='ocrx_word' id='word_1_1116' title='bbox 2246 5541 2486 5607; x_wconf 76' lang='lat' dir='ltr'><strong>dixerat,</strong></span> <span class='ocrx_word' id='word_1_1117' title='bbox 2520 5556 2639 5611; x_wconf 71' lang='lat' dir='ltr'><strong>nios</strong></span> <span class='ocrx_word' id='word_1_1118' title='bbox 2670 5540 2847 5593; x_wconf 89' lang='lat' dir='ltr'><strong>subdit</strong></span> <span class='ocrx_word' id='word_1_1119' title='bbox 2876 5558 2887 5594; x_wconf 90' lang='lat'><strong>:</strong></span> <span class='ocrx_word' id='word_1_1120' title='bbox 2924 5542 3179 5605; x_wconf 78' lang='lat' dir='ltr'><strong>Quoniam</strong></span> <span class='ocrx_word' id='word_1_1121' title='bbox 3202 5541 3253 5593; x_wconf 88' lang='lat' dir='ltr'><strong>in</strong></span> <span class='ocrx_word' id='word_1_1122' title='bbox 3286 5543 3397 5611; x_wconf 91' lang='lat' dir='ltr'><strong>ipso</strong></span> <span class='ocrx_word' id='word_1_1123' title='bbox 3446 5540 3660 5591; x_wconf 81' lang='lat' dir='ltr'><strong>condita</strong></span> 
     </span>
    </p>
   </div>
   <div class='ocr_carea' id='block_1_141' title="bbox 2072 5609 3661 5681">
    <p class='ocr_par' dir='ltr' id='par_1_141' title="bbox 2072 5609 3661 5681">
     <span class='ocr_line' id='line_1_141' title="bbox 2072 5609 3661 5681; baseline -0.002 -16"><span class='ocrx_word' id='word_1_1124' title='bbox 2072 5609 2187 5665; x_wconf 77' lang='lat' dir='ltr'><strong>sunt</strong></span> <span class='ocrx_word' id='word_1_1125' title='bbox 2212 5616 2401 5675; x_wconf 87' lang='lat' dir='ltr'><strong>omnia,</strong></span> <span class='ocrx_word' id='word_1_1126' title='bbox 2428 5623 2536 5666; x_wconf 87' lang='lat' dir='ltr'><strong>etc.</strong></span> <span class='ocrx_word' id='word_1_1127' title='bbox 2566 5609 2630 5663; x_wconf 85' lang='lat' dir='ltr'><strong>In</strong></span> <span class='ocrx_word' id='word_1_1128' title='bbox 2657 5611 2791 5681; x_wconf 84' lang='lat' dir='ltr'><strong>ipso,</strong></span> <span class='ocrx_word' id='word_1_1129' title='bbox 2827 5612 2877 5664; x_wconf 88' lang='lat' dir='ltr'><strong>id</strong></span> <span class='ocrx_word' id='word_1_1130' title='bbox 2902 5622 3011 5676; x_wconf 88' lang='lat' dir='ltr'><strong>est,</strong></span> <span class='ocrx_word' id='word_1_1131' title='bbox 3039 5628 3128 5677; x_wconf 88' lang='lat' dir='ltr'><strong>per</strong></span> <span class='ocrx_word' id='word_1_1132' title='bbox 3154 5609 3349 5680; x_wconf 65' lang='lat' dir='ltr'><strong>ipsum,</strong></span> <span class='ocrx_word' id='word_1_1133' title='bbox 3378 5622 3432 5665; x_wconf 90' lang='grc' dir='ltr'><strong>ιιι</strong></span> <span class='ocrx_word' id='word_1_1134' title='bbox 3462 5612 3661 5681; x_wconf 75' lang='lat' dir='ltr'><strong>dicitur</strong></span> 
     </span>
    </p>
   </div>
   <div class='ocr_carea' id='block_1_142' title="bbox 2071 5679 3662 5755">
    <p class='ocr_par' dir='ltr' id='par_1_142' title="bbox 2071 5679 3662 5755">
     <span class='ocr_line' id='line_1_142' title="bbox 2071 5679 3662 5755; baseline -0.004 -16"><span class='ocrx_word' id='word_1_1135' title='bbox 2071 5681 2293 5739; x_wconf 80' lang='lat' dir='ltr'><strong>Joannis</strong></span> <span class='ocrx_word' id='word_1_1136' title='bbox 2325 5684 2538 5755; x_wconf 85' lang='lat' dir='ltr'><strong>primo:</strong></span> <span class='ocrx_word' id='word_1_1137' title='bbox 2577 5679 2769 5737; x_wconf 79' lang='lat' dir='ltr'><strong>Omnia</strong></span> <span class='ocrx_word' id='word_1_1138' title='bbox 2796 5698 2885 5754; x_wconf 85' lang='lat' dir='ltr'><strong>per</strong></span> <span class='ocrx_word' id='word_1_1139' title='bbox 2914 5683 3079 5750; x_wconf 84' lang='lat' dir='ltr'><strong>ipsum</strong></span> <span class='ocrx_word' id='word_1_1140' title='bbox 3122 5685 3263 5753; x_wconf 78' lang='lat' dir='ltr'><strong>[acta</strong></span> <span class='ocrx_word' id='word_1_1141' title='bbox 3294 5692 3445 5753; x_wconf 85' lang='lat' dir='ltr'><strong>sunt,</strong></span> <span class='ocrx_word' id='word_1_1142' title='bbox 3475 5679 3572 5737; x_wconf 74' lang='lat' dir='ltr'><strong>Vel</strong></span> <span class='ocrx_word' id='word_1_1143' title='bbox 3604 5680 3662 5734; x_wconf 89' lang='lat' dir='ltr'><strong>in</strong></span> 
     </span>
    </p>
   </div>
  </div>
