  <div class='ocr_page' id='page_1' title='image "/cluster/home/n/w/nwhite01/storage/ocr_20150623/50/uva.x000827094/064.png"; bbox 0 0 3976 6180; ppageno 0'>
   <div class='ocr_carea' id='block_1_1' title="bbox 332 275 438 342">
    <p class='ocr_par' dir='ltr' id='par_1_1' title="bbox 332 275 438 342">
     <span class='ocr_line' id='line_1_1' title="bbox 332 275 438 342; baseline 0 -1"><span class='ocrx_word' id='word_1_1' title='bbox 332 275 438 342; x_wconf 75' lang='lat' dir='ltr'><strong>H3</strong></span> 
     </span>
    </p>
   </div>
   <div class='ocr_carea' id='block_1_2' title="bbox 1359 273 2588 346">
    <p class='ocr_par' dir='ltr' id='par_1_2' title="bbox 1359 273 2588 346">
     <span class='ocr_line' id='line_1_2' title="bbox 1359 273 2588 346; baseline 0.005 -7"><span class='ocrx_word' id='word_1_2' title='bbox 1359 273 1448 341; x_wconf 69' lang='lat' dir='ltr'><strong><em>DE</em></strong></span> <span class='ocrx_word' id='word_1_3' title='bbox 1485 283 1998 342; x_wconf 71' lang='lat' dir='ltr'><strong><em>INCARNATIONE</em></strong></span> <span class='ocrx_word' id='word_1_4' title='bbox 2037 283 2308 344; x_wconf 78' lang='lat' dir='ltr'><strong><em>CHRISTI</em></strong></span> <span class='ocrx_word' id='word_1_5' title='bbox 2348 288 2479 346; x_wconf 84' lang='lat' dir='ltr'><strong><em>LIB.</em></strong></span> <span class='ocrx_word' id='word_1_6' title='bbox 2522 291 2588 345; x_wconf 91' lang='lat' dir='ltr'><strong><em>V.</em></strong></span> 
     </span>
    </p>
   </div>
   <div class='ocr_carea' id='block_1_3' title="bbox 3521 304 3624 363">
    <p class='ocr_par' dir='ltr' id='par_1_3' title="bbox 3521 304 3624 363">
     <span class='ocr_line' id='line_1_3' title="bbox 3521 304 3624 363; baseline 0.039 -5"><span class='ocrx_word' id='word_1_7' title='bbox 3521 304 3624 363; x_wconf 73' lang='lat' dir='ltr'><strong><em>IN</em></strong></span> 
     </span>
    </p>
   </div>
   <div class='ocr_carea' id='block_1_4' title="bbox 330 399 3620 488">
    <p class='ocr_par' dir='ltr' id='par_1_4' title="bbox 330 399 3620 488">
     <span class='ocr_line' id='line_1_4' title="bbox 330 399 3620 488; baseline 0.004 -31"><span class='ocrx_word' id='word_1_8' title='bbox 330 403 502 473; x_wconf 84' lang='lat' dir='ltr'><strong><em>imago</em></strong></span> <span class='ocrx_word' id='word_1_9' title='bbox 525 400 618 457; x_wconf 87' lang='lat' dir='ltr'><strong><em>Dei</em></strong></span> <span class='ocrx_word' id='word_1_10' title='bbox 635 399 936 469; x_wconf 74' lang='lat' dir='ltr'><strong><em>invisibilis,</em></strong></span> <span class='ocrx_word' id='word_1_11' title='bbox 963 401 1334 474; x_wconf 85' lang='lat' dir='ltr'><strong><em>primogenitus</em></strong></span> <span class='ocrx_word' id='word_1_12' title='bbox 1366 403 1623 456; x_wconf 71' lang='lat' dir='ltr'><strong><em>universae</em></strong></span> <span class='ocrx_word' id='word_1_13' title='bbox 1644 411 1926 467; x_wconf 76' lang='lat' dir='ltr'><strong><em>creaturae;</em></strong></span> <span class='ocrx_word' id='word_1_14' title='bbox 1955 407 2005 466; x_wconf 76' lang='grc' dir='ltr'>Α</span> <span class='ocrx_word' id='word_1_15' title='bbox 2032 402 2154 472; x_wconf 97' lang='lat' dir='ltr'><strong><em>quia</em></strong></span> <span class='ocrx_word' id='word_1_16' title='bbox 2183 403 2237 456; x_wconf 90' lang='lat' dir='ltr'><strong><em>in</em></strong></span> <span class='ocrx_word' id='word_1_17' title='bbox 2269 404 2382 471; x_wconf 86' lang='lat' dir='ltr'><strong><em>ipso</em></strong></span> <span class='ocrx_word' id='word_1_18' title='bbox 2405 405 2718 476; x_wconf 88' lang='lat' dir='ltr'><strong><em>complacuit</em></strong></span> <span class='ocrx_word' id='word_1_19' title='bbox 2744 422 2943 463; x_wconf 89' lang='lat' dir='ltr'><strong><em>omnem</em></strong></span> <span class='ocrx_word' id='word_1_20' title='bbox 2964 409 3338 482; x_wconf 80' lang='lat' dir='ltr'><strong><em>plenitudinem</em></strong></span> <span class='ocrx_word' id='word_1_21' title='bbox 3369 412 3620 488; x_wconf 79' lang='lat' dir='ltr'><strong><em>habitare,</em></strong></span> 
     </span>
    </p>
   </div>
   <div class='ocr_carea' id='block_1_5' title="bbox 335 493 1921 564">
    <p class='ocr_par' dir='ltr' id='par_1_5' title="bbox 335 493 1921 564">
     <span class='ocr_line' id='line_1_5' title="bbox 335 493 1921 564; baseline 0 -17"><span class='ocrx_word' id='word_1_22' title='bbox 335 497 454 564; x_wconf 89' lang='lat' dir='ltr'><strong><em>quia</em></strong></span> <span class='ocrx_word' id='word_1_23' title='bbox 483 495 532 546; x_wconf 91' lang='lat' dir='ltr'><strong><em>in</em></strong></span> <span class='ocrx_word' id='word_1_24' title='bbox 555 495 660 561; x_wconf 85' lang='lat' dir='ltr'><strong><em>ipso</em></strong></span> <span class='ocrx_word' id='word_1_25' title='bbox 682 493 898 546; x_wconf 87' lang='lat' dir='ltr'><strong><em>condita</em></strong></span> <span class='ocrx_word' id='word_1_26' title='bbox 933 502 1052 546; x_wconf 87' lang='lat' dir='ltr'><strong><em>sunt</em></strong></span> <span class='ocrx_word' id='word_1_27' title='bbox 1081 496 1322 547; x_wconf 89' lang='lat' dir='ltr'><strong><em>universa</em></strong></span> <span class='ocrx_word' id='word_1_28' title='bbox 1348 495 1400 546; x_wconf 92' lang='lat' dir='ltr'><strong><em>in</em></strong></span> <span class='ocrx_word' id='word_1_29' title='bbox 1428 495 1565 548; x_wconf 71' lang='lat' dir='ltr'><strong><em>cwlis</em></strong></span> <span class='ocrx_word' id='word_1_30' title='bbox 1595 503 1644 546; x_wconf 89' lang='lat' dir='ltr'><strong><em>et</em></strong></span> <span class='ocrx_word' id='word_1_31' title='bbox 1673 495 1725 545; x_wconf 89' lang='lat' dir='ltr'><strong><em>in</em></strong></span> <span class='ocrx_word' id='word_1_32' title='bbox 1758 504 1921 560; x_wconf 63' lang='lat' dir='ltr'><strong><em>terra,</em></strong></span> 
     </span>
    </p>
   </div>
   <div class='ocr_carea' id='block_1_6' title="bbox 339 585 1925 653">
    <p class='ocr_par' dir='ltr' id='par_1_6' title="bbox 339 585 1925 653">
     <span class='ocr_line' id='line_1_6' title="bbox 339 585 1925 653; baseline -0.001 -12"><span class='ocrx_word' id='word_1_33' title='bbox 339 586 557 641; x_wconf 82' lang='lat' dir='ltr'><strong><em>visibilia</em></strong></span> <span class='ocrx_word' id='word_1_34' title='bbox 585 594 629 638; x_wconf 87' lang='lat' dir='ltr'><strong><em>et</em></strong></span> <span class='ocrx_word' id='word_1_35' title='bbox 659 585 944 638; x_wconf 78' lang='lat' dir='ltr'><strong><em>invisibilia</em></strong></span> <span class='ocrx_word' id='word_1_36' title='bbox 964 627 978 648; x_wconf 93' lang='lat'><strong><em>,</em></strong></span> <span class='ocrx_word' id='word_1_37' title='bbox 1006 586 1112 639; x_wconf 88' lang='lat' dir='ltr'><strong><em>sive</em></strong></span> <span class='ocrx_word' id='word_1_38' title='bbox 1137 586 1342 653; x_wconf 88' lang='lat' dir='ltr'><strong><em>throni,</em></strong></span> <span class='ocrx_word' id='word_1_39' title='bbox 1385 586 1488 639; x_wconf 89' lang='lat' dir='ltr'><strong><em>sive</em></strong></span> <span class='ocrx_word' id='word_1_40' title='bbox 1513 587 1888 639; x_wconf 74' lang='lat' dir='ltr'><strong><em>dominationes</em></strong></span> <span class='ocrx_word' id='word_1_41' title='bbox 1910 625 1925 652; x_wconf 88' lang='lat'><strong><em>,</em></strong></span> 
     </span>
    </p>
   </div>
   <div class='ocr_carea' id='block_1_7' title="bbox 335 678 1924 749">
    <p class='ocr_par' dir='ltr' id='par_1_7' title="bbox 335 678 1924 749">
     <span class='ocr_line' id='line_1_7' title="bbox 335 678 1924 749; baseline -0.003 -15"><span class='ocrx_word' id='word_1_42' title='bbox 335 683 436 734; x_wconf 88' lang='lat' dir='ltr'><strong><em>sive</em></strong></span> <span class='ocrx_word' id='word_1_43' title='bbox 455 688 761 749; x_wconf 75' lang='lat' dir='ltr'><strong><em>potestates:</em></strong></span> <span class='ocrx_word' id='word_1_44' title='bbox 783 678 960 731; x_wconf 87' lang='lat' dir='ltr'><strong><em>omnia</em></strong></span> <span class='ocrx_word' id='word_1_45' title='bbox 988 695 1078 746; x_wconf 90' lang='lat' dir='ltr'><strong><em>per</em></strong></span> <span class='ocrx_word' id='word_1_46' title='bbox 1107 679 1272 749; x_wconf 88' lang='lat' dir='ltr'><strong><em>ipsum</em></strong></span> <span class='ocrx_word' id='word_1_47' title='bbox 1299 686 1346 732; x_wconf 89' lang='lat' dir='ltr'><strong><em>et</em></strong></span> <span class='ocrx_word' id='word_1_48' title='bbox 1373 679 1424 731; x_wconf 90' lang='lat' dir='ltr'><strong><em>in</em></strong></span> <span class='ocrx_word' id='word_1_49' title='bbox 1456 679 1567 749; x_wconf 77' lang='lat' dir='ltr'><strong><em>ipso</em></strong></span> <span class='ocrx_word' id='word_1_50' title='bbox 1596 688 1766 732; x_wconf 88' lang='lat' dir='ltr'><strong><em>creata</em></strong></span> <span class='ocrx_word' id='word_1_51' title='bbox 1782 686 1924 744; x_wconf 90' lang='lat' dir='ltr'><strong><em>sunt,</em></strong></span> 
     </span>
    </p>
   </div>
   <div class='ocr_carea' id='block_1_8' title="bbox 241 770 1926 843">
    <p class='ocr_par' dir='ltr' id='par_1_8' title="bbox 241 770 1926 843">
     <span class='ocr_line' id='line_1_8' title="bbox 241 770 1926 843; baseline -0.001 -17"><span class='ocrx_word' id='word_1_52' title='bbox 241 777 246 783; x_wconf 84' lang='lat'>&#39;</span> <span class='ocrx_word' id='word_1_53' title='bbox 331 783 377 826; x_wconf 89' lang='lat' dir='ltr'><strong><em>et</em></strong></span> <span class='ocrx_word' id='word_1_54' title='bbox 399 774 502 843; x_wconf 89' lang='lat' dir='ltr'><strong><em>ipse</em></strong></span> <span class='ocrx_word' id='word_1_55' title='bbox 526 781 607 826; x_wconf 88' lang='lat' dir='ltr'><strong><em>est</em></strong></span> <span class='ocrx_word' id='word_1_56' title='bbox 637 782 760 824; x_wconf 86' lang='lat' dir='ltr'><strong><em>ante</em></strong></span> <span class='ocrx_word' id='word_1_57' title='bbox 788 787 995 837; x_wconf 71' lang='lat' dir='ltr'><strong><em>anates,</em></strong></span> <span class='ocrx_word' id='word_1_58' title='bbox 1028 781 1078 823; x_wconf 89' lang='lat' dir='ltr'><strong><em>et</em></strong></span> <span class='ocrx_word' id='word_1_59' title='bbox 1106 771 1276 824; x_wconf 88' lang='lat' dir='ltr'><strong><em>omnia</em></strong></span> <span class='ocrx_word' id='word_1_60' title='bbox 1304 771 1356 824; x_wconf 89' lang='lat' dir='ltr'><strong><em>in</em></strong></span> <span class='ocrx_word' id='word_1_61' title='bbox 1396 773 1508 839; x_wconf 90' lang='lat' dir='ltr'><strong><em>ipso</em></strong></span> <span class='ocrx_word' id='word_1_62' title='bbox 1550 781 1812 825; x_wconf 83' lang='lat' dir='ltr'><strong><em>constant.</em></strong></span> <span class='ocrx_word' id='word_1_63' title='bbox 1856 770 1926 824; x_wconf 88' lang='lat' dir='ltr'><strong><em>Et</em></strong></span> 
     </span>
    </p>
   </div>
   <div class='ocr_carea' id='block_1_9' title="bbox 325 860 1921 933">
    <p class='ocr_par' dir='ltr' id='par_1_9' title="bbox 325 860 1921 933">
     <span class='ocr_line' id='line_1_9' title="bbox 325 860 1921 933; baseline -0.001 -17"><span class='ocrx_word' id='word_1_64' title='bbox 325 865 428 932; x_wconf 83' lang='lat' dir='ltr'><strong><em>ipss</em></strong></span> <span class='ocrx_word' id='word_1_65' title='bbox 457 873 531 916; x_wconf 86' lang='lat' dir='ltr'><strong><em>est</em></strong></span> <span class='ocrx_word' id='word_1_66' title='bbox 565 871 725 930; x_wconf 88' lang='lat' dir='ltr'><strong><em>caput</em></strong></span> <span class='ocrx_word' id='word_1_67' title='bbox 775 861 1006 932; x_wconf 87' lang='lat' dir='ltr'><strong><em>corporis</em></strong></span> <span class='ocrx_word' id='word_1_68' title='bbox 1037 860 1287 915; x_wconf 69' lang='lat' dir='ltr'><strong><em>Ecclesia!</em></strong></span> <span class='ocrx_word' id='word_1_69' title='bbox 1313 907 1327 931; x_wconf 92' lang='lat'><strong><em>,</em></strong></span> <span class='ocrx_word' id='word_1_70' title='bbox 1358 862 1446 933; x_wconf 82' lang='lat' dir='ltr'><strong><em>qui</em></strong></span> <span class='ocrx_word' id='word_1_71' title='bbox 1476 872 1549 916; x_wconf 87' lang='lat' dir='ltr'><strong><em>est</em></strong></span> <span class='ocrx_word' id='word_1_72' title='bbox 1574 863 1921 932; x_wconf 86' lang='lat' dir='ltr'><strong><em>principium,</em></strong></span> 
     </span>
    </p>
   </div>
   <div class='ocr_carea' id='block_1_10' title="bbox 317 955 1922 1028">
    <p class='ocr_par' dir='ltr' id='par_1_10' title="bbox 317 955 1922 1028">
     <span class='ocr_line' id='line_1_10' title="bbox 317 955 1922 1028; baseline -0.001 -18"><span class='ocrx_word' id='word_1_73' title='bbox 317 957 698 1028; x_wconf 83' lang='lat' dir='ltr'><strong><em>primogenitus</em></strong></span> <span class='ocrx_word' id='word_1_74' title='bbox 743 969 810 1009; x_wconf 73' lang='lat' dir='ltr'><strong><em>es:</em></strong></span> <span class='ocrx_word' id='word_1_75' title='bbox 841 955 1056 1008; x_wconf 85' lang='lat' dir='ltr'><strong><em>mortuis</em></strong></span> <span class='ocrx_word' id='word_1_76' title='bbox 1076 995 1092 1020; x_wconf 91' lang='lat'><strong><em>,</em></strong></span> <span class='ocrx_word' id='word_1_77' title='bbox 1121 965 1177 1009; x_wconf 89' lang='lat' dir='ltr'><strong><em>ut</em></strong></span> <span class='ocrx_word' id='word_1_78' title='bbox 1206 956 1270 1009; x_wconf 90' lang='lat' dir='ltr'><strong><em>sit</em></strong></span> <span class='ocrx_word' id='word_1_79' title='bbox 1310 956 1362 1008; x_wconf 91' lang='lat' dir='ltr'><strong><em>in</em></strong></span> <span class='ocrx_word' id='word_1_80' title='bbox 1393 956 1625 1009; x_wconf 89' lang='lat' dir='ltr'><strong><em>omnibus</em></strong></span> <span class='ocrx_word' id='word_1_81' title='bbox 1655 957 1766 1025; x_wconf 82' lang='lat' dir='ltr'><strong><em>ipse</em></strong></span> <span class='ocrx_word' id='word_1_82' title='bbox 1808 957 1922 1027; x_wconf 87' lang='lat' dir='ltr'><strong><em>pri-</em></strong></span> 
     </span>
    </p>
   </div>
   <div class='ocr_carea' id='block_1_11' title="bbox 317 1050 1924 1121">
    <p class='ocr_par' dir='ltr' id='par_1_11' title="bbox 317 1050 1924 1121">
     <span class='ocr_line' id='line_1_11' title="bbox 317 1050 1924 1121; baseline -0.001 -17"><span class='ocrx_word' id='word_1_83' title='bbox 317 1061 520 1105; x_wconf 86' lang='lat' dir='ltr'><strong><em>matum</em></strong></span> <span class='ocrx_word' id='word_1_84' title='bbox 545 1061 756 1115; x_wconf 89' lang='lat' dir='ltr'><strong><em>tenens;</em></strong></span> <span class='ocrx_word' id='word_1_85' title='bbox 781 1051 903 1118; x_wconf 86' lang='lat' dir='ltr'><strong><em>quia</em></strong></span> <span class='ocrx_word' id='word_1_86' title='bbox 932 1050 986 1102; x_wconf 90' lang='lat' dir='ltr'><strong><em>in</em></strong></span> <span class='ocrx_word' id='word_1_87' title='bbox 1008 1051 1119 1121; x_wconf 90' lang='lat' dir='ltr'><strong><em>ipso</em></strong></span> <span class='ocrx_word' id='word_1_88' title='bbox 1149 1052 1457 1118; x_wconf 82' lang='lat' dir='ltr'><strong><em>complacuit</em></strong></span> <span class='ocrx_word' id='word_1_89' title='bbox 1477 1067 1678 1104; x_wconf 85' lang='lat' dir='ltr'><strong><em>onmem</em></strong></span> <span class='ocrx_word' id='word_1_90' title='bbox 1700 1051 1924 1120; x_wconf 82' lang='lat' dir='ltr'><strong><em>plenitu-</em></strong></span> 
     </span>
    </p>
   </div>
   <div class='ocr_carea' id='block_1_12' title="bbox 324 1143 1920 1213">
    <p class='ocr_par' dir='ltr' id='par_1_12' title="bbox 324 1143 1920 1213">
     <span class='ocr_line' id='line_1_12' title="bbox 324 1143 1920 1213; baseline -0.003 -12"><span class='ocrx_word' id='word_1_91' title='bbox 324 1147 501 1201; x_wconf 83' lang='lat' dir='ltr'><strong><em>dinem</em></strong></span> <span class='ocrx_word' id='word_1_92' title='bbox 549 1145 808 1210; x_wconf 81' lang='lat' dir='ltr'><strong><em>habitare,</em></strong></span> <span class='ocrx_word' id='word_1_93' title='bbox 844 1155 892 1197; x_wconf 91' lang='lat' dir='ltr'><strong><em>et</em></strong></span> <span class='ocrx_word' id='word_1_94' title='bbox 933 1160 1023 1213; x_wconf 88' lang='lat' dir='ltr'><strong><em>per</em></strong></span> <span class='ocrx_word' id='word_1_95' title='bbox 1071 1145 1238 1211; x_wconf 87' lang='lat' dir='ltr'><strong><em>ipsum</em></strong></span> <span class='ocrx_word' id='word_1_96' title='bbox 1281 1143 1614 1198; x_wconf 85' lang='lat' dir='ltr'><strong><em>reconciliare</em></strong></span> <span class='ocrx_word' id='word_1_97' title='bbox 1645 1145 1820 1199; x_wconf 88' lang='lat' dir='ltr'><strong><em>omnia</em></strong></span> <span class='ocrx_word' id='word_1_98' title='bbox 1867 1145 1920 1198; x_wconf 92' lang='lat' dir='ltr'><strong><em>in</em></strong></span> 
     </span>
    </p>
   </div>
   <div class='ocr_carea' id='block_1_13' title="bbox 326 1237 1922 1310">
    <p class='ocr_par' dir='ltr' id='par_1_13' title="bbox 326 1237 1922 1310">
     <span class='ocr_line' id='line_1_13' title="bbox 326 1237 1922 1310; baseline -0.001 -17"><span class='ocrx_word' id='word_1_99' title='bbox 326 1240 526 1310; x_wconf 85' lang='lat' dir='ltr'><strong><em>ipsum,</em></strong></span> <span class='ocrx_word' id='word_1_100' title='bbox 552 1237 834 1308; x_wconf 77' lang='lat' dir='ltr'><strong><em>pacificans</em></strong></span> <span class='ocrx_word' id='word_1_101' title='bbox 855 1252 950 1307; x_wconf 86' lang='lat' dir='ltr'><strong><em>per</em></strong></span> <span class='ocrx_word' id='word_1_102' title='bbox 975 1237 1279 1306; x_wconf 88' lang='lat' dir='ltr'><strong><em>sanguinem</em></strong></span> <span class='ocrx_word' id='word_1_103' title='bbox 1308 1237 1476 1290; x_wconf 86' lang='lat' dir='ltr'><strong><em>crucis</em></strong></span> <span class='ocrx_word' id='word_1_104' title='bbox 1504 1240 1650 1309; x_wconf 85' lang='lat' dir='ltr'><strong><em>ejus,</em></strong></span> <span class='ocrx_word' id='word_1_105' title='bbox 1685 1238 1788 1291; x_wconf 82' lang='lat' dir='ltr'><strong><em>sit-e</em></strong></span> <span class='ocrx_word' id='word_1_106' title='bbox 1808 1253 1922 1306; x_wconf 69' lang='lat' dir='ltr'><strong><em>quae</em></strong></span> 
     </span>
    </p>
   </div>
   <div class='ocr_carea' id='block_1_14' title="bbox 326 1328 1918 1400">
    <p class='ocr_par' dir='ltr' id='par_1_14' title="bbox 326 1328 1918 1400">
     <span class='ocr_line' id='line_1_14' title="bbox 326 1328 1918 1400; baseline 0 -16"><span class='ocrx_word' id='word_1_107' title='bbox 326 1332 381 1385; x_wconf 89' lang='lat' dir='ltr'><strong><em>in</em></strong></span> <span class='ocrx_word' id='word_1_108' title='bbox 403 1333 539 1386; x_wconf 78' lang='lat' dir='ltr'><strong><em>ccelis</em></strong></span> <span class='ocrx_word' id='word_1_109' title='bbox 563 1371 576 1396; x_wconf 90' lang='lat'><strong><em>,</em></strong></span> <span class='ocrx_word' id='word_1_110' title='bbox 604 1331 708 1384; x_wconf 88' lang='lat' dir='ltr'><strong><em>sive</em></strong></span> <span class='ocrx_word' id='word_1_111' title='bbox 734 1345 852 1400; x_wconf 73' lang='lat' dir='ltr'><strong><em>qua:</em></strong></span> <span class='ocrx_word' id='word_1_112' title='bbox 881 1329 934 1382; x_wconf 91' lang='lat' dir='ltr'><strong><em>in</em></strong></span> <span class='ocrx_word' id='word_1_113' title='bbox 965 1330 1119 1382; x_wconf 88' lang='lat' dir='ltr'><strong><em>terris</em></strong></span> <span class='ocrx_word' id='word_1_114' title='bbox 1144 1339 1265 1383; x_wconf 89' lang='lat' dir='ltr'><strong><em>sunt</em></strong></span> <span class='ocrx_word' id='word_1_115' title='bbox 1295 1328 1519 1398; x_wconf 89' lang='lat' dir='ltr'><strong><em>(Coloss.</em></strong></span> <span class='ocrx_word' id='word_1_116' title='bbox 1552 1328 1614 1400; x_wconf 91' lang='grc' dir='ltr'><strong><em>ι).</em></strong></span> <span class='ocrx_word' id='word_1_117' title='bbox 1648 1329 1918 1399; x_wconf 82' lang='lat' dir='ltr'><strong><em>Numquid</em></strong></span> 
     </span>
    </p>
   </div>
   <div class='ocr_carea' id='block_1_15' title="bbox 321 1421 1913 1492">
    <p class='ocr_par' dir='ltr' id='par_1_15' title="bbox 321 1421 1913 1492">
     <span class='ocr_line' id='line_1_15' title="bbox 321 1421 1913 1492; baseline -0.003 -12"><span class='ocrx_word' id='word_1_118' title='bbox 321 1432 375 1480; x_wconf 88' lang='lat' dir='ltr'><strong><em>et</em></strong></span> <span class='ocrx_word' id='word_1_119' title='bbox 423 1424 526 1478; x_wconf 89' lang='lat' dir='ltr'><strong><em>hoc</em></strong></span> <span class='ocrx_word' id='word_1_120' title='bbox 578 1422 762 1491; x_wconf 88' lang='lat' dir='ltr'><strong><em>aliqua</em></strong></span> <span class='ocrx_word' id='word_1_121' title='bbox 807 1421 1273 1492; x_wconf 89' lang='lat' dir='ltr'><strong><em>interpretationis</em></strong></span> <span class='ocrx_word' id='word_1_122' title='bbox 1319 1421 1626 1491; x_wconf 74' lang='lat' dir='ltr'><strong><em>adjemione</em></strong></span> <span class='ocrx_word' id='word_1_123' title='bbox 1674 1422 1913 1492; x_wconf 80' lang='lat' dir='ltr'><strong><em>indiget,</em></strong></span> 
     </span>
    </p>
   </div>
   <div class='ocr_carea' id='block_1_16' title="bbox 319 1514 1918 1586">
    <p class='ocr_par' dir='ltr' id='par_1_16' title="bbox 319 1514 1918 1586">
     <span class='ocr_line' id='line_1_16' title="bbox 319 1514 1918 1586; baseline -0.002 -12"><span class='ocrx_word' id='word_1_124' title='bbox 319 1532 440 1574; x_wconf 89' lang='lat' dir='ltr'><strong><em>cum</em></strong></span> <span class='ocrx_word' id='word_1_125' title='bbox 473 1517 547 1572; x_wconf 89' lang='lat' dir='ltr'><strong><em>ita</em></strong></span> <span class='ocrx_word' id='word_1_126' title='bbox 581 1515 807 1586; x_wconf 88' lang='lat' dir='ltr'><strong><em>copiose</em></strong></span> <span class='ocrx_word' id='word_1_127' title='bbox 829 1525 882 1569; x_wconf 92' lang='lat' dir='ltr'><strong><em>et</em></strong></span> <span class='ocrx_word' id='word_1_128' title='bbox 909 1514 1192 1570; x_wconf 78' lang='lat' dir='ltr'><strong><em>evidenter</em></strong></span> <span class='ocrx_word' id='word_1_129' title='bbox 1221 1530 1548 1585; x_wconf 87' lang='lat' dir='ltr'><strong><em>expressum</em></strong></span> <span class='ocrx_word' id='word_1_130' title='bbox 1574 1516 1663 1584; x_wconf 86' lang='lat' dir='ltr'><strong><em>sit,</em></strong></span> <span class='ocrx_word' id='word_1_131' title='bbox 1694 1525 1753 1570; x_wconf 91' lang='lat' dir='ltr'><strong><em>ut</em></strong></span> <span class='ocrx_word' id='word_1_132' title='bbox 1777 1516 1830 1571; x_wconf 91' lang='lat' dir='ltr'><strong><em>in</em></strong></span> <span class='ocrx_word' id='word_1_133' title='bbox 1857 1531 1918 1571; x_wconf 90' lang='lat' dir='ltr'><strong><em>se</em></strong></span> 
     </span>
    </p>
   </div>
   <div class='ocr_carea' id='block_1_17' title="bbox 317 1607 1916 1678">
    <p class='ocr_par' dir='ltr' id='par_1_17' title="bbox 317 1607 1916 1678">
     <span class='ocr_line' id='line_1_17' title="bbox 317 1607 1916 1678; baseline -0.001 -14"><span class='ocrx_word' id='word_1_134' title='bbox 317 1622 428 1664; x_wconf 84' lang='lat' dir='ltr'><strong><em>non</em></strong></span> <span class='ocrx_word' id='word_1_135' title='bbox 463 1608 647 1662; x_wconf 90' lang='lat' dir='ltr'><strong><em>solum</em></strong></span> <span class='ocrx_word' id='word_1_136' title='bbox 678 1623 856 1662; x_wconf 88' lang='lat' dir='ltr'><strong><em>rerum</em></strong></span> <span class='ocrx_word' id='word_1_137' title='bbox 893 1607 1052 1662; x_wconf 83' lang='lat' dir='ltr'><strong><em>(idem</em></strong></span> <span class='ocrx_word' id='word_1_138' title='bbox 1072 1652 1086 1676; x_wconf 93' lang='lat'><strong><em>,</em></strong></span> <span class='ocrx_word' id='word_1_139' title='bbox 1118 1607 1213 1662; x_wconf 87' lang='lat' dir='ltr'><strong><em>sed</em></strong></span> <span class='ocrx_word' id='word_1_140' title='bbox 1244 1609 1410 1662; x_wconf 87' lang='lat' dir='ltr'><strong><em>etiam</em></strong></span> <span class='ocrx_word' id='word_1_141' title='bbox 1437 1608 1791 1678; x_wconf 78' lang='lat' dir='ltr'><strong><em>expositionis</em></strong></span> <span class='ocrx_word' id='word_1_142' title='bbox 1821 1609 1916 1663; x_wconf 87' lang='lat' dir='ltr'><strong><em>ha-</em></strong></span> 
     </span>
    </p>
   </div>
   <div class='ocr_carea' id='block_1_18' title="bbox 314 1700 1913 1772">
    <p class='ocr_par' dir='ltr' id='par_1_18' title="bbox 314 1700 1913 1772">
     <span class='ocr_line' id='line_1_18' title="bbox 314 1700 1913 1772; baseline 0.001 -16"><span class='ocrx_word' id='word_1_143' title='bbox 314 1700 447 1756; x_wconf 85' lang='lat' dir='ltr'><strong><em>heat</em></strong></span> <span class='ocrx_word' id='word_1_144' title='bbox 468 1701 816 1756; x_wconf 78' lang='lat' dir='ltr'><strong><em>claritatem?</em></strong></span> <span class='ocrx_word' id='word_1_145' title='bbox 838 1700 1053 1755; x_wconf 79' lang='lat' dir='ltr'><strong><em>Gratias</em></strong></span> <span class='ocrx_word' id='word_1_146' title='bbox 1079 1702 1222 1756; x_wconf 89' lang='lat' dir='ltr'><strong><em>enim</em></strong></span> <span class='ocrx_word' id='word_1_147' title='bbox 1253 1717 1418 1772; x_wconf 84' lang='lat' dir='ltr'><strong><em>agere</em></strong></span> <span class='ocrx_word' id='word_1_148' title='bbox 1449 1717 1550 1756; x_wconf 92' lang='lat' dir='ltr'><strong><em>nos</em></strong></span> <span class='ocrx_word' id='word_1_149' title='bbox 1578 1703 1720 1757; x_wconf 90' lang='lat' dir='ltr'><strong><em>Patri</em></strong></span> <span class='ocrx_word' id='word_1_150' title='bbox 1739 1703 1913 1772; x_wconf 81' lang='lat' dir='ltr'><strong><em>jubet,</em></strong></span> 
     </span>
    </p>
   </div>
   <div class='ocr_carea' id='block_1_19' title="bbox 2031 496 3622 577">
    <p class='ocr_par' dir='ltr' id='par_1_19' title="bbox 2031 496 3622 577">
     <span class='ocr_line' id='line_1_19' title="bbox 2031 496 3622 577; baseline 0.011 -31"><span class='ocrx_word' id='word_1_151' title='bbox 2031 503 2080 547; x_wconf 88' lang='lat' dir='ltr'><strong><em>et</em></strong></span> <span class='ocrx_word' id='word_1_152' title='bbox 2125 511 2214 562; x_wconf 85' lang='lat' dir='ltr'><strong><em>per</em></strong></span> <span class='ocrx_word' id='word_1_153' title='bbox 2254 496 2423 562; x_wconf 89' lang='lat' dir='ltr'><strong><em>ipsum</em></strong></span> <span class='ocrx_word' id='word_1_154' title='bbox 2466 499 2798 554; x_wconf 81' lang='lat' dir='ltr'><strong><em>reconciliare</em></strong></span> <span class='ocrx_word' id='word_1_155' title='bbox 2829 504 2998 554; x_wconf 88' lang='lat' dir='ltr'><strong><em>omnia</em></strong></span> <span class='ocrx_word' id='word_1_156' title='bbox 3026 504 3077 556; x_wconf 92' lang='lat' dir='ltr'><strong><em>in</em></strong></span> <span class='ocrx_word' id='word_1_157' title='bbox 3107 505 3304 576; x_wconf 87' lang='lat' dir='ltr'><strong><em>ipsum,</em></strong></span> <span class='ocrx_word' id='word_1_158' title='bbox 3335 509 3622 577; x_wconf 84' lang='lat' dir='ltr'><strong><em>paciﬁcans</em></strong></span> 
     </span>
    </p>
   </div>
   <div class='ocr_carea' id='block_1_20' title="bbox 2030 591 3620 671">
    <p class='ocr_par' dir='ltr' id='par_1_20' title="bbox 2030 591 3620 671">
     <span class='ocr_line' id='line_1_20' title="bbox 2030 591 3620 671; baseline 0.009 -29"><span class='ocrx_word' id='word_1_159' title='bbox 2030 606 2122 659; x_wconf 86' lang='lat' dir='ltr'><strong><em>per</em></strong></span> <span class='ocrx_word' id='word_1_160' title='bbox 2145 591 2450 662; x_wconf 88' lang='lat' dir='ltr'><strong><em>sanguinem</em></strong></span> <span class='ocrx_word' id='word_1_161' title='bbox 2472 593 2639 646; x_wconf 88' lang='lat' dir='ltr'><strong><em>crucis</em></strong></span> <span class='ocrx_word' id='word_1_162' title='bbox 2668 596 2803 665; x_wconf 87' lang='lat' dir='ltr'><strong><em>ejus,</em></strong></span> <span class='ocrx_word' id='word_1_163' title='bbox 2832 595 2935 648; x_wconf 89' lang='lat' dir='ltr'><strong><em>sive</em></strong></span> <span class='ocrx_word' id='word_1_164' title='bbox 2961 613 3076 667; x_wconf 74' lang='lat' dir='ltr'><strong><em>quae</em></strong></span> <span class='ocrx_word' id='word_1_165' title='bbox 3097 598 3151 650; x_wconf 92' lang='lat' dir='ltr'><strong><em>in</em></strong></span> <span class='ocrx_word' id='word_1_166' title='bbox 3176 598 3344 660; x_wconf 69' lang='lat' dir='ltr'><strong><em>caelis,</em></strong></span> <span class='ocrx_word' id='word_1_167' title='bbox 3376 601 3479 655; x_wconf 87' lang='lat' dir='ltr'><strong><em>sive</em></strong></span> <span class='ocrx_word' id='word_1_168' title='bbox 3507 617 3620 671; x_wconf 71' lang='lat' dir='ltr'><strong><em>qua</em></strong></span> 
     </span>
    </p>
   </div>
   <div class='ocr_carea' id='block_1_21' title="bbox 2029 679 3621 757">
    <p class='ocr_par' dir='ltr' id='par_1_21' title="bbox 2029 679 3621 757">
     <span class='ocr_line' id='line_1_21' title="bbox 2029 679 3621 757; baseline 0.01 -25"><span class='ocrx_word' id='word_1_169' title='bbox 2029 679 2085 732; x_wconf 90' lang='lat' dir='ltr'><strong><em>in</em></strong></span> <span class='ocrx_word' id='word_1_170' title='bbox 2118 690 2258 734; x_wconf 90' lang='lat' dir='ltr'><strong><em>terra</em></strong></span> <span class='ocrx_word' id='word_1_171' title='bbox 2287 691 2428 736; x_wconf 88' lang='lat' dir='ltr'><strong><em>sunt.</em></strong></span> <span class='ocrx_word' id='word_1_172' title='bbox 2456 682 2724 752; x_wconf 83' lang='lat' dir='ltr'><strong><em>Numquid</em></strong></span> <span class='ocrx_word' id='word_1_173' title='bbox 2753 685 2958 756; x_wconf 81' lang='lat' dir='ltr'><strong><em>indiget</em></strong></span> <span class='ocrx_word' id='word_1_174' title='bbox 2986 689 3216 757; x_wconf 87' lang='lat' dir='ltr'><strong><em>primatu</em></strong></span> <span class='ocrx_word' id='word_1_175' title='bbox 3246 692 3621 748; x_wconf 84' lang='lat' dir='ltr'><strong><em>universorum</em></strong></span> 
     </span>
    </p>
   </div>
   <div class='ocr_carea' id='block_1_22' title="bbox 2030 771 3620 850">
    <p class='ocr_par' dir='ltr' id='par_1_22' title="bbox 2030 771 3620 850">
     <span class='ocr_line' id='line_1_22' title="bbox 2030 771 3620 850; baseline 0.007 -22"><span class='ocrx_word' id='word_1_176' title='bbox 2030 771 2253 828; x_wconf 88' lang='lat' dir='ltr'><strong><em>Creator</em></strong></span> <span class='ocrx_word' id='word_1_177' title='bbox 2275 774 2556 828; x_wconf 87' lang='lat' dir='ltr'><strong><em>omnium?</em></strong></span> <span class='ocrx_word' id='word_1_178' title='bbox 2587 787 2680 830; x_wconf 91' lang='lat' dir='ltr'><strong><em>aut</em></strong></span> <span class='ocrx_word' id='word_1_179' title='bbox 2707 777 2940 846; x_wconf 86' lang='lat' dir='ltr'><strong><em>primatu</em></strong></span> <span class='ocrx_word' id='word_1_180' title='bbox 2964 794 3151 832; x_wconf 90' lang='lat' dir='ltr'><strong><em>eorum</em></strong></span> <span class='ocrx_word' id='word_1_181' title='bbox 3182 795 3300 850; x_wconf 73' lang='lat' dir='ltr'><strong><em>qua:</em></strong></span> <span class='ocrx_word' id='word_1_182' title='bbox 3329 797 3358 835; x_wconf 88' lang='lat' dir='ltr'><strong><em>a</em></strong></span> <span class='ocrx_word' id='word_1_183' title='bbox 3385 799 3444 837; x_wconf 90' lang='lat' dir='ltr'><strong><em>se</em></strong></span> <span class='ocrx_word' id='word_1_184' title='bbox 3473 784 3620 839; x_wconf 77' lang='lat' dir='ltr'><strong><em>facta</em></strong></span> 
     </span>
    </p>
   </div>
   <div class='ocr_carea' id='block_1_23' title="bbox 2030 867 3620 944">
    <p class='ocr_par' dir='ltr' id='par_1_23' title="bbox 2030 867 3620 944">
     <span class='ocr_line' id='line_1_23' title="bbox 2030 867 3620 944; baseline 0.006 -22"><span class='ocrx_word' id='word_1_185' title='bbox 2030 875 2184 930; x_wconf 84' lang='lat' dir='ltr'><strong><em>sunt,</em></strong></span> <span class='ocrx_word' id='word_1_186' title='bbox 2214 868 2329 937; x_wconf 88' lang='lat' dir='ltr'><strong><em>ipse</em></strong></span> <span class='ocrx_word' id='word_1_187' title='bbox 2349 868 2440 938; x_wconf 90' lang='lat' dir='ltr'><strong><em>qui</em></strong></span> <span class='ocrx_word' id='word_1_188' title='bbox 2471 867 2634 923; x_wconf 79' lang='lat' dir='ltr'><strong><em>fecit?</em></strong></span> <span class='ocrx_word' id='word_1_189' title='bbox 2662 873 2768 924; x_wconf 81' lang='lat' dir='ltr'><strong><em>Aut</em></strong></span> <span class='ocrx_word' id='word_1_190' title='bbox 2801 872 3059 941; x_wconf 90' lang='lat' dir='ltr'><strong><em>numquid</em></strong></span> <span class='ocrx_word' id='word_1_191' title='bbox 3087 872 3194 925; x_wconf 89' lang='lat' dir='ltr'><strong><em>diei</em></strong></span> <span class='ocrx_word' id='word_1_192' title='bbox 3220 873 3289 928; x_wconf 89' lang='lat' dir='ltr'><strong><em>de</em></strong></span> <span class='ocrx_word' id='word_1_193' title='bbox 3315 873 3495 929; x_wconf 89' lang='lat' dir='ltr'><strong><em>Verbo</em></strong></span> <span class='ocrx_word' id='word_1_194' title='bbox 3524 889 3620 944; x_wconf 84' lang='lat' dir='ltr'><strong><em>po-</em></strong></span> 
     </span>
    </p>
   </div>
   <div class='ocr_carea' id='block_1_24' title="bbox 2030 959 3618 1033">
    <p class='ocr_par' dir='ltr' id='par_1_24' title="bbox 2030 959 3618 1033">
     <span class='ocr_line' id='line_1_24' title="bbox 2030 959 3618 1033; baseline 0.006 -20"><span class='ocrx_word' id='word_1_195' title='bbox 2030 967 2135 1013; x_wconf 89' lang='lat' dir='ltr'><strong><em>test</em></strong></span> <span class='ocrx_word' id='word_1_196' title='bbox 2186 959 2328 1030; x_wconf 91' lang='lat' dir='ltr'><strong><em>quod</em></strong></span> <span class='ocrx_word' id='word_1_197' title='bbox 2363 959 2413 1013; x_wconf 90' lang='lat' dir='ltr'><strong><em>in</em></strong></span> <span class='ocrx_word' id='word_1_198' title='bbox 2462 975 2530 1015; x_wconf 89' lang='lat' dir='ltr'><strong><em>eo</em></strong></span> <span class='ocrx_word' id='word_1_199' title='bbox 2577 962 2666 1031; x_wconf 88' lang='lat' dir='ltr'><strong><em>qui</em></strong></span> <span class='ocrx_word' id='word_1_200' title='bbox 2721 961 2792 1016; x_wconf 85' lang='lat' dir='ltr'><strong><em>sit</em></strong></span> <span class='ocrx_word' id='word_1_201' title='bbox 2837 963 3228 1033; x_wconf 87' lang='lat' dir='ltr'><strong><em>primogenitus</em></strong></span> <span class='ocrx_word' id='word_1_202' title='bbox 3277 980 3342 1019; x_wconf 81' lang='lat' dir='ltr'><strong><em>ex</em></strong></span> <span class='ocrx_word' id='word_1_203' title='bbox 3391 968 3618 1022; x_wconf 88' lang='lat' dir='ltr'><strong><em>mortuis</em></strong></span> 
     </span>
    </p>
   </div>
   <div class='ocr_carea' id='block_1_25' title="bbox 2027 1051 3619 1126">
    <p class='ocr_par' dir='ltr' id='par_1_25' title="bbox 2027 1051 3619 1126">
     <span class='ocr_line' id='line_1_25' title="bbox 2027 1051 3619 1126; baseline 0.005 -21"><span class='ocrx_word' id='word_1_204' title='bbox 2027 1051 2418 1120; x_wconf 86' lang='lat' dir='ltr'><strong><em>complacuerit</em></strong></span> <span class='ocrx_word' id='word_1_205' title='bbox 2440 1067 2658 1106; x_wconf 90' lang='lat' dir='ltr'><strong><em>omnem</em></strong></span> <span class='ocrx_word' id='word_1_206' title='bbox 2689 1052 3082 1121; x_wconf 86' lang='lat' dir='ltr'><strong><em>plenitudinem</em></strong></span> <span class='ocrx_word' id='word_1_207' title='bbox 3105 1055 3372 1121; x_wconf 80' lang='lat' dir='ltr'><strong><em>habitare,</em></strong></span> <span class='ocrx_word' id='word_1_208' title='bbox 3396 1057 3487 1126; x_wconf 90' lang='lat' dir='ltr'><strong><em>qui</em></strong></span> <span class='ocrx_word' id='word_1_209' title='bbox 3517 1058 3619 1113; x_wconf 63' lang='lat' dir='ltr'><strong><em>utia</em></strong></span> 
     </span>
    </p>
   </div>
   <div class='ocr_carea' id='block_1_26' title="bbox 2026 1145 3618 1215">
    <p class='ocr_par' dir='ltr' id='par_1_26' title="bbox 2026 1145 3618 1215">
     <span class='ocr_line' id='line_1_26' title="bbox 2026 1145 3618 1215; baseline 0.006 -17"><span class='ocrx_word' id='word_1_210' title='bbox 2026 1158 2132 1214; x_wconf 90' lang='lat' dir='ltr'><strong><em>que</em></strong></span> <span class='ocrx_word' id='word_1_211' title='bbox 2172 1145 2486 1215; x_wconf 89' lang='lat' dir='ltr'><strong><em>unigenitus</em></strong></span> <span class='ocrx_word' id='word_1_212' title='bbox 2537 1146 2709 1200; x_wconf 88' lang='lat' dir='ltr'><strong><em>Filius</em></strong></span> <span class='ocrx_word' id='word_1_213' title='bbox 2741 1147 2871 1214; x_wconf 91' lang='lat' dir='ltr'><strong><em>Dei,</em></strong></span> <span class='ocrx_word' id='word_1_214' title='bbox 2908 1146 3144 1203; x_wconf 91' lang='lat' dir='ltr'><strong><em>Verbum</em></strong></span> <span class='ocrx_word' id='word_1_215' title='bbox 3201 1150 3294 1204; x_wconf 86' lang='lat' dir='ltr'><strong><em>Dei</em></strong></span> <span class='ocrx_word' id='word_1_216' title='bbox 3342 1161 3468 1206; x_wconf 86' lang='lat' dir='ltr'><strong><em>ante</em></strong></span> <span class='ocrx_word' id='word_1_217' title='bbox 3497 1153 3618 1208; x_wconf 87' lang='lat' dir='ltr'><strong><em>uni-</em></strong></span> 
     </span>
    </p>
   </div>
   <div class='ocr_carea' id='block_1_27' title="bbox 2024 1237 3617 1303">
    <p class='ocr_par' dir='ltr' id='par_1_27' title="bbox 2024 1237 3617 1303">
     <span class='ocr_line' id='line_1_27' title="bbox 2024 1237 3617 1303; baseline 0.006 -13"><span class='ocrx_word' id='word_1_218' title='bbox 2024 1251 2182 1290; x_wconf 87' lang='lat' dir='ltr'><strong><em>versa</em></strong></span> <span class='ocrx_word' id='word_1_219' title='bbox 2212 1253 2391 1292; x_wconf 87' lang='lat' dir='ltr'><strong><em>rerum</em></strong></span> <span class='ocrx_word' id='word_1_220' title='bbox 2423 1237 2687 1303; x_wconf 79' lang='lat' dir='ltr'><strong><em>exordia,</em></strong></span> <span class='ocrx_word' id='word_1_221' title='bbox 2723 1238 2939 1294; x_wconf 87' lang='lat' dir='ltr'><strong><em>Patrem</em></strong></span> <span class='ocrx_word' id='word_1_222' title='bbox 2975 1241 3300 1297; x_wconf 81' lang='lat' dir='ltr'><strong><em>invisibilem</em></strong></span> <span class='ocrx_word' id='word_1_223' title='bbox 3336 1243 3388 1296; x_wconf 91' lang='lat' dir='ltr'><strong><em>in</em></strong></span> <span class='ocrx_word' id='word_1_224' title='bbox 3420 1259 3480 1298; x_wconf 88' lang='lat' dir='ltr'><strong><em>se</em></strong></span> <span class='ocrx_word' id='word_1_225' title='bbox 3517 1244 3617 1300; x_wconf 84' lang='lat' dir='ltr'><strong><em>ha-</em></strong></span> 
     </span>
    </p>
   </div>
   <div class='ocr_carea' id='block_1_28' title="bbox 2023 1327 3616 1402">
    <p class='ocr_par' dir='ltr' id='par_1_28' title="bbox 2023 1327 3616 1402">
     <span class='ocr_line' id='line_1_28' title="bbox 2023 1327 3616 1402; baseline 0.005 -20"><span class='ocrx_word' id='word_1_226' title='bbox 2023 1327 2159 1382; x_wconf 87' lang='lat' dir='ltr'><strong><em>bens</em></strong></span> <span class='ocrx_word' id='word_1_227' title='bbox 2180 1371 2195 1395; x_wconf 91' lang='lat'><strong><em>,</em></strong></span> <span class='ocrx_word' id='word_1_228' title='bbox 2252 1329 2324 1384; x_wconf 91' lang='lat' dir='ltr'><strong><em>ita</em></strong></span> <span class='ocrx_word' id='word_1_229' title='bbox 2360 1330 2508 1398; x_wconf 88' lang='lat' dir='ltr'><strong><em>prius</em></strong></span> <span class='ocrx_word' id='word_1_230' title='bbox 2534 1345 2752 1385; x_wconf 88' lang='lat' dir='ltr'><strong><em>omnem</em></strong></span> <span class='ocrx_word' id='word_1_231' title='bbox 2804 1331 3190 1399; x_wconf 84' lang='lat' dir='ltr'><strong><em>plenitudinem</em></strong></span> <span class='ocrx_word' id='word_1_232' title='bbox 3222 1334 3274 1387; x_wconf 92' lang='lat' dir='ltr'><strong><em>in</em></strong></span> <span class='ocrx_word' id='word_1_233' title='bbox 3305 1349 3364 1388; x_wconf 88' lang='lat' dir='ltr'><strong><em>se</em></strong></span> <span class='ocrx_word' id='word_1_234' title='bbox 3397 1333 3616 1402; x_wconf 81' lang='lat' dir='ltr'><strong><em>habuit,</em></strong></span> 
     </span>
    </p>
   </div>
   <div class='ocr_carea' id='block_1_29' title="bbox 2025 1421 3618 1496">
    <p class='ocr_par' dir='ltr' id='par_1_29' title="bbox 2025 1421 3618 1496">
     <span class='ocr_line' id='line_1_29' title="bbox 2025 1421 3618 1496; baseline 0.006 -23"><span class='ocrx_word' id='word_1_235' title='bbox 2025 1428 2249 1476; x_wconf 86' lang='lat' dir='ltr'><strong><em>utesset</em></strong></span> <span class='ocrx_word' id='word_1_236' title='bbox 2277 1421 2394 1490; x_wconf 92' lang='lat' dir='ltr'><strong><em>ipse</em></strong></span> <span class='ocrx_word' id='word_1_237' title='bbox 2425 1423 2667 1476; x_wconf 90' lang='lat' dir='ltr'><strong><em>omnium</em></strong></span> <span class='ocrx_word' id='word_1_238' title='bbox 2700 1422 3021 1490; x_wconf 80' lang='lat' dir='ltr'><strong><em>plenitudo?</em></strong></span> <span class='ocrx_word' id='word_1_239' title='bbox 3053 1424 3119 1479; x_wconf 87' lang='lat' dir='ltr'><strong><em>Et</em></strong></span> <span class='ocrx_word' id='word_1_240' title='bbox 3148 1425 3274 1494; x_wconf 90' lang='lat' dir='ltr'><strong><em>quid</em></strong></span> <span class='ocrx_word' id='word_1_241' title='bbox 3308 1429 3618 1496; x_wconf 84' lang='lat' dir='ltr'><strong><em>postremo?</em></strong></span> 
     </span>
    </p>
   </div>
   <div class='ocr_carea' id='block_1_30' title="bbox 2026 1511 3617 1592">
    <p class='ocr_par' dir='ltr' id='par_1_30' title="bbox 2026 1511 3617 1592">
     <span class='ocr_line' id='line_1_30' title="bbox 2026 1511 3617 1592; baseline 0.006 -27"><span class='ocrx_word' id='word_1_242' title='bbox 2026 1511 2237 1581; x_wconf 86' lang='lat' dir='ltr'><strong><em>Omnia,</em></strong></span> <span class='ocrx_word' id='word_1_243' title='bbox 2271 1514 2477 1584; x_wconf 90' lang='lat' dir='ltr'><strong><em>inquit,</em></strong></span> <span class='ocrx_word' id='word_1_244' title='bbox 2523 1515 2804 1585; x_wconf 86' lang='lat' dir='ltr'><strong><em>pacificans</em></strong></span> <span class='ocrx_word' id='word_1_245' title='bbox 2832 1532 2923 1585; x_wconf 88' lang='lat' dir='ltr'><strong><em>per</em></strong></span> <span class='ocrx_word' id='word_1_246' title='bbox 2952 1518 3255 1587; x_wconf 85' lang='lat' dir='ltr'><strong><em>sanguinem</em></strong></span> <span class='ocrx_word' id='word_1_247' title='bbox 3284 1521 3453 1573; x_wconf 89' lang='lat' dir='ltr'><strong><em>crucis</em></strong></span> <span class='ocrx_word' id='word_1_248' title='bbox 3499 1524 3617 1592; x_wconf 83' lang='lat' dir='ltr'><strong><em>ejus</em></strong></span> 
     </span>
    </p>
   </div>
   <div class='ocr_carea' id='block_1_31' title="bbox 2021 1603 3617 1673">
    <p class='ocr_par' dir='ltr' id='par_1_31' title="bbox 2021 1603 3617 1673">
     <span class='ocr_line' id='line_1_31' title="bbox 2021 1603 3617 1673; baseline 0.006 -16"><span class='ocrx_word' id='word_1_249' title='bbox 2021 1603 2127 1657; x_wconf 83' lang='lat' dir='ltr'><strong><em>sive</em></strong></span> <span class='ocrx_word' id='word_1_250' title='bbox 2151 1619 2266 1673; x_wconf 74' lang='lat' dir='ltr'><strong><em>qua:</em></strong></span> <span class='ocrx_word' id='word_1_251' title='bbox 2291 1604 2344 1657; x_wconf 91' lang='lat' dir='ltr'><strong><em>in</em></strong></span> <span class='ocrx_word' id='word_1_252' title='bbox 2371 1613 2506 1657; x_wconf 86' lang='lat' dir='ltr'><strong><em>terra</em></strong></span> <span class='ocrx_word' id='word_1_253' title='bbox 2528 1647 2542 1668; x_wconf 92' lang='lat'><strong><em>,</em></strong></span> <span class='ocrx_word' id='word_1_254' title='bbox 2574 1606 2683 1659; x_wconf 90' lang='lat' dir='ltr'><strong><em>sive</em></strong></span> <span class='ocrx_word' id='word_1_255' title='bbox 2707 1622 2820 1672; x_wconf 72' lang='lat' dir='ltr'><strong><em>qua:</em></strong></span> <span class='ocrx_word' id='word_1_256' title='bbox 2850 1607 2900 1660; x_wconf 91' lang='lat' dir='ltr'><strong><em>in</em></strong></span> <span class='ocrx_word' id='word_1_257' title='bbox 2925 1606 3066 1661; x_wconf 70' lang='lat' dir='ltr'><strong><em>cmlis</em></strong></span> <span class='ocrx_word' id='word_1_258' title='bbox 3088 1618 3224 1662; x_wconf 89' lang='lat' dir='ltr'><strong><em>sunt.</em></strong></span> <span class='ocrx_word' id='word_1_259' title='bbox 3256 1609 3617 1666; x_wconf 75' lang='lat' dir='ltr'><strong><em>Manifestavit</em></strong></span> 
     </span>
    </p>
   </div>
   <div class='ocr_carea' id='block_1_32' title="bbox 2023 1694 3616 1770">
    <p class='ocr_par' dir='ltr' id='par_1_32' title="bbox 2023 1694 3616 1770">
     <span class='ocr_line' id='line_1_32' title="bbox 2023 1694 3616 1770; baseline 0.004 -22"><span class='ocrx_word' id='word_1_260' title='bbox 2023 1694 2207 1765; x_wconf 87' lang='lat' dir='ltr'><strong><em>utique</em></strong></span> <span class='ocrx_word' id='word_1_261' title='bbox 2248 1695 2591 1764; x_wconf 86' lang='lat' dir='ltr'><strong><em>apertissime</em></strong></span> <span class='ocrx_word' id='word_1_262' title='bbox 2619 1695 2686 1749; x_wconf 93' lang='lat' dir='ltr'><strong><em>dc</em></strong></span> <span class='ocrx_word' id='word_1_263' title='bbox 2729 1710 2836 1766; x_wconf 91' lang='lat' dir='ltr'><strong><em>quo</em></strong></span> <span class='ocrx_word' id='word_1_264' title='bbox 2879 1696 3119 1764; x_wconf 87' lang='lat' dir='ltr'><strong><em>diceret,</em></strong></span> <span class='ocrx_word' id='word_1_265' title='bbox 3151 1713 3310 1768; x_wconf 86' lang='lat' dir='ltr'><strong><em>quem</em></strong></span> <span class='ocrx_word' id='word_1_266' title='bbox 3340 1699 3616 1770; x_wconf 85' lang='lat' dir='ltr'><strong><em>primoge-</em></strong></span> 
     </span>
    </p>
   </div>
   <div class='ocr_carea' id='block_1_33' title="bbox 317 1789 3615 1866">
    <p class='ocr_par' dir='ltr' id='par_1_33' title="bbox 317 1789 3615 1866">
     <span class='ocr_line' id='line_1_33' title="bbox 317 1789 3615 1866; baseline 0.001 -20"><span class='ocrx_word' id='word_1_267' title='bbox 317 1808 526 1863; x_wconf 83' lang='lat' dir='ltr'><strong><em>magna</em></strong></span> <span class='ocrx_word' id='word_1_268' title='bbox 573 1793 761 1861; x_wconf 86' lang='lat' dir='ltr'><strong><em>utique</em></strong></span> <span class='ocrx_word' id='word_1_269' title='bbox 803 1807 956 1846; x_wconf 85' lang='lat' dir='ltr'><strong><em>causa</em></strong></span> <span class='ocrx_word' id='word_1_270' title='bbox 1000 1793 1225 1862; x_wconf 52' lang='lat' dir='ltr'><strong><em>agendte</em></strong></span> <span class='ocrx_word' id='word_1_271' title='bbox 1267 1795 1456 1863; x_wconf 80' lang='lat' dir='ltr'><strong><em>gratia:</em></strong></span> <span class='ocrx_word' id='word_1_272' title='bbox 1487 1795 1695 1864; x_wconf 79' lang='lat' dir='ltr'><strong><em>adjecta</em></strong></span> <span class='ocrx_word' id='word_1_273' title='bbox 1721 1836 1736 1861; x_wconf 96' lang='lat'><strong><em>,</em></strong></span> <span class='ocrx_word' id='word_1_274' title='bbox 1782 1796 1909 1866; x_wconf 82' lang='lat' dir='ltr'><strong><em>quia</em></strong></span> <span class='ocrx_word' id='word_1_275' title='bbox 1939 1803 1990 1864; x_wconf 81' lang='grc' dir='ltr'><strong>Β</strong></span> <span class='ocrx_word' id='word_1_276' title='bbox 2023 1789 2198 1843; x_wconf 92' lang='lat' dir='ltr'><strong><em>nitum</em></strong></span> <span class='ocrx_word' id='word_1_277' title='bbox 2239 1804 2306 1843; x_wconf 82' lang='lat' dir='ltr'><strong><em>ex</em></strong></span> <span class='ocrx_word' id='word_1_278' title='bbox 2347 1789 2579 1842; x_wconf 87' lang='lat' dir='ltr'><strong><em>mortuis</em></strong></span> <span class='ocrx_word' id='word_1_279' title='bbox 2629 1790 2978 1844; x_wconf 88' lang='lat' dir='ltr'><strong><em>nominasset.</em></strong></span> <span class='ocrx_word' id='word_1_280' title='bbox 3015 1790 3280 1861; x_wconf 77' lang='lat' dir='ltr'><strong><em>Numquid</em></strong></span> <span class='ocrx_word' id='word_1_281' title='bbox 3325 1792 3468 1847; x_wconf 90' lang='lat' dir='ltr'><strong><em>enim</em></strong></span> <span class='ocrx_word' id='word_1_282' title='bbox 3520 1809 3615 1864; x_wconf 86' lang='lat' dir='ltr'><strong><em>per</em></strong></span> 
     </span>
    </p>
   </div>
   <div class='ocr_carea' id='block_1_34' title="bbox 325 1883 1916 1955">
    <p class='ocr_par' dir='ltr' id='par_1_34' title="bbox 325 1883 1916 1955">
     <span class='ocr_line' id='line_1_34' title="bbox 325 1883 1916 1955; baseline 0.003 -16"><span class='ocrx_word' id='word_1_283' title='bbox 325 1885 534 1955; x_wconf 86' lang='lat' dir='ltr'><strong><em>dignos</em></strong></span> <span class='ocrx_word' id='word_1_284' title='bbox 561 1899 660 1938; x_wconf 89' lang='lat' dir='ltr'><strong><em>nos</em></strong></span> <span class='ocrx_word' id='word_1_285' title='bbox 711 1883 895 1938; x_wconf 80' lang='lat' dir='ltr'><strong><em>iecerit</em></strong></span> <span class='ocrx_word' id='word_1_286' title='bbox 930 1885 1182 1954; x_wconf 89' lang='lat' dir='ltr'><strong><em>portione</em></strong></span> <span class='ocrx_word' id='word_1_287' title='bbox 1232 1897 1544 1941; x_wconf 90' lang='lat' dir='ltr'><strong><em>sanctorum</em></strong></span> <span class='ocrx_word' id='word_1_288' title='bbox 1566 1929 1580 1953; x_wconf 94' lang='lat'><strong><em>,</em></strong></span> <span class='ocrx_word' id='word_1_289' title='bbox 1613 1897 1668 1942; x_wconf 91' lang='lat' dir='ltr'><strong><em>et</em></strong></span> <span class='ocrx_word' id='word_1_290' title='bbox 1697 1897 1916 1954; x_wconf 88' lang='lat' dir='ltr'><strong><em>ereptos</em></strong></span> 
     </span>
    </p>
   </div>
   <div class='ocr_carea' id='block_1_35' title="bbox 327 1977 1916 2050">
    <p class='ocr_par' dir='ltr' id='par_1_35' title="bbox 327 1977 1916 2050">
     <span class='ocr_line' id='line_1_35' title="bbox 327 1977 1916 2050; baseline 0.001 -17"><span class='ocrx_word' id='word_1_291' title='bbox 327 1978 398 2035; x_wconf 90' lang='lat' dir='ltr'><strong><em>de</em></strong></span> <span class='ocrx_word' id='word_1_292' title='bbox 429 1986 696 2048; x_wconf 87' lang='lat' dir='ltr'><strong><em>potestate</em></strong></span> <span class='ocrx_word' id='word_1_293' title='bbox 723 1977 1065 2032; x_wconf 87' lang='lat' dir='ltr'><strong><em>tenebrarum</em></strong></span> <span class='ocrx_word' id='word_1_294' title='bbox 1101 1981 1440 2034; x_wconf 82' lang='lat' dir='ltr'><strong><em>transtulerit</em></strong></span> <span class='ocrx_word' id='word_1_295' title='bbox 1469 1981 1521 2034; x_wconf 92' lang='lat' dir='ltr'><strong><em>in</em></strong></span> <span class='ocrx_word' id='word_1_296' title='bbox 1543 1995 1770 2050; x_wconf 79' lang='lat' dir='ltr'><strong><em>regnum</em></strong></span> <span class='ocrx_word' id='word_1_297' title='bbox 1797 1979 1916 2036; x_wconf 83' lang='lat' dir='ltr'><strong><em>Filii</em></strong></span> 
     </span>
    </p>
   </div>
   <div class='ocr_carea' id='block_1_36' title="bbox 323 2070 1916 2144">
    <p class='ocr_par' dir='ltr' id='par_1_36' title="bbox 323 2070 1916 2144">
     <span class='ocr_line' id='line_1_36' title="bbox 323 2070 1916 2144; baseline 0.001 -17"><span class='ocrx_word' id='word_1_298' title='bbox 323 2070 630 2128; x_wconf 84' lang='lat' dir='ltr'><strong><em>dilectionis</em></strong></span> <span class='ocrx_word' id='word_1_299' title='bbox 658 2087 798 2138; x_wconf 76' lang='lat' dir='ltr'><strong><em>Sine,</em></strong></span> <span class='ocrx_word' id='word_1_300' title='bbox 831 2072 882 2126; x_wconf 93' lang='lat' dir='ltr'><strong><em>in</em></strong></span> <span class='ocrx_word' id='word_1_301' title='bbox 919 2089 1026 2142; x_wconf 89' lang='lat' dir='ltr'><strong><em>quo</em></strong></span> <span class='ocrx_word' id='word_1_302' title='bbox 1054 2073 1350 2128; x_wconf 90' lang='lat' dir='ltr'><strong><em>habeamus</em></strong></span> <span class='ocrx_word' id='word_1_303' title='bbox 1395 2075 1827 2144; x_wconf 85' lang='lat' dir='ltr'><strong><em>redemptionem</em></strong></span> <span class='ocrx_word' id='word_1_304' title='bbox 1861 2083 1916 2129; x_wconf 93' lang='lat' dir='ltr'><strong><em>et</em></strong></span> 
     </span>
    </p>
   </div>
   <div class='ocr_carea' id='block_1_37' title="bbox 315 2165 1914 2236">
    <p class='ocr_par' dir='ltr' id='par_1_37' title="bbox 315 2165 1914 2236">
     <span class='ocr_line' id='line_1_37' title="bbox 315 2165 1914 2236; baseline 0 -14"><span class='ocrx_word' id='word_1_305' title='bbox 315 2166 702 2222; x_wconf 86' lang='lat' dir='ltr'><strong><em>remissionem</em></strong></span> <span class='ocrx_word' id='word_1_306' title='bbox 757 2175 1142 2234; x_wconf 87' lang='lat' dir='ltr'><strong><em>peccatorum;</em></strong></span> <span class='ocrx_word' id='word_1_307' title='bbox 1181 2165 1271 2236; x_wconf 89' lang='lat' dir='ltr'><strong><em>qui</em></strong></span> <span class='ocrx_word' id='word_1_308' title='bbox 1303 2167 1374 2219; x_wconf 89' lang='lat' dir='ltr'><strong><em>sit</em></strong></span> <span class='ocrx_word' id='word_1_309' title='bbox 1402 2166 1579 2236; x_wconf 84' lang='lat' dir='ltr'><strong><em>imago</em></strong></span> <span class='ocrx_word' id='word_1_310' title='bbox 1601 2167 1697 2221; x_wconf 87' lang='lat' dir='ltr'><strong><em>Dei</em></strong></span> <span class='ocrx_word' id='word_1_311' title='bbox 1730 2167 1914 2222; x_wconf 78' lang='lat' dir='ltr'><strong><em>invisi-</em></strong></span> 
     </span>
    </p>
   </div>
   <div class='ocr_carea' id='block_1_38' title="bbox 317 2257 1914 2329">
    <p class='ocr_par' dir='ltr' id='par_1_38' title="bbox 317 2257 1914 2329">
     <span class='ocr_line' id='line_1_38' title="bbox 317 2257 1914 2329; baseline 0 -14"><span class='ocrx_word' id='word_1_312' title='bbox 317 2259 471 2323; x_wconf 88' lang='lat' dir='ltr'><strong><em>bilis,</em></strong></span> <span class='ocrx_word' id='word_1_313' title='bbox 500 2259 896 2329; x_wconf 86' lang='lat' dir='ltr'><strong><em>primogenitus</em></strong></span> <span class='ocrx_word' id='word_1_314' title='bbox 925 2259 1201 2314; x_wconf 76' lang='lat' dir='ltr'><strong><em>universa:</em></strong></span> <span class='ocrx_word' id='word_1_315' title='bbox 1223 2269 1526 2322; x_wconf 69' lang='lat' dir='ltr'><strong><em>creaturae;</em></strong></span> <span class='ocrx_word' id='word_1_316' title='bbox 1556 2261 1686 2328; x_wconf 89' lang='lat' dir='ltr'><strong><em>quia</em></strong></span> <span class='ocrx_word' id='word_1_317' title='bbox 1713 2257 1765 2313; x_wconf 91' lang='lat' dir='ltr'><strong><em>in</em></strong></span> <span class='ocrx_word' id='word_1_318' title='bbox 1795 2259 1914 2329; x_wconf 92' lang='lat' dir='ltr'><strong><em>ipso</em></strong></span> 
     </span>
    </p>
   </div>
   <div class='ocr_carea' id='block_1_39' title="bbox 316 2351 1915 2422">
    <p class='ocr_par' dir='ltr' id='par_1_39' title="bbox 316 2351 1915 2422">
     <span class='ocr_line' id='line_1_39' title="bbox 316 2351 1915 2422; baseline 0 -15"><span class='ocrx_word' id='word_1_319' title='bbox 316 2367 378 2407; x_wconf 84' lang='lat' dir='ltr'><strong><em>ac</em></strong></span> <span class='ocrx_word' id='word_1_320' title='bbox 408 2366 505 2422; x_wconf 86' lang='lat' dir='ltr'><strong><em>per</em></strong></span> <span class='ocrx_word' id='word_1_321' title='bbox 527 2353 701 2420; x_wconf 91' lang='lat' dir='ltr'><strong><em>ipsum</em></strong></span> <span class='ocrx_word' id='word_1_322' title='bbox 727 2361 912 2407; x_wconf 89' lang='lat' dir='ltr'><strong><em>creata</em></strong></span> <span class='ocrx_word' id='word_1_323' title='bbox 941 2352 1054 2405; x_wconf 91' lang='lat' dir='ltr'><strong><em>sint</em></strong></span> <span class='ocrx_word' id='word_1_324' title='bbox 1078 2351 1281 2415; x_wconf 90' lang='lat' dir='ltr'><strong><em>omnia,</em></strong></span> <span class='ocrx_word' id='word_1_325' title='bbox 1308 2366 1537 2422; x_wconf 91' lang='lat' dir='ltr'><strong><em>quorum</em></strong></span> <span class='ocrx_word' id='word_1_326' title='bbox 1563 2352 1746 2420; x_wconf 87' lang='lat' dir='ltr'><strong><em>utique</em></strong></span> <span class='ocrx_word' id='word_1_327' title='bbox 1776 2353 1915 2408; x_wconf 91' lang='lat' dir='ltr'><strong><em>sicut</em></strong></span> 
     </span>
    </p>
   </div>
   <div class='ocr_carea' id='block_1_40' title="bbox 317 2443 1915 2516">
    <p class='ocr_par' dir='ltr' id='par_1_40' title="bbox 317 2443 1915 2516">
     <span class='ocr_line' id='line_1_40' title="bbox 317 2443 1915 2516; baseline 0.001 -16"><span class='ocrx_word' id='word_1_328' title='bbox 317 2443 491 2500; x_wconf 79' lang='lat' dir='ltr'><strong><em>iactor</em></strong></span> <span class='ocrx_word' id='word_1_329' title='bbox 540 2446 674 2514; x_wconf 87' lang='lat' dir='ltr'><strong><em>ipse,</em></strong></span> <span class='ocrx_word' id='word_1_330' title='bbox 711 2446 787 2500; x_wconf 91' lang='lat' dir='ltr'><strong><em>ita</em></strong></span> <span class='ocrx_word' id='word_1_331' title='bbox 831 2445 1000 2499; x_wconf 88' lang='lat' dir='ltr'><strong><em>etiam</em></strong></span> <span class='ocrx_word' id='word_1_332' title='bbox 1027 2445 1362 2515; x_wconf 80' lang='lat' dir='ltr'><strong><em>gubernator</em></strong></span> <span class='ocrx_word' id='word_1_333' title='bbox 1409 2447 1500 2500; x_wconf 90' lang='lat' dir='ltr'><strong><em>sit.</em></strong></span> <span class='ocrx_word' id='word_1_334' title='bbox 1538 2446 1605 2501; x_wconf 85' lang='lat' dir='ltr'><strong><em>Et</em></strong></span> <span class='ocrx_word' id='word_1_335' title='bbox 1632 2445 1760 2516; x_wconf 91' lang='lat' dir='ltr'><strong><em>quid</em></strong></span> <span class='ocrx_word' id='word_1_336' title='bbox 1794 2455 1915 2516; x_wconf 89' lang='lat' dir='ltr'><strong><em>post</em></strong></span> 
     </span>
    </p>
   </div>
   <div class='ocr_carea' id='block_1_41' title="bbox 318 2536 1915 2611">
    <p class='ocr_par' dir='ltr' id='par_1_41' title="bbox 318 2536 1915 2611">
     <span class='ocr_line' id='line_1_41' title="bbox 318 2536 1915 2611; baseline 0.002 -19"><span class='ocrx_word' id='word_1_337' title='bbox 318 2536 469 2594; x_wconf 73' lang='lat' dir='ltr'><strong><em>haec?</em></strong></span> <span class='ocrx_word' id='word_1_338' title='bbox 501 2536 624 2607; x_wconf 82' lang='lat' dir='ltr'><strong><em>Ipse</em></strong></span> <span class='ocrx_word' id='word_1_339' title='bbox 646 2548 736 2603; x_wconf 86' lang='lat' dir='ltr'><strong><em>est,</em></strong></span> <span class='ocrx_word' id='word_1_340' title='bbox 764 2538 958 2608; x_wconf 87' lang='lat' dir='ltr'><strong><em>inquit,</em></strong></span> <span class='ocrx_word' id='word_1_341' title='bbox 992 2547 1144 2609; x_wconf 84' lang='lat' dir='ltr'><strong><em>caput</em></strong></span> <span class='ocrx_word' id='word_1_342' title='bbox 1170 2541 1399 2610; x_wconf 89' lang='lat' dir='ltr'><strong><em>corporis</em></strong></span> <span class='ocrx_word' id='word_1_343' title='bbox 1426 2539 1692 2605; x_wconf 79' lang='lat' dir='ltr'><strong><em>Ecclesite,</em></strong></span> <span class='ocrx_word' id='word_1_344' title='bbox 1725 2541 1813 2611; x_wconf 88' lang='lat' dir='ltr'><strong><em>qui</em></strong></span> <span class='ocrx_word' id='word_1_345' title='bbox 1840 2551 1915 2595; x_wconf 84' lang='lat' dir='ltr'><strong><em>est</em></strong></span> 
     </span>
    </p>
   </div>
   <div class='ocr_carea' id='block_1_42' title="bbox 318 2632 1911 2700">
    <p class='ocr_par' dir='ltr' id='par_1_42' title="bbox 318 2632 1911 2700">
     <span class='ocr_line' id='line_1_42' title="bbox 318 2632 1911 2700; baseline 0.004 -17"><span class='ocrx_word' id='word_1_346' title='bbox 318 2632 656 2699; x_wconf 84' lang='lat' dir='ltr'><strong><em>principium,</em></strong></span> <span class='ocrx_word' id='word_1_347' title='bbox 680 2632 1056 2700; x_wconf 86' lang='lat' dir='ltr'><strong><em>primogenitus</em></strong></span> <span class='ocrx_word' id='word_1_348' title='bbox 1083 2648 1148 2685; x_wconf 75' lang='lat' dir='ltr'><strong><em>ex</em></strong></span> <span class='ocrx_word' id='word_1_349' title='bbox 1168 2634 1402 2685; x_wconf 85' lang='lat' dir='ltr'><strong><em>mortuis.</em></strong></span> <span class='ocrx_word' id='word_1_350' title='bbox 1433 2632 1911 2690; x_wconf 82' lang='lat' dir='ltr'><strong><em>Resurreclioncm</em></strong></span> 
     </span>
    </p>
   </div>
   <div class='ocr_carea' id='block_1_43' title="bbox 319 2723 1912 2795">
    <p class='ocr_par' dir='ltr' id='par_1_43' title="bbox 319 2723 1912 2795">
     <span class='ocr_line' id='line_1_43' title="bbox 319 2723 1912 2795; baseline 0.003 -20"><span class='ocrx_word' id='word_1_351' title='bbox 319 2723 466 2792; x_wconf 86' lang='lat' dir='ltr'><strong><em>quasi</em></strong></span> <span class='ocrx_word' id='word_1_352' title='bbox 512 2725 926 2793; x_wconf 76' lang='lat' dir='ltr'><strong><em>generationem</em></strong></span> <span class='ocrx_word' id='word_1_353' title='bbox 980 2724 1262 2792; x_wconf 85' lang='lat' dir='ltr'><strong><em>Scriptura</em></strong></span> <span class='ocrx_word' id='word_1_354' title='bbox 1293 2723 1564 2788; x_wconf 90' lang='lat' dir='ltr'><strong><em>nominat;</em></strong></span> <span class='ocrx_word' id='word_1_355' title='bbox 1597 2725 1722 2795; x_wconf 90' lang='lat' dir='ltr'><strong><em>quia</em></strong></span> <span class='ocrx_word' id='word_1_356' title='bbox 1773 2726 1912 2781; x_wconf 91' lang='lat' dir='ltr'><strong><em>sicut</em></strong></span> 
     </span>
    </p>
   </div>
   <div class='ocr_carea' id='block_1_44' title="bbox 317 2814 1911 2886">
    <p class='ocr_par' dir='ltr' id='par_1_44' title="bbox 317 2814 1911 2886">
     <span class='ocr_line' id='line_1_44' title="bbox 317 2814 1911 2886; baseline 0.001 -16"><span class='ocrx_word' id='word_1_357' title='bbox 317 2815 599 2884; x_wconf 73' lang='lat' dir='ltr'><strong><em>generatio</em></strong></span> <span class='ocrx_word' id='word_1_358' title='bbox 629 2814 791 2869; x_wconf 89' lang='lat' dir='ltr'><strong><em>vitam</em></strong></span> <span class='ocrx_word' id='word_1_359' title='bbox 823 2821 994 2877; x_wconf 87' lang='lat' dir='ltr'><strong><em>creat,</em></strong></span> <span class='ocrx_word' id='word_1_360' title='bbox 1028 2815 1097 2869; x_wconf 89' lang='lat' dir='ltr'><strong><em>ita</em></strong></span> <span class='ocrx_word' id='word_1_361' title='bbox 1129 2816 1462 2870; x_wconf 90' lang='lat' dir='ltr'><strong><em>resurrectio</em></strong></span> <span class='ocrx_word' id='word_1_362' title='bbox 1489 2825 1711 2886; x_wconf 76' lang='lat' dir='ltr'><strong><em>generat</em></strong></span> <span class='ocrx_word' id='word_1_363' title='bbox 1737 2817 1802 2871; x_wconf 87' lang='lat' dir='ltr'><strong><em>ad</em></strong></span> <span class='ocrx_word' id='word_1_364' title='bbox 1833 2818 1911 2871; x_wconf 83' lang='lat' dir='ltr'><strong><em>vi-</em></strong></span> 
     </span>
    </p>
   </div>
   <div class='ocr_carea' id='block_1_45' title="bbox 320 2906 1911 2978">
    <p class='ocr_par' dir='ltr' id='par_1_45' title="bbox 320 2906 1911 2978">
     <span class='ocr_line' id='line_1_45' title="bbox 320 2906 1911 2978; baseline 0.003 -20"><span class='ocrx_word' id='word_1_365' title='bbox 320 2914 446 2961; x_wconf 86' lang='lat' dir='ltr'><strong><em>tam.</em></strong></span> <span class='ocrx_word' id='word_1_366' title='bbox 478 2906 630 2962; x_wconf 83' lang='lat' dir='ltr'><strong><em>Unde</em></strong></span> <span class='ocrx_word' id='word_1_367' title='bbox 659 2909 822 2962; x_wconf 89' lang='lat' dir='ltr'><strong><em>etiam</em></strong></span> <span class='ocrx_word' id='word_1_368' title='bbox 851 2916 872 2943; x_wconf 74' lang='grc' dir='ltr'>ει</span> <span class='ocrx_word' id='word_1_369' title='bbox 898 2907 1222 2962; x_wconf 87' lang='lat' dir='ltr'><strong><em>resurrectio</em></strong></span> <span class='ocrx_word' id='word_1_370' title='bbox 1255 2908 1369 2978; x_wconf 87' lang='lat' dir='ltr'><strong><em>ipsa</em></strong></span> <span class='ocrx_word' id='word_1_371' title='bbox 1397 2909 1743 2978; x_wconf 77' lang='lat' dir='ltr'><strong><em>regeneratio</em></strong></span> <span class='ocrx_word' id='word_1_372' title='bbox 1772 2925 1911 2963; x_wconf 88' lang='lat' dir='ltr'><strong><em>nun-</em></strong></span> 
     </span>
    </p>
   </div>
   <div class='ocr_carea' id='block_1_46' title="bbox 316 3001 1912 3069">
    <p class='ocr_par' dir='ltr' id='par_1_46' title="bbox 316 3001 1912 3069">
     <span class='ocr_line' id='line_1_46' title="bbox 316 3001 1912 3069; baseline 0.003 -16"><span class='ocrx_word' id='word_1_373' title='bbox 316 3009 562 3069; x_wconf 87' lang='lat' dir='ltr'><strong><em>cupatur,</em></strong></span> <span class='ocrx_word' id='word_1_374' title='bbox 587 3001 884 3056; x_wconf 91' lang='lat' dir='ltr'><strong><em>secundum</em></strong></span> <span class='ocrx_word' id='word_1_375' title='bbox 914 3002 1043 3058; x_wconf 89' lang='lat' dir='ltr'><strong><em>illud</em></strong></span> <span class='ocrx_word' id='word_1_376' title='bbox 1066 3003 1279 3058; x_wconf 89' lang='lat' dir='ltr'><strong><em>Domini</em></strong></span> <span class='ocrx_word' id='word_1_377' title='bbox 1308 3004 1713 3058; x_wconf 91' lang='lat' dir='ltr'><strong><em>testimonium:</em></strong></span> <span class='ocrx_word' id='word_1_378' title='bbox 1750 3004 1912 3058; x_wconf 78' lang='lat' dir='ltr'><strong><em>Amen</em></strong></span> 
     </span>
    </p>
   </div>
   <div class='ocr_carea' id='block_1_47' title="bbox 319 3092 1913 3167">
    <p class='ocr_par' dir='ltr' id='par_1_47' title="bbox 319 3092 1913 3167">
     <span class='ocr_line' id='line_1_47' title="bbox 319 3092 1913 3167; baseline 0.001 -22"><span class='ocrx_word' id='word_1_379' title='bbox 319 3092 428 3147; x_wconf 86' lang='lat' dir='ltr'><strong><em>dico</em></strong></span> <span class='ocrx_word' id='word_1_380' title='bbox 473 3095 635 3160; x_wconf 87' lang='lat' dir='ltr'><strong><em>vobis,</em></strong></span> <span class='ocrx_word' id='word_1_381' title='bbox 661 3096 800 3166; x_wconf 87' lang='lat' dir='ltr'><strong><em>quod</em></strong></span> <span class='ocrx_word' id='word_1_382' title='bbox 830 3112 914 3149; x_wconf 82' lang='lat' dir='ltr'><strong><em>vos</em></strong></span> <span class='ocrx_word' id='word_1_383' title='bbox 942 3099 1025 3164; x_wconf 86' lang='lat' dir='ltr'><strong><em>qui</em></strong></span> <span class='ocrx_word' id='word_1_384' title='bbox 1066 3099 1227 3150; x_wconf 88' lang='lat' dir='ltr'><strong><em>secuti</em></strong></span> <span class='ocrx_word' id='word_1_385' title='bbox 1256 3097 1377 3150; x_wconf 88' lang='lat' dir='ltr'><strong><em>estis</em></strong></span> <span class='ocrx_word' id='word_1_386' title='bbox 1423 3114 1533 3163; x_wconf 92' lang='lat' dir='ltr'><strong><em>me,</em></strong></span> <span class='ocrx_word' id='word_1_387' title='bbox 1561 3097 1612 3149; x_wconf 87' lang='lat' dir='ltr'><strong><em>in</em></strong></span> <span class='ocrx_word' id='word_1_388' title='bbox 1639 3111 1913 3167; x_wconf 63' lang='lat' dir='ltr'><strong><em>regenerao</em></strong></span> 
     </span>
    </p>
   </div>
   <div class='ocr_carea' id='block_1_48' title="bbox 2025 1876 3615 1956">
    <p class='ocr_par' dir='ltr' id='par_1_48' title="bbox 2025 1876 3615 1956">
     <span class='ocr_line' id='line_1_48' title="bbox 2025 1876 3615 1956; baseline 0.006 -24"><span class='ocrx_word' id='word_1_389' title='bbox 2025 1880 2187 1936; x_wconf 84' lang='lat' dir='ltr'><strong><em>Verbi</em></strong></span> <span class='ocrx_word' id='word_1_390' title='bbox 2221 1888 2315 1934; x_wconf 90' lang='lat' dir='ltr'><strong><em>aut</em></strong></span> <span class='ocrx_word' id='word_1_391' title='bbox 2345 1880 2586 1951; x_wconf 83' lang='lat' dir='ltr'><strong><em>Spiritus</em></strong></span> <span class='ocrx_word' id='word_1_392' title='bbox 2622 1881 2942 1951; x_wconf 84' lang='lat' dir='ltr'><strong><em>sanguinem</em></strong></span> <span class='ocrx_word' id='word_1_393' title='bbox 2987 1883 3332 1939; x_wconf 86' lang='lat' dir='ltr'><strong><em>reconciliata</em></strong></span> <span class='ocrx_word' id='word_1_394' title='bbox 3371 1899 3436 1940; x_wconf 88' lang='lat' dir='ltr'><strong><em>ac</em></strong></span> <span class='ocrx_word' id='word_1_395' title='bbox 3463 1876 3615 1956; x_wconf 55' lang='lat' dir='ltr'><strong><em>pacié</em></strong></span> 
     </span>
    </p>
   </div>
   <div class='ocr_carea' id='block_1_49' title="bbox 2021 1972 3612 2046">
    <p class='ocr_par' dir='ltr' id='par_1_49' title="bbox 2021 1972 3612 2046">
     <span class='ocr_line' id='line_1_49' title="bbox 2021 1972 3612 2046; baseline 0.006 -20"><span class='ocrx_word' id='word_1_396' title='bbox 2021 1973 2180 2028; x_wconf 80' lang='lat' dir='ltr'><strong><em>licata</em></strong></span> <span class='ocrx_word' id='word_1_397' title='bbox 2213 1981 2339 2028; x_wconf 90' lang='lat' dir='ltr'><strong><em>sunt</em></strong></span> <span class='ocrx_word' id='word_1_398' title='bbox 2370 1972 2593 2028; x_wconf 86' lang='lat' dir='ltr'><strong><em>omnia?</em></strong></span> <span class='ocrx_word' id='word_1_399' title='bbox 2620 1973 2736 2029; x_wconf 86' lang='lat' dir='ltr'><strong><em>Non</em></strong></span> <span class='ocrx_word' id='word_1_400' title='bbox 2770 1975 2973 2046; x_wconf 91' lang='lat' dir='ltr'><strong><em>utique.</em></strong></span> <span class='ocrx_word' id='word_1_401' title='bbox 3017 1976 3204 2046; x_wconf 86' lang='lat' dir='ltr'><strong><em>Neque</em></strong></span> <span class='ocrx_word' id='word_1_402' title='bbox 3229 1979 3374 2034; x_wconf 88' lang='lat' dir='ltr'><strong><em>enim</em></strong></span> <span class='ocrx_word' id='word_1_403' title='bbox 3415 1981 3469 2034; x_wconf 94' lang='lat' dir='ltr'><strong><em>in</em></strong></span> <span class='ocrx_word' id='word_1_404' title='bbox 3517 1995 3612 2037; x_wconf 77' lang='lat' dir='ltr'><strong><em>na-</em></strong></span> 
     </span>
    </p>
   </div>
   <div class='ocr_carea' id='block_1_50' title="bbox 2021 2066 3610 2141">
    <p class='ocr_par' dir='ltr' id='par_1_50' title="bbox 2021 2066 3610 2141">
     <span class='ocr_line' id='line_1_50' title="bbox 2021 2066 3610 2141; baseline 0.006 -21"><span class='ocrx_word' id='word_1_405' title='bbox 2021 2077 2198 2121; x_wconf 90' lang='lat' dir='ltr'><strong><em>turam</em></strong></span> <span class='ocrx_word' id='word_1_406' title='bbox 2222 2066 2418 2123; x_wconf 90' lang='lat' dir='ltr'><strong><em>cadere</em></strong></span> <span class='ocrx_word' id='word_1_407' title='bbox 2445 2066 2838 2138; x_wconf 84' lang='lat' dir='ltr'><strong><em>impassihilem</em></strong></span> <span class='ocrx_word' id='word_1_408' title='bbox 2872 2084 2960 2124; x_wconf 89' lang='lat' dir='ltr'><strong><em>res</em></strong></span> <span class='ocrx_word' id='word_1_409' title='bbox 2989 2070 3093 2124; x_wconf 92' lang='lat' dir='ltr'><strong><em>ulla</em></strong></span> <span class='ocrx_word' id='word_1_410' title='bbox 3120 2071 3296 2141; x_wconf 87' lang='lat' dir='ltr'><strong><em>potuit</em></strong></span> <span class='ocrx_word' id='word_1_411' title='bbox 3323 2073 3610 2140; x_wconf 79' lang='lat' dir='ltr'><strong><em>passionis,</em></strong></span> 
     </span>
    </p>
   </div>
   <div class='ocr_carea' id='block_1_51' title="bbox 2019 2160 3612 2232">
    <p class='ocr_par' dir='ltr' id='par_1_51' title="bbox 2019 2160 3612 2232">
     <span class='ocr_line' id='line_1_51' title="bbox 2019 2160 3612 2232; baseline 0.006 -20"><span class='ocrx_word' id='word_1_412' title='bbox 2019 2169 2110 2213; x_wconf 88' lang='lat' dir='ltr'><strong><em>aut</em></strong></span> <span class='ocrx_word' id='word_1_413' title='bbox 2143 2160 2290 2214; x_wconf 79' lang='lat' dir='ltr'><strong><em>fundi</em></strong></span> <span class='ocrx_word' id='word_1_414' title='bbox 2317 2161 2542 2232; x_wconf 87' lang='lat' dir='ltr'><strong><em>sanguis</em></strong></span> <span class='ocrx_word' id='word_1_415' title='bbox 2565 2161 2734 2215; x_wconf 89' lang='lat' dir='ltr'><strong><em>valuit</em></strong></span> <span class='ocrx_word' id='word_1_416' title='bbox 2762 2163 2867 2216; x_wconf 90' lang='lat' dir='ltr'><strong><em>nisi</em></strong></span> <span class='ocrx_word' id='word_1_417' title='bbox 2893 2163 3129 2218; x_wconf 87' lang='lat' dir='ltr'><strong><em>hominis</em></strong></span> <span class='ocrx_word' id='word_1_418' title='bbox 3153 2205 3166 2229; x_wconf 93' lang='lat'><strong><em>,</em></strong></span> <span class='ocrx_word' id='word_1_419' title='bbox 3197 2174 3292 2218; x_wconf 92' lang='lat' dir='ltr'><strong><em>aut</em></strong></span> <span class='ocrx_word' id='word_1_420' title='bbox 3315 2168 3454 2220; x_wconf 88' lang='lat' dir='ltr'><strong><em>mori</em></strong></span> <span class='ocrx_word' id='word_1_421' title='bbox 3476 2165 3612 2221; x_wconf 89' lang='lat' dir='ltr'><strong><em>alter</em></strong></span> 
     </span>
    </p>
   </div>
   <div class='ocr_carea' id='block_1_52' title="bbox 2017 2252 3613 2325">
    <p class='ocr_par' dir='ltr' id='par_1_52' title="bbox 2017 2252 3613 2325">
     <span class='ocr_line' id='line_1_52' title="bbox 2017 2252 3613 2325; baseline 0.005 -21"><span class='ocrx_word' id='word_1_422' title='bbox 2017 2266 2180 2322; x_wconf 91' lang='lat' dir='ltr'><strong><em>quam</em></strong></span> <span class='ocrx_word' id='word_1_423' title='bbox 2205 2252 2388 2318; x_wconf 89' lang='lat' dir='ltr'><strong><em>homo;</em></strong></span> <span class='ocrx_word' id='word_1_424' title='bbox 2414 2263 2467 2307; x_wconf 89' lang='lat' dir='ltr'><strong><em>et</em></strong></span> <span class='ocrx_word' id='word_1_425' title='bbox 2489 2260 2671 2308; x_wconf 90' lang='lat' dir='ltr'><strong><em>tamen</em></strong></span> <span class='ocrx_word' id='word_1_426' title='bbox 2700 2253 2843 2308; x_wconf 87' lang='lat' dir='ltr'><strong><em>idem</em></strong></span> <span class='ocrx_word' id='word_1_427' title='bbox 2869 2255 2960 2324; x_wconf 91' lang='lat' dir='ltr'><strong><em>qui</em></strong></span> <span class='ocrx_word' id='word_1_428' title='bbox 2994 2255 3048 2308; x_wconf 93' lang='lat' dir='ltr'><strong><em>in</em></strong></span> <span class='ocrx_word' id='word_1_429' title='bbox 3080 2256 3438 2325; x_wconf 88' lang='lat' dir='ltr'><strong><em>sequentibus</em></strong></span> <span class='ocrx_word' id='word_1_430' title='bbox 3469 2272 3613 2312; x_wconf 82' lang='lat' dir='ltr'><strong><em>mor-</em></strong></span> 
     </span>
    </p>
   </div>
   <div class='ocr_carea' id='block_1_53' title="bbox 2019 2346 3610 2419">
    <p class='ocr_par' dir='ltr' id='par_1_53' title="bbox 2019 2346 3610 2419">
     <span class='ocr_line' id='line_1_53' title="bbox 2019 2346 3610 2419; baseline 0.003 -19"><span class='ocrx_word' id='word_1_431' title='bbox 2019 2353 2143 2401; x_wconf 90' lang='lat' dir='ltr'><strong><em>tuus</em></strong></span> <span class='ocrx_word' id='word_1_432' title='bbox 2166 2346 2385 2413; x_wconf 86' lang='lat' dir='ltr'><strong><em>dicitur,</em></strong></span> <span class='ocrx_word' id='word_1_433' title='bbox 2417 2347 2666 2416; x_wconf 89' lang='lat' dir='ltr'><strong><em>superius</em></strong></span> <span class='ocrx_word' id='word_1_434' title='bbox 2699 2347 2882 2418; x_wconf 88' lang='lat' dir='ltr'><strong><em>imago</em></strong></span> <span class='ocrx_word' id='word_1_435' title='bbox 2910 2347 3005 2404; x_wconf 89' lang='lat' dir='ltr'><strong><em>Dei</em></strong></span> <span class='ocrx_word' id='word_1_436' title='bbox 3027 2348 3314 2403; x_wconf 83' lang='lat' dir='ltr'><strong><em>invisibilis</em></strong></span> <span class='ocrx_word' id='word_1_437' title='bbox 3342 2349 3610 2419; x_wconf 70' lang='lat' dir='ltr'><strong><em>praedica-</em></strong></span> 
     </span>
    </p>
   </div>
   <div class='ocr_carea' id='block_1_54' title="bbox 2018 2439 3610 2512">
    <p class='ocr_par' dir='ltr' id='par_1_54' title="bbox 2018 2439 3610 2512">
     <span class='ocr_line' id='line_1_54' title="bbox 2018 2439 3610 2512; baseline 0.004 -20"><span class='ocrx_word' id='word_1_438' title='bbox 2018 2446 2124 2493; x_wconf 92' lang='lat' dir='ltr'><strong><em>tur.</em></strong></span> <span class='ocrx_word' id='word_1_439' title='bbox 2169 2439 2456 2506; x_wconf 86' lang='lat' dir='ltr'><strong><em>Quomodo</em></strong></span> <span class='ocrx_word' id='word_1_440' title='bbox 2504 2455 2634 2510; x_wconf 85' lang='lat' dir='ltr'><strong><em>ergo</em></strong></span> <span class='ocrx_word' id='word_1_441' title='bbox 2677 2451 2734 2496; x_wconf 92' lang='lat' dir='ltr'><strong><em>et</em></strong></span> <span class='ocrx_word' id='word_1_442' title='bbox 2776 2441 2913 2496; x_wconf 85' lang='lat' dir='ltr'><strong><em>hoc?</em></strong></span> <span class='ocrx_word' id='word_1_443' title='bbox 2943 2441 3154 2498; x_wconf 90' lang='lat' dir='ltr'><strong><em>scilicet</em></strong></span> <span class='ocrx_word' id='word_1_444' title='bbox 3200 2442 3325 2512; x_wconf 89' lang='lat' dir='ltr'><strong><em>quia</em></strong></span> <span class='ocrx_word' id='word_1_445' title='bbox 3360 2443 3411 2498; x_wconf 94' lang='lat' dir='ltr'><strong><em>id</em></strong></span> <span class='ocrx_word' id='word_1_446' title='bbox 3463 2447 3610 2500; x_wconf 90' lang='lat' dir='ltr'><strong><em>omni</em></strong></span> 
     </span>
    </p>
   </div>
   <div class='ocr_carea' id='block_1_55' title="bbox 2015 2532 3611 2605">
    <p class='ocr_par' dir='ltr' id='par_1_55' title="bbox 2015 2532 3611 2605">
     <span class='ocr_line' id='line_1_55' title="bbox 2015 2532 3611 2605; baseline 0.003 -19"><span class='ocrx_word' id='word_1_447' title='bbox 2015 2532 2180 2587; x_wconf 92' lang='lat' dir='ltr'><strong><em>modo</em></strong></span> <span class='ocrx_word' id='word_1_448' title='bbox 2210 2533 2276 2588; x_wconf 91' lang='lat' dir='ltr'><strong><em>ab</em></strong></span> <span class='ocrx_word' id='word_1_449' title='bbox 2314 2534 2575 2601; x_wconf 87' lang='lat' dir='ltr'><strong><em>apostolis</em></strong></span> <span class='ocrx_word' id='word_1_450' title='bbox 2621 2543 2840 2589; x_wconf 86' lang='lat' dir='ltr'><strong><em>cautum</em></strong></span> <span class='ocrx_word' id='word_1_451' title='bbox 2884 2543 3004 2600; x_wconf 89' lang='lat' dir='ltr'><strong><em>est,</em></strong></span> <span class='ocrx_word' id='word_1_452' title='bbox 3035 2550 3104 2590; x_wconf 89' lang='lat' dir='ltr'><strong><em>ne</em></strong></span> <span class='ocrx_word' id='word_1_453' title='bbox 3125 2535 3308 2605; x_wconf 86' lang='lat' dir='ltr'><strong><em>aliqua</em></strong></span> <span class='ocrx_word' id='word_1_454' title='bbox 3335 2535 3611 2592; x_wconf 83' lang='lat' dir='ltr'><strong><em>videretur</em></strong></span> 
     </span>
    </p>
   </div>
   <div class='ocr_carea' id='block_1_56' title="bbox 2015 2627 3610 2695">
    <p class='ocr_par' dir='ltr' id='par_1_56' title="bbox 2015 2627 3610 2695">
     <span class='ocr_line' id='line_1_56' title="bbox 2015 2627 3610 2695; baseline 0 -13"><span class='ocrx_word' id='word_1_455' title='bbox 2015 2628 2070 2682; x_wconf 93' lang='lat' dir='ltr'><strong><em>in</em></strong></span> <span class='ocrx_word' id='word_1_456' title='bbox 2097 2627 2313 2682; x_wconf 86' lang='lat' dir='ltr'><strong><em>Christo</em></strong></span> <span class='ocrx_word' id='word_1_457' title='bbox 2333 2643 2454 2684; x_wconf 89' lang='lat' dir='ltr'><strong><em>esse</em></strong></span> <span class='ocrx_word' id='word_1_458' title='bbox 2477 2627 2700 2695; x_wconf 88' lang='lat' dir='ltr'><strong><em>divisio,</em></strong></span> <span class='ocrx_word' id='word_1_459' title='bbox 2730 2637 2786 2683; x_wconf 88' lang='lat' dir='ltr'><strong><em>et</em></strong></span> <span class='ocrx_word' id='word_1_460' title='bbox 2808 2629 2996 2684; x_wconf 89' lang='lat' dir='ltr'><strong><em>unitus</em></strong></span> <span class='ocrx_word' id='word_1_461' title='bbox 3024 2629 3079 2683; x_wconf 92' lang='lat' dir='ltr'><strong><em>in</em></strong></span> <span class='ocrx_word' id='word_1_462' title='bbox 3107 2629 3220 2683; x_wconf 80' lang='lat' dir='ltr'><strong><em>tilio</em></strong></span> <span class='ocrx_word' id='word_1_463' title='bbox 3250 2628 3489 2684; x_wconf 89' lang='lat' dir='ltr'><strong><em>hominis</em></strong></span> <span class='ocrx_word' id='word_1_464' title='bbox 3519 2627 3610 2682; x_wconf 77' lang='lat' dir='ltr'><strong><em>Fi—</em></strong></span> 
     </span>
    </p>
   </div>
   <div class='ocr_carea' id='block_1_57' title="bbox 2014 2719 3611 2792">
    <p class='ocr_par' dir='ltr' id='par_1_57' title="bbox 2014 2719 3611 2792">
     <span class='ocr_line' id='line_1_57' title="bbox 2014 2719 3611 2792; baseline 0.001 -17"><span class='ocrx_word' id='word_1_465' title='bbox 2014 2719 2119 2775; x_wconf 90' lang='lat' dir='ltr'><strong><em>lius</em></strong></span> <span class='ocrx_word' id='word_1_466' title='bbox 2145 2719 2236 2774; x_wconf 91' lang='lat' dir='ltr'><strong><em>Dei</em></strong></span> <span class='ocrx_word' id='word_1_467' title='bbox 2268 2720 2532 2790; x_wconf 84' lang='lat' dir='ltr'><strong><em>inciperet</em></strong></span> <span class='ocrx_word' id='word_1_468' title='bbox 2560 2736 2656 2791; x_wconf 89' lang='lat' dir='ltr'><strong><em>per</em></strong></span> <span class='ocrx_word' id='word_1_469' title='bbox 2683 2723 2942 2777; x_wconf 89' lang='lat' dir='ltr'><strong><em>erraticas</em></strong></span> <span class='ocrx_word' id='word_1_470' title='bbox 2976 2722 3450 2792; x_wconf 89' lang='lat' dir='ltr'><strong><em>interpretationes</em></strong></span> <span class='ocrx_word' id='word_1_471' title='bbox 3472 2722 3611 2776; x_wconf 82' lang='lat' dir='ltr'><strong><em>duas</em></strong></span> 
     </span>
    </p>
   </div>
   <div class='ocr_carea' id='block_1_58' title="bbox 2015 2813 3612 2886">
    <p class='ocr_par' dir='ltr' id='par_1_58' title="bbox 2015 2813 3612 2886">
     <span class='ocr_line' id='line_1_58' title="bbox 2015 2813 3612 2886; baseline 0.001 -18"><span class='ocrx_word' id='word_1_472' title='bbox 2015 2815 2215 2870; x_wconf 84' lang='lat' dir='ltr'><strong><em>habere</em></strong></span> <span class='ocrx_word' id='word_1_473' title='bbox 2238 2829 2529 2884; x_wconf 88' lang='lat' dir='ltr'><strong><em>personas,</em></strong></span> <span class='ocrx_word' id='word_1_474' title='bbox 2553 2830 2615 2869; x_wconf 90' lang='lat' dir='ltr'><strong><em>ac</em></strong></span> <span class='ocrx_word' id='word_1_475' title='bbox 2640 2830 2738 2885; x_wconf 91' lang='lat' dir='ltr'><strong><em>per</em></strong></span> <span class='ocrx_word' id='word_1_476' title='bbox 2761 2830 2954 2886; x_wconf 88' lang='lat' dir='ltr'><strong><em>pravas</em></strong></span> <span class='ocrx_word' id='word_1_477' title='bbox 2981 2825 3147 2886; x_wconf 89' lang='lat' dir='ltr'><strong><em>atque</em></strong></span> <span class='ocrx_word' id='word_1_478' title='bbox 3173 2813 3370 2883; x_wconf 89' lang='lat' dir='ltr'><strong><em>impias</em></strong></span> <span class='ocrx_word' id='word_1_479' title='bbox 3400 2815 3612 2882; x_wconf 85' lang='lat' dir='ltr'><strong><em>opinio-</em></strong></span> 
     </span>
    </p>
   </div>
   <div class='ocr_carea' id='block_1_59' title="bbox 2013 2905 3612 2977">
    <p class='ocr_par' dir='ltr' id='par_1_59' title="bbox 2013 2905 3612 2977">
     <span class='ocr_line' id='line_1_59' title="bbox 2013 2905 3612 2977; baseline -0.003 -12"><span class='ocrx_word' id='word_1_480' title='bbox 2013 2924 2112 2965; x_wconf 91' lang='lat' dir='ltr'><strong><em>nes</em></strong></span> <span class='ocrx_word' id='word_1_481' title='bbox 2141 2908 2230 2977; x_wconf 93' lang='lat' dir='ltr'><strong><em>qui</em></strong></span> <span class='ocrx_word' id='word_1_482' title='bbox 2259 2916 2404 2963; x_wconf 88' lang='lat' dir='ltr'><strong><em>esset</em></strong></span> <span class='ocrx_word' id='word_1_483' title='bbox 2437 2908 2650 2963; x_wconf 91' lang='lat' dir='ltr'><strong><em>scilicet</em></strong></span> <span class='ocrx_word' id='word_1_484' title='bbox 2677 2909 2730 2962; x_wconf 91' lang='lat' dir='ltr'><strong><em>in</em></strong></span> <span class='ocrx_word' id='word_1_485' title='bbox 2764 2923 2826 2962; x_wconf 89' lang='lat' dir='ltr'><strong><em>se</em></strong></span> <span class='ocrx_word' id='word_1_486' title='bbox 2855 2921 2994 2963; x_wconf 86' lang='lat' dir='ltr'><strong><em>unus</em></strong></span> <span class='ocrx_word' id='word_1_487' title='bbox 3021 2907 3222 2976; x_wconf 83' lang='lat' dir='ltr'><strong><em>duplex</em></strong></span> <span class='ocrx_word' id='word_1_488' title='bbox 3246 2905 3402 2960; x_wconf 81' lang='lat' dir='ltr'><strong><em>ﬂeret</em></strong></span> <span class='ocrx_word' id='word_1_489' title='bbox 3430 2905 3484 2959; x_wconf 89' lang='lat' dir='ltr'><strong><em>in</em></strong></span> <span class='ocrx_word' id='word_1_490' title='bbox 3515 2921 3612 2960; x_wconf 86' lang='lat' dir='ltr'><strong><em>no-</em></strong></span> 
     </span>
    </p>
   </div>
   <div class='ocr_carea' id='block_1_60' title="bbox 2013 2997 3612 3070">
    <p class='ocr_par' dir='ltr' id='par_1_60' title="bbox 2013 2997 3612 3070">
     <span class='ocr_line' id='line_1_60' title="bbox 2013 2997 3612 3070; baseline -0.001 -14"><span class='ocrx_word' id='word_1_491' title='bbox 2013 3002 2121 3056; x_wconf 88' lang='lat' dir='ltr'><strong><em>bis.</em></strong></span> <span class='ocrx_word' id='word_1_492' title='bbox 2157 3000 2224 3054; x_wconf 80' lang='lat' dir='ltr'><strong><em>Et</em></strong></span> <span class='ocrx_word' id='word_1_493' title='bbox 2248 3000 2371 3056; x_wconf 90' lang='lat' dir='ltr'><strong><em>ideo</em></strong></span> <span class='ocrx_word' id='word_1_494' title='bbox 2401 3000 2628 3070; x_wconf 85' lang='lat' dir='ltr'><strong><em>pulchre</em></strong></span> <span class='ocrx_word' id='word_1_495' title='bbox 2657 3015 2720 3055; x_wconf 90' lang='lat' dir='ltr'><strong><em>ac</em></strong></span> <span class='ocrx_word' id='word_1_496' title='bbox 2746 3000 3075 3055; x_wconf 88' lang='lat' dir='ltr'><strong><em>mirabiliter</em></strong></span> <span class='ocrx_word' id='word_1_497' title='bbox 3097 2998 3165 3052; x_wconf 85' lang='lat' dir='ltr'><strong><em>ab</em></strong></span> <span class='ocrx_word' id='word_1_498' title='bbox 3189 2998 3308 3066; x_wconf 91' lang='lat' dir='ltr'><strong><em>ipso</em></strong></span> <span class='ocrx_word' id='word_1_499' title='bbox 3330 2997 3612 3070; x_wconf 86' lang='lat' dir='ltr'><strong><em>unigenito</em></strong></span> 
     </span>
    </p>
   </div>
   <div class='ocr_carea' id='block_1_61' title="bbox 2012 3089 3609 3162">
    <p class='ocr_par' dir='ltr' id='par_1_61' title="bbox 2012 3089 3609 3162">
     <span class='ocr_line' id='line_1_61' title="bbox 2012 3089 3609 3162; baseline 0 -14"><span class='ocrx_word' id='word_1_500' title='bbox 2012 3094 2152 3148; x_wconf 80' lang='lat' dir='ltr'><strong><em>Filio</em></strong></span> <span class='ocrx_word' id='word_1_501' title='bbox 2176 3093 2274 3147; x_wconf 90' lang='lat' dir='ltr'><strong><em>Dei</em></strong></span> <span class='ocrx_word' id='word_1_502' title='bbox 2317 3109 2491 3162; x_wconf 89' lang='lat' dir='ltr'><strong><em>usque</em></strong></span> <span class='ocrx_word' id='word_1_503' title='bbox 2523 3092 2590 3145; x_wconf 88' lang='lat' dir='ltr'><strong><em>ad</em></strong></span> <span class='ocrx_word' id='word_1_504' title='bbox 2622 3093 2829 3147; x_wconf 90' lang='lat' dir='ltr'><strong><em>unitum</em></strong></span> <span class='ocrx_word' id='word_1_505' title='bbox 2871 3091 3014 3145; x_wconf 86' lang='lat' dir='ltr'><strong><em>Filio</em></strong></span> <span class='ocrx_word' id='word_1_506' title='bbox 3041 3090 3140 3144; x_wconf 91' lang='lat' dir='ltr'><strong><em>Dei</em></strong></span> <span class='ocrx_word' id='word_1_507' title='bbox 3178 3089 3344 3146; x_wconf 84' lang='lat' dir='ltr'><strong><em>ﬁlium</em></strong></span> <span class='ocrx_word' id='word_1_508' title='bbox 3373 3091 3609 3149; x_wconf 87' lang='lat' dir='ltr'><strong><em>hominis</em></strong></span> 
     </span>
    </p>
   </div>
   <div class='ocr_carea' id='block_1_62' title="bbox 319 3181 3606 3256">
    <p class='ocr_par' dir='ltr' id='par_1_62' title="bbox 319 3181 3606 3256">
     <span class='ocr_line' id='line_1_62' title="bbox 319 3181 3606 3256; baseline 0.001 -19"><span class='ocrx_word' id='word_1_509' title='bbox 319 3186 448 3242; x_wconf 86' lang='lat' dir='ltr'><strong><em>tione</em></strong></span> <span class='ocrx_word' id='word_1_510' title='bbox 472 3203 588 3239; x_wconf 89' lang='lat' dir='ltr'><strong><em>cum</em></strong></span> <span class='ocrx_word' id='word_1_511' title='bbox 611 3188 798 3240; x_wconf 89' lang='lat' dir='ltr'><strong><em>sederit</em></strong></span> <span class='ocrx_word' id='word_1_512' title='bbox 817 3186 983 3240; x_wconf 82' lang='lat' dir='ltr'><strong><em>Filius</em></strong></span> <span class='ocrx_word' id='word_1_513' title='bbox 1000 3188 1224 3242; x_wconf 77' lang='lat' dir='ltr'><strong><em>hominis</em></strong></span> <span class='ocrx_word' id='word_1_514' title='bbox 1248 3190 1302 3240; x_wconf 90' lang='lat' dir='ltr'><strong><em>in</em></strong></span> <span class='ocrx_word' id='word_1_515' title='bbox 1323 3189 1442 3241; x_wconf 85' lang='lat' dir='ltr'><strong><em>sede</em></strong></span> <span class='ocrx_word' id='word_1_516' title='bbox 1468 3187 1758 3256; x_wconf 86' lang='lat' dir='ltr'><strong><em>majestatis</em></strong></span> <span class='ocrx_word' id='word_1_517' title='bbox 1779 3200 1906 3250; x_wconf 71' lang='lat' dir='ltr'><strong><em>suae,</em></strong></span> <span class='ocrx_word' id='word_1_518' title='bbox 1939 3190 1989 3253; x_wconf 73' lang='grc' dir='ltr'>ο</span> <span class='ocrx_word' id='word_1_519' title='bbox 2021 3185 2332 3253; x_wconf 82' lang='lat' dir='ltr'><strong><em>praedicatio</em></strong></span> <span class='ocrx_word' id='word_1_520' title='bbox 2359 3184 2662 3252; x_wconf 87' lang='lat' dir='ltr'><strong><em>apostolica</em></strong></span> <span class='ocrx_word' id='word_1_521' title='bbox 2695 3182 3007 3248; x_wconf 87' lang='lat' dir='ltr'><strong><em>descendit;</em></strong></span> <span class='ocrx_word' id='word_1_522' title='bbox 3035 3190 3093 3236; x_wconf 93' lang='lat' dir='ltr'><strong><em>ut</em></strong></span> <span class='ocrx_word' id='word_1_523' title='bbox 3113 3181 3255 3238; x_wconf 90' lang='lat' dir='ltr'><strong><em>sicut</em></strong></span> <span class='ocrx_word' id='word_1_524' title='bbox 3285 3185 3402 3254; x_wconf 89' lang='lat' dir='ltr'><strong><em>ipse</em></strong></span> <span class='ocrx_word' id='word_1_525' title='bbox 3424 3199 3606 3241; x_wconf 89' lang='lat' dir='ltr'><strong><em>rerum</em></strong></span> 
     </span>
    </p>
   </div>
   <div class='ocr_carea' id='block_1_63' title="bbox 311 3277 1910 3348">
    <p class='ocr_par' dir='ltr' id='par_1_63' title="bbox 311 3277 1910 3348">
     <span class='ocr_line' id='line_1_63' title="bbox 311 3277 1910 3348; baseline -0.001 -16"><span class='ocrx_word' id='word_1_526' title='bbox 311 3279 556 3332; x_wconf 82' lang='lat' dir='ltr'><strong><em>sedebitis</em></strong></span> <span class='ocrx_word' id='word_1_527' title='bbox 578 3286 621 3328; x_wconf 89' lang='lat' dir='ltr'><strong><em>et</em></strong></span> <span class='ocrx_word' id='word_1_528' title='bbox 658 3294 742 3330; x_wconf 80' lang='lat' dir='ltr'><strong><em>vos</em></strong></span> <span class='ocrx_word' id='word_1_529' title='bbox 766 3295 922 3345; x_wconf 85' lang='lat' dir='ltr'><strong><em>super</em></strong></span> <span class='ocrx_word' id='word_1_530' title='bbox 962 3280 1108 3332; x_wconf 88' lang='lat' dir='ltr'><strong><em>sedes</em></strong></span> <span class='ocrx_word' id='word_1_531' title='bbox 1135 3280 1411 3332; x_wconf 87' lang='lat' dir='ltr'><strong><em>duodecim</em></strong></span> <span class='ocrx_word' id='word_1_532' title='bbox 1437 3277 1745 3348; x_wconf 87' lang='lat' dir='ltr'><strong><em>judicantes</em></strong></span> <span class='ocrx_word' id='word_1_533' title='bbox 1778 3277 1910 3330; x_wconf 81' lang='lat' dir='ltr'><strong><em>duo-</em></strong></span> 
     </span>
    </p>
   </div>
   <div class='ocr_carea' id='block_1_64' title="bbox 309 3367 1908 3442">
    <p class='ocr_par' dir='ltr' id='par_1_64' title="bbox 309 3367 1908 3442">
     <span class='ocr_line' id='line_1_64' title="bbox 309 3367 1908 3442; baseline 0 -18"><span class='ocrx_word' id='word_1_534' title='bbox 309 3370 484 3424; x_wconf 88' lang='lat' dir='ltr'><strong><em>decim</em></strong></span> <span class='ocrx_word' id='word_1_535' title='bbox 511 3367 671 3422; x_wconf 85' lang='lat' dir='ltr'><strong><em>tribus</em></strong></span> <span class='ocrx_word' id='word_1_536' title='bbox 703 3367 872 3422; x_wconf 83' lang='lat' dir='ltr'><strong><em>Israel</em></strong></span> <span class='ocrx_word' id='word_1_537' title='bbox 899 3369 1116 3442; x_wconf 83' lang='lat' dir='ltr'><strong><em>(Matth.</em></strong></span> <span class='ocrx_word' id='word_1_538' title='bbox 1152 3370 1292 3441; x_wconf 72' lang='grc' dir='ltr'>ιιικ).</span> <span class='ocrx_word' id='word_1_539' title='bbox 1320 3371 1462 3440; x_wconf 85' lang='lat' dir='ltr'><strong><em>Ergo</em></strong></span> <span class='ocrx_word' id='word_1_540' title='bbox 1486 3370 1908 3441; x_wconf 88' lang='lat' dir='ltr'><strong><em>primogenitum</em></strong></span> 
     </span>
    </p>
   </div>
   <div class='ocr_carea' id='block_1_65' title="bbox 316 3461 1908 3533">
    <p class='ocr_par' dir='ltr' id='par_1_65' title="bbox 316 3461 1908 3533">
     <span class='ocr_line' id='line_1_65' title="bbox 316 3461 1908 3533; baseline -0.001 -14"><span class='ocrx_word' id='word_1_541' title='bbox 316 3478 375 3519; x_wconf 75' lang='lat' dir='ltr'><strong><em>ex</em></strong></span> <span class='ocrx_word' id='word_1_542' title='bbox 402 3462 639 3516; x_wconf 89' lang='lat' dir='ltr'><strong><em>mortuis</em></strong></span> <span class='ocrx_word' id='word_1_543' title='bbox 665 3477 786 3516; x_wconf 89' lang='lat' dir='ltr'><strong><em>eum</em></strong></span> <span class='ocrx_word' id='word_1_544' title='bbox 812 3461 970 3530; x_wconf 89' lang='lat' dir='ltr'><strong><em>dicit,</em></strong></span> <span class='ocrx_word' id='word_1_545' title='bbox 998 3477 1157 3533; x_wconf 86' lang='lat' dir='ltr'><strong><em>quem</em></strong></span> <span class='ocrx_word' id='word_1_546' title='bbox 1183 3465 1433 3532; x_wconf 88' lang='lat' dir='ltr'><strong><em>superius</em></strong></span> <span class='ocrx_word' id='word_1_547' title='bbox 1458 3462 1785 3518; x_wconf 87' lang='lat' dir='ltr'><strong><em>invisibilem</em></strong></span> <span class='ocrx_word' id='word_1_548' title='bbox 1812 3463 1908 3518; x_wconf 89' lang='lat' dir='ltr'><strong><em>Dei</em></strong></span> 
     </span>
    </p>
   </div>
   <div class='ocr_carea' id='block_1_66' title="bbox 317 3556 1906 3629">
    <p class='ocr_par' dir='ltr' id='par_1_66' title="bbox 317 3556 1906 3629">
     <span class='ocr_line' id='line_1_66' title="bbox 317 3556 1906 3629; baseline 0 -17"><span class='ocrx_word' id='word_1_549' title='bbox 317 3556 510 3612; x_wconf 84' lang='lat' dir='ltr'><strong><em>Filium</em></strong></span> <span class='ocrx_word' id='word_1_550' title='bbox 531 3564 694 3624; x_wconf 87' lang='lat' dir='ltr'><strong><em>atque</em></strong></span> <span class='ocrx_word' id='word_1_551' title='bbox 718 3557 1002 3627; x_wconf 85' lang='lat' dir='ltr'><strong><em>imaginem</em></strong></span> <span class='ocrx_word' id='word_1_552' title='bbox 1027 3559 1363 3626; x_wconf 66' lang='lat' dir='ltr'><strong><em>praedicavit.</em></strong></span> <span class='ocrx_word' id='word_1_553' title='bbox 1381 3557 1512 3624; x_wconf 89' lang='lat' dir='ltr'><strong><em>Quis</em></strong></span> <span class='ocrx_word' id='word_1_554' title='bbox 1529 3565 1708 3612; x_wconf 90' lang='lat' dir='ltr'><strong><em>autem</em></strong></span> <span class='ocrx_word' id='word_1_555' title='bbox 1727 3558 1906 3629; x_wconf 82' lang='lat' dir='ltr'><strong><em>imago</em></strong></span> 
     </span>
    </p>
   </div>
   <div class='ocr_carea' id='block_1_67' title="bbox 319 3647 1906 3722">
    <p class='ocr_par' dir='ltr' id='par_1_67' title="bbox 319 3647 1906 3722">
     <span class='ocr_line' id='line_1_67' title="bbox 319 3647 1906 3722; baseline 0.003 -18"><span class='ocrx_word' id='word_1_556' title='bbox 319 3647 602 3704; x_wconf 82' lang='lat' dir='ltr'><strong><em>invisibilis</em></strong></span> <span class='ocrx_word' id='word_1_557' title='bbox 631 3649 754 3712; x_wconf 88' lang='lat' dir='ltr'><strong><em>Dei,</em></strong></span> <span class='ocrx_word' id='word_1_558' title='bbox 789 3650 891 3704; x_wconf 90' lang='lat' dir='ltr'><strong><em>nisi</em></strong></span> <span class='ocrx_word' id='word_1_559' title='bbox 917 3650 1246 3722; x_wconf 82' lang='lat' dir='ltr'><strong><em>unigenitus,</em></strong></span> <span class='ocrx_word' id='word_1_560' title='bbox 1276 3650 1513 3706; x_wconf 86' lang='lat' dir='ltr'><strong><em>Verbum</em></strong></span> <span class='ocrx_word' id='word_1_561' title='bbox 1539 3652 1671 3707; x_wconf 90' lang='lat' dir='ltr'><strong><em>Dei?</em></strong></span> <span class='ocrx_word' id='word_1_562' title='bbox 1693 3661 1747 3707; x_wconf 89' lang='lat' dir='ltr'><strong><em>et</em></strong></span> <span class='ocrx_word' id='word_1_563' title='bbox 1773 3668 1906 3720; x_wconf 87' lang='lat' dir='ltr'><strong><em>quo-</em></strong></span> 
     </span>
    </p>
   </div>
   <div class='ocr_carea' id='block_1_68' title="bbox 319 3741 1904 3815">
    <p class='ocr_par' dir='ltr' id='par_1_68' title="bbox 319 3741 1904 3815">
     <span class='ocr_line' id='line_1_68' title="bbox 319 3741 1904 3815; baseline 0.004 -21"><span class='ocrx_word' id='word_1_564' title='bbox 319 3741 471 3796; x_wconf 87' lang='lat' dir='ltr'><strong><em>modo</em></strong></span> <span class='ocrx_word' id='word_1_565' title='bbox 500 3741 546 3795; x_wconf 89' lang='lat' dir='ltr'><strong><em>is</em></strong></span> <span class='ocrx_word' id='word_1_566' title='bbox 587 3743 960 3797; x_wconf 82' lang='lat' dir='ltr'><strong><em>resurrexisse</em></strong></span> <span class='ocrx_word' id='word_1_567' title='bbox 986 3759 1052 3798; x_wconf 85' lang='lat' dir='ltr'><strong><em>ex</em></strong></span> <span class='ocrx_word' id='word_1_568' title='bbox 1105 3745 1333 3799; x_wconf 89' lang='lat' dir='ltr'><strong><em>mortuis</em></strong></span> <span class='ocrx_word' id='word_1_569' title='bbox 1362 3744 1580 3810; x_wconf 89' lang='lat' dir='ltr'><strong><em>dicitur,</em></strong></span> <span class='ocrx_word' id='word_1_570' title='bbox 1606 3745 1696 3814; x_wconf 91' lang='lat' dir='ltr'><strong><em>qui</em></strong></span> <span class='ocrx_word' id='word_1_571' title='bbox 1729 3746 1904 3815; x_wconf 88' lang='lat' dir='ltr'><strong><em>imago</em></strong></span> 
     </span>
    </p>
   </div>
   <div class='ocr_carea' id='block_1_69' title="bbox 318 3833 1903 3909">
    <p class='ocr_par' dir='ltr' id='par_1_69' title="bbox 318 3833 1903 3909">
     <span class='ocr_line' id='line_1_69' title="bbox 318 3833 1903 3909; baseline 0.004 -24"><span class='ocrx_word' id='word_1_572' title='bbox 318 3846 375 3888; x_wconf 83' lang='lat' dir='ltr'><strong><em>ac</em></strong></span> <span class='ocrx_word' id='word_1_573' title='bbox 399 3833 635 3888; x_wconf 87' lang='lat' dir='ltr'><strong><em>Verbum</em></strong></span> <span class='ocrx_word' id='word_1_574' title='bbox 663 3834 755 3888; x_wconf 88' lang='lat' dir='ltr'><strong><em>Dei</em></strong></span> <span class='ocrx_word' id='word_1_575' title='bbox 784 3835 1072 3891; x_wconf 89' lang='lat' dir='ltr'><strong><em>invisibilis</em></strong></span> <span class='ocrx_word' id='word_1_576' title='bbox 1103 3837 1452 3892; x_wconf 90' lang='lat' dir='ltr'><strong><em>nominatur?</em></strong></span> <span class='ocrx_word' id='word_1_577' title='bbox 1479 3839 1543 3892; x_wconf 88' lang='lat' dir='ltr'><strong><em>Et</em></strong></span> <span class='ocrx_word' id='word_1_578' title='bbox 1573 3837 1700 3909; x_wconf 89' lang='lat' dir='ltr'><strong><em>quid</em></strong></span> <span class='ocrx_word' id='word_1_579' title='bbox 1725 3847 1903 3892; x_wconf 85' lang='lat' dir='ltr'><strong><em>tamen</em></strong></span> 
     </span>
    </p>
   </div>
   <div class='ocr_carea' id='block_1_70' title="bbox 317 3927 1897 4002">
    <p class='ocr_par' dir='ltr' id='par_1_70' title="bbox 317 3927 1897 4002">
     <span class='ocr_line' id='line_1_70' title="bbox 317 3927 1897 4002; baseline 0.001 -21"><span class='ocrx_word' id='word_1_580' title='bbox 317 3927 481 3982; x_wconf 78' lang='lat' dir='ltr'><strong><em>adhuc</em></strong></span> <span class='ocrx_word' id='word_1_581' title='bbox 508 3928 761 3983; x_wconf 85' lang='lat' dir='ltr'><strong><em>additur?</em></strong></span> <span class='ocrx_word' id='word_1_582' title='bbox 785 3928 854 3983; x_wconf 92' lang='lat' dir='ltr'><strong><em>Ut</em></strong></span> <span class='ocrx_word' id='word_1_583' title='bbox 875 3930 968 3997; x_wconf 89' lang='lat' dir='ltr'><strong><em>sit,</em></strong></span> <span class='ocrx_word' id='word_1_584' title='bbox 995 3931 1198 4001; x_wconf 90' lang='lat' dir='ltr'><strong><em>inquit,</em></strong></span> <span class='ocrx_word' id='word_1_585' title='bbox 1234 3932 1346 4001; x_wconf 86' lang='lat' dir='ltr'><strong><em>ipse</em></strong></span> <span class='ocrx_word' id='word_1_586' title='bbox 1388 3932 1667 4002; x_wconf 89' lang='lat' dir='ltr'><strong><em>primatum</em></strong></span> <span class='ocrx_word' id='word_1_587' title='bbox 1693 3941 1897 3996; x_wconf 88' lang='lat' dir='ltr'><strong><em>tenens,</em></strong></span> 
     </span>
    </p>
   </div>
   <div class='ocr_carea' id='block_1_71' title="bbox 2019 3275 3608 3339">
    <p class='ocr_par' dir='ltr' id='par_1_71' title="bbox 2019 3275 3608 3339">
     <span class='ocr_line' id='line_1_71' title="bbox 2019 3275 3608 3339; baseline 0.003 -9"><span class='ocrx_word' id='word_1_588' title='bbox 2019 3275 2178 3339; x_wconf 92' lang='lat' dir='ltr'><strong><em>ordo,</em></strong></span> <span class='ocrx_word' id='word_1_589' title='bbox 2197 3277 2270 3330; x_wconf 85' lang='lat' dir='ltr'><strong><em>ita</em></strong></span> <span class='ocrx_word' id='word_1_590' title='bbox 2292 3277 2456 3330; x_wconf 89' lang='lat' dir='ltr'><strong><em>etiam</em></strong></span> <span class='ocrx_word' id='word_1_591' title='bbox 2477 3275 2738 3330; x_wconf 71' lang='lat' dir='ltr'><strong><em>doctrinas</em></strong></span> <span class='ocrx_word' id='word_1_592' title='bbox 2757 3290 2936 3330; x_wconf 89' lang='lat' dir='ltr'><strong><em>sermo</em></strong></span> <span class='ocrx_word' id='word_1_593' title='bbox 2959 3279 3297 3331; x_wconf 87' lang='lat' dir='ltr'><strong><em>decurreret.</em></strong></span> <span class='ocrx_word' id='word_1_594' title='bbox 3320 3276 3396 3331; x_wconf 85' lang='lat' dir='ltr'><strong><em>Ita</em></strong></span> <span class='ocrx_word' id='word_1_595' title='bbox 3420 3286 3608 3335; x_wconf 88' lang='lat' dir='ltr'><strong><em>cuncta</em></strong></span> 
     </span>
    </p>
   </div>
   <div class='ocr_carea' id='block_1_72' title="bbox 2017 3369 3606 3442">
    <p class='ocr_par' dir='ltr' id='par_1_72' title="bbox 2017 3369 3606 3442">
     <span class='ocr_line' id='line_1_72' title="bbox 2017 3369 3606 3442; baseline 0.003 -18"><span class='ocrx_word' id='word_1_596' title='bbox 2017 3369 2367 3437; x_wconf 86' lang='lat' dir='ltr'><strong><em>inseparabili</em></strong></span> <span class='ocrx_word' id='word_1_597' title='bbox 2397 3370 2738 3426; x_wconf 86' lang='lat' dir='ltr'><strong><em>connexione</em></strong></span> <span class='ocrx_word' id='word_1_598' title='bbox 2759 3379 2814 3426; x_wconf 89' lang='lat' dir='ltr'><strong><em>et</em></strong></span> <span class='ocrx_word' id='word_1_599' title='bbox 2841 3371 2991 3440; x_wconf 89' lang='lat' dir='ltr'><strong><em>quasi</em></strong></span> <span class='ocrx_word' id='word_1_600' title='bbox 3023 3370 3254 3442; x_wconf 91' lang='lat' dir='ltr'><strong><em>quodam</em></strong></span> <span class='ocrx_word' id='word_1_601' title='bbox 3286 3380 3453 3441; x_wconf 87' lang='lat' dir='ltr'><strong><em>ponte</em></strong></span> <span class='ocrx_word' id='word_1_602' title='bbox 3473 3387 3606 3430; x_wconf 85' lang='lat' dir='ltr'><strong><em>con-</em></strong></span> 
     </span>
    </p>
   </div>
   <div class='ocr_carea' id='block_1_73' title="bbox 2016 3464 3606 3535">
    <p class='ocr_par' dir='ltr' id='par_1_73' title="bbox 2016 3464 3606 3535">
     <span class='ocr_line' id='line_1_73' title="bbox 2016 3464 3606 3535; baseline 0.002 -16"><span class='ocrx_word' id='word_1_603' title='bbox 2016 3465 2232 3520; x_wconf 90' lang='lat' dir='ltr'><strong><em>tinuans</em></strong></span> <span class='ocrx_word' id='word_1_604' title='bbox 2255 3505 2268 3529; x_wconf 98' lang='lat'><strong><em>,</em></strong></span> <span class='ocrx_word' id='word_1_605' title='bbox 2304 3472 2363 3518; x_wconf 90' lang='lat' dir='ltr'><strong><em>ut</em></strong></span> <span class='ocrx_word' id='word_1_606' title='bbox 2392 3464 2512 3518; x_wconf 90' lang='lat' dir='ltr'><strong><em>sine</em></strong></span> <span class='ocrx_word' id='word_1_607' title='bbox 2545 3464 2646 3519; x_wconf 88' lang='lat' dir='ltr'><strong><em>ulla</em></strong></span> <span class='ocrx_word' id='word_1_608' title='bbox 2681 3466 2900 3535; x_wconf 88' lang='lat' dir='ltr'><strong><em>penitus</em></strong></span> <span class='ocrx_word' id='word_1_609' title='bbox 2927 3465 3194 3520; x_wconf 90' lang='lat' dir='ltr'><strong><em>divisione</em></strong></span> <span class='ocrx_word' id='word_1_610' title='bbox 3224 3473 3282 3520; x_wconf 88' lang='lat' dir='ltr'><strong><em>et</em></strong></span> <span class='ocrx_word' id='word_1_611' title='bbox 3313 3465 3606 3522; x_wconf 87' lang='lat' dir='ltr'><strong><em>intervallo</em></strong></span> 
     </span>
    </p>
   </div>
   <div class='ocr_carea' id='block_1_74' title="bbox 2010 3557 3607 3630">
    <p class='ocr_par' dir='ltr' id='par_1_74' title="bbox 2010 3557 3607 3630">
     <span class='ocr_line' id='line_1_74' title="bbox 2010 3557 3607 3630; baseline -0.001 -14"><span class='ocrx_word' id='word_1_612' title='bbox 2010 3576 2136 3616; x_wconf 90' lang='lat' dir='ltr'><strong><em>eum</em></strong></span> <span class='ocrx_word' id='word_1_613' title='bbox 2151 3575 2309 3630; x_wconf 92' lang='lat' dir='ltr'><strong><em>quem</em></strong></span> <span class='ocrx_word' id='word_1_614' title='bbox 2331 3560 2381 3613; x_wconf 92' lang='lat' dir='ltr'><strong><em>in</em></strong></span> <span class='ocrx_word' id='word_1_615' title='bbox 2399 3559 2660 3629; x_wconf 91' lang='lat' dir='ltr'><strong><em>principio</em></strong></span> <span class='ocrx_word' id='word_1_616' title='bbox 2679 3560 2866 3615; x_wconf 91' lang='lat' dir='ltr'><strong><em>mundi</em></strong></span> <span class='ocrx_word' id='word_1_617' title='bbox 2891 3558 3122 3628; x_wconf 82' lang='lat' dir='ltr'><strong><em>legeres,</em></strong></span> <span class='ocrx_word' id='word_1_618' title='bbox 3142 3560 3194 3613; x_wconf 94' lang='lat' dir='ltr'><strong><em>in</em></strong></span> <span class='ocrx_word' id='word_1_619' title='bbox 3216 3557 3325 3614; x_wconf 78' lang='lat' dir='ltr'><strong><em>ﬁne</em></strong></span> <span class='ocrx_word' id='word_1_620' title='bbox 3345 3568 3450 3614; x_wconf 92' lang='lat' dir='ltr'><strong><em>tem</em></strong></span> <span class='ocrx_word' id='word_1_621' title='bbox 3461 3559 3607 3628; x_wconf 88' lang='lat' dir='ltr'><strong><em>poris</em></strong></span> 
     </span>
    </p>
   </div>
   <div class='ocr_carea' id='block_1_75' title="bbox 2011 3653 3605 3725">
    <p class='ocr_par' dir='ltr' id='par_1_75' title="bbox 2011 3653 3605 3725">
     <span class='ocr_line' id='line_1_75' title="bbox 2011 3653 3605 3725; baseline 0 -16"><span class='ocrx_word' id='word_1_622' title='bbox 2011 3654 2495 3723; x_wconf 83' lang='lat' dir='ltr'><strong><em>invenires,neque</em></strong></span> <span class='ocrx_word' id='word_1_623' title='bbox 2518 3655 2622 3708; x_wconf 91' lang='lat' dir='ltr'><strong><em>ulla</em></strong></span> <span class='ocrx_word' id='word_1_624' title='bbox 2660 3655 2881 3708; x_wconf 86' lang='lat' dir='ltr'><strong><em>omnino</em></strong></span> <span class='ocrx_word' id='word_1_625' title='bbox 2903 3655 3255 3710; x_wconf 85' lang='lat' dir='ltr'><strong><em>distractione</em></strong></span> <span class='ocrx_word' id='word_1_626' title='bbox 3276 3653 3458 3725; x_wconf 75' lang='lat' dir='ltr'><strong><em>impia:</em></strong></span> <span class='ocrx_word' id='word_1_627' title='bbox 3489 3655 3605 3709; x_wconf 87' lang='lat' dir='ltr'><strong><em>dis-</em></strong></span> 
     </span>
    </p>
   </div>
   <div class='ocr_carea' id='block_1_76' title="bbox 2009 3746 3604 3815">
    <p class='ocr_par' dir='ltr' id='par_1_76' title="bbox 2009 3746 3604 3815">
     <span class='ocr_line' id='line_1_76' title="bbox 2009 3746 3604 3815; baseline 0 -15"><span class='ocrx_word' id='word_1_628' title='bbox 2009 3748 2272 3801; x_wconf 87' lang='lat' dir='ltr'><strong><em>cessionis</em></strong></span> <span class='ocrx_word' id='word_1_629' title='bbox 2297 3747 2529 3800; x_wconf 87' lang='lat' dir='ltr'><strong><em>admissa</em></strong></span> <span class='ocrx_word' id='word_1_630' title='bbox 2547 3762 2707 3799; x_wconf 90' lang='lat' dir='ltr'><strong><em>unum</em></strong></span> <span class='ocrx_word' id='word_1_631' title='bbox 2727 3748 2779 3800; x_wconf 91' lang='lat' dir='ltr'><strong><em>in</em></strong></span> <span class='ocrx_word' id='word_1_632' title='bbox 2795 3761 2962 3800; x_wconf 90' lang='lat' dir='ltr'><strong><em>carne</em></strong></span> <span class='ocrx_word' id='word_1_633' title='bbox 2977 3757 3139 3814; x_wconf 83' lang='lat' dir='ltr'><strong><em>atque</em></strong></span> <span class='ocrx_word' id='word_1_634' title='bbox 3158 3748 3325 3800; x_wconf 87' lang='lat' dir='ltr'><strong><em>alium</em></strong></span> <span class='ocrx_word' id='word_1_635' title='bbox 3340 3747 3392 3799; x_wconf 89' lang='lat' dir='ltr'><strong><em>in</em></strong></span> <span class='ocrx_word' id='word_1_636' title='bbox 3410 3746 3604 3815; x_wconf 88' lang='lat' dir='ltr'><strong><em>spiritu</em></strong></span> 
     </span>
    </p>
   </div>
   <div class='ocr_carea' id='block_1_77' title="bbox 2012 3835 3604 3904">
    <p class='ocr_par' dir='ltr' id='par_1_77' title="bbox 2012 3835 3604 3904">
     <span class='ocr_line' id='line_1_77' title="bbox 2012 3835 3604 3904; baseline -0.001 -13"><span class='ocrx_word' id='word_1_637' title='bbox 2012 3837 2208 3891; x_wconf 89' lang='lat' dir='ltr'><strong><em>Filium</em></strong></span> <span class='ocrx_word' id='word_1_638' title='bbox 2250 3837 2344 3892; x_wconf 89' lang='lat' dir='ltr'><strong><em>Dei</em></strong></span> <span class='ocrx_word' id='word_1_639' title='bbox 2378 3837 2665 3900; x_wconf 86' lang='lat' dir='ltr'><strong><em>crederes;</em></strong></span> <span class='ocrx_word' id='word_1_640' title='bbox 2699 3851 2819 3890; x_wconf 90' lang='lat' dir='ltr'><strong><em>cum</em></strong></span> <span class='ocrx_word' id='word_1_641' title='bbox 2853 3835 2924 3889; x_wconf 86' lang='lat' dir='ltr'><strong><em>ita</em></strong></span> <span class='ocrx_word' id='word_1_642' title='bbox 2965 3837 3321 3904; x_wconf 88' lang='lat' dir='ltr'><strong><em>apostolicum</em></strong></span> <span class='ocrx_word' id='word_1_643' title='bbox 3351 3837 3604 3904; x_wconf 86' lang='lat' dir='ltr'><strong><em>magiste-</em></strong></span> 
     </span>
    </p>
   </div>
   <div class='ocr_carea' id='block_1_78' title="bbox 2012 3925 3602 3999">
    <p class='ocr_par' dir='ltr' id='par_1_78' title="bbox 2012 3925 3602 3999">
     <span class='ocr_line' id='line_1_78' title="bbox 2012 3925 3602 3999; baseline -0.003 -15"><span class='ocrx_word' id='word_1_644' title='bbox 2012 3929 2172 3996; x_wconf 90' lang='lat' dir='ltr'><strong><em>rium,</em></strong></span> <span class='ocrx_word' id='word_1_645' title='bbox 2194 3931 2357 3984; x_wconf 89' lang='lat' dir='ltr'><strong><em>Deum</em></strong></span> <span class='ocrx_word' id='word_1_646' title='bbox 2377 3927 2580 3999; x_wconf 82' lang='lat' dir='ltr'><strong><em>pariter</em></strong></span> <span class='ocrx_word' id='word_1_647' title='bbox 2599 3936 2761 3997; x_wconf 89' lang='lat' dir='ltr'><strong><em>atque</em></strong></span> <span class='ocrx_word' id='word_1_648' title='bbox 2787 3925 3060 3983; x_wconf 89' lang='lat' dir='ltr'><strong><em>hominem</em></strong></span> <span class='ocrx_word' id='word_1_649' title='bbox 3083 3941 3180 3995; x_wconf 87' lang='lat' dir='ltr'><strong><em>per</em></strong></span> <span class='ocrx_word' id='word_1_650' title='bbox 3201 3936 3602 3982; x_wconf 88' lang='lat' dir='ltr'><strong><em>sacramentum</em></strong></span> 
     </span>
    </p>
   </div>
   <div class='ocr_carea' id='block_1_79' title="bbox 1307 4064 2516 4123">
    <p class='ocr_par' dir='ltr' id='par_1_79' title="bbox 1307 4064 2516 4123">
     <span class='ocr_line' id='line_1_79' title="bbox 1307 4064 2516 4123; baseline 0.001 -3"><span class='ocrx_word' id='word_1_651' title='bbox 1307 4087 1310 4090; x_wconf 48' lang='grc' dir='ltr'>δ</span> <span class='ocrx_word' id='word_1_652' title='bbox 1382 4065 1643 4120; x_wconf 79' lang='lat' dir='ltr'><strong><em>ALARDI</em></strong></span> <span class='ocrx_word' id='word_1_653' title='bbox 1683 4064 1920 4120; x_wconf 59' lang='lat' dir='ltr'><strong>GAZzEI</strong></span> <span class='ocrx_word' id='word_1_654' title='bbox 1958 4064 2516 4123; x_wconf 71' lang='lat' dir='ltr'><strong><em>COMMENTARIUS.</em></strong></span> 
     </span>
    </p>
   </div>
   <div class='ocr_carea' id='block_1_80' title="bbox 314 4156 1892 4229">
    <p class='ocr_par' dir='ltr' id='par_1_80' title="bbox 314 4156 1892 4229">
     <span class='ocr_line' id='line_1_80' title="bbox 314 4156 1892 4229; baseline -0.001 -16"><span class='ocrx_word' id='word_1_655' title='bbox 314 4177 440 4225; x_wconf 81' lang='lat' dir='ltr'><strong><em>ipso.</em></strong></span> <span class='ocrx_word' id='word_1_656' title='bbox 476 4168 749 4226; x_wconf 88' lang='lat' dir='ltr'><strong><em>tamquam</em></strong></span> <span class='ocrx_word' id='word_1_657' title='bbox 790 4157 842 4212; x_wconf 92' lang='lat' dir='ltr'><strong><em>in</em></strong></span> <span class='ocrx_word' id='word_1_658' title='bbox 870 4156 1204 4225; x_wconf 85' lang='lat' dir='ltr'><strong><em>exemplari,</em></strong></span> <span class='ocrx_word' id='word_1_659' title='bbox 1236 4156 1534 4229; x_wconf 87' lang='lat' dir='ltr'><strong><em>archetypo</em></strong></span> <span class='ocrx_word' id='word_1_660' title='bbox 1566 4166 1620 4211; x_wconf 90' lang='lat' dir='ltr'><strong><em>et</em></strong></span> <span class='ocrx_word' id='word_1_661' title='bbox 1649 4168 1892 4229; x_wconf 88' lang='lat' dir='ltr'><strong><em>prototy-</em></strong></span> 
     </span>
    </p>
   </div>
   <div class='ocr_carea' id='block_1_81' title="bbox 313 4229 1888 4300">
    <p class='ocr_par' dir='ltr' id='par_1_81' title="bbox 313 4229 1888 4300">
     <span class='ocr_line' id='line_1_81' title="bbox 313 4229 1888 4300; baseline -0.002 -16"><span class='ocrx_word' id='word_1_662' title='bbox 313 4247 396 4300; x_wconf 90' lang='lat' dir='ltr'><strong><em>po.</em></strong></span> <span class='ocrx_word' id='word_1_663' title='bbox 417 4231 602 4285; x_wconf 84' lang='lat' dir='ltr'><strong><em>Tertio</em></strong></span> <span class='ocrx_word' id='word_1_664' title='bbox 625 4246 693 4284; x_wconf 84' lang='lat' dir='ltr'><strong><em>ex</em></strong></span> <span class='ocrx_word' id='word_1_665' title='bbox 716 4232 1123 4300; x_wconf 75' lang='lat' dir='ltr'><strong><em>comparatione</em></strong></span> <span class='ocrx_word' id='word_1_666' title='bbox 1147 4229 1210 4282; x_wconf 90' lang='lat' dir='ltr'><strong><em>ad</em></strong></span> <span class='ocrx_word' id='word_1_667' title='bbox 1233 4229 1888 4300; x_wconf 58' lang='lat' dir='ltr'><strong><em>Ei-clestauLuniversaiu,</em></strong></span> 
     </span>
    </p>
   </div>
   <div class='ocr_carea' id='block_1_82' title="bbox 310 4298 1892 4372">
    <p class='ocr_par' dir='ltr' id='par_1_82' title="bbox 310 4298 1892 4372">
     <span class='ocr_line' id='line_1_82' title="bbox 310 4298 1892 4372; baseline -0.001 -16"><span class='ocrx_word' id='word_1_668' title='bbox 310 4298 424 4356; x_wconf 72' lang='lat' dir='ltr'><strong><em>cum</em></strong></span> <span class='ocrx_word' id='word_1_669' title='bbox 454 4302 685 4355; x_wconf 74' lang='lat' dir='ltr'><strong><em>dicitur:</em></strong></span> <span class='ocrx_word' id='word_1_670' title='bbox 723 4299 786 4353; x_wconf 85' lang='lat' dir='ltr'><strong><em>Et</em></strong></span> <span class='ocrx_word' id='word_1_671' title='bbox 813 4302 918 4372; x_wconf 87' lang='lat' dir='ltr'><strong><em>ipse</em></strong></span> <span class='ocrx_word' id='word_1_672' title='bbox 947 4311 1020 4353; x_wconf 87' lang='lat' dir='ltr'><strong><em>est</em></strong></span> <span class='ocrx_word' id='word_1_673' title='bbox 1052 4310 1206 4372; x_wconf 88' lang='lat' dir='ltr'><strong><em>caput</em></strong></span> <span class='ocrx_word' id='word_1_674' title='bbox 1245 4298 1778 4372; x_wconf 51' lang='lat' dir='ltr'><strong><em>corporisjfcclesiaz,</em></strong></span> <span class='ocrx_word' id='word_1_675' title='bbox 1805 4302 1892 4372; x_wconf 86' lang='lat' dir='ltr'><strong><em>qui</em></strong></span> 
     </span>
    </p>
   </div>
   <div class='ocr_carea' id='block_1_83' title="bbox 310 4370 1892 4445">
    <p class='ocr_par' dir='ltr' id='par_1_83' title="bbox 310 4370 1892 4445">
     <span class='ocr_line' id='line_1_83' title="bbox 310 4370 1892 4445; baseline -0.002 -19"><span class='ocrx_word' id='word_1_676' title='bbox 310 4385 377 4426; x_wconf 82' lang='lat' dir='ltr'><strong><em>est</em></strong></span> <span class='ocrx_word' id='word_1_677' title='bbox 402 4375 740 4445; x_wconf 78' lang='lat' dir='ltr'><strong><em>principium,</em></strong></span> <span class='ocrx_word' id='word_1_678' title='bbox 765 4370 874 4426; x_wconf 77' lang='lat' dir='ltr'><strong><em>ete.</em></strong></span> <span class='ocrx_word' id='word_1_679' title='bbox 902 4371 991 4445; x_wconf 84' lang='lat' dir='ltr'><strong><em>S_ic</em></strong></span> <span class='ocrx_word' id='word_1_680' title='bbox 1015 4371 1078 4445; x_wconf 78' lang='lat' dir='ltr'><strong><em>ad</em></strong></span> <span class='ocrx_word' id='word_1_681' title='bbox 1106 4371 1371 4445; x_wconf 64' lang='lat' dir='ltr'><strong><em>Ephesios</em></strong></span> <span class='ocrx_word' id='word_1_682' title='bbox 1394 4389 1438 4426; x_wconf 84' lang='lat'><strong><em>1:</em></strong></span> <span class='ocrx_word' id='word_1_683' title='bbox 1474 4370 1539 4425; x_wconf 83' lang='lat' dir='ltr'><strong><em>Et</em></strong></span> <span class='ocrx_word' id='word_1_684' title='bbox 1562 4375 1728 4441; x_wconf 86' lang='lat' dir='ltr'><strong><em>ipsum</em></strong></span> <span class='ocrx_word' id='word_1_685' title='bbox 1752 4370 1892 4426; x_wconf 80' lang='lat' dir='ltr'><strong><em>dedit</em></strong></span> 
     </span>
    </p>
   </div>
   <div class='ocr_carea' id='block_1_84' title="bbox 308 4441 1892 4516">
    <p class='ocr_par' dir='ltr' id='par_1_84' title="bbox 308 4441 1892 4516">
     <span class='ocr_line' id='line_1_84' title="bbox 308 4441 1892 4516; baseline -0.001 -19"><span class='ocrx_word' id='word_1_686' title='bbox 308 4441 455 4516; x_wconf 85' lang='lat' dir='ltr'><strong><em>caput</em></strong></span> <span class='ocrx_word' id='word_1_687' title='bbox 487 4441 646 4506; x_wconf 77' lang='lat' dir='ltr'><strong><em>supra</em></strong></span> <span class='ocrx_word' id='word_1_688' title='bbox 677 4460 874 4516; x_wconf 79' lang='lat' dir='ltr'><strong><em>omnem</em></strong></span> <span class='ocrx_word' id='word_1_689' title='bbox 914 4441 1200 4496; x_wconf 85' lang='lat' dir='ltr'><strong><em>Ecclesiam</em></strong></span> <span class='ocrx_word' id='word_1_690' title='bbox 1222 4489 1236 4512; x_wconf 83' lang='lat'><strong><em>,</em></strong></span> <span class='ocrx_word' id='word_1_691' title='bbox 1265 4461 1379 4511; x_wconf 68' lang='lat' dir='ltr'><strong><em>quae</em></strong></span> <span class='ocrx_word' id='word_1_692' title='bbox 1405 4456 1476 4498; x_wconf 89' lang='lat' dir='ltr'><strong><em>est</em></strong></span> <span class='ocrx_word' id='word_1_693' title='bbox 1520 4461 1703 4514; x_wconf 88' lang='lat' dir='ltr'><strong><em>corpus</em></strong></span> <span class='ocrx_word' id='word_1_694' title='bbox 1731 4445 1892 4513; x_wconf 85' lang='lat' dir='ltr'><strong><em>ipsius</em></strong></span> 
     </span>
    </p>
   </div>
   <div class='ocr_carea' id='block_1_85' title="bbox 307 4515 1892 4587">
    <p class='ocr_par' dir='ltr' id='par_1_85' title="bbox 307 4515 1892 4587">
     <span class='ocr_line' id='line_1_85' title="bbox 307 4515 1892 4587; baseline -0.002 -19"><span class='ocrx_word' id='word_1_695' title='bbox 307 4515 645 4587; x_wconf 84' lang='lat' dir='ltr'><strong><em>etplenitudo</em></strong></span> <span class='ocrx_word' id='word_1_696' title='bbox 673 4516 805 4585; x_wconf 82' lang='lat' dir='ltr'><strong><em>ejus.</em></strong></span> <span class='ocrx_word' id='word_1_697' title='bbox 836 4515 1004 4582; x_wconf 86' lang='lat' dir='ltr'><strong><em>Supra</em></strong></span> <span class='ocrx_word' id='word_1_698' title='bbox 1035 4531 1248 4587; x_wconf 76' lang='lat' dir='ltr'><strong><em>orum-in</em></strong></span> <span class='ocrx_word' id='word_1_699' title='bbox 1284 4516 1579 4568; x_wconf 71' lang='lat' dir='ltr'><strong><em>licclesiam</em></strong></span> <span class='ocrx_word' id='word_1_700' title='bbox 1601 4557 1615 4576; x_wconf 94' lang='lat'><strong><em>,</em></strong></span> <span class='ocrx_word' id='word_1_701' title='bbox 1652 4516 1892 4566; x_wconf 80' lang='lat' dir='ltr'><strong><em>militau-</em></strong></span> 
     </span>
    </p>
   </div>
   <div class='ocr_carea' id='block_1_86' title="bbox 1997 4441 2306 4497">
    <p class='ocr_par' dir='ltr' id='par_1_86' title="bbox 1997 4441 2306 4497">
     <span class='ocr_line' id='line_1_86' title="bbox 1997 4441 2306 4497; baseline 0.006 -2"><span class='ocrx_word' id='word_1_702' title='bbox 1997 4441 2131 4497; x_wconf 82' lang='lat' dir='ltr'><strong><em>Ecce</em></strong></span> <span class='ocrx_word' id='word_1_703' title='bbox 2177 4462 2306 4497; x_wconf 86' lang='lat' dir='ltr'><strong><em>nova</em></strong></span> 
     </span>
    </p>
   </div>
   <div class='ocr_carea' id='block_1_87' title="bbox 1999 4159 3601 4232">
    <p class='ocr_par' dir='ltr' id='par_1_87' title="bbox 1999 4159 3601 4232">
     <span class='ocr_line' id='line_1_87' title="bbox 1999 4159 3601 4232; baseline 0.007 -20"><span class='ocrx_word' id='word_1_704' title='bbox 1999 4166 2126 4222; x_wconf 90' lang='lat' dir='ltr'><strong><em>tur,</em></strong></span> <span class='ocrx_word' id='word_1_705' title='bbox 2178 4160 2296 4213; x_wconf 83' lang='lat' dir='ltr'><strong><em>duae</em></strong></span> <span class='ocrx_word' id='word_1_706' title='bbox 2353 4160 2590 4214; x_wconf 83' lang='lat' dir='ltr'><strong><em>rationes</em></strong></span> <span class='ocrx_word' id='word_1_707' title='bbox 2647 4159 2965 4216; x_wconf 78' lang='lat' dir='ltr'><strong><em>alieruntur.</em></strong></span> <span class='ocrx_word' id='word_1_708' title='bbox 3019 4160 3235 4227; x_wconf 87' lang='lat' dir='ltr'><strong><em>Prima,</em></strong></span> <span class='ocrx_word' id='word_1_709' title='bbox 3289 4164 3414 4232; x_wconf 86' lang='lat' dir='ltr'><strong><em>quia</em></strong></span> <span class='ocrx_word' id='word_1_710' title='bbox 3474 4173 3601 4225; x_wconf 87' lang='lat' dir='ltr'><strong><em>tunc</em></strong></span> 
     </span>
    </p>
   </div>
   <div class='ocr_carea' id='block_1_88' title="bbox 1998 4232 3599 4304">
    <p class='ocr_par' dir='ltr' id='par_1_88' title="bbox 1998 4232 3599 4304">
     <span class='ocr_line' id='line_1_88' title="bbox 1998 4232 3599 4304; baseline 0.006 -21"><span class='ocrx_word' id='word_1_711' title='bbox 1998 4236 2142 4283; x_wconf 88' lang='lat' dir='ltr'><strong><em>totus</em></strong></span> <span class='ocrx_word' id='word_1_712' title='bbox 2171 4232 2402 4304; x_wconf 77' lang='lat' dir='ltr'><strong><em>&quot;modus</em></strong></span> <span class='ocrx_word' id='word_1_713' title='bbox 2434 4233 2772 4304; x_wconf 71' lang='lat' dir='ltr'><strong><em>renovandus</em></strong></span> <span class='ocrx_word' id='word_1_714' title='bbox 2810 4243 2922 4301; x_wconf 85' lang='lat' dir='ltr'><strong><em>est,</em></strong></span> <span class='ocrx_word' id='word_1_715' title='bbox 2970 4243 3026 4289; x_wconf 86' lang='lat' dir='ltr'><strong><em>et</em></strong></span> <span class='ocrx_word' id='word_1_716' title='bbox 3061 4235 3465 4304; x_wconf 89' lang='lat' dir='ltr'><strong><em>quodammodo</em></strong></span> <span class='ocrx_word' id='word_1_717' title='bbox 3509 4255 3599 4293; x_wconf 82' lang='lat' dir='ltr'><strong><em>re-</em></strong></span> 
     </span>
    </p>
   </div>
   <div class='ocr_carea' id='block_1_89' title="bbox 1997 4303 3598 4379">
    <p class='ocr_par' dir='ltr' id='par_1_89' title="bbox 1997 4303 3598 4379">
     <span class='ocr_line' id='line_1_89' title="bbox 1997 4303 3598 4379; baseline 0.008 -27"><span class='ocrx_word' id='word_1_718' title='bbox 1997 4303 2360 4379; x_wconf 72' lang='lat' dir='ltr'><strong><em>generamlns,</em></strong></span> <span class='ocrx_word' id='word_1_719' title='bbox 2393 4311 2450 4356; x_wconf 92' lang='lat' dir='ltr'><strong><em>ut</em></strong></span> <span class='ocrx_word' id='word_1_720' title='bbox 2477 4306 2549 4356; x_wconf 89' lang='lat' dir='ltr'><strong><em>ait</em></strong></span> <span class='ocrx_word' id='word_1_721' title='bbox 2580 4303 2819 4358; x_wconf 86' lang='lat' dir='ltr'><strong><em>Joannes</em></strong></span> <span class='ocrx_word' id='word_1_722' title='bbox 2862 4307 2913 4358; x_wconf 92' lang='lat' dir='ltr'><strong><em>in</em></strong></span> <span class='ocrx_word' id='word_1_723' title='bbox 2962 4303 3282 4378; x_wconf 60' lang='lat' dir='ltr'><strong><em>Apoi-alypsi</em></strong></span> <span class='ocrx_word' id='word_1_724' title='bbox 3313 4323 3434 4379; x_wconf 81' lang='lat' dir='ltr'><strong><em>Cap.</em></strong></span> <span class='ocrx_word' id='word_1_725' title='bbox 3470 4325 3598 4365; x_wconf 73' lang='lat' dir='ltr'><strong><em>ut:</em></strong></span> 
     </span>
    </p>
   </div>
   <div class='ocr_carea' id='block_1_90' title="bbox 2010 4372 3594 4444">
    <p class='ocr_par' dir='ltr' id='par_1_90' title="bbox 2010 4372 3594 4444">
     <span class='ocr_line' id='line_1_90' title="bbox 2010 4372 3594 4444; baseline 0.009 -23"><span class='ocrx_word' id='word_1_726' title='bbox 2010 4372 2126 4444; x_wconf 53' lang='lat' dir='ltr'><strong><em>[adi</em></strong></span> <span class='ocrx_word' id='word_1_727' title='bbox 2169 4375 2351 4426; x_wconf 75' lang='lat' dir='ltr'><strong><em>cwlum</em></strong></span> <span class='ocrx_word' id='word_1_728' title='bbox 2401 4391 2616 4439; x_wconf 86' lang='lat' dir='ltr'><strong><em>novum,</em></strong></span> <span class='ocrx_word' id='word_1_729' title='bbox 2658 4385 2705 4429; x_wconf 89' lang='lat' dir='ltr'><strong><em>et</em></strong></span> <span class='ocrx_word' id='word_1_730' title='bbox 2746 4385 2938 4430; x_wconf 89' lang='lat' dir='ltr'><strong><em>terram</em></strong></span> <span class='ocrx_word' id='word_1_731' title='bbox 2985 4372 3216 4444; x_wconf 36' lang='lat' dir='ltr'><strong><em>novam}-</em></strong></span> <span class='ocrx_word' id='word_1_732' title='bbox 3237 4388 3293 4434; x_wconf 91' lang='lat' dir='ltr'><strong><em>et</em></strong></span> <span class='ocrx_word' id='word_1_733' title='bbox 3342 4372 3482 4436; x_wconf 61' lang='lat' dir='ltr'><strong><em>vers.</em></strong></span> <span class='ocrx_word' id='word_1_734' title='bbox 3522 4382 3594 4435; x_wconf 82' lang='lat'><strong>5:</strong></span> 
     </span>
    </p>
   </div>
   <div class='ocr_carea' id='block_1_91' title="bbox 2353 4447 3598 4514">
    <p class='ocr_par' dir='ltr' id='par_1_91' title="bbox 2353 4447 3598 4514">
     <span class='ocr_line' id='line_1_91' title="bbox 2353 4447 3598 4514; baseline 0.006 -20"><span class='ocrx_word' id='word_1_735' title='bbox 2353 4447 2487 4514; x_wconf 76' lang='lat' dir='ltr'><strong><em>facio</em></strong></span> <span class='ocrx_word' id='word_1_736' title='bbox 2540 4448 2736 4498; x_wconf 87' lang='lat' dir='ltr'><strong><em>omnia.</em></strong></span> <span class='ocrx_word' id='word_1_737' title='bbox 2795 4447 2859 4499; x_wconf 86' lang='lat' dir='ltr'><strong><em>Et</em></strong></span> <span class='ocrx_word' id='word_1_738' title='bbox 2916 4448 2977 4500; x_wconf 89' lang='lat' dir='ltr'><strong><em>D.</em></strong></span> <span class='ocrx_word' id='word_1_739' title='bbox 3032 4449 3223 4503; x_wconf 70' lang='lat' dir='ltr'><strong><em>Petrus</em></strong></span> <span class='ocrx_word' id='word_1_740' title='bbox 3263 4453 3316 4504; x_wconf 91' lang='lat' dir='ltr'><strong><em>in</em></strong></span> <span class='ocrx_word' id='word_1_741' title='bbox 3361 4452 3598 4508; x_wconf 82' lang='lat' dir='ltr'><strong><em>secunda</em></strong></span> 
     </span>
    </p>
   </div>
   <div class='ocr_carea' id='block_1_92' title="bbox 2003 4514 3600 4578">
    <p class='ocr_par' dir='ltr' id='par_1_92' title="bbox 2003 4514 3600 4578">
     <span class='ocr_line' id='line_1_92' title="bbox 2003 4514 3600 4578; baseline 0.005 -13"><span class='ocrx_word' id='word_1_742' title='bbox 2003 4515 2235 4578; x_wconf 55' lang='lat' dir='ltr'><strong><em>I‘Ipistnla</em></strong></span> <span class='ocrx_word' id='word_1_743' title='bbox 2289 4531 2337 4567; x_wconf 93' lang='lat' dir='ltr'><strong><em>c.</em></strong></span> <span class='ocrx_word' id='word_1_744' title='bbox 2391 4531 2486 4567; x_wconf 87' lang='lat' dir='ltr'><strong><em>Ill:</em></strong></span> <span class='ocrx_word' id='word_1_745' title='bbox 2521 4514 2696 4566; x_wconf 84' lang='lat' dir='ltr'><strong><em>Novas</em></strong></span> <span class='ocrx_word' id='word_1_746' title='bbox 2725 4531 2839 4568; x_wconf 83' lang='lat' dir='ltr'><strong><em>vero</em></strong></span> <span class='ocrx_word' id='word_1_747' title='bbox 2879 4517 3062 4578; x_wconf 77' lang='lat' dir='ltr'><strong><em>caelos,</em></strong></span> <span class='ocrx_word' id='word_1_748' title='bbox 3097 4529 3144 4570; x_wconf 82' lang='lat' dir='ltr'><strong><em>et</em></strong></span> <span class='ocrx_word' id='word_1_749' title='bbox 3188 4535 3368 4571; x_wconf 85' lang='lat' dir='ltr'><strong><em>novam</em></strong></span> <span class='ocrx_word' id='word_1_750' title='bbox 3407 4532 3600 4573; x_wconf 86' lang='lat' dir='ltr'><strong><em>terram</em></strong></span> 
     </span>
    </p>
   </div>
   <div class='ocr_carea' id='block_1_93' title="bbox 310 4584 3597 4652">
    <p class='ocr_par' dir='ltr' id='par_1_93' title="bbox 310 4584 3597 4652">
     <span class='ocr_line' id='line_1_93' title="bbox 310 4584 3597 4652; baseline 0.001 -13"><span class='ocrx_word' id='word_1_751' title='bbox 310 4584 413 4640; x_wconf 84' lang='lat' dir='ltr'><strong><em>tem</em></strong></span> <span class='ocrx_word' id='word_1_752' title='bbox 443 4589 655 4640; x_wconf 80' lang='lat' dir='ltr'><strong><em>scilicet</em></strong></span> <span class='ocrx_word' id='word_1_753' title='bbox 681 4584 731 4638; x_wconf 85' lang='lat' dir='ltr'><strong><em>in</em></strong></span> <span class='ocrx_word' id='word_1_754' title='bbox 764 4587 943 4648; x_wconf 89' lang='lat' dir='ltr'><strong><em>terris,</em></strong></span> <span class='ocrx_word' id='word_1_755' title='bbox 974 4597 1024 4639; x_wconf 88' lang='lat' dir='ltr'><strong><em>et</em></strong></span> <span class='ocrx_word' id='word_1_756' title='bbox 1050 4586 1101 4639; x_wconf 92' lang='lat' dir='ltr'><strong><em>in</em></strong></span> <span class='ocrx_word' id='word_1_757' title='bbox 1125 4588 1278 4640; x_wconf 73' lang='lat' dir='ltr'><strong><em>ctelis</em></strong></span> <span class='ocrx_word' id='word_1_758' title='bbox 1304 4587 1748 4652; x_wconf 82' lang='lat' dir='ltr'><strong><em>triumphantem.</em></strong></span> <span class='ocrx_word' id='word_1_759' title='bbox 1775 4600 1893 4649; x_wconf 71' lang='lat' dir='ltr'><strong><em>qute</em></strong></span> <span class='ocrx_word' id='word_1_760' title='bbox 1921 4591 1972 4650; x_wconf 78' lang='lat'><strong><em>1)</em></strong></span> <span class='ocrx_word' id='word_1_761' title='bbox 1997 4584 2279 4636; x_wconf 85' lang='lat' dir='ltr'><strong><em>secundum</em></strong></span> <span class='ocrx_word' id='word_1_762' title='bbox 2343 4587 2594 4650; x_wconf 74' lang='lat' dir='ltr'><strong><em>prainissa</em></strong></span> <span class='ocrx_word' id='word_1_763' title='bbox 2649 4587 2811 4652; x_wconf 87' lang='lat' dir='ltr'><strong><em>ipsius</em></strong></span> <span class='ocrx_word' id='word_1_764' title='bbox 2866 4598 3241 4651; x_wconf 69' lang='lat' dir='ltr'><strong><em>exspectamus.</em></strong></span> <span class='ocrx_word' id='word_1_765' title='bbox 3305 4588 3370 4640; x_wconf 88' lang='lat' dir='ltr'><strong><em>Et</em></strong></span> <span class='ocrx_word' id='word_1_766' title='bbox 3432 4588 3597 4642; x_wconf 72' lang='lat' dir='ltr'><strong><em>l~aias</em></strong></span> 
     </span>
    </p>
   </div>
   <div class='ocr_carea' id='block_1_94' title="bbox 311 4654 1892 4726">
    <p class='ocr_par' dir='ltr' id='par_1_94' title="bbox 311 4654 1892 4726">
     <span class='ocr_line' id='line_1_94' title="bbox 311 4654 1892 4726; baseline -0.001 -18"><span class='ocrx_word' id='word_1_767' title='bbox 311 4659 600 4711; x_wconf 83' lang='lat' dir='ltr'><strong><em>secundum</em></strong></span> <span class='ocrx_word' id='word_1_768' title='bbox 635 4657 985 4726; x_wconf 79' lang='lat' dir='ltr'><strong><em>Augustinum</em></strong></span> <span class='ocrx_word' id='word_1_769' title='bbox 1021 4655 1110 4712; x_wconf 84' lang='lat' dir='ltr'><strong><em>lln</em></strong></span> <span class='ocrx_word' id='word_1_770' title='bbox 1143 4655 1446 4721; x_wconf 81' lang='lat' dir='ltr'><strong><em>Encltirid.)</em></strong></span> <span class='ocrx_word' id='word_1_771' title='bbox 1479 4657 1676 4726; x_wconf 83' lang='lat' dir='ltr'><strong><em>eti_:_nn_:</em></strong></span> <span class='ocrx_word' id='word_1_772' title='bbox 1703 4654 1892 4717; x_wconf 84' lang='lat' dir='ltr'><strong><em>ngelos</em></strong></span> 
     </span>
    </p>
   </div>
   <div class='ocr_carea' id='block_1_95' title="bbox 314 4722 1893 4792">
    <p class='ocr_par' dir='ltr' id='par_1_95' title="bbox 314 4722 1893 4792">
     <span class='ocr_line' id='line_1_95' title="bbox 314 4722 1893 4792; baseline -0.002 -14"><span class='ocrx_word' id='word_1_773' title='bbox 314 4722 896 4786; x_wconf 37' lang='lat' dir='ltr'><strong><em>complectiturfUude</em></strong></span> <span class='ocrx_word' id='word_1_774' title='bbox 924 4728 1199 4783; x_wconf 87' lang='lat' dir='ltr'><strong><em>concludit</em></strong></span> <span class='ocrx_word' id='word_1_775' title='bbox 1226 4727 1516 4792; x_wconf 83' lang='lat' dir='ltr'><strong><em>Apostolus</em></strong></span> <span class='ocrx_word' id='word_1_776' title='bbox 1539 4722 1812 4775; x_wconf 80' lang='lat' dir='ltr'><strong><em>Christum</em></strong></span> <span class='ocrx_word' id='word_1_777' title='bbox 1841 4726 1893 4776; x_wconf 91' lang='lat' dir='ltr'><strong><em>in</em></strong></span> 
     </span>
    </p>
   </div>
   <div class='ocr_carea' id='block_1_96' title="bbox 313 4795 1898 4868">
    <p class='ocr_par' dir='ltr' id='par_1_96' title="bbox 313 4795 1898 4868">
     <span class='ocr_line' id='line_1_96' title="bbox 313 4795 1898 4868; baseline 0 -20"><span class='ocrx_word' id='word_1_778' title='bbox 313 4799 572 4868; x_wconf 82' lang='lat' dir='ltr'><strong><em>oinnibus</em></strong></span> <span class='ocrx_word' id='word_1_779' title='bbox 614 4807 904 4868; x_wconf 80' lang='lat' dir='ltr'><strong><em>primatum</em></strong></span> <span class='ocrx_word' id='word_1_780' title='bbox 962 4809 1146 4852; x_wconf 90' lang='lat' dir='ltr'><strong><em>tenere</em></strong></span> <span class='ocrx_word' id='word_1_781' title='bbox 1177 4815 1188 4850; x_wconf 93' lang='lat'><strong>:</strong></span> <span class='ocrx_word' id='word_1_782' title='bbox 1223 4798 1338 4849; x_wconf 71' lang='lat' dir='ltr'><strong><em>sive</em></strong></span> <span class='ocrx_word' id='word_1_783' title='bbox 1389 4808 1444 4848; x_wconf 91' lang='lat' dir='ltr'><strong><em>ut</em></strong></span> <span class='ocrx_word' id='word_1_784' title='bbox 1483 4795 1624 4850; x_wconf 90' lang='lat' dir='ltr'><strong><em>Deus</em></strong></span> <span class='ocrx_word' id='word_1_785' title='bbox 1647 4835 1662 4860; x_wconf 97' lang='lat'><strong><em>,</em></strong></span> <span class='ocrx_word' id='word_1_786' title='bbox 1694 4795 1806 4848; x_wconf 84' lang='lat' dir='ltr'><strong><em>sive</em></strong></span> <span class='ocrx_word' id='word_1_787' title='bbox 1839 4802 1898 4848; x_wconf 90' lang='lat' dir='ltr'><strong><em>ut</em></strong></span> 
     </span>
    </p>
   </div>
   <div class='ocr_carea' id='block_1_97' title="bbox 309 4867 890 4924">
    <p class='ocr_par' dir='ltr' id='par_1_97' title="bbox 309 4867 890 4924">
     <span class='ocr_line' id='line_1_97' title="bbox 309 4867 890 4924; baseline 0 -2"><span class='ocrx_word' id='word_1_788' title='bbox 309 4867 476 4922; x_wconf 84' lang='lat' dir='ltr'><strong><em>homo</em></strong></span> <span class='ocrx_word' id='word_1_789' title='bbox 501 4867 890 4924; x_wconf 79' lang='lat' dir='ltr'><strong><em>consideretur.</em></strong></span> 
     </span>
    </p>
   </div>
   <div class='ocr_carea' id='block_1_98' title="bbox 382 4935 1892 5011">
    <p class='ocr_par' dir='ltr' id='par_1_98' title="bbox 382 4935 1892 5011">
     <span class='ocr_line' id='line_1_98' title="bbox 382 4935 1892 5011; baseline -0.003 -17"><span class='ocrx_word' id='word_1_790' title='bbox 382 4950 405 4977; x_wconf 78' lang='grc'><em>³</em></span> <span class='ocrx_word' id='word_1_791' title='bbox 441 4942 803 5011; x_wconf 75' lang='lat' dir='ltr'><strong><em>Regeneratio</em></strong></span> <span class='ocrx_word' id='word_1_792' title='bbox 846 4941 1048 5006; x_wconf 81' lang='lat' dir='ltr'><strong><em>duplex</em></strong></span> <span class='ocrx_word' id='word_1_793' title='bbox 1097 4939 1150 4992; x_wconf 94' lang='lat' dir='ltr'><strong><em>in</em></strong></span> <span class='ocrx_word' id='word_1_794' title='bbox 1201 4935 1498 5011; x_wconf 75' lang='lat' dir='ltr'><strong><em>Seripturis</em></strong></span> <span class='ocrx_word' id='word_1_795' title='bbox 1539 4936 1892 5011; x_wconf 54' lang='lat' dir='ltr'><strong><em>capriinitur:</em></strong></span> 
     </span>
    </p>
   </div>
   <div class='ocr_carea' id='block_1_99' title="bbox 307 5007 1896 5080">
    <p class='ocr_par' dir='ltr' id='par_1_99' title="bbox 307 5007 1896 5080">
     <span class='ocr_line' id='line_1_99' title="bbox 307 5007 1896 5080; baseline -0.003 -14"><span class='ocrx_word' id='word_1_796' title='bbox 307 5013 477 5068; x_wconf 87' lang='lat' dir='ltr'><strong><em>altera</em></strong></span> <span class='ocrx_word' id='word_1_797' title='bbox 511 5007 597 5066; x_wconf 75' lang='lat' dir='ltr'><strong><em>est</em></strong></span> <span class='ocrx_word' id='word_1_798' title='bbox 629 5015 926 5080; x_wconf 85' lang='lat' dir='ltr'><strong><em>baptismus</em></strong></span> <span class='ocrx_word' id='word_1_799' title='bbox 947 5055 961 5079; x_wconf 91' lang='lat'><strong><em>,</em></strong></span> <span class='ocrx_word' id='word_1_800' title='bbox 989 5013 1057 5066; x_wconf 91' lang='lat' dir='ltr'><strong><em>de</em></strong></span> <span class='ocrx_word' id='word_1_801' title='bbox 1088 5025 1188 5077; x_wconf 89' lang='lat' dir='ltr'><strong><em>qua</em></strong></span> <span class='ocrx_word' id='word_1_802' title='bbox 1213 5008 1369 5063; x_wconf 82' lang='lat' dir='ltr'><strong><em>.loan.</em></strong></span> <span class='ocrx_word' id='word_1_803' title='bbox 1404 5023 1494 5061; x_wconf 85' lang='lat' dir='ltr'><strong><em>Ill:</em></strong></span> <span class='ocrx_word' id='word_1_804' title='bbox 1531 5007 1649 5060; x_wconf 83' lang='lat' dir='ltr'><strong><em>Nisi</em></strong></span> <span class='ocrx_word' id='word_1_805' title='bbox 1677 5011 1790 5080; x_wconf 63' lang='lat' dir='ltr'><strong><em>quis</em></strong></span> <span class='ocrx_word' id='word_1_806' title='bbox 1818 5025 1896 5062; x_wconf 87' lang='lat' dir='ltr'><strong><em>re-</em></strong></span> 
     </span>
    </p>
   </div>
   <div class='ocr_carea' id='block_1_100' title="bbox 262 5079 1895 5154">
    <p class='ocr_par' dir='ltr' id='par_1_100' title="bbox 262 5079 1895 5154">
     <span class='ocr_line' id='line_1_100' title="bbox 262 5079 1895 5154; baseline -0.002 -18"><span class='ocrx_word' id='word_1_807' title='bbox 262 5086 276 5121; x_wconf 62' lang='lat' dir='ltr'><strong><em>i</em></strong></span> <span class='ocrx_word' id='word_1_808' title='bbox 305 5097 458 5137; x_wconf 85' lang='lat' dir='ltr'><strong><em>natus</em></strong></span> <span class='ocrx_word' id='word_1_809' title='bbox 495 5085 654 5137; x_wconf 79' lang='lat' dir='ltr'><strong><em>fuerit</em></strong></span> <span class='ocrx_word' id='word_1_810' title='bbox 685 5079 748 5138; x_wconf 74' lang='lat' dir='ltr'><strong><em>ex</em></strong></span> <span class='ocrx_word' id='word_1_811' title='bbox 776 5101 910 5154; x_wconf 88' lang='lat' dir='ltr'><strong><em>aqua</em></strong></span> <span class='ocrx_word' id='word_1_812' title='bbox 941 5095 985 5136; x_wconf 90' lang='lat' dir='ltr'><strong><em>ct</em></strong></span> <span class='ocrx_word' id='word_1_813' title='bbox 1012 5081 1212 5151; x_wconf 87' lang='lat' dir='ltr'><strong><em>Spiritu</em></strong></span> <span class='ocrx_word' id='word_1_814' title='bbox 1241 5091 1441 5139; x_wconf 87' lang='lat' dir='ltr'><strong><em>sancto,</em></strong></span> <span class='ocrx_word' id='word_1_815' title='bbox 1464 5091 1596 5143; x_wconf 86' lang='lat' dir='ltr'><strong><em>etc.;</em></strong></span> <span class='ocrx_word' id='word_1_816' title='bbox 1622 5081 1684 5154; x_wconf 75' lang='lat' dir='ltr'><strong><em>ad</em></strong></span> <span class='ocrx_word' id='word_1_817' title='bbox 1717 5079 1895 5132; x_wconf 85' lang='lat' dir='ltr'><strong><em>Titum</em></strong></span> 
     </span>
    </p>
   </div>
   <div class='ocr_carea' id='block_1_101' title="bbox 306 5152 1898 5222">
    <p class='ocr_par' dir='ltr' id='par_1_101' title="bbox 306 5152 1898 5222">
     <span class='ocr_line' id='line_1_101' title="bbox 306 5152 1898 5222; baseline -0.004 -14"><span class='ocrx_word' id='word_1_818' title='bbox 306 5170 397 5210; x_wconf 83' lang='lat' dir='ltr'><strong><em>tu:</em></strong></span> <span class='ocrx_word' id='word_1_819' title='bbox 432 5155 621 5209; x_wconf 85' lang='lat' dir='ltr'><strong><em>Salvos</em></strong></span> <span class='ocrx_word' id='word_1_820' title='bbox 653 5173 744 5208; x_wconf 86' lang='lat' dir='ltr'><strong><em>nos</em></strong></span> <span class='ocrx_word' id='word_1_821' title='bbox 776 5152 858 5220; x_wconf 76' lang='lat' dir='ltr'><strong><em>{ac</em></strong></span> <span class='ocrx_word' id='word_1_822' title='bbox 897 5172 986 5221; x_wconf 85' lang='lat' dir='ltr'><strong><em>per</em></strong></span> <span class='ocrx_word' id='word_1_823' title='bbox 1018 5154 1280 5206; x_wconf 73' lang='lat' dir='ltr'><strong><em>lavacrum</em></strong></span> <span class='ocrx_word' id='word_1_824' title='bbox 1312 5152 1708 5222; x_wconf 69' lang='lat' dir='ltr'><strong><em>regenerationis</em></strong></span> <span class='ocrx_word' id='word_1_825' title='bbox 1737 5160 1784 5204; x_wconf 89' lang='lat' dir='ltr'><strong><em>et</em></strong></span> <span class='ocrx_word' id='word_1_826' title='bbox 1817 5168 1898 5203; x_wconf 90' lang='lat' dir='ltr'><strong><em>re-</em></strong></span> 
     </span>
    </p>
   </div>
   <div class='ocr_carea' id='block_1_102' title="bbox 308 5221 1897 5294">
    <p class='ocr_par' dir='ltr' id='par_1_102' title="bbox 308 5221 1897 5294">
     <span class='ocr_line' id='line_1_102' title="bbox 308 5221 1897 5294; baseline -0.003 -16"><span class='ocrx_word' id='word_1_827' title='bbox 308 5227 602 5282; x_wconf 88' lang='lat' dir='ltr'><strong><em>novationis</em></strong></span> <span class='ocrx_word' id='word_1_828' title='bbox 647 5227 878 5294; x_wconf 85' lang='lat' dir='ltr'><strong><em>Spiritus</em></strong></span> <span class='ocrx_word' id='word_1_829' title='bbox 912 5229 1117 5290; x_wconf 86' lang='lat' dir='ltr'><strong><em>sancti;</em></strong></span> <span class='ocrx_word' id='word_1_830' title='bbox 1148 5237 1198 5278; x_wconf 90' lang='lat' dir='ltr'><strong><em>et</em></strong></span> <span class='ocrx_word' id='word_1_831' title='bbox 1249 5224 1264 5278; x_wconf 93' lang='lat' dir='ltr'><strong><em>l</em></strong></span> <span class='ocrx_word' id='word_1_832' title='bbox 1292 5221 1437 5278; x_wconf 80' lang='lat' dir='ltr'><strong><em>Petri</em></strong></span> <span class='ocrx_word' id='word_1_833' title='bbox 1478 5238 1530 5276; x_wconf 75' lang='grc' dir='ltr'>ιε</span> <span class='ocrx_word' id='word_1_834' title='bbox 1563 5221 1897 5291; x_wconf 81' lang='lat' dir='ltr'><strong><em>Regeneravit</em></strong></span> 
     </span>
    </p>
   </div>
   <div class='ocr_carea' id='block_1_103' title="bbox 307 5294 1894 5361">
    <p class='ocr_par' dir='ltr' id='par_1_103' title="bbox 307 5294 1894 5361">
     <span class='ocr_line' id='line_1_103' title="bbox 307 5294 1894 5361; baseline -0.002 -10"><span class='ocrx_word' id='word_1_835' title='bbox 307 5313 396 5351; x_wconf 86' lang='lat' dir='ltr'><strong><em>nos</em></strong></span> <span class='ocrx_word' id='word_1_836' title='bbox 420 5301 472 5351; x_wconf 89' lang='lat' dir='ltr'><strong><em>in</em></strong></span> <span class='ocrx_word' id='word_1_837' title='bbox 496 5315 642 5361; x_wconf 75' lang='lat' dir='ltr'><strong><em>spem</em></strong></span> <span class='ocrx_word' id='word_1_838' title='bbox 675 5299 858 5351; x_wconf 86' lang='lat' dir='ltr'><strong><em>vivam.</em></strong></span> <span class='ocrx_word' id='word_1_839' title='bbox 882 5297 1088 5359; x_wconf 67' lang='lat' dir='ltr'><strong><em>Altera,</em></strong></span> <span class='ocrx_word' id='word_1_840' title='bbox 1119 5294 1446 5349; x_wconf 72' lang='lat' dir='ltr'><strong><em>resurrectio</em></strong></span> <span class='ocrx_word' id='word_1_841' title='bbox 1475 5306 1810 5348; x_wconf 84' lang='lat' dir='ltr'><strong><em>Inortuorum</em></strong></span> <span class='ocrx_word' id='word_1_842' title='bbox 1840 5294 1894 5348; x_wconf 86' lang='lat' dir='ltr'><strong><em>in</em></strong></span> 
     </span>
    </p>
   </div>
   <div class='ocr_carea' id='block_1_104' title="bbox 309 5365 1897 5436">
    <p class='ocr_par' dir='ltr' id='par_1_104' title="bbox 309 5365 1897 5436">
     <span class='ocr_line' id='line_1_104' title="bbox 309 5365 1897 5436; baseline -0.003 -15"><span class='ocrx_word' id='word_1_843' title='bbox 309 5368 412 5423; x_wconf 83' lang='lat' dir='ltr'><strong><em>ﬁne</em></strong></span> <span class='ocrx_word' id='word_1_844' title='bbox 438 5371 652 5428; x_wconf 63' lang='lat' dir='ltr'><strong><em>saeculi.</em></strong></span> <span class='ocrx_word' id='word_1_845' title='bbox 678 5369 744 5422; x_wconf 76' lang='grc' dir='ltr'><strong>(Ιιο</strong></span> <span class='ocrx_word' id='word_1_846' title='bbox 765 5385 868 5436; x_wconf 81' lang='lat' dir='ltr'><strong><em>qua</em></strong></span> <span class='ocrx_word' id='word_1_847' title='bbox 899 5368 1038 5436; x_wconf 88' lang='lat' dir='ltr'><strong><em>apud</em></strong></span> <span class='ocrx_word' id='word_1_848' title='bbox 1072 5368 1374 5420; x_wconf 63' lang='lat' dir='ltr'><strong><em>Matth-seum</em></strong></span> <span class='ocrx_word' id='word_1_849' title='bbox 1397 5410 1410 5430; x_wconf 91' lang='lat'><strong><em>,</em></strong></span> <span class='ocrx_word' id='word_1_850' title='bbox 1441 5365 1493 5418; x_wconf 91' lang='lat' dir='ltr'><strong><em>in</em></strong></span> <span class='ocrx_word' id='word_1_851' title='bbox 1516 5366 1897 5435; x_wconf 86' lang='lat' dir='ltr'><strong><em>regeneratione</em></strong></span> 
     </span>
    </p>
   </div>
   <div class='ocr_carea' id='block_1_105' title="bbox 309 5437 1892 5512">
    <p class='ocr_par' dir='ltr' id='par_1_105' title="bbox 309 5437 1892 5512">
     <span class='ocr_line' id='line_1_105' title="bbox 309 5437 1892 5512; baseline -0.002 -21"><span class='ocrx_word' id='word_1_852' title='bbox 309 5456 420 5512; x_wconf 61' lang='lat' dir='ltr'><strong><em>cum</em></strong></span> <span class='ocrx_word' id='word_1_853' title='bbox 439 5442 635 5495; x_wconf 84' lang='lat' dir='ltr'><strong><em>sederit</em></strong></span> <span class='ocrx_word' id='word_1_854' title='bbox 658 5439 830 5494; x_wconf 87' lang='lat' dir='ltr'><strong><em>Filius</em></strong></span> <span class='ocrx_word' id='word_1_855' title='bbox 851 5439 1102 5500; x_wconf 83' lang='lat' dir='ltr'><strong><em>hominis;</em></strong></span> <span class='ocrx_word' id='word_1_856' title='bbox 1125 5437 1333 5504; x_wconf 71' lang='lat' dir='ltr'><strong><em>Grmce;</em></strong></span> <span class='ocrx_word' id='word_1_857' title='bbox 1360 5439 1412 5492; x_wconf 77' lang='grc' dir='ltr'><strong>ἒν</strong></span> <span class='ocrx_word' id='word_1_858' title='bbox 1435 5446 1496 5511; x_wconf 78' lang='grc' dir='ltr'><strong><em>τῇ</em></strong></span> <span class='ocrx_word' id='word_1_859' title='bbox 1512 5439 1892 5512; x_wconf 63' lang='grc' dir='ltr'><strong><em>παλινγενεσίᾳ.</em></strong></span> 
     </span>
    </p>
   </div>
   <div class='ocr_carea' id='block_1_106' title="bbox 307 5509 1897 5579">
    <p class='ocr_par' dir='ltr' id='par_1_106' title="bbox 307 5509 1897 5579">
     <span class='ocr_line' id='line_1_106' title="bbox 307 5509 1897 5579; baseline -0.002 -16"><span class='ocrx_word' id='word_1_860' title='bbox 307 5509 431 5568; x_wconf 74' lang='lat' dir='ltr'><strong><em>llzrc</em></strong></span> <span class='ocrx_word' id='word_1_861' title='bbox 461 5516 609 5567; x_wconf 88' lang='lat' dir='ltr'><strong><em>enim</em></strong></span> <span class='ocrx_word' id='word_1_862' title='bbox 640 5513 1004 5578; x_wconf 87' lang='lat' dir='ltr'><strong><em>resurrectio,</em></strong></span> <span class='ocrx_word' id='word_1_863' title='bbox 1039 5515 1186 5563; x_wconf 85' lang='lat' dir='ltr'><strong><em>velut</em></strong></span> <span class='ocrx_word' id='word_1_864' title='bbox 1213 5509 1761 5579; x_wconf 59' lang='lat' dir='ltr'><strong><em>quaedamgem-ratio</em></strong></span> <span class='ocrx_word' id='word_1_865' title='bbox 1793 5509 1897 5561; x_wconf 74' lang='lat' dir='ltr'><strong><em>erit</em></strong></span> 
     </span>
    </p>
   </div>
   <div class='ocr_carea' id='block_1_107' title="bbox 308 5578 1896 5651">
    <p class='ocr_par' dir='ltr' id='par_1_107' title="bbox 308 5578 1896 5651">
     <span class='ocr_line' id='line_1_107' title="bbox 308 5578 1896 5651; baseline -0.004 -13"><span class='ocrx_word' id='word_1_866' title='bbox 308 5586 603 5638; x_wconf 71' lang='lat' dir='ltr'><strong><em>secundum</em></strong></span> <span class='ocrx_word' id='word_1_867' title='bbox 654 5597 886 5651; x_wconf 84' lang='lat' dir='ltr'><strong><em>corpus,</em></strong></span> <span class='ocrx_word' id='word_1_868' title='bbox 930 5578 1380 5650; x_wconf 80' lang='lat' dir='ltr'><strong><em>quemadmodum</em></strong></span> <span class='ocrx_word' id='word_1_869' title='bbox 1419 5582 1470 5632; x_wconf 87' lang='lat' dir='ltr'><strong><em>in</em></strong></span> <span class='ocrx_word' id='word_1_870' title='bbox 1513 5578 1896 5651; x_wconf 68' lang='lat' dir='ltr'><strong><em>baptismoest</em></strong></span> 
     </span>
    </p>
   </div>
   <div class='ocr_carea' id='block_1_108' title="bbox 308 5648 1896 5724">
    <p class='ocr_par' dir='ltr' id='par_1_108' title="bbox 308 5648 1896 5724">
     <span class='ocr_line' id='line_1_108' title="bbox 308 5648 1896 5724; baseline -0.005 -14"><span class='ocrx_word' id='word_1_871' title='bbox 308 5659 541 5711; x_wconf 83' lang='lat' dir='ltr'><strong><em>secunda</em></strong></span> <span class='ocrx_word' id='word_1_872' title='bbox 575 5648 817 5710; x_wconf 79' lang='lat' dir='ltr'><strong><em>hominis</em></strong></span> <span class='ocrx_word' id='word_1_873' title='bbox 849 5648 1402 5724; x_wconf 72' lang='lat' dir='ltr'><strong><em>secundumanimam</em></strong></span> <span class='ocrx_word' id='word_1_874' title='bbox 1429 5653 1703 5720; x_wconf 80' lang='lat' dir='ltr'><strong><em>generatio</em></strong></span> <span class='ocrx_word' id='word_1_875' title='bbox 1732 5648 1896 5718; x_wconf 79' lang='lat' dir='ltr'><strong><em>(Mal-</em></strong></span> 
     </span>
    </p>
   </div>
   <div class='ocr_carea' id='block_1_109' title="bbox 312 5721 1895 5796">
    <p class='ocr_par' dir='ltr' id='par_1_109' title="bbox 312 5721 1895 5796">
     <span class='ocr_line' id='line_1_109' title="bbox 312 5721 1895 5796; baseline -0.004 -15"><span class='ocrx_word' id='word_1_876' title='bbox 312 5727 527 5786; x_wconf 83' lang='lat' dir='ltr'><strong><em>donatus</em></strong></span> <span class='ocrx_word' id='word_1_877' title='bbox 557 5731 611 5782; x_wconf 92' lang='lat' dir='ltr'><strong><em>in</em></strong></span> <span class='ocrx_word' id='word_1_878' title='bbox 643 5744 762 5796; x_wconf 87' lang='lat' dir='ltr'><strong><em>cap.</em></strong></span> <span class='ocrx_word' id='word_1_879' title='bbox 790 5739 879 5780; x_wconf 75' lang='lat' dir='ltr'><strong><em>xtx</em></strong></span> <span class='ocrx_word' id='word_1_880' title='bbox 908 5721 1188 5796; x_wconf 61' lang='lat' dir='ltr'><strong><em>Mattluii).</em></strong></span> <span class='ocrx_word' id='word_1_881' title='bbox 1217 5722 1326 5776; x_wconf 83' lang='lat' dir='ltr'><strong><em>Cur</em></strong></span> <span class='ocrx_word' id='word_1_882' title='bbox 1357 5724 1895 5796; x_wconf 72' lang='lat' dir='ltr'><strong><em>autemresurrcctio</em></strong></span> 
     </span>
    </p>
   </div>
   <div class='ocr_carea' id='block_1_110' title="bbox 304 5789 1894 5870">
    <p class='ocr_par' dir='ltr' id='par_1_110' title="bbox 304 5789 1894 5870">
     <span class='ocr_line' id='line_1_110' title="bbox 304 5789 1894 5870; baseline -0.007 -12"><span class='ocrx_word' id='word_1_883' title='bbox 304 5797 442 5870; x_wconf 82' lang='lat' dir='ltr'><strong><em>ipsa,</em></strong></span> <span class='ocrx_word' id='word_1_884' title='bbox 472 5803 593 5860; x_wconf 86' lang='lat' dir='ltr'><strong><em>sive</em></strong></span> <span class='ocrx_word' id='word_1_885' title='bbox 622 5789 934 5858; x_wconf 78' lang='lat' dir='ltr'><strong><em>extremum</em></strong></span> <span class='ocrx_word' id='word_1_886' title='bbox 961 5789 1224 5865; x_wconf 83' lang='lat' dir='ltr'><strong><em>judicium</em></strong></span> <span class='ocrx_word' id='word_1_887' title='bbox 1255 5789 1594 5864; x_wconf 69' lang='lat' dir='ltr'><strong><em>regenerath</em></strong></span> <span class='ocrx_word' id='word_1_888' title='bbox 1620 5793 1894 5859; x_wconf 61' lang='lat' dir='ltr'><strong><em>nuneupe»</em></strong></span> 
     </span>
    </p>
   </div>
   <div class='ocr_carea' id='block_1_111' title="bbox 2004 4652 3597 4722">
    <p class='ocr_par' dir='ltr' id='par_1_111' title="bbox 2004 4652 3597 4722">
     <span class='ocr_line' id='line_1_111' title="bbox 2004 4652 3597 4722; baseline 0.004 -16"><span class='ocrx_word' id='word_1_889' title='bbox 2004 4669 2126 4719; x_wconf 88' lang='lat' dir='ltr'><strong><em>cap.</em></strong></span> <span class='ocrx_word' id='word_1_890' title='bbox 2163 4668 2282 4712; x_wconf 79' lang='lat' dir='ltr'><strong><em>va,</em></strong></span> <span class='ocrx_word' id='word_1_891' title='bbox 2323 4652 2425 4704; x_wconf 77' lang='lat' dir='ltr'><strong><em>i7:</em></strong></span> <span class='ocrx_word' id='word_1_892' title='bbox 2464 4652 2597 4704; x_wconf 65' lang='lat' dir='ltr'><strong><em>licce</em></strong></span> <span class='ocrx_word' id='word_1_893' title='bbox 2635 4669 2727 4722; x_wconf 89' lang='lat' dir='ltr'><strong><em>ego</em></strong></span> <span class='ocrx_word' id='word_1_894' title='bbox 2757 4669 2872 4706; x_wconf 87' lang='lat' dir='ltr'><strong><em>creo</em></strong></span> <span class='ocrx_word' id='word_1_895' title='bbox 2914 4657 3066 4707; x_wconf 70' lang='lat' dir='ltr'><strong><em>cielos</em></strong></span> <span class='ocrx_word' id='word_1_896' title='bbox 3098 4672 3271 4716; x_wconf 86' lang='lat' dir='ltr'><strong><em>novos,</em></strong></span> <span class='ocrx_word' id='word_1_897' title='bbox 3307 4667 3352 4708; x_wconf 89' lang='lat' dir='ltr'><strong><em>et</em></strong></span> <span class='ocrx_word' id='word_1_898' title='bbox 3404 4668 3597 4712; x_wconf 88' lang='lat' dir='ltr'><strong><em>terram</em></strong></span> 
     </span>
    </p>
   </div>
   <div class='ocr_carea' id='block_1_112' title="bbox 2005 4723 3597 4793">
    <p class='ocr_par' dir='ltr' id='par_1_112' title="bbox 2005 4723 3597 4793">
     <span class='ocr_line' id='line_1_112' title="bbox 2005 4723 3597 4793; baseline 0.004 -18"><span class='ocrx_word' id='word_1_899' title='bbox 2005 4739 2204 4775; x_wconf 85' lang='lat' dir='ltr'><strong><em>novam.</em></strong></span> <span class='ocrx_word' id='word_1_900' title='bbox 2237 4726 2302 4774; x_wconf 72' lang='lat' dir='ltr'><strong><em>tt</em></strong></span> <span class='ocrx_word' id='word_1_901' title='bbox 2339 4738 2456 4784; x_wconf 77' lang='lat' dir='ltr'><strong><em>cap.</em></strong></span> <span class='ocrx_word' id='word_1_902' title='bbox 2486 4737 2605 4775; x_wconf 75' lang='lat' dir='ltr'><strong><em>LXVI</em></strong></span> <span class='ocrx_word' id='word_1_903' title='bbox 2634 4741 2646 4774; x_wconf 93' lang='lat'>:</span> <span class='ocrx_word' id='word_1_904' title='bbox 2678 4723 2829 4776; x_wconf 86' lang='lat' dir='ltr'><strong><em>Sicut</em></strong></span> <span class='ocrx_word' id='word_1_905' title='bbox 2865 4726 2978 4776; x_wconf 71' lang='lat' dir='ltr'><strong><em>caeli</em></strong></span> <span class='ocrx_word' id='word_1_906' title='bbox 3018 4728 3170 4787; x_wconf 83' lang='lat' dir='ltr'><strong><em>novi,</em></strong></span> <span class='ocrx_word' id='word_1_907' title='bbox 3200 4735 3245 4777; x_wconf 89' lang='lat' dir='ltr'><strong><em>et</em></strong></span> <span class='ocrx_word' id='word_1_908' title='bbox 3269 4737 3403 4779; x_wconf 84' lang='lat' dir='ltr'><strong><em>terra</em></strong></span> <span class='ocrx_word' id='word_1_909' title='bbox 3428 4745 3559 4782; x_wconf 83' lang='lat' dir='ltr'><strong><em>nova</em></strong></span> <span class='ocrx_word' id='word_1_910' title='bbox 3580 4771 3597 4793; x_wconf 93' lang='lat'><strong><em>,</em></strong></span> 
     </span>
    </p>
   </div>
   <div class='ocr_carea' id='block_1_113' title="bbox 2004 4793 3596 4863">
    <p class='ocr_par' dir='ltr' id='par_1_113' title="bbox 2004 4793 3596 4863">
     <span class='ocr_line' id='line_1_113' title="bbox 2004 4793 3596 4863; baseline 0.006 -20"><span class='ocrx_word' id='word_1_911' title='bbox 2004 4809 2120 4853; x_wconf 70' lang='lat' dir='ltr'><strong><em>quia</em></strong></span> <span class='ocrx_word' id='word_1_912' title='bbox 2165 4809 2256 4860; x_wconf 87' lang='lat' dir='ltr'><strong><em>ego</em></strong></span> <span class='ocrx_word' id='word_1_913' title='bbox 2281 4793 2416 4863; x_wconf 69' lang='lat' dir='ltr'><strong><em>facio</em></strong></span> <span class='ocrx_word' id='word_1_914' title='bbox 2437 4804 2572 4845; x_wconf 88' lang='lat' dir='ltr'><strong><em>stare</em></strong></span> <span class='ocrx_word' id='word_1_915' title='bbox 2602 4809 2775 4846; x_wconf 80' lang='lat' dir='ltr'><strong><em>corum</em></strong></span> <span class='ocrx_word' id='word_1_916' title='bbox 2799 4811 2903 4857; x_wconf 83' lang='lat' dir='ltr'><strong><em>me,</em></strong></span> <span class='ocrx_word' id='word_1_917' title='bbox 2931 4793 3055 4847; x_wconf 89' lang='lat' dir='ltr'><strong><em>dicit</em></strong></span> <span class='ocrx_word' id='word_1_918' title='bbox 3081 4796 3353 4858; x_wconf 84' lang='lat' dir='ltr'><strong><em>Dominus,</em></strong></span> <span class='ocrx_word' id='word_1_919' title='bbox 3387 4801 3460 4851; x_wconf 89' lang='lat' dir='ltr'><strong><em>sic</em></strong></span> <span class='ocrx_word' id='word_1_920' title='bbox 3487 4809 3596 4852; x_wconf 78' lang='lat' dir='ltr'><strong><em>sta-</em></strong></span> 
     </span>
    </p>
   </div>
   <div class='ocr_carea' id='block_1_114' title="bbox 2006 4865 3596 4926">
    <p class='ocr_par' dir='ltr' id='par_1_114' title="bbox 2006 4865 3596 4926">
     <span class='ocr_line' id='line_1_114' title="bbox 2006 4865 3596 4926; baseline 0.005 -9"><span class='ocrx_word' id='word_1_921' title='bbox 2006 4865 2075 4917; x_wconf 87' lang='lat' dir='ltr'><strong><em>bit</em></strong></span> <span class='ocrx_word' id='word_1_922' title='bbox 2103 4881 2269 4917; x_wconf 87' lang='lat' dir='ltr'><strong><em>semen</em></strong></span> <span class='ocrx_word' id='word_1_923' title='bbox 2302 4875 2519 4917; x_wconf 67' lang='lat' dir='ltr'><strong><em>vesrrnm</em></strong></span> <span class='ocrx_word' id='word_1_924' title='bbox 2544 4873 2594 4916; x_wconf 91' lang='lat' dir='ltr'><strong><em>et</em></strong></span> <span class='ocrx_word' id='word_1_925' title='bbox 2621 4881 2804 4918; x_wconf 90' lang='lat' dir='ltr'><strong><em>nomen</em></strong></span> <span class='ocrx_word' id='word_1_926' title='bbox 2837 4877 3076 4921; x_wconf 84' lang='lat' dir='ltr'><strong><em>vestrum.</em></strong></span> <span class='ocrx_word' id='word_1_927' title='bbox 3110 4866 3178 4919; x_wconf 84' lang='lat' dir='ltr'><strong><em>Et</em></strong></span> <span class='ocrx_word' id='word_1_928' title='bbox 3205 4867 3267 4921; x_wconf 81' lang='grc' dir='ltr'><strong><em>ί).</em></strong></span> <span class='ocrx_word' id='word_1_929' title='bbox 3299 4869 3493 4924; x_wconf 78' lang='lat' dir='ltr'><strong><em>Paulus</em></strong></span> <span class='ocrx_word' id='word_1_930' title='bbox 3527 4871 3596 4926; x_wconf 81' lang='lat' dir='ltr'><strong><em>ad</em></strong></span> 
     </span>
    </p>
   </div>
   <div class='ocr_carea' id='block_1_115' title="bbox 2006 4935 3594 5006">
    <p class='ocr_par' dir='ltr' id='par_1_115' title="bbox 2006 4935 3594 5006">
     <span class='ocr_line' id='line_1_115' title="bbox 2006 4935 3594 5006; baseline 0.004 -16"><span class='ocrx_word' id='word_1_931' title='bbox 2006 4936 2278 4990; x_wconf 81' lang='lat' dir='ltr'><strong><em>Romanos</em></strong></span> <span class='ocrx_word' id='word_1_932' title='bbox 2327 4951 2458 4991; x_wconf 78' lang='lat' dir='ltr'><strong><em>vm:</em></strong></span> <span class='ocrx_word' id='word_1_933' title='bbox 2491 4935 2617 5006; x_wconf 89' lang='lat' dir='ltr'><strong><em>Ipsa</em></strong></span> <span class='ocrx_word' id='word_1_934' title='bbox 2667 4946 2900 4990; x_wconf 86' lang='lat' dir='ltr'><strong><em>creatura</em></strong></span> <span class='ocrx_word' id='word_1_935' title='bbox 2948 4937 3242 4991; x_wconf 86' lang='lat' dir='ltr'><strong><em>liberabitur</em></strong></span> <span class='ocrx_word' id='word_1_936' title='bbox 3281 4957 3312 4994; x_wconf 89' lang='lat' dir='ltr'><strong><em>a</em></strong></span> <span class='ocrx_word' id='word_1_937' title='bbox 3353 4943 3594 4996; x_wconf 85' lang='lat' dir='ltr'><strong><em>servitute</em></strong></span> 
     </span>
    </p>
   </div>
   <div class='ocr_carea' id='block_1_116' title="bbox 2004 5009 3592 5078">
    <p class='ocr_par' dir='ltr' id='par_1_116' title="bbox 2004 5009 3592 5078">
     <span class='ocr_line' id='line_1_116' title="bbox 2004 5009 3592 5078; baseline 0.004 -18"><span class='ocrx_word' id='word_1_938' title='bbox 2004 5010 2348 5076; x_wconf 85' lang='lat' dir='ltr'><strong><em>corruptionis</em></strong></span> <span class='ocrx_word' id='word_1_939' title='bbox 2372 5010 2424 5061; x_wconf 90' lang='lat' dir='ltr'><strong><em>in</em></strong></span> <span class='ocrx_word' id='word_1_940' title='bbox 2454 5009 2735 5062; x_wconf 85' lang='lat' dir='ltr'><strong><em>libertatem</em></strong></span> <span class='ocrx_word' id='word_1_941' title='bbox 2763 5009 2944 5078; x_wconf 78' lang='lat' dir='ltr'><strong><em>gloria:</em></strong></span> <span class='ocrx_word' id='word_1_942' title='bbox 2970 5010 3197 5075; x_wconf 77' lang='lat' dir='ltr'><strong><em>ﬁliorum</em></strong></span> <span class='ocrx_word' id='word_1_943' title='bbox 3225 5011 3340 5065; x_wconf 88' lang='lat' dir='ltr'><strong><em>Dei.</em></strong></span> <span class='ocrx_word' id='word_1_944' title='bbox 3373 5017 3556 5066; x_wconf 83' lang='lat' dir='ltr'><strong><em>Altera</em></strong></span> <span class='ocrx_word' id='word_1_945' title='bbox 3575 5053 3592 5078; x_wconf 95' lang='lat'><strong><em>,</em></strong></span> 
     </span>
    </p>
   </div>
   <div class='ocr_carea' id='block_1_117' title="bbox 2006 5080 3596 5152">
    <p class='ocr_par' dir='ltr' id='par_1_117' title="bbox 2006 5080 3596 5152">
     <span class='ocr_line' id='line_1_117' title="bbox 2006 5080 3596 5152; baseline 0.003 -18"><span class='ocrx_word' id='word_1_946' title='bbox 2006 5084 2131 5152; x_wconf 90' lang='lat' dir='ltr'><strong><em>quia</em></strong></span> <span class='ocrx_word' id='word_1_947' title='bbox 2165 5093 2289 5135; x_wconf 82' lang='lat' dir='ltr'><strong><em>ltlllc</em></strong></span> <span class='ocrx_word' id='word_1_948' title='bbox 2323 5085 2704 5135; x_wconf 78' lang='lat' dir='ltr'><strong><em>mortalitatem</em></strong></span> <span class='ocrx_word' id='word_1_949' title='bbox 2738 5080 2883 5152; x_wconf 65' lang='lat' dir='ltr'><strong><em>catini</em></strong></span> <span class='ocrx_word' id='word_1_950' title='bbox 2907 5123 2921 5146; x_wconf 95' lang='lat'><strong><em>,</em></strong></span> <span class='ocrx_word' id='word_1_951' title='bbox 2957 5081 3129 5136; x_wconf 86' lang='lat' dir='ltr'><strong><em>induti</em></strong></span> <span class='ocrx_word' id='word_1_952' title='bbox 3155 5099 3282 5137; x_wconf 87' lang='lat' dir='ltr'><strong><em>vero</em></strong></span> <span class='ocrx_word' id='word_1_953' title='bbox 3313 5086 3596 5138; x_wconf 84' lang='lat' dir='ltr'><strong><em>inunorta-</em></strong></span> 
     </span>
    </p>
   </div>
   <div class='ocr_carea' id='block_1_118' title="bbox 2001 5150 3595 5221">
    <p class='ocr_par' dir='ltr' id='par_1_118' title="bbox 2001 5150 3595 5221">
     <span class='ocr_line' id='line_1_118' title="bbox 2001 5150 3595 5221; baseline 0.001 -16"><span class='ocrx_word' id='word_1_954' title='bbox 2001 5150 2233 5213; x_wconf 84' lang='lat' dir='ltr'><strong><em>litatem,</em></strong></span> <span class='ocrx_word' id='word_1_955' title='bbox 2269 5152 2622 5220; x_wconf 78' lang='lat' dir='ltr'><strong><em>regenerandi</em></strong></span> <span class='ocrx_word' id='word_1_956' title='bbox 2650 5150 3049 5221; x_wconf 86' lang='lat' dir='ltr'><strong><em>quodammodo</em></strong></span> <span class='ocrx_word' id='word_1_957' title='bbox 3092 5153 3338 5207; x_wconf 81' lang='lat' dir='ltr'><strong><em>homines</em></strong></span> <span class='ocrx_word' id='word_1_958' title='bbox 3368 5167 3556 5207; x_wconf 85' lang='lat' dir='ltr'><strong><em>sumus</em></strong></span> <span class='ocrx_word' id='word_1_959' title='bbox 3576 5193 3595 5220; x_wconf 89' lang='lat'><strong><em>,</em></strong></span> 
     </span>
    </p>
   </div>
   <div class='ocr_carea' id='block_1_119' title="bbox 2002 5222 3598 5293">
    <p class='ocr_par' dir='ltr' id='par_1_119' title="bbox 2002 5222 3598 5293">
     <span class='ocr_line' id='line_1_119' title="bbox 2002 5222 3598 5293; baseline 0.001 -17"><span class='ocrx_word' id='word_1_960' title='bbox 2002 5235 2058 5277; x_wconf 92' lang='lat' dir='ltr'><strong><em>ut</em></strong></span> <span class='ocrx_word' id='word_1_961' title='bbox 2090 5227 2150 5276; x_wconf 86' lang='grc' dir='ltr'><strong><em>υ.</em></strong></span> <span class='ocrx_word' id='word_1_962' title='bbox 2180 5223 2377 5276; x_wconf 79' lang='lat' dir='ltr'><strong><em>Paulus</em></strong></span> <span class='ocrx_word' id='word_1_963' title='bbox 2429 5223 2503 5275; x_wconf 89' lang='lat' dir='ltr'><strong><em>ait</em></strong></span> <span class='ocrx_word' id='word_1_964' title='bbox 2533 5222 2573 5276; x_wconf 89' lang='lat' dir='ltr'><strong><em>ll</em></strong></span> <span class='ocrx_word' id='word_1_965' title='bbox 2603 5223 2668 5276; x_wconf 89' lang='lat' dir='ltr'><strong><em>ad</em></strong></span> <span class='ocrx_word' id='word_1_966' title='bbox 2699 5223 3008 5278; x_wconf 83' lang='lat' dir='ltr'><strong><em>Corinthios</em></strong></span> <span class='ocrx_word' id='word_1_967' title='bbox 3031 5239 3100 5276; x_wconf 72' lang='grc' dir='ltr'><strong><em>γε</em></strong></span> <span class='ocrx_word' id='word_1_968' title='bbox 3158 5223 3296 5276; x_wconf 86' lang='lat' dir='ltr'><strong><em>Nam</em></strong></span> <span class='ocrx_word' id='word_1_969' title='bbox 3325 5232 3372 5275; x_wconf 86' lang='lat' dir='ltr'><strong><em>et</em></strong></span> <span class='ocrx_word' id='word_1_970' title='bbox 3396 5225 3486 5293; x_wconf 89' lang='lat' dir='ltr'><strong><em>qui</em></strong></span> <span class='ocrx_word' id='word_1_971' title='bbox 3507 5240 3598 5278; x_wconf 86' lang='lat' dir='ltr'><strong><em>su-</em></strong></span> 
     </span>
    </p>
   </div>
   <div class='ocr_carea' id='block_1_120' title="bbox 2000 5293 3602 5364">
    <p class='ocr_par' dir='ltr' id='par_1_120' title="bbox 2000 5293 3602 5364">
     <span class='ocr_line' id='line_1_120' title="bbox 2000 5293 3602 5364; baseline -0.001 -17"><span class='ocrx_word' id='word_1_972' title='bbox 2000 5311 2112 5348; x_wconf 87' lang='lat' dir='ltr'><strong><em>mus</em></strong></span> <span class='ocrx_word' id='word_1_973' title='bbox 2140 5295 2192 5346; x_wconf 86' lang='lat' dir='ltr'><strong><em>in</em></strong></span> <span class='ocrx_word' id='word_1_974' title='bbox 2216 5296 2310 5346; x_wconf 81' lang='lat' dir='ltr'><strong><em>hoc</em></strong></span> <span class='ocrx_word' id='word_1_975' title='bbox 2334 5294 2684 5360; x_wconf 84' lang='lat' dir='ltr'><strong><em>tabernaculo,</em></strong></span> <span class='ocrx_word' id='word_1_976' title='bbox 2708 5295 3083 5364; x_wconf 84' lang='lat' dir='ltr'><strong><em>ingemiscimus</em></strong></span> <span class='ocrx_word' id='word_1_977' title='bbox 3106 5293 3307 5364; x_wconf 82' lang='lat' dir='ltr'><strong><em>gravati</em></strong></span> <span class='ocrx_word' id='word_1_978' title='bbox 3324 5333 3338 5351; x_wconf 83' lang='lat'><strong><em>.</em></strong></span> <span class='ocrx_word' id='word_1_979' title='bbox 3368 5310 3428 5346; x_wconf 88' lang='lat' dir='ltr'><strong><em>eo</em></strong></span> <span class='ocrx_word' id='word_1_980' title='bbox 3462 5297 3602 5363; x_wconf 84' lang='lat' dir='ltr'><strong><em>quod</em></strong></span> 
     </span>
    </p>
   </div>
   <div class='ocr_carea' id='block_1_121' title="bbox 1999 5363 3599 5435">
    <p class='ocr_par' dir='ltr' id='par_1_121' title="bbox 1999 5363 3599 5435">
     <span class='ocr_line' id='line_1_121' title="bbox 1999 5363 3599 5435; baseline 0 -17"><span class='ocrx_word' id='word_1_981' title='bbox 1999 5369 2234 5418; x_wconf 87' lang='lat' dir='ltr'><strong><em>nolumus</em></strong></span> <span class='ocrx_word' id='word_1_982' title='bbox 2252 5365 2546 5431; x_wconf 77' lang='lat' dir='ltr'><strong><em>exspoliari,</em></strong></span> <span class='ocrx_word' id='word_1_983' title='bbox 2565 5366 2652 5418; x_wconf 86' lang='lat' dir='ltr'><strong><em>sed</em></strong></span> <span class='ocrx_word' id='word_1_984' title='bbox 2669 5363 3018 5435; x_wconf 87' lang='lat' dir='ltr'><strong><em>supervestiri,</em></strong></span> <span class='ocrx_word' id='word_1_985' title='bbox 3033 5374 3084 5415; x_wconf 86' lang='lat' dir='ltr'><strong><em>ut</em></strong></span> <span class='ocrx_word' id='word_1_986' title='bbox 3105 5363 3436 5435; x_wconf 69' lang='lat' dir='ltr'><strong><em>absorbeatur</em></strong></span> <span class='ocrx_word' id='word_1_987' title='bbox 3462 5364 3599 5432; x_wconf 88' lang='lat' dir='ltr'><strong><em>quod</em></strong></span> 
     </span>
    </p>
   </div>
   <div class='ocr_carea' id='block_1_122' title="bbox 1997 5434 3596 5504">
    <p class='ocr_par' dir='ltr' id='par_1_122' title="bbox 1997 5434 3596 5504">
     <span class='ocr_line' id='line_1_122' title="bbox 1997 5434 3596 5504; baseline 0 -17"><span class='ocrx_word' id='word_1_988' title='bbox 1997 5437 2214 5489; x_wconf 89' lang='lat' dir='ltr'><strong><em>mortale</em></strong></span> <span class='ocrx_word' id='word_1_989' title='bbox 2241 5445 2314 5488; x_wconf 85' lang='lat' dir='ltr'><strong><em>est</em></strong></span> <span class='ocrx_word' id='word_1_990' title='bbox 2343 5452 2375 5487; x_wconf 90' lang='lat' dir='ltr'><strong><em>a</em></strong></span> <span class='ocrx_word' id='word_1_991' title='bbox 2417 5435 2540 5488; x_wconf 86' lang='lat' dir='ltr'><strong><em>vita.</em></strong></span> <span class='ocrx_word' id='word_1_992' title='bbox 2571 5437 2636 5489; x_wconf 81' lang='lat' dir='ltr'><strong><em>Et</em></strong></span> <span class='ocrx_word' id='word_1_993' title='bbox 2665 5434 2736 5488; x_wconf 88' lang='lat' dir='ltr'><strong><em>ad</em></strong></span> <span class='ocrx_word' id='word_1_994' title='bbox 2757 5435 2988 5501; x_wconf 75' lang='lat' dir='ltr'><strong><em>Philipp.</em></strong></span> <span class='ocrx_word' id='word_1_995' title='bbox 3017 5448 3102 5498; x_wconf 89' lang='grc' dir='ltr'>ιιι,</span> <span class='ocrx_word' id='word_1_996' title='bbox 3126 5434 3187 5488; x_wconf 76' lang='lat' dir='ltr'><strong><em>2i</em></strong></span> <span class='ocrx_word' id='word_1_997' title='bbox 3214 5451 3226 5486; x_wconf 76' lang='grc' dir='ltr'><strong>ε</strong></span> <span class='ocrx_word' id='word_1_998' title='bbox 3270 5434 3596 5504; x_wconf 80' lang='lat' dir='ltr'><strong><em>Reformabit</em></strong></span> 
     </span>
    </p>
   </div>
   <div class='ocr_carea' id='block_1_123' title="bbox 1997 5505 3593 5579">
    <p class='ocr_par' dir='ltr' id='par_1_123' title="bbox 1997 5505 3593 5579">
     <span class='ocr_line' id='line_1_123' title="bbox 1997 5505 3593 5579; baseline 0 -19"><span class='ocrx_word' id='word_1_999' title='bbox 1997 5523 2182 5579; x_wconf 87' lang='lat' dir='ltr'><strong><em>corpus</em></strong></span> <span class='ocrx_word' id='word_1_1000' title='bbox 2214 5506 2518 5579; x_wconf 53' lang='lat' dir='ltr'><strong><em>humilitatis</em></strong></span> <span class='ocrx_word' id='word_1_1001' title='bbox 2547 5518 2738 5579; x_wconf 75' lang='lat' dir='ltr'><strong><em>nostra:</em></strong></span> <span class='ocrx_word' id='word_1_1002' title='bbox 2789 5505 3164 5579; x_wconf 80' lang='lat' dir='ltr'><strong><em>conﬁguratum</em></strong></span> <span class='ocrx_word' id='word_1_1003' title='bbox 3190 5506 3394 5579; x_wconf 86' lang='lat' dir='ltr'><strong><em>corpori</em></strong></span> <span class='ocrx_word' id='word_1_1004' title='bbox 3434 5506 3593 5579; x_wconf 65' lang='lat' dir='ltr'><strong><em>clario</em></strong></span> 
     </span>
    </p>
   </div>
   <div class='ocr_carea' id='block_1_124' title="bbox 1996 5576 3590 5648">
    <p class='ocr_par' dir='ltr' id='par_1_124' title="bbox 1996 5576 3590 5648">
     <span class='ocr_line' id='line_1_124' title="bbox 1996 5576 3590 5648; baseline 0.001 -18"><span class='ocrx_word' id='word_1_1005' title='bbox 1996 5576 2110 5632; x_wconf 80' lang='lat' dir='ltr'><strong><em>tatis</em></strong></span> <span class='ocrx_word' id='word_1_1006' title='bbox 2137 5593 2260 5631; x_wconf 73' lang='lat' dir='ltr'><strong><em>sure.</em></strong></span> <span class='ocrx_word' id='word_1_1007' title='bbox 2280 5578 2369 5632; x_wconf 82' lang='lat' dir='ltr'><strong><em>Sic</em></strong></span> <span class='ocrx_word' id='word_1_1008' title='bbox 2389 5576 2453 5629; x_wconf 90' lang='lat' dir='ltr'><strong><em>D.</em></strong></span> <span class='ocrx_word' id='word_1_1009' title='bbox 2480 5577 2811 5648; x_wconf 80' lang='lat' dir='ltr'><strong><em>Augustinus</em></strong></span> <span class='ocrx_word' id='word_1_1010' title='bbox 2831 5578 2921 5648; x_wconf 73' lang='lat' dir='ltr'><strong><em>lib.</em></strong></span> <span class='ocrx_word' id='word_1_1011' title='bbox 2952 5592 3010 5631; x_wconf 88' lang='grc' dir='ltr'><strong><em>ιιι</em></strong></span> <span class='ocrx_word' id='word_1_1012' title='bbox 3033 5590 3218 5632; x_wconf 87' lang='lat' dir='ltr'><strong><em>contra</em></strong></span> <span class='ocrx_word' id='word_1_1013' title='bbox 3243 5578 3374 5648; x_wconf 86' lang='lat' dir='ltr'><strong><em>duas</em></strong></span> <span class='ocrx_word' id='word_1_1014' title='bbox 3391 5578 3590 5642; x_wconf 83' lang='lat' dir='ltr'><strong><em>episto-</em></strong></span> 
     </span>
    </p>
   </div>
   <div class='ocr_carea' id='block_1_125' title="bbox 1995 5647 3587 5718">
    <p class='ocr_par' dir='ltr' id='par_1_125' title="bbox 1995 5647 3587 5718">
     <span class='ocr_line' id='line_1_125' title="bbox 1995 5647 3587 5718; baseline -0.003 -13"><span class='ocrx_word' id='word_1_1015' title='bbox 1995 5649 2075 5705; x_wconf 90' lang='lat' dir='ltr'><strong><em>las</em></strong></span> <span class='ocrx_word' id='word_1_1016' title='bbox 2098 5648 2504 5718; x_wconf 82' lang='lat' dir='ltr'><strong><em>Pelagianorum</em></strong></span> <span class='ocrx_word' id='word_1_1017' title='bbox 2529 5690 2541 5704; x_wconf 93' lang='lat'><strong><em>.</em></strong></span> <span class='ocrx_word' id='word_1_1018' title='bbox 2563 5647 2684 5716; x_wconf 81' lang='lat' dir='ltr'><strong><em>cap.</em></strong></span> <span class='ocrx_word' id='word_1_1019' title='bbox 2713 5651 2764 5714; x_wconf 76' lang='lat'><strong><em>5;</em></strong></span> <span class='ocrx_word' id='word_1_1020' title='bbox 2799 5648 2860 5702; x_wconf 93' lang='lat' dir='ltr'><strong><em>D.</em></strong></span> <span class='ocrx_word' id='word_1_1021' title='bbox 2888 5647 3180 5718; x_wconf 82' lang='lat' dir='ltr'><strong><em>Gregorius</em></strong></span> <span class='ocrx_word' id='word_1_1022' title='bbox 3212 5647 3304 5701; x_wconf 93' lang='lat' dir='ltr'><strong><em>lib.</em></strong></span> <span class='ocrx_word' id='word_1_1023' title='bbox 3326 5663 3378 5701; x_wconf 82' lang='lat' dir='ltr'><strong><em>tv</em></strong></span> <span class='ocrx_word' id='word_1_1024' title='bbox 3408 5650 3587 5703; x_wconf 77' lang='lat' dir='ltr'><strong><em>Mora-</em></strong></span> 
     </span>
    </p>
   </div>
   <div class='ocr_carea' id='block_1_126' title="bbox 1995 5718 3586 5790">
    <p class='ocr_par' dir='ltr' id='par_1_126' title="bbox 1995 5718 3586 5790">
     <span class='ocr_line' id='line_1_126' title="bbox 1995 5718 3586 5790; baseline -0.005 -13"><span class='ocrx_word' id='word_1_1025' title='bbox 1995 5722 2147 5786; x_wconf 88' lang='lat' dir='ltr'><strong><em>lium,</em></strong></span> <span class='ocrx_word' id='word_1_1026' title='bbox 2175 5735 2293 5790; x_wconf 88' lang='lat' dir='ltr'><strong><em>cap.</em></strong></span> <span class='ocrx_word' id='word_1_1027' title='bbox 2323 5721 2412 5776; x_wconf 71' lang='lat'><strong><em>26:</em></strong></span> <span class='ocrx_word' id='word_1_1028' title='bbox 2441 5732 2493 5774; x_wconf 88' lang='lat' dir='ltr'><strong><em>et</em></strong></span> <span class='ocrx_word' id='word_1_1029' title='bbox 2517 5719 2577 5774; x_wconf 92' lang='lat' dir='ltr'><strong><em>D.</em></strong></span> <span class='ocrx_word' id='word_1_1030' title='bbox 2610 5719 2909 5790; x_wconf 74' lang='lat' dir='ltr'><strong><em>Bernardus</em></strong></span> <span class='ocrx_word' id='word_1_1031' title='bbox 2935 5722 2987 5776; x_wconf 92' lang='lat' dir='ltr'><strong><em>in</em></strong></span> <span class='ocrx_word' id='word_1_1032' title='bbox 3011 5718 3403 5775; x_wconf 86' lang='lat' dir='ltr'><strong><em>declamatione</em></strong></span> <span class='ocrx_word' id='word_1_1033' title='bbox 3428 5733 3586 5790; x_wconf 82' lang='lat' dir='ltr'><strong><em>quam</em></strong></span> 
     </span>
    </p>
   </div>
   <div class='ocr_carea' id='block_1_127' title="bbox 1996 5788 3586 5863">
    <p class='ocr_par' dir='ltr' id='par_1_127' title="bbox 1996 5788 3586 5863">
     <span class='ocr_line' id='line_1_127' title="bbox 1996 5788 3586 5863; baseline -0.006 -15"><span class='ocrx_word' id='word_1_1034' title='bbox 1996 5793 2049 5850; x_wconf 86' lang='lat' dir='ltr'><strong><em>in</em></strong></span> <span class='ocrx_word' id='word_1_1035' title='bbox 2107 5793 2221 5851; x_wconf 80' lang='lat' dir='ltr'><strong><em>haec</em></strong></span> <span class='ocrx_word' id='word_1_1036' title='bbox 2244 5788 2426 5850; x_wconf 62' lang='lat' dir='ltr'><strong><em>verba</em></strong></span> <span class='ocrx_word' id='word_1_1037' title='bbox 2469 5792 2684 5863; x_wconf 75' lang='lat' dir='ltr'><strong><em>scripsit</em></strong></span> <span class='ocrx_word' id='word_1_1038' title='bbox 2716 5810 2729 5846; x_wconf 73' lang='grc' dir='ltr'>ς</span> <span class='ocrx_word' id='word_1_1039' title='bbox 2763 5788 2896 5849; x_wconf 82' lang='lat' dir='ltr'><strong><em>Eccs</em></strong></span> <span class='ocrx_word' id='word_1_1040' title='bbox 2921 5805 3015 5852; x_wconf 86' lang='lat' dir='ltr'><strong><em>nos</em></strong></span> <span class='ocrx_word' id='word_1_1041' title='bbox 3055 5791 3363 5861; x_wconf 85' lang='lat' dir='ltr'><strong><em>reliquimus</em></strong></span> <span class='ocrx_word' id='word_1_1042' title='bbox 3393 5789 3586 5845; x_wconf 62' lang='lat' dir='ltr'><strong><em>omnis,</em></strong></span> 
     </span>
    </p>
   </div>
  </div>
