3976 6180
313 295 421 368 Its

1633 299 1920 361 JOANNIS
1955 295 2268 358 CASSIANI

3501 291 3606 357 H6

317 436 596 496 corporea
616 420 932 482 'nativitatis
953 423 1194 489 nuisset,
1221 430 1280 475 ut
1305 418 1553 476 eumdem
1577 419 1673 474 tibi
1720 434 1912 474 recou-
1937 421 1992 481 Α
2016 417 2242 472 missum
2290 430 2412 472 esse
2455 415 2691 473 dicebat.
2723 413 2879 473 Unde
2906 412 3093 487 [etiam
3122 412 3274 482 {illud
3323 412 3425 470 fuit
3463 411 3606 485 quod

321 520 600 576 c'iliantem
631 521 682 574 in
717 536 879 575 cruce
926 519 1104 574 omnia
1135 516 1572 583 demonstraret,
1599 530 1756 584 quem
1785 523 1909 571 ante

321 610 607 668 exordium
621 611 805 668 mundi
824 611 1110 680 imaginem
1129 609 1222 663 Dei
1238 608 1525 663 invisibilis
1541 607 1908 678 praedicasset.

907 723 1140 779 CAPUT
1190 721 1327 779 VIII.

323 836 678 912 Apostolicam
703 837 1010 892 sententiam
1035 837 1244 891 Domini
1262 837 1566 891 auctoritate
1591 836 1910 891 corroborat.

397 974 546 1042 Quod
574 975 792 1047 quidem
816 975 1062 1047 quamvis
1092 976 1337 1048 Apostoli
1366 975 1571 1031 dictum
1603 976 1694 1045 sit,
1731 987 1913 1031 tamen

328 1068 578 1124 doctrina
611 1070 822 1124 Domini
851 1081 954 1125 est.
985 1070 1129 1125 Idem
1161 1070 1304 1124 enim
1353 1069 1530 1123 hocin
1561 1069 1822 1136 Apostolo
1849 1067 1916 1122 ad

329 1159 706 1232 Christianos,
730 1164 821 1232 qui
850 1164 1136 1218 consimile
1166 1163 1295 1216 illud
1327 1164 1380 1216 in
1412 1163 1706 1232 Evangelia
1732 1161 1797 1214 ad
1823 1160 1919 1214 Ju-

329 1255 478 1311 daeos
505 1271 602 1326 per
628 1271 688 1311 se
719 1257 932 1311 locutus
958 1267 1074 1323 est,
1106 1257 1334 1312 dicens:
1373 1256 1528 1311 Nunc
1564 1268 1736 1310 autem
1781 1271 1921 1326 quae-

329 1349 446 1404 ritis
477 1365 558 1403 me
579 1351 868 1418 inter/icere
897 1351 1179 1413 hominem,
1209 1352 1299 1420 qui
1331 1362 1354 1387 α
1385 1353 1646 1405 veritatem
1678 1349 1813 1404 vobis
1841 1352 1922 1404 lo-

330 1451 479 1494 cutus
504 1457 649 1506 sum,
677 1457 832 1513 quam
857 1443 1031 1496 audivi
1062 1461 1094 1496 a
1135 1443 1262 1498 Deo.
1297 1442 1478 1513 Neque
1507 1445 1641 1497 enim
1671 1459 1763 1513 ego
1787 1461 1819 1497 a
1842 1458 1920 1496 me

329 1534 443 1602 ipso
469 1536 601 1602 veni,
637 1537 726 1588 sed
758 1535 844 1589 ille
867 1553 945 1590 me
972 1538 1109 1592 misit
1134 1537 1314 1610 (Joan.
1347 1538 1489 1609 vni).
1527 1540 1590 1592 Et
1620 1539 1788 1593 Deum
1818 1537 1922 1592 uti-

329 1643 436 1700 que
466 1643 526 1683 se
559 1640 614 1684 et
646 1633 921 1686 hominem
956 1647 1076 1688 esse
1107 1633 1372 1688 indicans.
1413 1633 1693 1688 llomincm
1735 1635 1789 1686 in
1821 1633 1924 1688 hoc

331 1721 474 1792 quod
509 1722 778 1777 hominem
810 1739 933 1779 esse
963 1741 1020 1778 se
1049 1726 1332 1794 prtedicat;
1367 1726 1536 1781 Deum
1572 1727 1623 1780 in
1655 1727 1755 1781 hoc
1780 1724 1922 1794 quod

2016 512 2320 568 dicentibus
2343 511 2411 566 ad
2435 527 2493 567 se
2514 511 2736 578 Iudaeis,
2760 511 3150 583 Quinquaginta
3179 527 3338 564 annos
3378 510 3606 564 nondum

2018 609 2172 663 habes
2199 618 2248 663 et
2289 609 2550 662 Abraham
2595 607 2807 662 vidisti?
2832 605 3345 660 convenientissima
3392 607 3608 659 11101111-

2020 702 2148 758 tatis
2174 718 2236 757 ac
2263 703 2562 772 majestatis
2585 717 2700 758 sua:
2722 715 2854 754 voce
2878 700 3187 768 respondit,
3208 699 3426 752 dicens:
3448 698 3609 752 Amen

2017 813 2170 849 amen
2193 796 2308 850 dico
2335 796 2496 862 vobis,
2525 793 2552 832 δ
2577 794 2880 864 priusquam
2902 792 3161 846 Abraham
3187 794 3347 858 fieret,
3371 809 3461 862 ego
3493 807 3609 844 sum

2024 889 2236 963 (Ibid.).
2268 893 2463 957 Qua-ro
2494 905 2654 957 ergo,
2703 889 2862 958 cujus
2902 888 3108 942 dictum
3154 888 3254 939 hoc
3282 888 3412 939 velis
3453 886 3610 940 esse?

2021 983 2218 1039 Christi
2246 984 2432 1054 utique
2464 984 2670 1052 alisque
2701 981 2886 1036 dubio.
2919 981 2987 1034 Et
3013 980 3282 1048 quomodo
3330 979 3421 1049 qui
3453 989 3612 1031 natus

2023 1075 2229 1130 recenti
2262 1086 2502 1144 tempore
2534 1075 2738 1140 luerat,
2768 1087 2893 1126 ante
2925 1072 3198 1126 Abraham
3226 1087 3284 1125 se
3313 1087 3436 1125 esse
3465 1071 3612 1125 dice-

2023 1165 2147 1220 bat?
2174 1167 2273 1220 Per
2298 1165 2429 1219 illud
2456 1166 2698 1230 scilicet,
2725 1164 2810 1217 cui
2844 1164 3026 1217 unitus
3049 1174 3166 1217 erat
3199 1167 3407 1232 penitus
3426 1205 3440 1227 ,
3473 1162 3608 1216 Ver-

2023 1258 2148 1314 bum
2179 1258 2301 1323 Dei,
2325 1267 2383 1312 ut
2412 1257 2778 1327 intelligerent
2799 1272 2988 1310 omnes
3015 1268 3211 1326 quanta
3240 1265 3386 1308 esset
3409 1254 3611 1310 Christi

2023 1369 2085 1410 ac
2106 1353 2200 1410 Dei
2224 1354 2424 1420 unitas,
2447 1368 2570 1406 cum
2592 1351 2850 1423 quidquid
2877 1352 3014 1405 Deus
3040 1353 3090 1404 in
3115 1351 3333 1404 Christo
3351 1350 3608 1413 diceret,‘

2025 1448 2314 1515 tctumjam
2347 1446 2452 1499 sibi
2472 1445 2771 1499 divinitatis
2803 1446 2979 1498 unitas
3001 1443 3316 1498 vindicaret.
3351 1443 3490 1498 Bene
3513 1459 3611 1498 au-

2027 1546 2132 1592 tem
2160 1536 2412 1592 conscius
2433 1535 2752 1591 aeternitatis
2779 1552 2912 1602 sine,
2937 1537 3026 1589 illa
3057 1537 3108 1590 in
3132 1551 3360 1604 eoi-pore
3385 1537 3616 1592 111110111-

2025 1628 2160 1682 dacis
2180 1643 2312 1684 voce
2341 1628 2642 1698 respondit,
2664 1643 2768 1698 qua
2790 1629 3058 1697 quondam
3075 1626 3100 1664 ⁸
3117 1629 3248 1682 Mosi
3273 1629 3484 1683 locutus
3505 1628 3616 1685 lue-

2027 1733 2113 1778 rat
2128 1724 2178 1778 iu
2202 1723 2416 1794 spiritu.
2441 1725 2538 1777 llic
2553 1725 2698 1779 enim
2719 1725 2822 1778 ait:
2844 1722 3156 1793 Priusquam
3180 1722 3438 1777 Abraham
3451 1725 3617 1794 fieret,

332 1813 559 1868 missum
598 1828 658 1868 se
689 1830 811 1870 esse
839 1815 1143 1871 conﬁrmat.
1180 1818 1336 1887 Apud
1367 1832 1492 1871 eum
1515 1821 1658 1871 enim
1694 1829 1917 1870 neceSSe
1947 1819 1995 1880 Β
2021 1833 2114 1887 ego
2141 1833 2272 1870 sum.
2309 1817 2439 1871 Mosi
2475 1826 2651 1871 autem
2677 1831 2693 1870 :
2725 1814 2839 1888 Ego
2865 1825 2888 1852 ο
2914 1832 3025 1869 sum
3049 1817 3133 1885 qui
3158 1833 3270 1868 sum
3299 1815 3617 1887 (Exod.m).

333 1915 420 1962 est
458 1905 623 1962 fuerit
648 1921 678 1961 a
707 1923 816 1978 quo
845 1919 1096 1978 venerat;
1128 1919 1185 1966 et
1207 1910 1275 1965 ab
1302 1926 1366 1966 eo
1395 1920 1616 1965 venerat
1664 1923 1694 1961 a
1722 1924 1829 1978 quo
1859 1923 1918 1963 se

2025 1907 2341 1964 Admirabili
2372 1909 2554 1978 utique
2583 1910 2778 1964 divina:
2803 1917 3008 1964 natura:
3026 1908 3383 1964 aeternitatem
3409 1925 3619 1965 sermo-

1407 2022 1666 2078 ALARDI
1706 2021 1938 2077 GAZ/El
1977 2021 2544 2078 COMMENTARIUS.

407 2122 435 2185 ξ
464 2111 621 2185 Hanc
647 2114 842 2185 scilicet
879 2116 1178 2185 veritatem,
1210 2116 1285 2168 ait
1326 2113 1746 2185 Chrysostomus
1775 2112 1926 2182 (IIo-

339 2181 453 2238 11111.
487 2183 557 2238 53
583 2189 635 2238 in
664 2183 873 2250 10am).
898 2187 1033 2255 quod
1055 2186 1122 2239 sit
1147 2184 1295 2238 Patri
1320 2181 1561 2255 aqualis.
1597 2181 1800 2255 propter
1831 2185 1926 2236 hoc

333 2256 467 2310 enim
499 2256 676 2311 Juda-i
706 2258 998 2323 qnwrcbant
1030 2275 1145 2309 eum
1177 2256 1498 2325 interﬁcere;
1529 2270 1572 2308 et
1608 2267 1660 2308 ut
1691 2257 1926 2308 ostendat

336 2328 433 2451 Istc
462 2344 565 2382 non
592 2344 702 2383 esse
723 2330 1042 2382 contrarium
1073 2327 1242 2393 Patri,
1272 2329 1477 2379 subdit:
1505 2327 1672 2392 Quam
1695 2328 1872 2379 audivi
1897 2343 1928 2379 a

395 2412 477 2451 eo.

395 2412 477 2452 ιο.

409 2467 436 2504 δ
468 2468 716 2537 Appende
745 2470 892 2522 verba
915 2511 930 2530 ,
964 2468 1139 2533 inquit
1173 2468 1497 2538 Augustinus
1538 2467 1744 2538 (Tract.
1778 2465 1848 2518 45
1874 2467 1928 2520 in

337 2535 560 2605 ἕσσω),
612 2550 660 2591 et
687 2555 942 2609 cognosce
991 2535 1308 2609 mysterium,
1345 2535 1624 2608 Antequam
1667 2539 1928 2592 Abraham

339 2611 518 2677 ﬁeret;
545 2608 805 2678 intellige,
839 2612 1010 2678 ﬁeret,
1045 2608 1112 2664 ad
1153 2613 1432 2665 Itumanam
1470 2621 1743 2676 maturam;
1781 2624 1930 2674 sum,

338 2695 488 2744 vero,
518 2684 587 2736 ad
617 2682 842 2734 divinam
885 2693 1138 2748 pertinere
1179 2683 1539 2736 substantiam.
1571 2679 1777 2745 Fieret,
1809 2681 1931 2748 quia

338 2762 574 2822 creatura
623 2764 736 2806 erat
767 2753 1044 2809 Abraham.
1083 2755 1202 2808 Non
1237 2757 1368 2808 dixit
1400 2771 1419 2808 :
1449 2755 1732 2822 Antequam
1764 2753 1931 2805 Abra-

339 2820 457 2895 ham
487 2835 646 2887 esset,
679 2841 772 2895 ego
801 2842 975 2890 eram;
1006 2827 1093 2880 sed
1113 2869 1126 2889 ,
1155 2828 1441 2894 Antequam
1475 2820 1732 2877 Abraham
1755 2826 1930 2892 ﬁeret,

339 2894 431 2970 qui
461 2897 558 2947 nisi
586 2894 783 2970 perine
811 2913 912 2970 non
945 2898 1108 2970 fieret,
1143 2913 1236 2970 ego
1267 2913 1400 2970 sum.
1436 2897 1616 2965 Neque
1637 2895 1733 2970 hoc
1763 2896 1934 2970 dixit:

341 2965 626 3038 Antequam
657 2968 913 3020 Abraham
942 2969 1082 3036 ﬁeret
1103 3012 1116 3029 ,
1148 2965 1240 3038 ego
1270 2969 1438 3038 factus
1472 2984 1606 3024 sum.
1645 2966 1709 3019 In
1739 2968 1936 3037 princi-

342 3036 427 3104 pio
456 3040 591 3089 enim
622 3039 738 3095 fecit
770 3038 905 3091 Deus
944 3043 1127 3094 cretum
1165 3036 1213 3094 et
1243 3036 1466 3104 terram;
1511 3054 1629 3091 nam
1659 3038 1710 3090 in
1741 3036 1938 3105 princi-

343 3106 429 3180 pio
456 3118 565 3180 erat
605 3106 844 3180 Verbum.
877 3109 1164 3176 Antequam
1193 3111 1453 3164 Abraham
1482 3112 1646 3177 ﬁeret,
1677 3125 1770 3180 ego
1797 3125 1932 3163 sum.

343 3177 613 3247 Aguoscite
641 3179 956 3242 Cre:.-torem,
990 3184 1262 3236 discernite
1290 3191 1598 3235 creaturam.
1635 3177 1724 3235 Sic
1755 3183 1938 3250 Augu-

343 3251 537 3324 stinus.
575 3250 635 3303 D.
669 3252 961 3322 Gregorius
990 3252 1175 3318 (Hom.
1209 3254 1354 3308 18111
1385 3251 1614 3324 Evang.)
1644 3269 1658 3308 :
1693 3253 1822 3324 Ante
1853 3255 1938 3306 in-

345 3320 489 3389 quit,
531 3320 1056 3395 prarteritiaemporis
1086 3338 1194 3387 est;
1221 3341 1334 3378 sum
1354 3365 1368 3385 ,
1403 3320 1684 3388 prttsi’nlis.
1721 3321 1787 3395 Et
1817 3325 1936 3386 quia

346 3397 661 3485 prgteritnm
709 3405 756 3446 et
797 3393 1027 3485 fut‘urLum
1079 3407 1275 3477 tempus
1330 3395 1733 3485 Dipinitas'no'n
1763 3393 1932 3456 habet,
1964 3423 2011 3485 C

345 3462 436 3532 sed
466 3478 669 3526 semper
711 3480 820 3516 esse
863 3464 1043 3525 habet,
1077 3481 1179 3517 non
1217 3467 1338 3516 ait:
1377 3467 1506 3516 Ante
1550 3463 1812 3515 Abraham
1845 3482 1936 3532 ego

347 3530 458 3604 fui;
487 3532 576 3586 sed
606 3545 722 3604 alite
758 3534 1017 3587 Abraham
1060 3552 1154 3603 ego
1188 3551 1320 3586 sum.
1363 3534 1508 3588 Unde
1538 3543 1585 3587 et
1611 3535 1688 3604 ad
1724 3530 1937 3604 Moysen

346 3602 537 3658 dicitur
565 3620 582 3656 :
616 3602 728 3675 Ego
757 3622 867 3658 sum
899 3605 985 3673 qui
1013 3602 1161 3671 sum;
1189 3616 1235 3658 ct
1275 3606 1410 3658 dices
1439 3605 1563 3674 [iliis
1597 3603 1762 3658 Israel
1786 3602 1941 3670 :‘Qui

347 3683 435 3749 est,
452 3675 590 3728 misit
620 3691 698 3727 me
725 3677 793 3730 ad
837 3693 943 3729 vos.
993 3679 1123 3730 Ante
1152 3694 1270 3749 ergo
1301 3686 1348 3730 et
1393 3686 1502 3742 post
1547 3676 1812 3729 Abraham
1841 3679 1937 3728 ha-

349 3744 480 3810 buit,
511 3749 593 3819 qui
620 3755 665 3797 et
689 3749 927 3802 accedere
952 3751 1114 3818 potuit
1136 3744 1226 3819 per
1250 3749 1608 3802 exhibitionem
1633 3751 1940 3816 pra'sentitz,

348 3823 399 3887 et
427 3818 663 3870 recedere
693 3836 782 3886 per
813 3837 1016 3874 cursum
1046 3823 1179 3874 vine.
1225 3819 1420 3874 Veritas
1450 3837 1565 3874 vero
1595 3835 1794 3887 semper
1835 3837 1944 3873 esse

351 3886 520 3949 habet.
547 3891 671 3962 quia
699 3893 747 3945 ei
774 3894 1050 3962 quidquam
1081 3909 1171 3947 nec
1216 3894 1380 3958 priori
1411 3902 1634 3957 tempore
1660 3886 1938 3955 incipitur,

349 3973 443 4012 nec
471 3961 794 4026 subsequenti
822 3965 1141 4016 terminatur.
1173 3965 1296 4016 Haec
1327 3965 1423 4017 SS.
1454 3963 1663 4026 Patres,
1695 3962 1940 4015 Cassiani

350 4027 518 4102 dictis
543 4031 730 4102 inghoc
759 4049 881 4101 cap.
915 4049 1171 4102 perquam
1205 4043 1593 4087 con3entanea.

426 4107 450 4137 °
481 4099 1043 4170 Creditlerimipotius‘
1066 4103 1350 4170 legendum
1379 4121 1389 4154 :
1417 4103 1604 4156 Totum
1632 4103 1728 4156 sibi
1758 4102 1942 4157 divini-

351 4176 432 4223 tas
460 4171 592 4224 uniti
621 4173 921 4226 vindicaret.
961 4173 1029 4225 Et
1060 4174 1200 4226 hunc
1229 4187 1350 4226 esse
1381 4188 1597 4226 sensum
1625 4189 1636 4225 :
1670 4175 1942 4239 Quidquid

351 4239 496 4312 Deus
535 4241 589 4293 iu
631 4241 850 4294 Christo
895 4241 1242 4312 loqueretur.
1279 4253 1447 4297 totum
1489 4243 1650 4298 homo
1695 4245 1944 4300 Christus

351 4309 690 4383 loqueretur,
723 4312 792 4365 ob
823 4309 1080 4367 unita—tem
1114 4315 1322 4366 scilicet
1351 4330 1595 4383 persona:
1621 4317 1673 4369 in
1703 4316 1942 4372 Christo.

353 4380 724 4456 Unituscuitn
760 4385 956 4456 homo,
991 4385 1308 4456 intelligitur
1334 4380 1638 4440 humanitas
1679 4387 1824 4440 unita
1855 4389 1942 4442 di-

353 4453 562 4507 vinitati
596 4453 646 4506 iu
683 4454 886 4509 unitate
929 4453 1306 4522 person;e_ut
1343 4458 1473 4510 alias
1504 4457 1705 4510 dictqu
1738 4469 1850 4519 est.
1885 4472 1945 4514 ut

353 4523 502 4648 idem.
528 4527 602 4608 sit
630 4524 884 4580 divinitas
905 4527 1064 4595 uniti,
1087 4544 1152 4584 ac
1177 4530 1339 4584 homo
1365 4531 1474 4584 Deo
1496 4531 1701 4597 unitus,
1727 4542 1780 4584 et
1803 4530 1946 4586 Deus

395 4609 584 4648 01111111.

395 4609 584 4650 Ouum.

425 4663 455 4703 ά
484 4665 542 4721 111
571 4675 655 4723 est
686 4668 737 4722 111
768 4683 864 4724 sua
899 4669 1214 4737 divinitate;
1245 4672 1476 4741 opponit
1513 4675 1654 4728 enim
1695 4673 1947 4729 divinita-

354 4744 462 4793 tem
507 4741 757 4807 corpori,
795 4741 850 4795 id
904 4752 1028 4808 est,
1082 4743 1398 4799 humanitati
1444 4745 1676 4808 Christi;
1745 4747 1828 4800 vel
1890 4748 1942 4801 in

2025 2130 2169 2176 sum,
2201 2123 2347 2168 etc.:
2385 2112 2588 2176 Utitur,
2633 2112 2808 2182 inquit
2851 2111 2993 2184 (Lib.
3033 2128 3085 2166 Vl
3123 2128 3169 2166 c.
3201 2111 3326 2179 23),
3369 2110 3619 2167 Dominus

2029 2194 2204 2238 noster
2232 2185 2300 2238 ad
2330 2200 2414 2237 eos
2443 2185 2592 2237 verbo
2622 2185 2714 2238 illo
2753 2188 3021 2238 essentiam
3063 2185 3359 2255 designante
3388 2184 3620 2239 absolute

2029 2264 2074 2308 et
2106 2257 2216 2308 sine
2243 2259 2546 2328 cujusquam
2577 2257 2870 2327 adjectione
2913 2268 3146 2323 sumpto,
3176 2274 3274 2323 quo
3304 2255 3620 2328 divinitatem

2029 2343 2175 2380 suam
2205 2327 2308 2380 illis
2337 2328 2897 2398 c:rlins_sigttiﬁt‘aret,
2933 2343 3048 2379 cum
3079 2343 3138 2379 eo
3177 2329 3238 2379 de
3277 2342 3334 2380 se
3362 2327 3510 2379 verbo
3539 2327 3621 2398 lae

2069 2407 2218 2451 natur
2242 2398 2378 2464 quod
2401 2400 2498 2450 soli
2523 2396 2630 2451 Deo
2652 2410 2933 2467 competere
2959 2400 3294 2465 dignoscitur,
3318 2409 3361 2449 et
3385 2399 3528 2464 prius
3555 2397 3623 2450 ad

2069 2414 2218 2451 natur
2242 2414 2376 2464 quoa
2401 2414 2497 2450 sou
2523 2414 2630 2451 ueo
2652 2414 2933 2467 competere
2959 2414 3294 2465 atgnoscnnr,
3318 2414 3361 2449 et
3385 2415 3528 2464 prius
3555 2414 3623 2450 aa

2029 2414 2214 2524 11011111
2245 2470 2308 2521 de
2337 2468 2445 2521 Deo
2474 2471 2669 2522 dierum
2714 2479 2808 2523 est.
2854 2468 2979 2524 Cum
3022 2471 3153 2521 enim
3188 2467 3356 2522 Moses
3401 2471 3466 2521 ad
3497 2469 3625 2522 libe-

2031 2538 2256 2592 randum
2278 2555 2340 2592 ex
2362 2538 2579 2611 :Egypti
2606 2543 2846 2594 servitute
2867 2541 3112 2609 populum
3135 2538 3479 2593 Israeliticum
3506 2540 3624 2592 mit-

2035 2611 2220 2682 tendus
2269 2612 2444 2664 interr.
2466 2621 2606 2682 garet
2669 2612 2734 2664 de
2781 2614 2986 2664 nomine
3033 2613 3310 2670 mittentis.
3361 2611 3625 2680 respondit

2036 2680 2333 2755 Dominus;
2370 2680 2480 2755 Ego
2518 2699 2632 2755 sum
2675 2685 2764 2752 qui
2801 2700 2934 2736 sum.
2972 2682 3037 2736 Et
3083 2682 3440 2755 rursum.__Sic
3464 2684 3627 2755 Adice‘s

2034 2756 2104 2807 ad
2133 2753 2270 2823 ﬁlios
2303 2751 2472 2807 Israel
2499 2769 2518 2806 :
2552 2753 2651 2817 Qui
2682 2751 2773 2818 est,
2807 2756 2943 2808 misit
2977 2771 3054 2807 me
3081 2756 3152 2809 ad
3183 2771 3268 2806 vos
3294 2752 3491 2824 (Exod.
3522 2756 3621 2823 tu).

2039 2824 2156 2879 Hoc
2183 2826 2336 2895 igitur
2355 2827 2512 2895 rerbo
2542 2837 2741 2878 revocat
2771 2827 2841 2878 eis
2867 2828 2916 2878 in
2942 2829 3234 2878 memoriam
3261 2843 3505 2894 seipsum,
3536 2825 3627 2895 qui

2039 2897 2181 2965 prius
2205 2894 2276 2949 ad
2308 2894 2486 2950 Mosen
2521 2898 2616 2948 hoc
2646 2913 2699 2965 se
2730 2897 2935 2949 nomine
2977 2900 3146 2948 vocari
3178 2906 3492 2948 contestatus
3530 2894 3622 2952 est.

2038 2964 2370 3035 Augustinus
2405 2976 2630 3020 tractatu
2661 2964 2728 3021 38
2756 2969 2806 3020 in
2837 2967 3099 3020 Joannem
3128 2985 3140 3018 :
3171 2965 3396 3019 Multum
3423 2977 3518 3033 est,
3547 2969 3628 3019 iu-

2038 3042 2174 3107 quit,
2208 3040 2345 3105 quod
2375 3041 2449 3090 ait
2476 3040 2586 3104 ipse
2607 3053 2627 3092 .'
2660 3037 2769 3106 Ego
2797 3053 2932 3102 sum,
2959 3038 3080 3107 quia
3107 3038 3181 3091 sic
3208 3039 3411 3088 dixerat
3447 3036 3630 3090 Domi-

2039 3127 2136 3163 nus
2179 3110 2312 3163 Mosi
2346 3125 2365 3164 :
2401 3107 2509 3180 Ego
2545 3126 2655 3163 sunt
2691 3109 2778 3180 qui
2815 3125 2947 3162 sum.
2992 3108 3119 3173 Quis
3161 3108 3313 3178 digne
3356 3111 3625 3174 eloquatur

2037 3180 2165 3249 quid
2191 3181 2254 3232 sit
2277 3182 2426 3234 sum?
2455 3179 2690 3234 Mittebat
2715 3179 2852 3233 Deus
2877 3196 2966 3250 per
2993 3181 3231 3250 angelum
3253 3195 3402 3232 suum
3425 3194 3628 3250 servum

2039 3248 2191 3306 suum
2225 3251 2486 3322 Moysem,
2523 3253 2590 3304 ad
2635 3248 2957 3306 liberandum
3003 3248 3330 3320 exi/Egypfo
3377 3248 3628 3322 populum

2038 3341 2224 3382 suum:
2254 3321 2478 3377 mitttbat
2511 3334 2832 3385 trementem,
2867 3333 3220 3380 excusantem,
3265 3322 3351 3373 sed
3385 3321 3628 3372 0111111011-

2042 3405 2158 3445 tem.
2191 3393 2319 3446 Cum
2349 3409 2470 3459 ergo
2499 3406 2795 3455 exursaret,
2829 3397 2898 3446 ait
2933 3396 3066 3459 Deo,
3098 3410 3240 3461 quem
3274 3393 3412 3445 luani
3444 3393 3494 3443 in
3531 3408 3628 3444 an-

2042 3465 2154 3536 gelo
2186 3465 2501 3534 intelligebat
2529 3480 2546 3516 :
2581 3467 2641 3519 Si
2670 3467 2852 3519 dixerit
2884 3467 3006 3517 mihi
3037 3466 3249 3536 popul_us
3276 3479 3294 3536 ς
3329 3461 3394 3515 Et
3421 3463 3532 3532 quis
3557 3472 3630 3536 est

2043 3533 2183 3587 Deus
2212 3537 2303 3604 qui
2344 3533 2479 3588 misit
2521 3537 2610 3589 te?
2654 3540 2775 3602 quid
2818 3537 2984 3588 dicam
3025 3533 3131 3588 eis?
3160 3534 3226 3588 Et
3273 3533 3521 3585 Dominus
3561 3534 3631 3586 ad

2043 3621 2208 3660 eum:
2249 3605 2360 3677 Ego
2410 3623 2522 3659 sum
2565 3608 2653 3676 qui
2699 3624 2832 3661 sum.
2878 3606 2944 3659 Et
2990 3609 3264 3677 repetiuit:
3313 3604 3461 3658 Dices
3507 3605 3631 3677 filiis

2044 3679 2212 3730 Israel
2242 3693 2261 3734 :
2297 3674 2396 3744 Qui
2441 3687 2515 3731 est
2556 3674 2691 3731 misit
2736 3695 2814 3731 me
2857 3680 2925 3730 ad
2969 3674 3076 3730 vos.
3115 3675 3235 3731 Non
3269 3677 3342 3729 ait
3370 3676 3439 3730 ibi
3473 3691 3488 3728 :
3519 3674 3630 3745 Ego

2043 3765 2157 3801 sum
2181 3749 2340 3808 Deus,
2371 3766 2460 3818 ego
2487 3764 2600 3800 sum
2623 3750 2799 3800 mundi
2829 3749 3130 3817 fabricator,
3161 3759 3248 3800 aut
3271 3764 3362 3818 ego
3392 3763 3502 3797 sum
3524 3764 3631 3818 om-

2045 3821 2185 3871 nium
2215 3836 2382 3871 rerum
2401 3817 2675 3881 conditor,
2707 3827 2918 3890 autiego
2947 3836 3061 3871 sum
3099 3817 3472 3890 ipsiusgpopuli
3503 3817 3630 3890 libef

2046 3891 2199 3942 ranc’i
2243 3899 2624 3958 propugnator;
2665 3890 2754 3941 sed
2800 3887 2896 3940 hoc
2946 3887 3143 3943 tantum
3185 3905 3204 3942 :
3251 3888 3361 3958 Ego
3400 3904 3512 3939 sum
3541 3887 3632 3958 qui

2044 3977 2179 4024 sum,
2212 3957 2257 4014 et
2285 3957 2422 4013 dices
2453 3958 2577 4025 [iliis
2606 3959 2774 4013 Israel
2801 3973 2817 4010 :
2850 3959 2949 4022 Qui
2976 3969 3072 4012 est.
3107 3960 3226 4013 Non
3257 3957 3498 4012 addidit:
3529 3957 3632 4023 Qui

2043 4042 2118 4085 est
2166 4031 2302 4084 Dens
2349 4040 2535 4090 vester.
2580 4032 2668 4101 qui
2698 4042 2770 4084 est
2804 4033 2941 4084 Deus
2973 4043 3175 4094 patrum
3205 4039 3516 4094 vestrorum;
3542 4029 3633 4082 sed

2044 4110 2245 4156 tantum
2271 4101 2367 4155 hoc
2396 4103 2524 4155 dixit
2553 4119 2572 4156 :
2605 4103 2706 4170 Qui
2730 4111 2804 4155 est
2832 4103 2967 4155 tnisit
2994 4119 3070 4156 me
3094 4102 3163 4155 ad
3193 4118 3297 4156 vos.
3329 4103 3509 4155 'l'ertio
3540 4116 3634 4170 no-

2046 4175 2290 4236 tandum,
2323 4189 2390 4226 ex
2424 4175 2526 4227 illis
2561 4168 2693 4239 ipsis
2723 4175 2906 4228 verbis
2935 4175 3110 4242 Colligi
3145 4174 3247 4228 hoc
3279 4187 3497 4237 nomen,
3532 4168 3634 4236 Qui

2044 4256 2148 4309 est,
2181 4249 2293 4297 sive
2323 4244 2418 4306 at,
2451 4260 2618 4298 unum
2651 4261 2772 4299 esse
2801 4261 2864 4298 ex
2899 4246 3134 4314 propriis
3164 4254 3214 4298 et
3247 4243 3482 4297 maxime
3513 4257 3636 4314 pro-

2046 4320 2176 4384 priis
2216 4316 2309 4369 Dei
2352 4317 2696 4380 nominibus,
2729 4319 2868 4385 quod
2900 4312 3143 4369 unanimi
3173 4329 3441 4369 consensu
3475 4312 3634 4385 111111·-

2046 4383 2194 4440 iuant
2251 4389 2456 4440 Patres.
2509 4383 2797 4458 Dionysius
2837 4388 3157 4458 Arcuit-gito
3210 4385 3430 4458 deADiv.
3473 4383 3630 4436 Nom.

2045 4473 2164 4526 cap.
2201 4459 2268 4514 15
2297 4474 2311 4512 :
2352 4458 2469 4512 Non
2499 4459 2588 4512 abs
2615 4455 2686 4518 re,
2722 4458 2912 4527 inquit,
2946 4455 3087 4510 Deus
3118 4458 3229 4524 ipse
3257 4455 3317 4510 ab
3344 4471 3402 4508 ea
3435 4470 3635 4506 nuncu-

2048 4532 2275 4600 patione,
2309 4530 2411 4596 Qui
2439 4540 2534 4597 est,
2559 4530 2838 4584 celebratur
2861 4529 3197 4600 principalius
3226 4538 3270 4600 et
3292 4529 3466 4600 potius
3481 4541 3635 4594 quam

2055 4598 2087 4653 a
2117 4603 2324 4667 reliquis
2355 4600 2500 4663 aliis,
2534 4612 2796 4670 tamquam
2821 4598 3015 4653 a'dono
3044 4599 3362 4670 antiquiore,
3394 4598 3558 4670 priore
3589 4606 3637 4670 et

2053 4675 2306 4727 anteriore
2339 4673 2569 4742 (scilicet
2595 4668 2991 4742 natura)_quam
3019 4680 3137 4723 sunt
3167 4668 3362 4742 reliqua
3391 4669 3554 4742 ipsius
3585 4669 3640 4721 in

2051 4756 2312 4799 creaturas
2348 4737 2550 4810 diffusa
2599 4743 2754 4795 dona.
2791 4737 3068 4794 Enimvero
3118 4742 3227 4809 ipse
3279 4741 3410 4792 Dens
3451 4737 3638 4791 trabeas

352 4808 574 4886 spiritu,
607 4811 661 4865 id
691 4823 798 4878 est,
828 4813 1059 4883 spiritali
1092 4824 1147 4869 et
1175 4817 1510 4886 aruigmalica
1543 4819 1747 4872 visione
1775 4828 1830 4870 et
1861 4818 1944 4871 lo-
1969 4815 2022 4874 D
2047 4827 2162 4868 ante
2205 4808 2466 4868 creaturas
2505 4830 2679 4866 omnes
2721 4814 3042 4883 prwexistere
3079 4808 3523 4886 etsuprrexistere
3543 4850 3559 4874 ,
3591 4818 3640 4886 et

354 4880 594 4934 cutioue.

431 4959 456 5032 ξ
486 4949 792 5032 Notandum
824 4955 1020 5021 primo.
1050 4956 1104 5010 in
1137 4957 1365 5014 Hebraeo
1391 4958 1493 5028 legi
1521 4975 1533 5010 :
1565 4956 1672 5010 Ero
1700 4959 1789 5028 qui
1816 4975 1950 5032 ero:

357 5019 570 5098 Hebraei
603 5023 745 5098 enim
776 5019 1004 5098 utuntur
1041 5038 1285 5097 tempore
1329 5019 1512 5083 l’utui'o
1544 5045 1639 5096 pro
1673 5019 1950 5098 praesenti,

357 5093 483 5169 quia
525 5094 752 5148 verbum
803 5094 1124 5151 llebraieum
1154 5093 1327 5154 caret
1377 5093 1621 5169 tempore
1655 5093 1949 5168 praesenti;

356 5164 411 5242 i‘n
442 5162 634 5242 Graeco
663 5175 843 5242 autem
879 5182 893 5222 :
926 5171 1024 5242 ἕζχώ
1056 5169 1158 5242 ἕμη
1198 5171 1330 5228 ὅῶν.
1367 5173 1465 5227 Ubi
1491 5162 1834 5241 participium
1866 5162 1949 5227 esi

355 5233 446 5297 ὢν,
470 5237 630 5314 quasi
663 5235 870 5314 diceret
899 5256 911 5291 :
941 5233 1053 5311 Ego
1081 5233 1203 5314 sunt
1223 5246 1307 5296 ille
1333 5245 1421 5314 qui
1451 5233 1542 5296 est.
1570 5233 1819 5298 Secundo
1851 5260 1947 5296 no-

354 5306 611 5380 tandum.
644 5309 709 5364 ad
741 5309 854 5365 hzec
884 5306 1045 5368 verba
1083 5306 1355 5367 Christum
1387 5316 1662 5380 allusisse,
1693 5331 1813 5369 eum
1845 5316 1944 5369 ali-

355 5378 568 5448 quoties
584 5381 652 5454 in
677 5380 978 5454 Evangelia
1008 5383 1142 5438 dixit
1174 5401 1187 5436 :
1223 5384 1333 5454 Ισῖςιο
1363 5402 1507 5448 sum,
1538 5395 1598 5439 ut
1625 5378 1776 5440 suam
1808 5386 1946 5440 Dei—

355 5457 525 5526 t_atem
553 5449 1161 5526 significaretJoanuis
1200 5449 1289 5511 sui
1325 5474 1337 5510 :
1371 5458 1656 5526 Antequam
1686 5459 1946 5512 Abraham

357 5518 524 5587 ﬁeret,
557 5518 650 5600 ego
681 5539 816 5600 sum.
840 5523 1051 5600 ibidem
1086 5544 1108 5600 :7
1135 5529 1194 5582 Si
1225 5545 1328 5582 non
1363 5518 1680 5582 credideritis
1709 5531 1828 5600 quia
1853 5547 1948 5600 ego

356 5604 492 5658 sum,
517 5595 806 5670 moriemini
834 5595 888 5646 in
916 5599 1138 5667 peccatis
1167 5603 1362 5656 vestris.
1389 5600 1544 5656 Joan.
1567 5616 1677 5656 xvu
1700 5595 1833 5656 {Ubi
1853 5595 1946 5670 ego

358 5677 500 5740 sum,
539 5672 587 5717 et
626 5664 707 5718 illi
747 5667 848 5717 sint
877 5664 1096 5721 mecum.
1144 5672 1208 5723 Et
1237 5674 1370 5726 alias
1399 5673 1619 5739 sazpius.
1651 5673 1806 5740 Quod
1839 5664 1946 5727 non

357 5734 535 5791 obiter
581 5742 978 5814 adnotaverunt
1020 5742 1231 5814 Patres.
1271 5734 1507 5814 Cyrillus
1554 5745 1604 5814 iu
1644 5734 1942 5812 Joannem,

359 5816 598 5866 tractans
647 5806 736 5864 illa
783 5810 952 5862 verba
997 5826 1011 5864 :
1059 5810 1122 5866 Si
1167 5828 1271 5866 non
1316 5806 1638 5866 credideritis
1682 5816 1804 5880 quia
1851 5806 1945 5884 ego

2051 4888 2262 4956 quidem
2289 4881 2747 4954 supereminrnter’,
2776 4886 2939 4954 ipsum
2971 4900 3060 4950 per
3089 4899 3141 4936 se
3171 4881 3274 4936 esse
3297 4881 3642 4956 fecitcwteris

2049 4954 2158 5010 suis
2185 4957 2495 5020 muneribus,
2521 4973 2632 5023 qua:
2659 4959 2805 5011 rebus
2829 4956 3044 5007 conditis
3066 4954 3480 5009 communicavit.
3507 4967 3644 5019 pra:-

2051 5029 2275 5082 cminere
2297 5037 2342 5080 et
2370 5031 2764 5095 supereminere,
2787 5036 2938 5094 atque
2959 5041 3045 5094 per
3072 5027 3294 5096 idipsum
3321 5040 3406 5090 per
3428 5040 3479 5076 se
3502 5039 3643 5086 esse;

2052 5109 2106 5152 ut
2136 5098 2388 5167 quidquid
2428 5101 2601 5163 aliquo
2632 5099 2881 5151 existendi
2911 5097 3060 5150 modo
3093 5096 3528 5167 est,_subsisteret_.
3562 5096 3644 5158 ef-

2051 5172 2190 5239 fecit.
2233 5165 2456 5235 Gi'egor.
2503 5171 2869 5224 Nazianzenus
2913 5171 3162 5239 oratione
3202 5165 3268 5220 ’56
3309 5166 3468 5239 dicit,
3502 5165 3645 5217 inter

2049 5237 2230 5315 omnia
2264 5240 2489 5315 nomina
2515 5240 2609 5295 Dei
2627 5285 2649 5315 ,_
2677 5239 2781 5293 Eas
2820 5251 2865 5292 et
2901 5238 3067 5315 Deus,
3099 5253 3222 5294 esse
3254 5237 3485 5315 maxime
3518 5251 3647 5315 pro-

2055 5313 2191 5382 pria,
2223 5323 2276 5365 et
2307 5313 2447 5364 inter
2478 5313 2592 5366 hzec
2620 5312 2749 5377 duo,
2785 5312 3036 5379 proprius
3067 5327 3186 5364 esse
3219 5325 3410 5382 nomen
3447 5312 3597 5359 tantis
3629 5323 3642 5358 :

2057 5380 2192 5448 Quia
2223 5399 2343 5447 nos,
2378 5383 2581 5452 inquit,
2615 5392 2849 5436 naturam
2879 5383 3131 5452 ejusmodi
3179 5380 3482 5452 inquu'imus
3529 5392 3647 5439 qua:

2057 5403 2192 5448 υωα
2223 5403 2343 5447 nos,
2379 5403 2581 5452 tuquu,
2615 5403 2849 5436 naturam
2879 5403 2904 5433 e
2934 5403 3130 5434 ttsmout
3179 5403 3482 5451 mquuuuas
3529 5403 3646 5439 ιμιω

2053 5456 2221 5512 ipsum
2251 5471 2356 5507 esse
2385 5471 2474 5524 per
2501 5471 2555 5508 se
2585 5454 2734 5508 habet
2762 5470 2781 5508 :
2809 5463 2856 5508 et
2885 5403 2980 5506 [ioc
3009 5453 3264 5522 signiﬁcat
3297 5451 3430 5502 istud
3462 5463 3646 5524 nomen

2054 5525 2174 5589 Est,
2204 5527 2326 5591 sive,
2364 5521 2464 5591 Qui
2495 5534 2588 5579 est.
2623 5527 2827 5580 Eodem
2861 5527 3022 5579 modo
3053 5521 3441 5592 interpretatur
3474 5521 3648 5592 Euse-

2052 5597 2171 5651 bius
2209 5597 2566 5652 Caesariensis
2606 5598 2698 5652 lib.
2733 5613 2786 5651 x1
2825 5598 2891 5651 dc
2937 5591 3228 5662 Prteparat.
3261 5610 3383 5659 cap.
3413 5593 3447 5648 6
3477 5604 3530 5648 et
3561 5591 3593 5645 7
3629 5604 3645 5643 ι

2055 5669 2158 5735 Qui
2188 5681 2293 5735 est,
2328 5670 2380 5722 id
2411 5677 2518 5733 est,
2548 5671 2635 5740 qui
2665 5669 2950 5723 necessario
2980 5676 3027 5720 et
3056 5667 3246 5740 eodem,
3272 5666 3421 5718 modo
3451 5679 3647 5733 semper

2050 5743 2241 5796 existit.
2279 5742 2374 5797 Ubi
2423 5743 2588 5795 etiam
2636 5741 2800 5796 refert
2848 5739 3172 5793 sententiam
3226 5739 3540 5807 Pythagorae
3591 5742 3648 5790 et

2054 5813 2317 5881 Platonis,
2341 5814 2433 5880 qui
2460 5813 2564 5867 hoc
2590 5813 2810 5869 nomine
2832 5812 2999 5867 Deutu
3031 5810 3411 5882 appellandum
3442 5809 3646 5863 docue-
