3976 6180
337 83 441 143 “9

334 203 463 259 illud
497 183 696 258 factum
735 215 884 272 esse,
939 202 1189 260 humanae
1238 204 1425 263 tribuit
1470 203 1750 268 brevitati;
1796 202 1927 258 illud
1958 206 2012 268 Α

335 309 540 362 autem,
574 313 724 365 sum,
775 310 981 356 natura
1025 315 1157 356 suat.
1209 300 1276 354 Et
1318 301 1432 354 haec
1466 298 1645 353 omnia
1675 297 1928 353 Christus

336 393 550 461 utique.
583 393 673 461 qui
709 408 804 462 per
831 401 1230 448 sacramentum
1263 392 1400 446 uniti
1439 391 1676 447 hominis
1715 406 1779 448 ac
1829 391 1928 447 Dei

327 489 378 542 in
419 487 514 541 illo
544 488 636 557 qui
671 501 887 556 semper
914 485 1088 539 fuerat
1108 485 1222 555 jam
1251 501 1311 540 se
1342 485 1510 541 fuisse
1532 484 1769 541 dicebat.

949 576 1177 632 CAPUT
1217 577 1309 632 IX.

335 675 463 729 Cum
515 675 719 731 Christo
777 673 1073 727 tribuantur
1115 672 1415 745 prodigiosa
1462 673 1556 728 illa
1603 673 1774 745 'Opera
1813 687 1929 742 qute

1664 80 1947 144 JOANNIS
1984 78 2294 142 CASSIANI

3525 76 3630 137 120

2105 202 2243 254 circa
2272 199 2408 268 ﬁlios
2431 197 2600 253 Israel
2617 196 2734 269 jam
2759 195 2882 250 inde
2906 208 2937 248 a
2970 193 3282 269 temporibus
3310 192 3504 269 Moysis
3531 196 3632 249 de-

2106 267 2311 342 signata
2335 281 2472 333 sunt,
2505 267 2778 342 conficitur
2797 267 3173 342 quoqueillum
3195 268 3309 336 jam
3343 268 3465 320 olim
3501 276 3627 322 ante

2109 339 2279 398 ortum
2301 359 2450 398 suum
2476 340 2811 412 temporalem
2841 339 3117 392 exstitisse.

2108 493 2133 521 ἰ
2161 483 2314 552 Quod
2343 481 2618 552 apostolus
2659 494 2873 551 quoque
2912 494 3034 534 cum
3064 477 3363 534 dilucidare
3399 495 3464 535 ac
3508 494 3627 534 ma-

2037 577 2294 633 nifestare
2339 577 2587 630 omnibus
2628 583 2871 643 cuperet,
2915 575 2984 626 ita
3030 573 3239 627 locutus
3269 583 3390 627 est:
3429 572 3456 610 ιι
3483 573 3629 638 Quo-

2034 672 2174 725 niam
2219 668 2370 724 Jesus
2419 667 2671 738 populum
2713 666 2776 720 de
2819 673 2955 718 terra
2994 663 3214 737 [Egypti
3265 666 3491 732 salvatts,
3538 682 3629 719 se-

1415 805 1674 861 ALARDI
1711 805 1938 862 GAZ/El
1974 801 2545 862 COMMENTARIUS.

338 901 624 963 Christum,
658 900 792 953 sicut
824 898 1033 968 quidam
1064 915 1239 970 eorum
1270 905 1587 970 tentarerunt
1619 896 1661 970 (Ι
1689 895 1922 951 Corinth.

335 988 365 1024 κ
400 974 436 1037 ).
490 970 609 1024 Non
639 973 774 1037 qtth
790 975 904 1042 jam
934 981 1066 1024 esset
1095 969 1268 1034 Jesus,
1297 981 1384 1042 aut
1417 969 1650 1042 Christus
1685 977 1928 1042 natusex

337 1042 543 1105 Maria;
575 1049 666 1096 sed
692 1038 812 1109 quia
842 1046 891 1094 in
939 1042 1034 1094 illo
1083 1043 1234 1094 unico
1287 1038 1428 1093 Filio
1481 1041 1574 1093 Dei
1621 1043 1727 1103 iam
1755 1041 1925 1092 unitas

335 1129 569 1178 persona:
597 1115 1070 1172 commendabatur.
1101 1128 1215 1178 qua:
1251 1113 1451 1164 occulta
1496 1121 1607 1165 erat
1659 1111 1921 1180 mysterio.

339 1186 488 1248 Quod
530 1197 576 1237 et
601 1185 725 1236 alibi
775 1191 1029 1237 evidenter
1060 1200 1075 1236 :
1113 1184 1212 1246 Qui
1239 1185 1383 1247 elegit
1423 1200 1538 1249 nos,
1591 1185 1777 1251 inquit,
1809 1194 1926 1234 ante

335 1257 515 1308 mundi
542 1257 855 1309 constitutio
876 1273 952 1307 em
981 1256 1033 1306 in
1060 1256 1168 1321 ipso
1192 1252 1412 1321 (Ep/tes.
1445 1260 1512 1316 t);
1547 1255 1666 1321 quia
1697 1253 1924 1321 profecto

335 1329 586 1396 quidquid
617 1327 752 1378 Deus
779 1328 895 1396 fecit
928 1326 989 1376 ab
1019 1327 1188 1388 initio,
1232 1324 1465 1377 Christus
1498 1326 1616 1390 fecit
1659 1334 1930 1396 totunt‘per

336 1393 579 1450 unitate-tt
609 1393 935 1451 sacramenti.
968 1396 1029 1448 Et
1077 1397 1189 1466 idco
1221 1399 1334 1466 jam
1365 1397 1518 1449 Jesus
1567 1407 1674 1446 erat
1716 1397 1765 1446 in
1794 1393 1929 1446 Filio

335 1470 420 1536 qui
445 1470 691 1535 populum
716 1467 986 1523 educebat.
1011 1479 1058 1520 et
1077 1465 1314 1519 Christus
1343 1467 1394 1518 in
1412 1485 1469 1519 eo
1502 1468 1588 1532 qui
1613 1467 1926 1536 tentabatur,

335 1535 583 1608 quoniam
614 1555 812 1605 semper
841 1555 930 1608 per
949 1539 1259 1591 sacramenti
1285 1539 1528 1590 unitatem
1549 1539 1600 1590 in
1637 1535 1743 1589 Deo
1772 1537 1930 1606 fuisse

335 1627 437 1661 non
465 1611 752 1662 dubitatur.
786 1610 988 1677 Alioqui
1017 1609 1118 1662 nisi
1147 1609 1218 1660 ita
1246 1609 1547 1674 credideris,
1577 1618 1667 1659 aut
1696 1609 1930 1660 Christus

335 1679 477 1732 Deus
505 1698 604 1733 non
628 1683 720 1735 erit
745 1683 972 1745 omnino,
993 1689 1270 1734 autcontrtt
1285 1681 1584 1747 prophetam
1611 1679 1745 1731 Deus
1759 1695 1930 1732 recens

337 1768 445 1803 esse
487 1753 759 1805 videbitur.
805 1752 908 1807 Sed
953 1727 1013 1805 ite
1061 1753 1246 1805 talibus
1285 1727 1589 1818 'qnartiamur
1631 1750 1929 1815 calumniis,
1963 1727 2010 1785 Β

335 1825 630 1875 scrutanda
660 1833 777 1876 sunt
822 1824 1128 1888 Scriptura,
1163 1823 1218 1875 in
1249 1823 1428 1891 quibus
1455 1823 1704 1875 unitas-in
1732 1819 1933 1874 Christo

336 1895 727 1946 commendatur
752 1911 999 1958 personis,
1017 1895 1258 1964 quoniam
1283 1911 1383 1945 non
1407 1894 1714 1964 prtejudicat
1739 1904 1936 1962 tempus

336 1979 402 2015 ne
430 1982 559 2018 unus
590 1983 789 2034 semper
820 1963 1044 2018 dicatur.
1071 1965 1208 2034 Hinc
1228 1981 1428 2033 quoque
1446 1966 1618 2015 beatus
1643 1963 1829 2016 Petrus
1861 1965 1937 2016 lo-

337 2050 497 2106 quens
545 2037 608 2088 de
657 2035 928 2096 Pati-ibus.
973 2037 1089 2089 ait:
1120 2033 1222 2086 Per
1257 2035 1478 2106 gratiam
1531 2035 1737 2086 Domini
1777 2035 1937 2106 nostri

337 2103 463 2158 Jesu
513 2107 703 2160 Christi
749 2109 1005 2160 credimus
1031 2103 1713 2175 saluari{quemadmodum
1761 2115 1808 2158 et
1855 2104 1936 2157 illi

343 2177 480 2244 (Act.
509 2181 619 2246 xv).
657 2176 892 2246 Namque
912 2179 1030 2230 illos
1059 2179 1200 2230 solus
1229 2175 1480 2228 Dominus
1503 2176 1738 2241 ducebat,
1764 2185 1809 2228 et
1835 2192 1939 2229 non

338 2257 446 2300 erat
474 2250 543 2301 eis
580 2250 715 2302 Deus
743 2253 966 2302 alienus.
1000 2249 1148 2303 Unde
1176 2264 1265 2301 nec
1292 2247 1554 2299 nobiscum
1571 2246 1707 2300 Deus
1733 2263 1934 2313 recens,

339 2320 462 2388 quia
492 2336 623 2373 unus
655 2323 892 2385 idemque
931 2330 1020 2384 est,
1063 2322 1150 2389 qui
1191 2328 1238 2372 et
1280 2333 1457 2371 eorutn
1507 2319 1689 2371 ductor
1730 2319 1857 2386 fuit,
1890 2327 1938 2371 et

341 2404 514 2441 noster
537 2409 624 2457 per
653 2393 942 2455 passionem
980 2392 1152 2443 carnis
1190 2405 1298 2443 suae
1335 2389 1628 2456 redemptor
1660 2407 1677 2446 :
1709 2405 1840 2441 unus
1868 2389 1939 2443 si-

342 2461 546 2523 quidem
575 2479 666 2512 sua
691 2462 742 2512 in
767 2477 945 2526 carne,
980 2479 1112 2514 unus
1140 2462 1192 2515 in
1223 2471 1570 2530 sacramento,
1594 2477 1728 2512 unus
1757 2464 1808 2512 in
1831 2461 1940 2530 spi-

341 2531 444 2580 ritu
469 2547 487 2582 :
513 2547 602 2582 nec
632 2534 857 2584 admittit
885 2535 1039 2598 ratio,
1074 2541 1129 2584 ut
1161 2533 1297 2585 alius
1327 2529 1498 2583 Filius
1524 2529 1770 2593 hominis,
1801 2529 1936 2584 alius

342 2598 521 2653 Filius
554 2601 644 2654 Dei
677 2604 991 2674 intelligatur
1017 2620 1035 2657 :
1063 2605 1149 2671 qui
1178 2620 1269 2656 nec
1301 2613 1525 2674 tempore
1563 2601 1933 2674 praescribitur,

342 2686 437 2743 nec
464 2675 700 2739 passione
721 2671 1023 2743 separatur;
1049 2675 1139 2727 sed
1168 2686 1302 2728 totus
1337 2672 1476 2726 Deus
1502 2673 1555 2743 in
1585 2671 1866 2743 Christum,
1890 2683 1939 2726 et

344 2739 580 2815 Christus
613 2747 663 2796 in
694 2739 858 2798 Deum
889 2748 1129 2811 transiit;
1159 2755 1213 2798 ttt
1235 2744 1484 2815 quidquid
1514 2741 1612 2815 Dei
1644 2741 1812 2796 Filius
1841 2739 1933 2807 est,

343 2811 579 2886 Christus
608 2815 846 2870 dicatur:
881 2828 927 2868 et
954 2817 1203 2886 quidquid
1234 2811 1286 2869 in
1323 2811 1476 2868 carne
1504 2813 1734 2886 Christus
1762 2824 1939 2882 pertu-

344 2883 423 2945 lit,
459 2886 509 2936 id
543 2885 674 2937 Deus
709 2883 978 2950 pertulisse
1004 2883 1138 2941 recte
1167 2888 1424 2940 credatur.
1456 2884 1665 2954 Alioqui
1692 2887 1736 2938 si
1762 2886 1831 2937 ad
1853 2902 1939 2937 ra-

347 2955 532 3007 tionem
561 2961 913 3025 respiciamus,
939 2969 986 3011 et
1011 2960 1079 3012 ad
1103 2976 1280 3013 sensus
1309 2957 1582 3019 humanos,
1617 2972 1938 3024 nequaquam

345 3026 416 3076 ita
441 3028 682 3080 hactenus
711 3039 984 3095 potuerunt
1022 3032 1156 3082 inter
1190 3047 1244 3083 se
1272 3043 1535 3082 convenire
1571 3025 1744 3080 Deitas
1769 3039 1814 3079 et
1841 3027 1939 3079 hu-

345 3113 501 3148 mana
555 3103 779 3152 conditso
822 3117 841 3154 :

344 3182 481 3219 unus
523 3187 584 3222 με
620 3172 862 3224 ainbobus
893 3169 1218 3225 Emmanuel.
1257 3173 1380 3224 lla-c
1431 3169 1538 3232 ille,
1569 3179 1624 3222 ct
1667 3170 1768 3222 alia
1814 3184 1936 3238 qua:

346 3253 663 3309 sequuntur,
711 3245 953 3295 Cassiani
1009 3243 1169 3297 dictis
1209 3260 1316 3296 non
1363 3254 1521 3294 sensu
1567 3249 1793 3304 tantum,
1838 3241 1934 3294 sed

347 3321 401 3362 et
427 3314 718 3384 uerborum
748 3324 1006 3367 eontextu
1038 3331 1100 3367 ac
1128 3315 1270 3384 stylo
1302 3312 1436 3384 adeo
1466 3314 1844 3372 consonantia,
1879 3321 1935 3366 ut

345 3382 437 3446 qui
473 3393 701 3446 utraque
750 3386 889 3436 inter
925 3400 984 3436 se
1034 3382 1298 3446 conferat,
1332 3383 1580 3435 dubitare
1623 3383 1933 3449 neutiquam

346 3454 518 3518 possit
551 3455 778 3506 alterum
810 3457 876 3505 ab
899 3455 1073 3506 altero
1101 3465 1422 3505 mutuatum.
1447 3453 1716 3504 Cancrum
1748 3454 1813 3505 de
1837 3468 1934 3504 au-

345 3533 501 3576 ctore
535 3523 648 3589 illo,
692 3523 810 3589 quis
851 3525 1030 3587 luerit,
1085 3538 1191 3577 non
1235 3538 1339 3575 una
1389 3522 1529 3575 inter
1571 3522 1758 3574 doctos
1788 3524 1937 3575 viros

347 3595 617 3646 sententia
671 3604 774 3647 est.
806 3592 939 3648 Nam
973 3595 1230 3648 Erasmus
1261 3604 1408 3648 certe
1439 3592 1720 3661 epistolam
1765 3593 1933 3657 illam,

348 3671 407 3713 ut
434 3665 863 3728 supposititiam.
899 3682 1019 3719 cum
1057 3665 1180 3719 aliis
1221 3664 1462 3734 ejusdem
1496 3665 1712 3733 generis
1740 3677 1936 3730 quarto

348 3741 500 3806 torno
541 3735 900 3801 concluserat,
949 3752 1106 3802 quam
1143 3737 1447 3806 Sophronia
1483 3736 1662 3803 potius
1696 3737 1937 3789 tribuen-

347 3803 473 3858 dam
514 3806 860 3862 existimavit.
911 3808 1178 3862 Marianus
1221 3803 1404 3862 autem
1436 3806 1709 3860 Victorius
1753 3807 1805 3860 in
1835 3822 1936 3861 no-

348 3890 478 3928 num
519 3885 728 3932 tomum
774 3895 884 3934 sua:
923 3879 1175 3934 editionis
1219 3880 1466 3934 eamdem
1512 3879 1764 3946 conjecit,
1799 3892 1937 3946 pra:-

347 3947 510 3999 ntissa
554 3960 731 4020 tamen
780 3951 832 4004 in
877 3952 1194 4020 prtefatione
1233 3951 1479 4020 ejusdem
1522 3953 1619 4000 hac
1659 3963 1758 4020 sua
1803 3964 1935 4020 cens

344 4031 518 4091 s_ura:
546 4018 728 4091 Sermo
754 4022 818 4073 de
848 4018 1214 4091 Assumptione
1239 4023 1395 4073 beata:
1422 4018 1606 4072 Μαί-ξω
1632 4018 1936 4091 uirginisad

347 4085 581 4142 Paulum
617 4102 665 4142 et
708 4085 1050 4144 Eustochium
1076 4091 1243 4144 αγατὶ
1267 4091 1436 4160 potius
1459 4106 1613 4158 quam
1644 4086 1817 4160 Latini
1844 4087 1938 4141 ho-

346 4160 500 4212 minis
531 4170 622 4224 est,
657 4163 846 4229 quippe
871 4179 987 4213 cum
1012 4162 1190 4214 Latine
1222 4159 1440 4212 scribere
1465 4160 1771 4212 exercitatus
1792 4159 1935 4212 haud

346 4230 453 4293 sit,
509 4240 559 4283 et
609 4229 848 4284 Crtecuni
892 4233 1146 4283 hominem
1207 4231 1387 4282 Latine
1431 4231 1484 4282 in
1539 4247 1596 4282 eo
1650 4231 1936 4296 loquentem

347 4300 520 4352 uidere
567 4301 736 4353 liceat.
794 4300 1078 4370 Sophronii
1120 4310 1284 4354 autem
1329 4316 1458 4363 esse,
1514 4301 1579 4353 Ι).
1629 4299 1934 4371 Hieronymi

346 4371 520 4444 amici,
552 4372 692 4444 illius
713 4372 908 4444 scilicet
935 4371 1351 4444 quiHieroitynti
1383 4373 1675 4444 catalogum
1705 4373 1768 4425 de
1792 4375 1935 4426 Scri-

346 4440 577 4513 ptoribus
596 4440 968 4495 Ecclrsiasticis
996 4443 1227 4496 Graecum
1244 4440 1489 4512 reddidit,
1515 4440 1607 4513 pro
1635 4448 1934 4510 compertis-

345 4497 476 4564 'simo
501 4514 744 4564 creditur.
775 4513 848 4567 lla
884 4515 1176 4578 Marianos,
1207 4529 1273 4569 ex
1297 4497 1528 4566 alioruiti
1553 4497 1778 4567 fortasse
1804 4530 1927 4568 sen-
1958 4497 2014 4558 Ῐ)

347 4585 519 4636 tentia
549 4586 718 4650 magis
749 4602 908 4652 quam
944 4602 1036 4639 sua
1073 4587 1186 4639 [nec
1229 4585 1492 4640 scribens.
1527 4585 1724 4638 Vetum
1749 4585 1818 4638 ab
1850 4585 1932 4640 his

347 4653 598 4727 dissentit
628 4656 778 4711 card.
820 4657 1080 4711 Batonius
1112 4671 1221 4712 tum
1255 4659 1306 4709 in
1347 4656 1644 4710 Annalibus
1673 4655 1858 4727 (Tomo
1887 4657 1929 4721 Ι,

345 4739 482 4797 anno
523 4725 710 4778 Christi
745 4728 859 4797 48),
923 4737 1031 4780 tum
1094 4730 1144 4781 in
1198 4729 1342 4782 notis
1383 4729 1448 4780 ad
1494 4725 1928 4797 Martyrologium

344 4791 508 4847 Rom.
557 4797 745 4868 Priore
788 4791 904 4851 loco
929 4799 996 4851 de
1036 4799 1421 4866 Assutnptionc
1456 4799 1514 4852 Β.
1549 4791 1928 4868 νιιῖείιιίςνύίει-

343 4875 562 4935 putans,
599 4867 712 4919 lia-c
753 4871 893 4923 inter
941 4869 1043 4922 alia
1075 4871 1265 4923 scribit
1293 4888 1305 4922 :
1339 4871 1486 4935 Quotl
1518 4867 1684 4922 autem
1714 4871 1931 4935 pertintt

343 4935 413 4986 ad
437 4934 667 4987 libellum
698 4939 839 4989 illuni
868 4957 960 4992 seu
988 4942 1260 4995 epistolam
1291 4934 1368 4992 ad
1397 4939 1612 4990 Paulam
1661 4934 1719 4992 et,
1738 4938 1931 4992 Eusto-

343 5003 519 5057 chium
549 5009 612 5060 de
643 5009 999 5078 Assutnptione
1029 5009 1091 5062 Β.
1143 5011 1346 5075 Μαι-ἕω,
1383 5010 1686 5078 Hieronymi
1726 5013 1929 5064 nomine

342 5087 629 5150 prwnotata
650 5097 704 5140 n,
734 5095 842 5150 eam
873 5096 973 5132 non
1003 5091 1197 5134 tantum
1225 5099 1325 5135 non
1349 5098 1457 5135 esse
1482 5080 1806 5150 Hieronymi,
1838 5083 1926 5135 sed

342 5162 435 5223 nec
481 5148 785 5223 Saphronii,
828 5153 972 5223 cujus
1017 5151 1151 5223 idem
1199 5151 1545 5223 Hieronymus
1597 5148 1819 5204 meminit
1849 5154 1926 5221 (ut

342 5171 435 5199 ητα
481 5171 785 5216 ιδορηνοηιι,
828 5171 887 5202 cu
918 5171 972 5201 ηδ
1017 5171 1151 5204 taem
1199 5171 1545 5223 ηιειυηῃιηιιε
1597 5171 1819 5204 ηιρηηηιι
1849 5171 1926 5221 (ιιι

342 5217 506 5295 aliqui
533 5171 1208 5295 (minimumuti,iudicium
1237 5225 1462 5277 omnium
1490 5225 1806 5278 eruditorum
1833 5241 1930 5295 ap-

339 5291 502 5356 pello.
549 5291 728 5345 Videre
757 5303 830 5346 est
874 5294 1008 5345 enim
1048 5305 1306 5346 auctorem
1345 5313 1401 5348 eo
1445 5296 1810 5348 commentario
1841 5291 1924 5349 lo-

278 5365 279 5368 “
342 5368 453 5437 tum
472 5378 579 5415 esse
608 5365 659 5437 in
685 5365 1072 5437 insectando‘ae
1097 5367 1448 5436 impugnanda
1470 5369 1708 5437 dogmate
1731 5366 1923 5421 Nesto-

341 5431 407 5510 τ’ζὶ
436 5448 584 5509 quem
617 5435 762 5510 longe
789 5446 913 5510 post
952 5431 1257 5510 ieronymi
1287 5449 1333 5489 et
1382 5431 1663 5507 Sophronii
1693 5445 1922 5510 tempora

341 5503 530 5553 vixisse
576 5503 723 5556 nttlla
761 5503 836 5578 est
881 5503 1170 5578 dubitatio:
1205 5509 1271 5562 Et
1301 5503 1468 5577 paulo
1492 5519 1630 5578 post,
1674 5503 1921 5564 eumdem

341 5578 620 5626 auctorem
670 5573 934 5630 mendacii
985 5579 1261 5647 redarguit
1301 5573 1382 5634 ἐκ
1427 5573 1504 5635 ω’
1542 5580 1686 5649 quod
1722 5581 1922 5637 nullam

2034 903 2192 949 aetate
2217 894 2529 964 llieronymi
2551 893 2617 948 de
2638 893 3008 948 incarnatione
3020 893 3222 948 Christi
3241 895 3484 949 obortam
3508 896 3630 951 hae-

2033 969 2196 1021 resim
2227 981 2348 1020 esse
2373 977 2607 1018 constet.
2643 965 2785 1019 Hinc
2825 967 3018 1029 videas,
3057 966 3250 1034 inquit,
3290 969 3628 1036 manifestam

2033 1037 2253 1090 hominis
2275 1038 2632 1108 imposturam,
2661 1038 2747 1108 qui
2768 1041 2836 1089 ad
2864 1040 3256 1108 promerendam
3288 1039 3464 1103 fidem.
3491 1038 3628 1092 Hie-

2033 1111 2254 1177 ronymi,
2287 1107 2470 1162 Paulte
2499 1119 2543 1161 et
2577 1107 2841 1161 Eustachii
2867 1107 3080 1161 nomina
3111 1121 3186 1160 est
3215 1125 3274 1162 eo
3302 1125 3452 1179 opere
3490 1127 3627 1164 nun-

2034 1180 2260 1232 dinatus.
2298 1180 2421 1232 Haec
2452 1181 2518 1232 ibi
2563 1180 2937 1247 B.tt'onitis(l5
2981 1179 3245 1250 Augusti).
3284 1181 3533 1245 Idemque
3567 1183 3626 1236 in

2035 1253 2176 1302 notis
2202 1251 2266 1303 ad
2299 1250 2734 1320 Martyrologium
2767 1269 2779 1301 :
2810 1251 2991 1303 Exstat
3020 1266 3188 1303 sermo
3218 1252 3369 1303 titulo
3403 1253 3462 1306 S.
3501 1252 3628 1305 llie-

2032 1324 2236 1392 ronymi
2262 1325 2328 1373 ttd
2360 1323 2580 1373 Paulum
2605 1331 2651 1375 et
2683 1320 3016 1373 Eustochium
3039 1323 3285 1386 scriptus,
3318 1339 3462 1389 quem
3485 1341 3626 1376 non-

2035 1391 2163 1444 nulli
2205 1394 2563 1446 existimarunt
2612 1409 2720 1446 esse
2762 1393 2903 1445 illius
2951 1391 3253 1461 Sophronii,
3294 1395 3438 1460 cujus
3481 1395 3628 1448 idem

2035 1463 2094 1517 S.
2136 1463 2482 1533 Hieronymus
2515 1464 2742 1515 meminit
2783 1467 2835 1515 in
2865 1463 2997 1516 libro
3027 1465 3090 1515 de
3135 1463 3482 1534 Scriptoribus
3528 1464 3629 1519 Ec-

2034 1535 2284 1597 clesiast.,
2316 1536 2406 1586 sed
2436 1535 2661 1588 neutrius
2687 1545 2810 1603 puto
2835 1551 2854 1592 :
2884 1537 3006 1599 quin
3038 1546 3236 1588 constat
3256 1553 3365 1589 esse
3393 1537 3624 1606 alicujus

2036 1608 2258 1659 auctoris
2290 1607 2375 1677 qui
2404 1608 2528 1659 uixit
2556 1607 2692 1658 circa
2720 1605 2797 1658 rel
2819 1617 2931 1675 post
2955 1615 3185 1673 tempora
3214 1605 3419 1659 concilii
3450 1605 3625 1677 Ephe-

2034 1679 2133 1730 siui
2163 1677 2240 1729 vel
2270 1674 2731 1740 Chalcedonensis;
2779 1674 2992 1729 multum
3020 1678 3154 1730 enim
3183 1688 3414 1730 versatur
3449 1674 3503 1730 in
3527 1679 3625 1732 de-

2039 1747 2297 1820 struendis
2328 1749 2555 1801 Nestorii
2586 1757 2738 1814 atque
2769 1747 3102 1820 Euthychetis
3134 1749 3475 1820 dogmatibus.
3507 1765 3625 1815 quia

2039 1819 2424 1890 quidemdlonge
2451 1828 2567 1886 post
2607 1827 2836 1885 tempora
2869 1819 3174 1890 Hieronymi
3206 1819 3360 1888 atque
3389 1819 3624 1888 Saphra-

2041 1888 2113 1944 itii
2141 1892 2195 1943 in
2225 1888 2511 1944 Ecclesium
2535 1891 2858 1956 irruperunt.
2896 1888 3178 1958 llucusque
3206 1891 3489 1946 Baronius.
3513 1893 3625 1946 Cu-

2036 1964 2124 2030 jus
2159 1961 2374 2031 quidctn
2427 1960 2771 2016 ratiocinatio
2819 1961 2904 2014 illa
2956 1977 3019 2015 ex
3070 1972 3369 2031 temporum
3409 1964 3622 2018 ratione

2041 2033 2222 2098 dueta,
2257 2033 2443 2086 nescio
2466 2049 2530 2086 an
2560 2034 2691 2086 satis
2723 2032 2895 2086 valida
2927 2034 2995 2086 sit
3021 2045 3072 2086 et
3098 2035 3284 2087 etlicax
3311 2034 3373 2086 ad
3403 2034 3620 2100 suppri-

2043 2105 2291 2157 mendam
2324 2104 2468 2158 illam
2495 2105 2859 2173 pervulgatam
2891 2106 3197 2172 Opinionem
3224 2104 3291 2157 de
3313 2104 3619 2175 Sophronio

2043 2175 2184 2228 illius
2214 2175 2383 2228 libelli
2417 2192 2511 2229 seu
2543 2175 2808 2230 sermonis
2831 2188 3080 2241 auelore;
3115 2191 3236 2230 cum
3268 2176 3514 2244 superius
3543 2191 3619 2232 ex

2042 2247 2300 2301 Cassiano
2326 2248 2753 2300 demonstratum
2795 2247 2861 2298 sit
2894 2245 3124 2300 Nestor-ii
3160 2247 3356 2315 dogma
3385 2262 3476 2301 seu
3511 2248 3623 2300 lite-

2043 2317 2206 2371 resim
2247 2332 2350 2370 non
2382 2318 2449 2371 ab
2489 2321 2608 2386 ipso
2665 2317 2896 2387 primum
2943 2318 3216 2370 inventam
3251 2328 3306 2372 et
3348 2318 3626 2387 excogita-

2045 2397 2173 2454 tam,
2208 2387 2302 2441 sed
2332 2389 2502 2442 nmlto
2539 2399 2662 2443 ante
2706 2404 2735 2442 a
2783 2387 2999 2457 Pelagio
3037 2387 3267 2455 aliisque
3310 2389 3628 2458 antiquiori-

2042 2458 2144 2511 bus
2189 2459 2567 2514 hmresiarcbis
2611 2462 2911 2522 invectam;
2963 2475 3123 2527 quam
3177 2459 3402 2528 proinde
3458 2461 3624 2514 etiam

2043 2539 2166 2582 ante
2211 2529 2518 2584 Nesmtimn
2558 2542 2749 2584 auctor
2794 2530 2903 2594 ille,
2952 2531 3065 2585 sive
3106 2531 3469 2599 Sophronius,
3507 2531 3626 2585 sive

2043 2600 2164 2670 quis
2206 2602 2364 2666 alios,
2416 2601 2597 2672 oblata
2648 2603 2958 2665 occasione,
3014 2604 3326 2672 impugnare
3366 2601 3622 2669 potuerit,

2042 2673 2501 2742 quemadmodum
2530 2671 2597 2726 de
2621 2672 2851 2735 Leporio
2893 2671 3181 2742 Pelagiana
3211 2673 3276 2726 ad
3307 2673 3464 2726 tidem
3495 2688 3626 2727 con-

2043 2759 2204 2798 verso
2232 2748 2481 2812 superius
2519 2743 2777 2798 diximus.
2812 2743 2990 2810 Quare
3029 2760 3149 2797 cum
3199 2744 3330 2798 nihil
3362 2745 3494 2798 certi
3524 2743 3630 2799 hac

2044 2815 2113 2868 de
2159 2831 2215 2869 re
2246 2815 2430 2869 haberi
2476 2817 2662 2883 possit,
2709 2831 2808 2868 nec
2839 2816 3100 2868 Batonius
3140 2816 3256 2883 ipse
3285 2816 3627 2883 exploratum

2043 2885 2171 2954 quid
2201 2887 2467 2950 habuerit,
2492 2887 2658 2940 satius
2685 2895 2768 2940 est
2798 2901 2909 2940 rem
2941 2885 3197 2939 incertam
3231 2901 3293 2940 ac
3319 2887 3534 2940 dubiam
3569 2886 3628 2942 in

2044 2957 2222 3010 medio
2243 2959 2567 3025 relinquere,
2592 2973 2750 3024 quam
2774 2955 2970 3025 aliquid
2995 2956 3300 3011 inconsulto
3321 2957 3624 3011 afﬁrmare.

2117 3039 2140 3064 ι·
2165 3029 2457 3098 Apostolus
2485 3028 2690 3083 scilicet
2713 3027 2900 3090 ludas,
2926 3042 3040 3098 non
3067 3029 3157 3080 ille
3183 3027 3465 3081 Iscariotes
3493 3043 3625 3095 pro-

891 3111 1232 3177 c_t_mt°enerur_it
1257 3100 1544 3177 tantenuin
1591 3096 1796 3177 Christo
1821 3141 1836 3164 ,
1891 3106 1939 3152 et
1968 3113 2012 3177 ρ
2044 3096 2228 3177 ditorL'
2252 3101 2343 3177 sed
2369 3100 2548 3177 _alter,
2590 3098 2678 3168 qtti
2707 3097 3052 3177 ct_Tbatl_:eu_s
3091 3098 3307 3177 dicitur,
3339 3098 3492 3177 cujus
3527 3113 3630 3154 cx-

2043 3180 2144 3223 stat
2177 3171 2439 3241 Epistula,
2474 3186 2632 3239 quam
2684 3171 2876 3236 recipit
2906 3170 3142 3224 Ecclesia
3185 3180 3242 3222 nt
3281 3171 3626 3241 canonicam,

2041 3251 2093 3294 ct
2143 3239 2342 3296 citatur
2394 3257 2424 3294 a
2479 3242 2576 3312 SS.
2639 3241 3024 3312 PatribusLut
3075 3241 3336 3294 canonica
3375 3239 3625 3312 (Dionys.

2040 3315 2227 3383 Areop.
2245 3382 2254 3383 ἡ
2271 3313 2335 3366 de
2364 3312 2480 3383 Diu.
2519 3311 2678 3366 Nom.
2709 3330 2756 3368 c.
2801 3311 2858 3374 4,
2889 3299 3196 3382 Hieronym.
3227 3328 3341 3382 cap.
3377 3299 3401 3365 ἰ
3430 3312 3497 3364 ad
3539 3299 3630 3364 Ti-

2041 3381 2191 3447 tium,
2221 3382 2382 3438 Cone.
2434 3381 2580 3436 Trid.
2630 3400 2757 3438 sess.
2797 3384 2877 3450 4),
2926 3399 2990 3435 ex
3022 3381 3126 3452 qua
3159 3381 3501 3451 desu’ntptum
3542 3393 3629 3437 est

2043 3456 2409 3508 testimOninm
2453 3455 2595 3522 quod
2627 3455 2899 3524 .scquitur.
2934 3455 3104 3507 Porro
3133 3469 3258 3508 cum
3296 3467 3486 3508 auctor
3534 3469 3628 3506 stt-

2042 3525 2321 3592 pradictus
2352 3526 2475 3579 loco
2505 3527 2671 3579 citato
2704 3527 3004 3594 apostolum
3029 3525 3220 3579 Judam
3251 3525 3336 3579 hic
3367 3539 3628 3592 expresse

2041 3596 2303 3661 nominet,
2358 3608 2412 3650 et
2469 3597 2811 3664 postmodum
2864 3597 3008 3650 aliud
3058 3596 3206 3649 Pauli
3255 3598 3623 3650 testimonium

2041 3666 2358 3733 subiiciens,
2414 3668 2668 3722 distincte
2711 3669 2872 3720 etiam
2913 3669 3103 3722 dicat:
3137 3666 3206 3720 Et
3242 3669 3365 3720 alibi
3397 3666 3624 3732 Paulus,

2041 3751 2138 3806 pro
2163 3755 2269 3804 quo
2298 3740 2588 3792 Cassianus
2629 3741 2834 3806 abSque
2883 3741 2986 3792 ulla
3018 3739 3376 3793 distinctione
3416 3737 3622 3803 subdit,

2041 3808 2149 3860 Sed
2170 3819 2218 3861 et
2243 3810 2386 3872 alibi,
2413 3810 2565 3877 quasi
2593 3809 2660 3862 de
2696 3809 2887 3861 eodem
2916 3811 3161 3874 apostolo
3192 3810 3456 3878 loquens;
3488 3810 3627 3864 satis

2040 3879 2320 3934 evidenter
2347 3888 2590 3946 apparet,
2626 3879 2769 3933 hunc
2814 3880 3056 3933 Cassiani
3087 3891 3288 3935 textum
3320 3895 3441 3937 esse
3470 3879 3625 3932 vitia-

2042 3959 2155 4004 tum
2187 3961 2244 4006 et
2280 3954 2547 4016 mutilum,
2581 3962 2743 4020 atque
2771 3965 2839 4006 ex
2870 3951 2964 4005 illo
2995 3963 3217 4007 auctore
3253 3950 3620 4022 supplendum

2040 4033 2131 4075 aut
2161 4021 2564 4091 exponendum.

2112 4091 2138 4128 δ
2163 4093 2216 4147 ln
2265 4095 2350 4147 his
2392 4095 2569 4148 verbis
2598 4093 2890 4148 notandum
2937 4093 3115 4164 primo
3158 4092 3303 4164 quod
3343 4109 3440 4161 pro
3467 4091 3624 4149 Iesus

2040 4163 2229 4240 Graiae
2254 4173 2338 4240 est
2366 4164 2663 4240 adpio;,_id
2689 4163 3094 4240 est_._D0tninus,
3125 4163 3266 4240 quod
3293 4165 3626 4240 contra_i_llos

2039 4235 2165 4288 facit
2196 4237 2283 4304 qui
2327 4235 2447 4288 hatc'
2482 4237 2550 4289 de
2587 4236 2714 4291 Jesu
2768 4236 2933 4304 Nave,
2981 4240 3094 4290 sive
3136 4237 3299 4293 Josue
3331 4240 3439 4290 tilio
3477 4236 3619 4299 Non.

2041 4305 2200 4359 Mosis
2253 4320 2592 4370 successore,
2641 4307 2783 4361 dicta
2831 4308 3271 4374 interpretantur.
3325 4307 3618 4363 Secundo:

2039 4375 2303 4448 Papulum
2329 4377 2391 4428 de
2421 4376 2654 4446 /Egypto
2695 4380 2912 4432 salvans.
2947 4379 3134 4433 Grmce
3166 4391 3250 4434 est
3282 4379 3617 4448 participium

2039 4447 2294 4517 prartcrili
2343 4454 2624 4515 temporis,
2663 4451 2863 4510 σώσας,
2915 4449 2967 4502 id
3009 4459 3113 4514 est,
3161 4447 3290 4504 cum
3321 4449 3613 4513 salvasset;

2041 4519 2127 4573 ubi
2161 4522 2445 4573 manifeste
2473 4519 2725 4573 tribuitur
2755 4519 2971 4574 Christo
3015 4521 3241 4575 salvatio
3276 4531 3329 4576 et
3363 4517 3617 4574 liberatio

2037 4591 2217 4660 populi
2279 4591 2556 4662 lsraelitici
2604 4606 2633 4643 a
2682 4593 2943 4646 servitute
3003 4591 3347 4662 lEgyptiaca,
3406 4592 3618 4647 ratione

2039 4676 2282 4728 persona!
2330 4661 2530 4715 divina:
2571 4677 2690 4731 quae
2735 4677 2840 4716 una
2893 4664 2942 4716 in
2982 4661 3197 4716 Christo
3240 4673 3343 4727 est,
3388 4662 3534 4716 Deus
3563 4671 3620 4718 et

2037 4733 2219 4785 homo.
2253 4732 2468 4801 Spe-gat
2495 4733 2764 4801 siquidem
2803 4733 2887 4786 hic
2915 4734 3066 4786 locus
3097 4733 3162 4786 ad
3189 4733 3314 4787 illutl
3349 4733 3613 4787 Deutero-

2035 4803 2198 4856 nomii
2225 4817 2292 4856 xx
2317 4799 2479 4874 {Ego
2513 4799 2627 4856 sum
2660 4804 2910 4857 Dominus
2944 4805 3077 4857 Deus
3105 4815 3244 4870 tuus,
3274 4806 3364 4874 qui
3393 4805 3550 4858 eduxi
3572 4815 3620 4859 te

2035 4876 2097 4925 de
2136 4883 2270 4925 terra
2318 4873 2558 4944 Aigypfi,
2598 4883 2653 4928 et
2682 4875 2809 4929 illttd
2857 4875 3256 4929 Deuteronomii
3286 4891 3469 4928 xxx":
3509 4876 3620 4928 Do-

2033 4944 2202 4997 minus
2238 4945 2376 4998 salus
2414 4946 2523 4997 dux
2549 4947 2659 5015 ejus
2689 4947 2808 5015 fuit,
2854 4957 2900 4999 et
2938 4962 3037 5000 non
3079 4958 3188 5000 erat
3228 4963 3341 4999 cum
3383 4964 3441 4999 eo
3475 4946 3619 5001 Deus

2035 5015 2255 5069 alienus.
2290 5018 2419 5082 Qum
2459 5018 2576 5072 sine
2613 5018 3007 5075 controversia.
3044 5017 3109 5071 de
3138 5032 3264 5072 vero
3307 5029 3361 5070 et
3404 5033 3619 5070 summo

2037 5084 2168 5148 Deo,
2203 5101 2360 5156 quem
2390 5086 2561 5142 Judaei
2606 5089 2874 5153 colebant,
2906 5088 3180 5142 dicuntur.
3219 5089 3285 5142 Et
3317 5099 3493 5141 tamen
3523 5087 3622 5142 Ju-

2033 5157 2132 5212 das
2161 5158 2436 5226 apOstolns
2456 5161 2529 5212 ait
2556 5177 2568 5211 :
2596 5159 2750 5212 Jesus
2765 5161 3014 5229 papulum
3039 5161 3101 5212 de
3129 5158 3363 5230 2Egypto
3385 5158 3616 5230 saluans,

2033 5230 2258 5282 sectmdo
2288 5244 2372 5280 eos
2403 5231 2488 5298 qui
2516 5247 2617 5283 non
2651 5230 2980 5284 crediderunt
3012 5229 3256 5298 perdidit.
3293 5233 3432 5300 Ergo
3459 5229 3619 5284 Jesus

2033 5310 2117 5355 est
2148 5301 2235 5354 ilie
2271 5314 2432 5354 verus
2477 5312 2531 5356 et
2571 5317 2812 5356 summus
2845 5301 3006 5356 Deus.
3053 5300 3270 5356 Notavit
3300 5302 3404 5357 hoc
3451 5317 3616 5365 argu-

2033 5381 2274 5425 mentum
2303 5373 2464 5425 eliam
2501 5372 2768 5427 chcrab.
2799 5373 2940 5427 Beda
2973 5375 3022 5425 in
3064 5371 3206 5426 hunc
3245 5373 3448 5428 locum.
3483 5373 3617 5428 Ter-

2033 5442 2105 5496 tio
2133 5441 2523 5497 advertendum
2549 5445 2689 5512 quod
2717 5445 2842 5498 illud
2867 5443 3092 5498 secundo
3112 5444 3256 5512 quod
3287 5447 3529 5513 sequitur
3560 5445 3614 5497 in

2032 5515 2294 5568 sententia
2323 5513 2496 5585 ludas,
2528 5516 2760 5570 sumitur
2799 5531 2916 5584 pro,
2947 5516 3161 5580 deinde,
3187 5526 3282 5568 aut
3312 5526 3518 5583 postea.
3563 5525 3621 5572 ut

1986 5651 2000 5659 .
2032 5585 2255 5660 egponit
2292 5587 2506 5643 Glossa.
2548 5587 2774 5655 Quarto,
2805 5602 2890 5642 eos
2915 5586 3000 5653 qui
3042 5601 3142 5640 non
3173 5586 3521 5655 crediderunt,
3562 5590 3617 5644 id
