3976 6180
178 211 255 272 ﬁl
1186 208 1278 268 DE
1326 209 1839 268 INCARNATIONE
1887 210 2160 269 CHRISTI
2200 214 2334 275 LIB.
2374 216 2443 276 ν.

3345 229 3452 287 122

179 330 324 386 eundo
357 344 447 384 eos
476 327 568 400 qui
608 342 716 382 non
747 326 1076 382 crediderunt
1106 327 1352 396 perdidit.
1392 327 1499 385 Sed
1523 336 1580 384 et
1605 328 1753 397 alibi,
1781 330 1835 393 Α
1860 343 2121 402 aquarum
2150 331 2266 386 vias
2309 329 2468 387 siccis
2508 331 2734 403 pedibus
2773 333 3086 403 abductum,
3129 349 3196 392 ac
3230 351 3328 408 per
3355 355 3453 397 va-

179 436 200 463 ι
224 424 403 495 Neque
433 431 700 486 tentemus,
747 421 943 492 inquit,
985 421 1248 476 Christum
1284 423 1417 477 sicut
1461 424 1670 494 quidam
1696 426 1759 480 il-

181 519 335 572 lorum
366 521 702 579 tentur-erunt,
736 521 785 566 et
835 530 866 565 (ι
915 515 1237 584 serpentibus
1269 516 1526 584 perierunt
1557 517 1602 588 (ι
1633 517 1751 574 Cor.

178 607 248 676 χ).
283 607 518 662 Eximius
567 619 784 675 quoque
825 606 1196 675 apostolorum
1228 606 1424 662 Petrus
1456 625 1469 661 :
1505 606 1576 662 Et
1617 626 1755 664 nunc

178 703 294 769 quid
317 701 511 755 tentatis
544 698 708 753 Deum
744 699 1006 770 imponere
1034 701 1211 771 iugum
1241 718 1395 771 super
1421 703 1638 757 cervices
1666 703 1750 756 di-

179 793 491 863 scipulorum,
522 791 664 862 quod
704 806 867 860 neque
894 800 1065 862 patres
1090 793 1276 856 nostri,
1311 809 1473 864 neque
1512 810 1605 848 nos
1637 810 1757 864 por-

177 896 276 940 tare
299 887 598 956 potuimus?
635 885 743 940 Sed
779 903 868 954 per
911 886 1132 956 gratiam
1173 887 1388 942 Domini
1430 891 1588 945 nostri
1625 888 1753 946 Iesu

177 980 350 1034 Christi
397 979 659 1034 credimus
703 978 899 1033 salvari
922 980 1355 1049 quemadmodum
1386 989 1431 1035 et
1465 981 1564 1036 illi.
1591 982 1753 1038 Libe-

174 1081 333 1127 ratum
379 1071 450 1125 ab
495 1071 728 1141 Egypto
779 1069 873 1124 Dei
915 1069 1208 1140 populum,
1255 1080 1311 1127 et
1363 1087 1458 1143 per
1505 1074 1750 1144 ingentes

1859 435 1970 479 stas
1995 425 2173 493 eremi
2200 425 2525 482 solitudines
2553 438 2953 496 conservatum,
2982 447 3090 487 non
3131 431 3235 486 nisi
3275 447 3304 486 a
3332 434 3450 488 solo

1859 516 2068 586 absque
2094 515 2257 571 dubio
2284 518 2391 572 Deo
2428 521 2697 584 novimus,
2727 520 3021 576 secundum
3051 523 3180 577 illud
3209 539 3224 578 :
3261 522 3450 578 Domi-

1861 624 1957 663 nus
1981 609 2121 662 solus
2158 608 2378 662 ducebat
2403 626 2510 676 eos,
2540 618 2589 663 et
2621 627 2724 664 non
2752 623 2864 664 erat
2887 629 3002 666 cum
3040 615 3112 667 eis
3142 614 3278 671 Deus
3315 616 3448 670 alie-

1860 717 1958 755 nus
1980 699 2160 770 (Deut.
2203 700 2398 772 xxxn).
2435 701 2499 756 Et
2529 703 2804 768 quomodo
2835 707 3116 772 apostolus
3145 714 3224 760 tot
3253 717 3308 761 et
3340 719 3446 763 tam

1862 791 2201 848 evidentibus
2256 793 2622 860 testimoniis,
2672 803 2726 850 et
2771 811 2802 850 a
2854 798 2983 852 Jesu
3039 798 3328 854 liberatum
3379 801 3450 856 ab

1862 884 2098 956 Egypto
2123 887 2376 958 populum
2415 887 2751 953 Judasorum,
2796 898 2851 944 et
2880 887 3155 944 Christum
3186 907 3215 945 a
3246 891 3452 948 Judmis

1862 988 1988 1035 tunc
2020 981 2072 1034 in
2121 980 2338 1035 deserto
2380 987 2643 1036 tentatum
2685 981 2963 1051 praedicat,
3012 983 3220 1050 dicens,
3270 983 3452 1056 Neque

1860 1082 2106 1128 tentemus
2131 1071 2415 1142 Christum,
2454 1075 2586 1128 sicut
2613 1073 2824 1145 quidam
2852 1075 3063 1130 illorum
3099 1086 3445 1153 tentaverunt,

1235 1204 1495 1259 ALARDI
1533 1204 1764 1261 GAZIEI
1800 1205 2368 1264 COMMENTARIUS.

171 1331 270 1389 est,
305 1321 394 1390 qui
423 1335 523 1374 non
552 1317 1049 1390 perseveraruntiu
1079 1317 1183 1371 [Ide
1213 1324 1268 1372 et
1293 1317 1442 1371 cultu
1474 1318 1588 1390 veri
1623 1319 1741 1383 Dei,

171 1388 264 1447 sed
291 1388 630 1447 adhceserunt
651 1393 834 1446 Chore
861 1399 915 1443 et
941 1388 1087 1444 aliis.
1118 1389 1340 1454 Quinto,
1372 1389 1616 1457 perdidit,
1648 1405 1746 1458 per

170 1474 438 1533 serpentes
466 1464 686 1530 ignitos,
717 1462 1079 1533 Numersxxt,
1120 1468 1174 1533 et
1209 1461 1325 1513 aliis
1355 1462 1549 1523 modis,
1584 1461 1659 1515 ait
1684 1463 1740 1516 S.

170 1531 395 1588 Thomas
426 1553 438 1587 :
470 1534 651 1587 Multis
682 1534 816 1586 enim
842 1531 1004 1605 modis
1037 1531 1338 1605 perierunt:
1370 1533 1576 1605 quidam
1606 1533 1742 1605 igne,

173 1605 380 1660 Numer.
417 1623 469 1660 ιιι
496 1618 545 1661 et
577 1621 700 1670 xu;
729 1603 941 1674 quidam
969 1603 1298 1656 devoratione
1321 1613 1490 1666 terrm,
1523 1601 1745 1657 Numer.

171 1691 282 1738 XVI;
314 1677 532 1745 quidam
559 1689 724 1729 morte
757 1675 1034 1745 communi,
1075 1674 1268 1745 scilicet
1300 1690 1474 1745 omnes
1499 1691 1530 1726 a
1571 1675 1750 1745 viginti

169 1743 334 1808 annis,
364 1758 415 1801 et
461 1764 648 1815 supra,
693 1746 910 1813 exceptis
933 1743 1094 1799 Josue
1125 1755 1171 1798 et
1211 1743 1388 1810 Caleb,
1425 1743 1590 1797 Num.
1626 1743 1746 1800 'm.

169 1818 401 1871 Saloavit
456 1835 581 1888 ergo
629 1815 1070 1888 papulumsuum
1117 1817 1282 1888 primo
1325 1832 1412 1881 per
1461 1817 1749 1888 misericor-

166 1889 312 1941 diam
337 1903 353 1940 :
382 1890 471 1942 sed
501 1886 695 1957 punioit
721 1886 937 1940 secundo
975 1903 1065 1954 per
1107 1887 1392 1954 justitiam,
1427 1887 1547 1956 quia
1578 1904 1750 1953 prom-

163 1960 308 2026 ptior
353 1968 428 2012 est
460 1958 710 2012 Dominus
745 1959 811 2010 ad
855 1959 1200 2012 miserendum
1247 1974 1404 2029 quam
1433 1958 1502 2010 ad
1533 1959 1752 2026 punien-

163 2029 316 2082 dum.
351 2029 424 2084 Ita
450 2031 505 2085 S.
538 2030 782 2084 Thomas.

235 2109 261 2170 f
295 2100 528 2155 Tentant
569 2101 834 2155 Christum
864 2099 956 2168 qui
977 2100 1044 2154 de
1072 2098 1188 2166 ejus
1226 2100 1490 2170 potentia,
1515 2100 1598 2155 vel
1628 2115 1750 2168 pro—

169 2169 422 2237 videntia,
472 2173 561 2225 vel
604 2171 976 2227 misericordia
1016 2169 1288 2238 diffidunt,
1333 2171 1665 2225 sicutJudtei
1696 2173 1747 2227 in

172 2240 382 2313 deserto
419 2243 663 2298 dicentes
689 2261 701 2294 :
725 2241 830 2297 Cur
858 2243 1080 2296 eduxisti
1136 2259 1229 2295 nos
1255 2242 1321 2296 de
1347 2242 1602 2313 Egypto,
1641 2252 1745 2297 etc.

174 2310 414 2380 (Numer.
444 2314 600 2385 xxI)?
630 2315 694 2369 Et
722 2329 912 2369 rursus
939 2331 951 2366 :
986 2313 1252 2386 Numquid
1275 2310 1474 2386 poterit
1492 2313 1629 2386 Deus
1658 2332 1750 2384 pa-

173 2399 284 2455 r_are
332 2383 555 2439 mensam
603 2389 658 2440 in
707 2387 905 2440 deserto
944 2384 1120 2448 (Psal.
1168 2383 1433 2455 Lxx'vtn)?
1474 2383 1749 2440 Christum

177 2453 346 2528 Deum,
386 2473 572 2512 eorum
601 2458 793 2514 ducem
835 2459 892 2511 in
925 2457 1108 2528 Moyse
1135 2453 1434 2510 tentabant.
1467 2456 1580 2528 Qui
1604 2458 1746 2510 enim

177 2527 399 2596 experiri
425 2530 684 2584 virtutem
733 2535 827 2582 aut
853 2529 1148 2582 bonitatem
1193 2527 1420 2596 alicujus
1463 2527 1632 2594 cupit,
1682 2528 1748 2582 de

178 2595 265 2668 illo
290 2613 349 2652 se
376 2599 626 2656 diflidere
655 2600 913 2661 ostendit,
947 2613 1177 2668 eumque
1207 2595 1414 2653 tentare
1446 2601 1639 2651 merito
1670 2598 1747 2652 div

177 2667 325 2723 citur.
365 2670 432 2724 Et
458 2671 582 2726 ideo
609 2689 640 2724 a
671 2671 990 2742 serpentibus
1033 2667 1309 2740 perierunt,
1340 2669 1513 2722 donec
1542 2669 1750 2725 scilicet

174 2750 382 2812 erectus
408 2751 492 2797 est
516 2757 743 2812 serpens
768 2757 972 2811 aeneus,
1007 2743 1073 2794 ad
1101 2743 1254 2810 cujus
1285 2749 1562 2812 aspectum
1587 2754 1746 2795 sana-

175 2808 399 2888 bautttr._
419 2815 586 2868 Porro
612 2808 678 2868 ex
700 2815 800 2869 hoc
825 2808 1094 2868 loco’cum
1126 2808 1304 2866 verbis
1331 2811 1530 2888 Moysis
1551 2812 1747 2866 collato

171 2881 346 2952 simile
375 2883 636 2940 formatur
677 2895 1056 2952 argumentum
1106 2898 1226 2938 cum
1259 2898 1326 2938 eo
1375 2881 1517 2952 quod
1558 2898 1745 2952 supra,

170 2950 234 3003 ad
264 2955 592 3019 probandam
627 2950 827 3011 Christi
859 2956 1143 3010 Deitatem.
1179 2950 1453 3025 Siquidem
1487 2950 1752 3009 Numero-

171 3036 281 3096 rum
312 3041 408 3080 xxx
433 3027 631 3082 dicitur
661 3046 674 3083 :
705 3027 1025 3096 Locutusque
1055 3028 1277 3094 papulas
1304 3036 1481 3080 contra
1509 3025 1672 3078 Deum
1701 3035 1750 3078 et

169 3089 383 3162 Hoysen
409 3099 482 3151 ait
513 3098 658 3153 :Cur
683 3098 904 3152 eduxisti
929 3089 1021 3151 nos
1052 3089 1394 3167 de'ngypto,
1425 3105 1480 3149 ut
1526 3111 1748 3167 morere-

1853 1319 1949 1398 Est
1994 1329 2172 1398 autem
2224 1322 2311 1398 hic
2353 1324 2404 1378 in
2436 1323 2622 1398 primis
2659 1325 2931 1398 cavendus
2984 1340 3139 1381 error
3167 1327 3441 1398 Origenis,

1850 1394 1955 1467 qui
1986 1396 2164 1461 posuit
2203 1395 2409 1448 animas
2460 1395 2722 1451 humanas
2774 1397 2934 1466 longo
2983 1401 3243 1467 temporis
3273 1394 3444 1456 inter-

1852 1463 2018 1536 vallo,
2053 1467 2690 1536 antequamrcorporibus
2715 1463 3020 1530 unirentur,
3052 1463 3270 1525 in’cmlo
3297 1485 3444 1526 crea-

1858 1543 1938 1588 tas
1994 1535 2193 1601 fuisse;
2257 1535 2400 1590 unde
2461 1535 2802 1606 consequens
2857 1549 3000 1594 esset
3049 1542 3446 1597 sanctissimam

1856 1606 2067 1679 Christi
2094 1608 2328 1661 animam
2365 1609 2514 1677 prius
2541 1611 2742 1664 unitam
2774 1610 2940 1665 fuisse
2969 1610 3242 1666 Divinitati
3283 1628 3446 1679 quam

1856 1677 2094 1746 corpori,
2138 1688 2196 1751 et
2225 1689 2351 1734 tunc
2382 1690 2628 1734 vocatum
2670 1695 2792 1736 esse
2818 1681 3125 1748 Christum;
3157 1677 3320 1751 quem
3363 1698 3448 1737 er-

1857 1763 2034 1800 rorem
2069 1749 2269 1803 refutat
2293 1751 2532 1805 Joannes
2565 1752 2932 1806 Damascenus
2963 1753 3045 1806 bis
3072 1749 3253 1807 verbis
3279 1770 3292 1808 :
3322 1752 3446 1809 Non

1857 1827 1910 1872 ut
1938 1821 2148 1888 quidam
2170 1822 2305 1887 false
2345 1830 2602 1886 astruunt,
2638 1831 2759 1875 ante
2789 1819 3206 1876 Incarnationem
3237 1840 3299 1878 ea:
3327 1823 3448 1880 Vir-

1854 1890 1993 1960 gine.
2024 1892 2201 1960 anima
2239 1893 2385 1944 unita
2425 1901 2498 1946 est
2539 1891 2646 1945 Deo
2689 1890 2870 1950 Verbo.
2900 1903 2944 1946 et
2973 1910 3037 1948 ex
3083 1904 3207 1948 tunc
3239 1907 3447 1951 uocatus

1853 1959 1927 2036 est
1968 1959 2222 2036 Christus.
2257 1961 2383 2036 [hec
2422 1963 2557 2036 enim
2599 1972 2675 2016 est
2717 1980 2782 2036 ea:
2831 1963 3067 2036 Origenis
3098 1966 3447 2021 deliramentis

1852 2029 2078 2085 absurda
2119 2034 2493 2100 pronuntiatio,
2538 2029 2968 2103 prteexistetttiam
3015 2038 3311 2090 animarum
3351 2038 3448 2090 do-

1853 2104 2206 2172 gntatizantis.
2258 2103 2373 2158 Nos
2414 2114 2582 2158 autem
2621 2103 2845 2168 Filium,
2884 2115 2932 2160 et
2969 2105 3190 2160 Verbum
3235 2106 3355 2168 Dei,
3398 2118 3447 2162 et

1851 2174 2102 2245 genitum,
2140 2185 2192 2228 et
2230 2186 2467 2229 vocatum
2500 2177 2743 2242 dicimus,
2773 2193 2837 2230 ea:
2865 2193 2964 2246 quo
3009 2178 3063 2230 in
3103 2188 3295 2231 sanctw
3327 2178 3448 2230 Vir-

1851 2246 1983 2315 ginis
2041 2255 2185 2299 utero
2242 2255 2517 2317 conceptus
2566 2256 2661 2313 est,
2703 2259 2750 2302 et
2795 2265 2914 2302 caro
2958 2247 3444 2303 incommutabiliter

1854 2319 2018 2383 tactus
2047 2326 2141 2380 est,
2191 2326 2236 2370 et
2284 2319 2431 2371 unita
2473 2327 2548 2371 est
2585 2335 2705 2372 caro
2753 2319 3055 2381 divinitati;
3087 2319 3263 2372 unctio
3312 2321 3446 2372 enim

1852 2386 1965 2461 ipsa
1995 2386 2064 2440 ad
2105 2388 2473 2442 humanitatem
2507 2391 2712 2456 attinet,
2753 2399 2810 2444 ut
2848 2391 3118 2461 theologus
3147 2388 3448 2461 aithrego-

1853 2458 2052 2532 rius,_et
2075 2461 2384 2514 sacerrimus
2410 2462 2878 2532 Alexandrinorum
2908 2458 3184 2532 episcopus
3213 2458 3446 2530 Cyril'lus

1857 2529 1926 2603 ad
1969 2527 2319 2603 Theodosium
2350 2530 2595 2585 scribens.
2632 2531 2762 2587 Herc
2794 2527 2964 2585 autem
2993 2527 3120 2603 dicit
3152 2547 3172 2586 .'
3198 2527 3445 2603 Oportere

1854 2598 1970 2652 dico
1995 2617 2154 2670 neque
2189 2601 2432 2671 Verbunt,
2461 2604 2600 2672 quod
2642 2620 2705 2657 ea:
2735 2603 2846 2657 Deo
2869 2604 3061 2673 absque
3097 2598 3440 2671 humanitate,

1853 2686 2013 2738 neque
2058 2688 2129 2745 ego
2161 2672 2373 2745 muliere
2403 2684 2581 2726 natum
2629 2675 2904 2738 hominem,
2948 2672 2995 2727 et
3042 2675 3284 2745 templum
3340 2690 3442 2726 non

1852 2746 2053 2795 unitum
2087 2742 2251 2798 Verbo
2276 2742 2456 2798 Iesum
2479 2744 2737 2799 Christum
2765 2747 3050 2800 nominare.
3084 2742 3226 2797 Nam
3253 2744 3444 2796 huma-

1851 2814 1999 2867 nitati
2049 2815 2330 2869 secundum
2379 2814 2774 2884 dispensativam
2825 2817 3068 2870 unionem
3111 2813 3443 2884 ineffabiliter

1853 2888 2204 2954 conjunctum,
2256 2888 2396 2954 quod
2441 2903 2506 2940 ea:
2554 2886 2658 2940 Deo
2713 2895 2810 2952 est,
2864 2886 3089 2939 Verbum
3131 2883 3445 2954 intelligitur

1854 2952 2110 3010 Christus.
2152 2957 2221 3011 Et
2265 2952 2400 3011 infra
2453 2972 2519 3011 ex
2548 2958 2843 3012 Athanasio
2879 2955 3268 3010 :Prteexistens
3308 2952 3446 3007 Dens

1853 3035 1974 3077 ante
2010 3028 2281 3080 adventum
2310 3029 2363 3080 in
2395 3043 2622 3091 carnem,
2673 3044 2776 3080 non
2825 3035 2934 3079 erat
2965 3027 3139 3087 homo,
3183 3025 3272 3075 sed
3305 3023 3444 3078 Deus

1853 3105 1964 3147 erat
1989 3098 2128 3163 apud
2163 3097 2326 3149 Deum
2365 3096 2578 3149 Patrem
2597 3099 2866 3149 invisibilis
2894 3105 2942 3148 et
2973 3093 3305 3162 impassibilis
3335 3099 3443 3149 exi-

168 3180 278 3214 mur
304 3169 357 3244 in
386 3168 706 3222 solitudine?
735 3179 837 3221 etc.
875 3163 1668 3244 Quamohrem'ntisitDominus
1699 3165 1749 3242 in
1780 3181 1827 3242 ρ
1856 3173 2015 3244 stens.
2047 3166 2266 3226 Quando
2291 3181 2406 3218 vero
2433 3169 2604 3233 factus
2632 3175 2715 3244 est
2755 3168 2927 3227 homo,
2973 3163 3176 3244 Nomen
3205 3164 3441 3220 Christus

163 3237 411 3299 populum
434 3240 628 3308 ignitos
653 3245 1061 3308 serpentes,_etc.
1223 3236 1410 3302 procul
1437 3236 1604 3308 dubio
1638 3235 1753 3308 agi-

166 3313 244 3358 tur
266 3308 331 3362 de
360 3303 530 3360 uni'co
561 3314 615 3360 et
639 3303 770 3358 vero
806 3307 911 3357 Deo
944 3305 1126 3358 Israel.
1155 3305 1220 3356 Et
1250 3313 1426 3356 tamen
1459 3303 1754 3370 Apostolus

164 3375 232 3428 ait
253 3377 623 3444 illum.ipsum
667 3376 834 3428 Deum
867 3389 988 3428 esse
1015 3375 1290 3428 Christum
1321 3389 1335 3427 :
1371 3370 1554 3441 Neque
1593 3381 1752 3424 tente-

164 3464 284 3514 ηις,
317 3450 528 3518 inquit,
574 3447 856 3509 Christum,
899 3448 1032 3498 sicut
1073 3445 1751 3518 quidameorumtentave-

162 3530 292 3582 rant,
323 3530 377 3575 et
399 3514 432 3573 ἃ
463 3518 784 3585 serpentibus
830 3517 1091 3585 perierunt
1117 3516 1163 3585 (ι
1195 3514 1428 3569 Corinth.
1475 3514 1556 3583 ι).
1588 3514 1750 3583 Igitur

161 3599 376 3655 oportet
399 3591 676 3644 Christum
723 3604 843 3642 esse
871 3604 1056 3642 verum
1096 3589 1286 3652 Deum,
1342 3597 1392 3640 et
1433 3601 1599 3640 unum
1630 3602 1747 3639 om-

161 3663 284 3728 nino
331 3663 506 3716 Deum
549 3677 670 3716 cum
716 3660 897 3714 Patre.
948 3660 1044 3712 Εει
1095 3668 1358 3727 praeterea
1412 3657 1746 3710 animadver-

161 3732 382 3786 tendum
410 3734 464 3787 in
490 3732 698 3787 duobus
721 3730 856 3785 locis
889 3729 1051 3785 modo
1085 3728 1556 3796 explicatislquod
1581 3729 1742 3782 etiam

160 3803 391 3857 advertit
414 3812 604 3858 auctor
635 3802 728 3856 ille
772 3802 840 3855 de
875 3803 1259 3864 Assumptione
1291 3801 1351 3853 B.
1384 3799 1610 3867 Μαι-ιω),
1641 3800 1746 3853 Do-

159 3874 363 3928 minum
391 3890 455 3929 ac
485 3875 825 3930 Salvatorem
875 3885 1141 3935 nostrum,
1172 3883 1227 3926 et
1254 3871 1465 3935 Jesum,
1495 3881 1552 3924 et
1586 3869 1745 3924 Chri-

160 3951 297 4000 stum
331 3946 499 3999 fuisse
535 3945 862 4014 appellatum
893 3951 1016 4014 ante
1054 3942 1382 4014 ineffabilem
1422 3958 1550 4014 cum
1579 3955 1744 4014 carne

159 4017 436 4076 unionem.
464 4012 580 4071 Illic
599 4012 746 4070 cnim
775 4013 869 4083 (In
910 4013 1077 4081 Epist.
1116 4012 1293 4080 Judte)
1330 4013 1546 4075 dicitur,
1580 4012 1739 4074 Jesu,

159 4084 291 4141 duce
321 4086 510 4152 Moyse
538 4089 780 4140 salvasse
813 4087 1070 4152 p0pulum
1099 4086 1168 4140 de
1201 4085 1468 4152 Aﬂgypto;
1499 4083 1585 4137 hic
1615 4098 1743 4135 vero

159 4103 291 4141 nuce
321 4103 409 4140 alo
450 4103 510 4142 se
538 4103 780 4140 salvasse
813 4103 1070 4152 populum
1099 4103 1168 4140 ue
1201 4103 1468 4152 mgypto;
1499 4103 1585 4137 mc
1616 4103 1743 4135 vero

159 4155 204 4217 (Ι
228 4103 465 4213 Corinth.
502 4161 555 4227 s)
587 4159 726 4212 filios
771 4157 933 4210 Israel
968 4166 1204 4210 tentasse
1248 4155 1523 4210 Christum
1551 4155 1618 4227 in
1648 4154 1743 4207 de-

159 4239 354 4297 serto:
405 4245 634 4297 quorum
687 4236 975 4295 utrumque
1024 4227 1187 4296 longo
1235 4237 1360 4280 ante
1407 4226 1742 4297 Dominicam

157 4295 590 4355 Inc-arnationem
636 4307 885 4363 tempore
929 4295 1134 4351 factum
1168 4312 1289 4352 esse
1327 4307 1558 4351 constat.
1593 4296 1742 4350 Insu-

157 4383 250 4441 per
293 4371 708 4441 Ecclesiaisticus
751 4369 902 4441 (Cap.
936 4369 1099 4438 XLVII)
1149 4368 1276 4422 dicit
1310 4369 1361 4421 in
1394 4369 1607 4422 laudem
1643 4368 1744 4441 Da-

156 4439 244 4492 vid
289 4445 479 4509 regis:
517 4439 1018 4510 Christuspurgavit
1061 4450 1269 4508 peccata
1303 4440 1486 4509 ipsius,
1532 4449 1578 4491 et
1605 4439 1740 4491 exal-

159 4511 278 4562 taeit
307 4514 363 4565 in
408 4523 658 4566 (uernum
697 4527 857 4564 cornu
901 4512 1013 4580 ejus
1038 4511 1141 4582 (sic
1171 4511 1316 4566 enim
1349 4511 1738 4582 habent_vetu_-

155 4552 324 4654 stiora
372 4552 952 4654 Bibl-ias:blanifestum
982 4552 1272 4654 au‘tem‘est
1298 4589 1515 4647 peccata
1548 4577 1739 4642 David,
1770 4552 1821 4610 θ

155 4651 243 4706 diu
290 4666 423 4707 ante
462 4651 882 4717 assumptionem
927 4655 1108 4706 carnis
1155 4667 1186 4705 a
1229 4651 1337 4704 Deo
1368 4665 1489 4703 esse
1518 4660 1744 4718 purgata

155 4723 248 4796 (II_
275 4724 414 4792 Reg.
445 4724 568 4796 3n).
607 4726 838 4796 Rursum
871 4724 1161 4796 Apostolus
1182 4723 1247 4774 ad
1280 4717 1617 4796 Ephesios};
1641 4717 1743 4796 _Be_-
1783 4790 1795 4796 _
1821 4776 1826 4782 ,
1853 4717 2012 4769 citur.
2044 4717 2413 4796 SBE-till.dt)',lad
2447 4717 2824 4796 insinuandutn
2855 4717 2996 4796 uinid
3028 4717 3164 4796 licet
3188 4728 3325 4796 ante

1783 4790 1795 4803 '
1853 4798 2069 4842 ventum
2103 4785 2299 4840 Christi
2334 4788 2384 4839 in
2407 4801 2624 4840 carnem
2659 4803 2764 4840 non
2795 4785 2948 4841 fuerit
2984 4786 3222 4841 exhibita
3254 4789 3429 4854 reipsa

154 4789 399 4846 aedicttts
435 4789 590 4859 Deus,
620 4807 666 4849 et
709 4794 868 4848 Pater
913 4791 1124 4846 Domini
1165 4793 1326 4845 nostri
1363 4789 1490 4843 Jcsu
1530 4789 1738 4858 Christi,

155 4868 237 4930 qui
268 4866 535 4919 benedixit
565 4884 653 4920 nos
680 4868 819 4920 omni
851 4865 1200 4917 benedictione
1235 4863 1486 4930 spiritali,
1515 4863 1568 4914 in
1597 4862 1745 4915 cccle-

154 4937 338 5001 stibus,
373 4939 425 4988 in
464 4935 687 5001 Christo,
746 4946 794 4990 et
836 4936 990 5003 elegit
1034 4951 1126 4986 nos
1157 4934 1209 4986 in
1255 4934 1366 5002 ipso
1415 4942 1532 4984 ante
1564 4932 1744 4985 mundi

155 5009 594 5074 constitutionem,
626 5018 759 5072 etc.,
791 5008 879 5060 ubi
916 5007 1044 5067 dicit
1076 5004 1273 5058 Paulus
1306 5018 1404 5056 nos
1443 5019 1470 5054 a
1503 5003 1620 5074 Deo
1640 5003 1741 5074 Pa-

157 5087 236 5131 tre
267 5080 476 5133 electos
504 5096 624 5134 esse
657 5090 782 5132 ante
813 5076 996 5131 mundi
1029 5075 1490 5134 Constitutiouem,
1518 5077 1568 5128 in
1591 5073 1745 5128 Chri-

155 5157 234 5219 sto
257 5149 465 5216 (Actor.
498 5153 596 5219 iv),
630 5151 683 5204 id
727 5158 830 5212 est,
865 5163 960 5219 per
990 5145 1296 5219 Chrismtn,
1321 5149 1403 5219 vel
1447 5145 1525 5219 ob
1551 5147 1742 5219 merita

153 5217 379 5274 Christi.
425 5221 532 5277 Sed
553 5217 612 5272 'et
650 5217 891 5289 pluribus
918 5218 1253 5273 Psalmorum
1286 5217 1440 5289 locis,
1467 5217 1742 5271 Christum

155 5293 482 5358 appeltatum
527 5288 777 5359 legimus,
825 5297 882 5344 ut
926 5289 1130 5357 psalmo
1161 5304 1197 5342 ιι
1229 5307 1240 5341 :
1276 5288 1555 5343 Astiterunt
1600 5303 1746 5359 reges

154 5371 320 5428 teme,
355 5373 402 5416 et
428 5365 696 5434 principes
723 5369 1067 5434 conuenerunt
1093 5360 1145 5412 in
1174 5377 1330 5434 unum
1359 5363 1600 5414 adversus
1633 5361 1741 5412 Ι)οο

152 5435 350 5501 (uinum
391 5432 437 5487 et
478 5434 729 5489 adversus
759 5432 1018 5488 Christum
1046 5434 1177 5501 ejus.
1212 5432 1426 5485 Psalmo
1457 5445 1695 5486 Lxuvm
1725 5449 1738 5484 :

152 5500 226 5557 Tu
266 5521 387 5578 vero
432 5507 696 5578 repulisti,
747 5500 1438 5578 etAdespexistipdistulisti
1483 5501 1743 5556 Christum

153 5583 309 5630 tuum.
337 5571 560 5632 Psalmo
580 5592 747 5632 cxxn
765 5592 783 5630 .'
801 5575 1020 5645 Propter
1042 5571 1211 5625 David
1227 5589 1424 5627 servum
1453 5584 1616 5645 ιυμηι,
1641 5589 1742 5624 non

149 5659 345 5703 arenas
377 5650 569 5713 [aciem
596 5647 793 5703 Christi
819 5642 918 5699 tui.
949 5645 1078 5698 Item
1107 5645 1326 5700 Abacuc
1352 5661 1408 5698 ιιι
1438 5661 1452 5698 :
1487 5642 1743 5713 Egressus

146 5730 194 5773 es
224 5721 279 5774 in
307 5714 538 5778 salutem
575 5720 756 5789 populi
783 5719 879 5783 tui,
906 5716 958 5770 in
999 5714 1213 5770 salutem
1255 5732 1368 5770 cum
1395 5715 1596 5770 Christo
1633 5722 1740 5768 tuo.

1855 3235 2122 3285 inductum
2159 3244 2256 3299 est,
2289 3244 2333 3285 et
2358 3249 2474 3300 qua:
2502 3235 2728 3298 sequitur
2768 3251 2969 3300 nomen,
3014 3236 3182 3300 passio
3210 3245 3256 3288 et
3287 3253 3441 3290 mors.

1858 3302 2129 3377 Siquidem
2157 3305 2333 3377 diuina
2355 3306 2908 3377 Scripturaa/firmatg
2927 3306 3145 3377 Prapter
3171 3305 3442 3377 hocunxit

1855 3384 1903 3447 te
1948 3373 2118 3437 Deus,
2167 3373 2308 3428 Deus
2340 3386 2455 3428 tuus
2481 3374 2595 3428 oleo
2624 3373 2819 3430 unum
2849 3373 3226 3447 (Psalfxtnv).
3260 3375 3444 3432 Scien-

1852 3444 1978 3498 dum
2002 3455 2171 3519 autem
2201 3447 2338 3513 quod
2381 3448 2554 3500 divina
2586 3444 3249 3519 Scriptura_smpenutnero
3278 3449 3440 3501 utitur

1849 3515 2107 3584 prwterito
2134 3527 2362 3587 tempore
2384 3535 2478 3585 pro
2509 3515 2715 3587 futuro,
2735 3530 2786 3572 ut
2813 3535 2832 3574 :
2860 3515 3102 3572 Post/uec
3122 3521 3174 3570 in
3203 3529 3343 3573 terra
3368 3520 3440 3573 vi-

1847 3602 1935 3661 sus
1982 3596 2078 3661 est,
2133 3600 2337 3661 etcum
2381 3589 2673 3644 hominibus
2717 3602 3041 3645 conversatus
3083 3589 3300 3658 (Barac.
3333 3592 3434 3661 ιιι).

1849 3655 2102 3710 Nondum
2126 3660 2259 3712 enim
2279 3660 2417 3732 visus
2445 3663 2641 3732 fuerat,
2668 3678 2828 3732 neque
2852 3678 2968 3732 cum
2993 3655 3286 3716 hominibus
3311 3655 3439 3716 conn

1847 3737 2101 3801 uersatus.
2131 3731 2338 3801 quando
2371 3729 2480 3801 htec
2509 3729 2834 3784 dicebantur.
2871 3731 2980 3784 Et:
3011 3732 3186 3796 Super
3215 3735 3437 3801 flumina

1847 3797 2158 3869 Babylonis,
2176 3800 2282 3852 illic
2300 3800 2546 3865 sedimus,
2572 3810 2620 3852 et
2637 3802 2892 3869 ﬂeuimus,
2911 3802 3032 3852 dum
3054 3797 3438 3855 recordaremur

1849 3872 1946 3933 tui,
1964 3872 2093 3925 Sion
2109 3868 2280 3940 (Psal.
2300 3870 2541 3939 cxxxiii).
2563 3869 2806 3924 Nondum
2821 3869 2930 3923 hazc
2943 3871 3082 3940 facta
3093 3872 3433 3940 contigerant.

1847 3940 1974 3994 Haec
2005 3941 2392 4010 Damascenus.
2440 3957 2505 3994 ex
2547 3943 2746 4010 quibus
2788 3940 2987 4008 duplex
3019 3940 3232 3993 elicitur
3275 3942 3433 4008 ratio,

1847 4026 1943 4066 cur
1966 4012 2245 4080 Scriptura
2269 4009 2539 4066 Christum
2568 4009 2696 4067 ante
2720 4011 2889 4079 ipsius
2919 4011 3208 4066 adventum
3237 4011 3290 4065 in
3315 4027 3435 4068 car-

1847 4098 1969 4136 nem
1997 4085 2307 4136 uominarit.
2340 4082 2543 4148 Primo,
2565 4084 2781 4154 quidem
2814 4084 2878 4136 ad
2910 4083 3298 4151 designandam
3323 4083 3436 4154 uoi-

1849 4162 2012 4208 tatem
2052 4163 2105 4208 et
2153 4155 2492 4209 identitatem
2528 4153 2771 4224 persona:
2808 4170 2903 4210 seu
2937 4153 3243 4225 hypustasis
3273 4153 3434 4210 Verbi

1846 4235 1970 4279 ante
2007 4232 2063 4280 et
2107 4234 2229 4294 post
2267 4230 2448 4281 carnis
2488 4229 2937 4296 assumptionem,
2987 4242 3052 4281 ex
3083 4241 3188 4297 qua
3231 4226 3435 4282 unitate

1845 4307 2094 4369 secutura
2144 4306 2290 4352 esset
2331 4298 2418 4369 illa
2470 4301 2699 4354 κοινωνία
2755 4297 3064 4369 ἰδιωμάτων,
3122 4302 3433 4355 communio

1843 4367 2162 4438 idiomatum
2183 4408 2196 4432 ,
2223 4383 2326 4437 qua
2351 4367 2407 4421 ﬁt
2437 4378 2496 4422 ut
2527 4371 2806 4438 utriusque
2835 4367 3041 4422 natur-re
3070 4373 3428 4438 proprietates

1843 4437 2062 4491 Christo
2093 4452 2216 4490 vere
2241 4448 2295 4491 et
2331 4439 2575 4492 absolute
2601 4437 2927 4506 tribuantur,
2963 4449 3024 4493 ut
3053 4437 3196 4506 stupe
3225 4442 3426 4495 dictum

1847 4517 1968 4569 est;
1998 4507 2222 4576 proinde
2253 4508 2508 4576 quidquid
2538 4510 2629 4562 Dei
2669 4509 2836 4562 Filius
2859 4512 3114 4576 gessisse”,
3157 4509 3242 4561 vel
3286 4511 3428 4562 circa

1854 4577 2026 4643 ipsum
2058 4585 2269 4641 gestum
2301 4591 2424 4630 esse
2457 4579 2652 4645 legitur
2677 4590 2803 4630 ante
2840 4578 3289 4640 Incarnatiouem,
3329 4579 3431 4630 hoc

1855 4657 1909 4700 et
1933 4646 2180 4700 Christus
2218 4646 2471 4712 geSsisse,
2505 4655 2560 4698 et
2587 4647 2726 4698 circa
2760 4649 2934 4714 ipsum
2964 4654 3175 4712 gestum
3206 4661 3324 4699 esse
3351 4646 3433 4698 di-

1853 4715 2012 4769 citur.
2044 4717 2314 4776 Secundo,
2348 4716 2413 4767 ad
2447 4716 2824 4769 insinuandum
2855 4717 2996 4777 quiod
3028 4717 3153 4769 licet
3188 4728 3315 4769 ante
3339 4717 3433 4768 ad-

1853 4861 2034 4913 unctio
2087 4857 2440 4912 humanitatis
2486 4865 2777 4926 assumptus
2833 4873 2862 4910 a
2913 4857 3205 4912 Divinitate
3263 4859 3431 4924 (unde

1851 4940 2122 4996 sumptum
2151 4939 2234 4984 est
2263 4936 2318 4983 et
2350 4929 2572 4984 inditum
2597 4929 2796 4984 Christi
2836 4928 3078 4998 nomen).
3123 4929 3220 4984 fuit
3252 4941 3429 4984 tamen

1850 5017 1879 5056 a
1930 5001 2042 5056 Deo
2099 5001 2450 5067 praedelinita,
2500 5003 2968 5072 praedeterminata
3019 5013 3181 5070 atque
3230 5018 3430 5070 praeor-

1849 5073 2052 5140 dinata,
2099 5081 2155 5127 et
2200 5089 2304 5127 non
2348 5075 2541 5128 minori
2579 5071 2905 5127 certitudine
2953 5072 3126 5127 futura
3171 5089 3331 5140 quam
3383 5071 3430 5124 si

1843 5145 1955 5214 jam
1981 5156 2107 5199 tunc
2124 5147 2390 5211 completa
2412 5144 2622 5199 fuisset.
2648 5143 2832 5212 Itaque
2853 5143 2919 5197 ad
2941 5145 3428 5198 commendandum

1848 5213 2167 5286 mysterium
2211 5216 2434 5282 hujusce
2480 5213 2716 5286 uni0nis,
2757 5214 2950 5270 futurae
2983 5215 3200 5283 quidem
3236 5227 3430 5286 secun-

1848 5283 1976 5341 dum
2009 5287 2420 5351 exhibitiouem,
2455 5285 2548 5338 sed
2591 5300 2620 5338 a
2655 5285 2765 5340 Deo
2791 5290 3054 5355 praevisae,
3091 5298 3258 5338 sacrm
3287 5283 3429 5338 litte-

1850 5373 1927 5412 rae
1956 5357 2129 5424 ipsum
2169 5357 2584 5411 nominaverunt
2621 5356 2895 5412 Christum
2925 5367 3054 5409 ante
3093 5356 3428 5423 assumptio-

1850 5443 1974 5484 nem
2026 5426 2226 5482 carnis.
2276 5425 2428 5482 Sicut
2477 5431 2864 5494 prOphetarum
2922 5428 3136 5480 oracula
3193 5428 3424 5482 futurum

1849 5498 2124 5568 quidpiam
2175 5497 2544 5552 denuntiantia
2579 5499 2679 5551 sub
2727 5496 2985 5568 praeteriti
3033 5502 3292 5564 temporis
3342 5513 3426 5551 ra-

1851 5573 1999 5624 tione
2033 5583 2405 5638 saepenumero
2447 5571 2750 5637 conscripta
2779 5577 2923 5631 sunt,
2957 5569 3024 5623 ad
3061 5568 3424 5624 deumaudam

1852 5643 1930 5711 rei
1962 5640 2175 5706 futurae,
2217 5641 2435 5708 perinde
2460 5649 2625 5711 atque
2651 5641 2698 5698 si
2729 5642 3002 5711 praeterita
3030 5643 3196 5709 foret,
3225 5639 3424 5696 intelli-

1851 5710 2012 5768 bilem
2037 5711 2437 5770 certitudiuem.
