3976 6180
552 283 659 343 523

1873 275 2161 337 JOANNIS
2195 275 2507 334 CASSIANI

3735 281 3843 345 ω

555 410 603 458 ct
623 418 658 457 a
681 397 1000 474 serpentibus
1024 396 1323 473 perierunt?
1346 410 1535 450 omnes
1564 408 1781 465 quoque
1806 404 2025 450 sanctos
2045 394 2142 466 qui
2172 398 2230 457 Α
2252 410 2369 449 rem
2404 409 2476 449 ex
2522 393 2757 468 Egypto
2794 394 3107 452 Israeliticae
3137 395 3312 467 plebis
3349 412 3474 454 esse
3510 398 3739 467 dicebat,
3775 412 3834 461 ut

556 497 813 553 vixerunt
838 494 937 551 sub
968 494 1083 563 lege
1108 490 1302 545 veteris
1322 489 1678 554 'l'estameoti,
1713 488 1900 542 beatus
1927 497 2149 558 aposto-

557 590 643 646 l'tts
676 590 870 645 Petrus
916 602 1013 657 per
1055 585 1280 655 gratiam
1324 583 1533 638 Domini
1587 584 1759 638 nostri
1788 583 1914 639 Jesu
1945 580 2146 639 Christi

562 684 821 756 prtedicat
848 696 967 736 esse
1011 678 1279 733 salvatos?
1310 678 1408 733 Exi
1456 678 1659 747 itaque,
1702 677 1878 747 ell'uge
1920 677 2069 745 hinc,
2101 678 2147 731 si

563 784 735 846 potes,
778 781 836 827 tu
875 770 1120 843 quisquis
1152 772 1245 827 ille
1290 788 1351 827 es
1399 772 1512 841 qui,
1556 771 1744 825 rabido
1790 786 1883 827 ore
1930 785 1994 825 ac
2038 770 2153 825 bla-

561 868 786 939 sphemo
815 868 1008 939 spiritu
1035 865 1245 931 furens,
1274 866 1411 920 nihil
1451 866 1715 922 interesse
1744 866 2035 923 admodum
2068 866 2151 921 in-

563 971 644 1017 ter
670 962 837 1015 Adam
880 970 933 1015 et
957 958 1234 1015 Christum
1264 968 1442 1030 putas,
1482 968 1537 1013 et
1563 960 1653 1031 qui
1686 976 1808 1015 eum
1833 960 1998 1015 etiam
2028 969 2153 1027 post

566 1062 775 1123 partum
834 1050 1069 1122 Virginis
1117 1050 1285 1106 Deum
1338 1050 1599 1122 denegas,
1666 1051 1893 1108 ostende
1936 1052 2151 1123 penitus

565 1142 1019 1216 quemadmodum
1059 1144 1223 1199 etiam
1270 1151 1395 1199 ante
1452 1154 1630 1199 ortum
1686 1146 1931 1213 corporis
1981 1146 2152 1200 Deum

564 1256 669 1295 non
700 1240 865 1293 luisse
892 1238 1207 1294 convincas.
1242 1239 1384 1295 Ecce
1418 1240 1563 1295 enim
1594 1240 1888 1309 Apostolus
1913 1240 2155 1296 clamitat

566 1334 827 1404 populum
853 1332 922 1387 de
947 1342 1091 1387 terra
1123 1332 1342 1404 Egypti
1375 1333 1443 1387 ab
1462 1332 1590 1387 Jesu
1631 1347 1750 1387 esse
1780 1334 2066 1402 salvatum,
2099 1333 2153 1389 in

564 1425 784 1482 deserto
824 1426 893 1481 ab
930 1424 1239 1482 inﬁdelibus
1268 1425 1542 1481 Christum
1579 1441 1701 1481 esse
1732 1434 2032 1493 tentatum;
2064 1442 2157 1497 pa-

564 1528 678 1575 tres
704 1535 919 1589 quoque
962 1530 1199 1589 nostros,
1229 1518 1283 1575 id
1328 1529 1433 1588 est,
1469 1520 1804 1589 patriarchas
1839 1531 2001 1592 atque
2033 1537 2158 1591 pro-

566 1612 762 1683 phetas
790 1628 886 1682 per
927 1613 1156 1683 gratiam
1196 1613 1408 1668 Domini
1441 1614 1613 1668 nostri
1642 1614 1770 1669 Jesu
1810 1613 2013 1669 Christi
2050 1614 2159 1669 sal-

566 1713 753 1769 vatos;
783 1718 915 1775 nega
942 1711 997 1757 tu
1018 1702 1154 1768 haec,
1184 1704 1228 1759 si
1260 1713 1433 1774 potes.
1462 1703 1571 1759 Nec
1601 1704 1846 1759 mirabor
1866 1704 1910 1759 si
1938 1704 2156 1771 ieceris,

2248 503 2379 567 eum
2401 489 2585 560 utique
2607 490 2695 561 qui
2714 505 2778 545 ex
2802 490 3015 561 Virgine
3032 500 3187 545 natus
3204 500 3288 546 cst
3308 491 3607 559 hominem,
3625 510 3836 565 semper

2251 597 2351 651 per
2391 584 2723 639 sacramenti
2773 584 3030 639 unitatem
3090 584 3146 638 in
3199 584 3311 638 Deo
3358 586 3523 640 fuisse
3575 589 3832 656 sentiret;

2254 676 2515 748 alioquin,
2563 678 2665 732 nisi
2706 677 2778 731 ita
2808 677 3069 745 creditur,
3100 686 3192 731 aut
3226 692 3344 731 cum
3374 678 3647 733 ha-reticis
3679 680 3834 736 Chri-

2252 781 2370 826 stus
2401 784 2507 825 non
2539 771 2707 835 Deus,
2750 779 2842 824 aut
2879 781 3028 826 certe
3066 780 3252 825 contra
3282 769 3611 840 Prophetaio
3650 789 3837 830 recens

2252 875 2372 917 esse
2397 862 2656 917 creditur.
2688 862 2792 918 Sed
2834 862 2976 917 absit
3016 862 3119 916 hoc
3149 876 3179 914 a
3210 862 3475 917 catholica
3516 864 3608 919 Dei
3655 866 3831 934 plebe,

2254 964 2311 1010 ut
2332 962 2473 1009 auta
2501 954 2771 1025 Propheta
2796 955 3107 1020 dissentire,
3141 962 3234 1009 aut
3264 969 3384 1009 cum
3411 955 3683 1011 lizereticis
3716 972 3839 1012 seu.

2252 1050 2358 1105 tire
2396 1050 2673 1118 videatur;
2720 1059 2777 1105 et
2814 1051 2867 1105 in
2908 1050 3258 1105 maledictum
3300 1050 3528 1105 forsitan
3576 1053 3706 1106 illud
3751 1069 3841 1123 po—

2252 1143 2411 1213 pulus
2441 1143 2831 1197 benedictionis
2875 1144 3138 1208 incurrat,
3171 1152 3227 1196 ut
3268 1158 3419 1212 spem
3457 1158 3608 1197 suam
3648 1144 3699 1198 in
3742 1145 3839 1199 Ιιο-

2256 1235 2401 1290 mine
2428 1237 2672 1305 posuisse
2694 1236 2923 1290 dicatur.
2950 1236 3084 1303 Quia
3108 1240 3253 1291 enim
3278 1237 3566 1290 Dominum
3593 1247 3836 1294 nostrum

2256 1327 2445 1384 Jesnm
2467 1328 2739 1383 Christum
2772 1325 3071 1381 solitarium
3106 1328 3379 1381 hominem
3406 1337 3589 1381 natum
3623 1332 3838 1398 asserit,

2257 1419 2544 1489 dupliciter
2585 1417 2952 1472 maledictioui
3013 1419 3280 1472 obnoxius
3326 1418 3399 1471 sit
3448 1434 3667 1473 necesse
3722 1430 3837 1487 est,

2257 1512 2373 1566 sive
2402 1512 2451 1566 in
2485 1526 2607 1565 eum
2633 1511 2840 1573 credat,
2874 1511 2989 1565 sive
3021 1526 3128 1565 non
3156 1510 3363 1566 credat.
3396 1510 3451 1565 Si
3483 1512 3623 1565 enim
3647 1512 3844 1577 credit,

2257 1605 2287 1645 ι’
2314 1606 2625 1661 Maledictus
2656 1605 2744 1675 qui
2772 1621 2914 1676 spem
2957 1621 3107 1660 suam
3135 1608 3278 1677 ponit
3309 1605 3361 1658 in
3392 1604 3597 1658 homine
3628 1602 3843 1675 (Jerem.

2261 1700 2419 1771 xvn).
2451 1699 2509 1756 Si
2542 1711 2719 1754 autem
2753 1715 2861 1753 non
2898 1698 3091 1766 credit,
3126 1698 3447 1753 maledictus
3473 1698 3658 1767 utique
3690 1698 3850 1752 nihil-

568 1804 631 1851 ut
659 1810 824 1865 neges
846 1809 965 1867 quae
995 1810 1186 1852 omnes
1217 1796 1465 1867 legimus,
1500 1796 1589 1867 qui
1614 1812 1732 1867 qua:
1765 1812 1954 1853 omnes
1984 1798 2160 1853 credi-
2189 1786 2237 1847 B
2266 1796 2477 1849 ominus
2503 1834 2519 1862 ,
2584 1794 2708 1865 quia
2759 1794 2885 1848 licet
2928 1793 2979 1847 in
3030 1792 3304 1847 hominem
3363 1807 3473 1847 non
3516 1792 3846 1858 crediderit,

569 1902 691 1944 mus
716 1888 1016 1959 denegasti.
1059 1888 1302 1960 lotellige
1336 1904 1467 1959 ergo
1496 1888 1711 1943 tandem
1742 1890 1866 1959 quia
1889 1889 1999 1959 jam
2032 1898 2158 1945 tunc

568 1991 627 2039 et
651 1997 717 2037 cx
740 1981 976 2053 Egypto
1003 1981 1260 2053 populum
1288 1982 1342 2037 in
1372 1982 1484 2036 Deo
1510 1980 1760 2037 Christus
1784 1983 1989 2049 eduxit,
2023 1991 2076 2037 et
2103 1982 2158 2037 in

570 2073 684 2129 Deo
706 2074 954 2130 Christus
985 2090 1016 2129 a
1048 2075 1247 2145 populo
1271 2082 1541 2130 tentatore
1562 2082 1797 2130 tentatus
1824 2085 1928 2139 est,
1960 2085 2015 2129 et
2043 2090 2159 2129 om-

570 2166 870 2237 nesjustos
918 2166 974 2221 in
1006 2166 1118 2223 Deo
1158 2165 1406 2222 Christus
1447 2167 1634 2237 gratiae
1679 2183 1790 2222 sum
1838 2167 2161 2223 liberalitate

568 2258 831 2324 salvavit;
863 2258 990 2329 quia
1031 2274 1123 2330 per
1167 2260 1490 2315 sacramenti
1527 2261 1789 2315 unitatem
1824 2260 1896 2315 ita
1933 2272 1987 2313 et
2017 2260 2161 2315 Deus

569 2351 626 2406 in
666 2350 946 2407 Christum
996 2362 1054 2409 et
1104 2353 1352 2409 Christus
1394 2356 1447 2407 in
1490 2355 1655 2409 Deum
1708 2354 1949 2419 transiit,
2002 2366 2057 2409 ut
2106 2366 2162 2411 et

572 2444 831 2514 quidquid
863 2445 1002 2500 Deus
1030 2444 1177 2514 fecit,
1210 2444 1461 2503 Christus
1498 2448 1553 2503 id
1588 2449 1912 2518 perfecisse;
1941 2450 2162 2519 etquod

574 2545 764 2605 postea
803 2535 1055 2593 Christus
1085 2541 1327 2607 pertulit,
1356 2541 1497 2595 Deus
1514 2540 1569 2595 id
1608 2542 1897 2611 pertulisse
1926 2541 2159 2596 dicatur.

578 2625 646 2681 Et
674 2626 797 2682 ideo
824 2627 1014 2683 dicens
1060 2629 1351 2701 Propheta,
1385 2640 1412 2670 ι
1435 2632 1559 2687 Non
1601 2632 1696 2687 erit
1729 2634 1783 2686 in
1814 2642 1863 2687 te
1902 2631 2043 2687 Deus
2082 2646 2167 2686 re-

574 2732 714 2784 cens,
767 2736 859 2773 nec
896 2720 1137 2777 adorabis
1169 2721 1335 2778 Deum
1365 2722 1624 2792 alienum;
1657 2725 1761 2780 hoc
1790 2740 1949 2779 sensu
1978 2735 2032 2780 et
2062 2724 2167 2780 hoc

575 2809 769 2880 spiritu
811 2814 1141 2883 praedicabat
1177 2832 1285 2887 quo
1312 2816 1593 2887 apostolus
1638 2816 1913 2873 Christum
1943 2819 2166 2873 educto-

2270 1889 2435 1943 Deum
2459 1895 2639 1943 tamen
2664 1885 2883 1956 penitus
2912 1885 3219 1954 denegavit.

2891 1977 3119 2033 CAPUT
3156 1977 3224 2033 Χ.

2344 2072 2582 2147 Explicat
2601 2072 2725 2143 quid
2746 2073 2812 2126 sit
2841 2071 3096 2142 conﬁteri,
3122 2080 3170 2126 et
3201 2071 3323 2142 quid
3359 2072 3553 2125 solvere
3570 2070 3782 2127 Iesum.

2338 2167 2453 2223 Hoc
2486 2168 2629 2223 enim
2660 2166 2791 2221 illud
2820 2176 2904 2221 est
2935 2165 3101 2236 quod,
3144 2166 3417 2221 revelante
3465 2165 3567 2219 sibi
3598 2164 3857 2231 Domino,

2267 2259 2618 2316 charissimus
2650 2258 2740 2313 ille
2776 2258 2873 2313 Dei
2926 2258 3164 2313 Joannes
3224 2256 3550 2327 praevidens,
3609 2257 3658 2312 id
3692 2257 3763 2311 de
3795 2272 3860 2313 eo

2271 2352 2389 2422 ipso
2418 2352 2632 2405 locutus
2661 2360 2743 2406 est
2772 2349 2860 2420 qui
2887 2350 2940 2404 in
2964 2364 3023 2404 se
3056 2350 3397 2420 loquebatur.
3427 2348 3626 2413 Omnis,
3662 2348 3859 2419 inquit,

2263 2445 2476 2515 spiritus
2502 2444 2588 2513 qui
2613 2443 2889 2512 conﬁtetur
2924 2443 3103 2497 Jesum
3132 2444 3185 2497 in
3223 2460 3373 2497 curae
3402 2443 3616 2511 venisse,
3642 2459 3707 2497 ex
3754 2443 3861 2497 Deo

2268 2547 2375 2600 est;
2401 2547 2447 2589 et
2468 2547 2491 2575 ε
2510 2536 2675 2589 omnis
2694 2536 2785 2607 qui
2806 2536 2957 2589 solvit
2976 2534 3178 2599 Jesum,
3207 2552 3268 2588 ex
3293 2535 3401 2589 Deo
3427 2547 3613 2589 nonest
3629 2553 3646 2600 ;
3662 2532 3753 2588 det
3769 2536 3860 2590 hoc

2267 2647 2341 2685 est
2362 2630 2683 2697 Antichristi,
2717 2631 2854 2701 quod
2880 2631 3097 2685 audistis
3140 2632 3259 2701 quia
3300 2632 3459 2697 venit,
3501 2640 3548 2683 et
3586 2648 3721 2684 nunc
3744 2632 3863 2701 jam

2267 2723 2322 2777 in
2350 2722 2544 2777 mundo
2568 2732 2643 2777 est
2667 2722 2709 2793 (l
2729 2721 2887 2777 Joan.
2920 2724 3021 2794 tv).
3049 2724 3477 2778 Uadmirabilem
3504 2722 3597 2778 Dei
3620 2724 3864 2791 singula-

2269 2831 2493 2886 remque
2529 2817 2805 2886 pietatem,
2837 2817 2929 2887 qui
2970 2818 3117 2872 velut
3145 2817 3491 2872 cautissimus
3533 2832 3597 2871 ac
3624 2818 3868 2887 pruden-

1653 2950 1907 3007 ALARDI
1944 2949 2177 3008 GAZA‘ZI
2215 2949 2783 3007 COMMENTARIUS.

652 3053 679 3082 ι
700 3043 844 3099 Deus
880 3060 1094 3108 recens.
1125 3044 1183 3100 id
1217 3054 1323 3108 est,
1357 3045 1502 3100 Deus
1531 3060 1689 3113 quem
1741 3061 1846 3100 non
1889 3046 2162 3101 coluerint

581 3124 763 3188 patres
792 3118 886 3171 tui.
927 3117 1019 3173 Sic
1056 3120 1197 3171 enim
1229 3117 1333 3172 hoc
1359 3118 1665 3183 explicatur
1693 3117 1746 3171 in
1775 3118 1987 3171 cantico
2015 3118 2160 3188 Moy-

580 3186 677 3247 sis.
709 3186 861 3242 Deut.
892 3203 1063 3242 xxxii.
1111 3188 1250 3242 Vere
1296 3200 1473 3241 tamen
1511 3188 1701 3242 scribit
1742 3188 1801 3244 S.
1836 3186 2163 3257 Augustinus

2269 3042 2325 3098 Ν
2328 3045 2543 3098 estorius
2575 3045 2767 3098 nescire
2794 3059 2848 3098 se
2868 3042 3096 3111 prodidit
3124 3044 3254 3096 hanc
3272 3043 3581 3098 authenticis
3602 3045 3872 3113 exempla-

2267 3114 2641 3169 ribusindilam
2672 3116 2824 3185 fuisse
2844 3116 3162 3176 sententiam,
3195 3126 3343 3183 atque
3380 3116 3496 3167 ideo
3536 3115 3738 3168 solvere
3774 3135 3871 3171 non

2271 3188 2437 3241 timuit
2465 3186 2662 3251 Jesum,
2689 3187 2859 3239 dicens
2888 3185 3084 3238 beatam
3108 3186 3326 3238 Mariam
3352 3187 3594 3257 virginem
3618 3204 3725 3239 non
3753 3188 3868 3251 Dei,

580 3274 771 3314 omnes
819 3258 979 3312 falsos
1022 3260 1173 3323 deos,
1235 3275 1355 3313 esse
1398 3259 1531 3313 deos
1568 3272 1831 3324 recentes,
1879 3262 2003 3330 quia
2057 3276 2164 3314 non
2193 3259 2236 3323 υ
2271 3259 2358 3312 sed
2387 3258 2608 3311 hominis
2641 3266 2832 3311 tantum
2858 3258 3105 3310 exstitisse
3135 3259 3445 3330 genitricem.
3474 3267 3528 3310 ut
3556 3257 3713 3330 aliam
3756 3277 3870 3325 per-

580 3342 699 3384 sunt
739 3331 1083 3398 sempiterni,
1119 3346 1217 3385 nec
1254 3343 1439 3386 carent
1471 3333 1757 3400 principio,
1790 3332 1881 3385 sed
1915 3348 2085 3399 nuper
2114 3331 2165 3386 in

582 3402 801 3456 ollieiua
834 3404 1145 3470 sculpturis,
1176 3404 1257 3454 vel
1299 3404 1347 3454 in
1379 3405 1603 3456 cerebro
1636 3405 1885 3455 humanae
1912 3404 2168 3455 Vanitatis

585 3471 833 3535 format;
887 3474 1027 3527 unde
1070 3474 1339 3539 sculptilta
1376 3485 1429 3525 et
1471 3474 1610 3525 idola
1646 3483 1925 3527 vocantur.
1969 3473 2170 3526 Redar-

586 3554 750 3615 guunt
778 3545 928 3596 etiam
967 3546 1086 3604 ista,
1119 3546 1189 3594 ait
1215 3543 1257 3595 Ι)
1304 3544 1534 3615 Basilius
1558 3542 1646 3613 (In
1668 3543 2167 3615 ξςΙιοΙὶἑεΡδιῲηᾼ,

584 3613 632 3667 et
658 3614 767 3666 Arii
793 3626 835 3667 et
866 3616 1101 3667 Eunomii
1125 3616 1397 3667 insaniam.
1433 3614 1491 3668 Si
1518 3616 1654 3667 enim
1690 3614 1994 3685 Unigenitus
2022 3613 2170 3668 Putri

585 3700 689 3737 non
735 3697 808 3738 est
838 3686 1149 3746 homousios,
1192 3697 1363 3745 utique
1401 3694 1532 3737 recte
1559 3683 1819 3738 vocabitur
1848 3683 2067 3739 alienus.
2101 3684 2170 3739 Et

584 3755 632 3810 si
669 3757 767 3825 [uit
811 3768 1005 3819 tempus
1032 3756 1244 3827 aliquod
1273 3756 1479 3827 quando
1508 3772 1608 3809 non
1652 3768 1783 3819 erat,
1831 3772 1953 3825 ergo
2000 3774 2168 3810 recens

586 3836 681 3892 est,
707 3836 751 3878 et
788 3844 887 3879 non
916 3829 1270 3893 senpitrrnus.
1307 3828 1427 3882 ΗΜ·
1471 3828 1723 3893 Basilina,
1767 3828 1855 3897 qni
1883 3842 2003 3880 cum
2043 3831 2171 3882 Ario

586 3906 643 3952 et
688 3899 955 3953 Ennoinio
1004 3900 1307 3956 Nestorium
1346 3900 1530 3967 utique
1572 3902 1924 3963 nominasset,
1966 3901 2009 3953 si
2049 3916 2170 3953 eum

589 3983 695 4023 non
730 3973 1107 4032 pra'cessisset.

662 4039 689 4077 δ
730 4042 819 4094 Sic
838 4053 895 4111 et
917 4043 976 4095 D.
1008 4042 1368 4111 Hieronymus
1390 4056 1451 4093 ex
1478 4040 1579 4111 hac
1602 4040 2169 4111 locoargttmenjatur:

590 4110 653 4166 Si
676 4110 976 4165 maledictus
999 4123 1072 4164 est
1104 4110 1252 4163 homo
1278 4113 1358 4176 qui
1387 4110 1597 4179 conﬁdit
1626 4112 1677 4161 in
1708 4111 1941 4171 homine,
1975 4110 2173 4165 Paulus

589 4192 758 4235 autem
788 4180 1156 4235 Samosatenus
1186 4191 1231 4233 el
1264 4180 1533 4245 Photinus,
1573 4182 1801 4249 quamvis
1847 4192 2077 4234 sanctum
2125 4192 2172 4237 ct

588 4253 783 4305 cunctis
823 4253 1076 4303 excrlsum
1106 4254 1373 4305 virtutibus
1419 4255 1696 4322 prtt".icent
1728 4253 2063 4316 Salvutorem,
2097 4263 2174 4309 la-

594 4338 708 4395 men
729 4324 982 4372 hominem
1014 4325 1354 4391 conﬁtentur;
1386 4341 1503 4395 ergo
1538 4324 1796 4376 maledicti
1834 4336 1983 4376 erunt
2032 4342 2173 4395 spem

591 4393 832 4470 habentes
860 4395 911 4444 in
937 4395 1153 4470 homine.
1204 4395 1303 4449 Ubi
1337 4393 1588 4470 similiter
1615 4396 1884 4462 posuisset
1914 4393 2176 4470 llierOny-

593 4479 713 4517 mus
747 4462 1074 4529 Nestorium,
1109 4469 1150 4519 si
1187 4483 1307 4519 eum
1342 4468 1596 4521 novisset.

666 4544 689 4573 ο
729 4534 903 4589 Solvit
927 4535 1109 4590 Jestim
1144 4542 1380 4607 proprie,
1415 4539 1504 4605 qui
1535 4537 1727 4592 dividit
1752 4536 2088 4594 Salvatorem
2118 4541 2172 4595 in

592 4606 747 4672 duos,
791 4622 886 4662 seu
938 4610 1027 4676 qui
1070 4606 1204 4664 duas
1233 4626 1283 4663 in
1320 4611 1536 4663 Christo
1588 4624 1847 4675 persanas
1876 4612 2079 4670 statuit,
2116 4623 2173 4665 ut

591 4678 917 4748 Cerynthns,
960 4680 1233 4735 Nt'stnrius
1264 4692 1315 4735 et
1358 4682 1447 4733 alii
1487 4682 1814 4733 statuebant.
1851 4679 1942 4733 Vel
1992 4682 2167 4747 latins,

594 4758 655 4804 ut
681 4754 898 4817 exponit
934 4751 1073 4804 Beda
1106 4770 1119 4804 :
1154 4755 1254 4806 life
1299 4752 1448 4807 solrit
1495 4751 1691 4815 Iesum,
1744 4752 1832 4820 qui
1874 4755 1949 4805 vel
1987 4756 2174 4807 divini-

593 4828 763 4895 tatettt_
793 4826 925 4895 ejus,
957 4823 1037 4890 (ut
1083 4823 1286 4889 Arius),
1336 4824 1415 4877 vel
1463 4826 1687 4875 animam
1736 4823 2039 4895 rationalem
2098 4827 2179 4895 (ut

594 4892 981 4959 Apollinaris),
1031 4895 1109 4945 vel
1160 4911 1365 4947 carnem
1416 4905 1563 4963 negat
1606 4895 1701 4965 (ut
1765 4892 2129 4965 Manichzeus)
2159 4938 2173 4957 ,

593 4976 705 5033 qui:
732 4976 845 5033 eum
876 4965 1121 5017 veraciter
1144 4965 1327 5018 habere
1353 4966 1481 5033 ﬁdes
1510 4963 1762 5017 catholica
1799 4966 1964 5016 docet.
2011 4963 2177 5020 Solvit

593 5040 639 5102 et
660 5030 747 5081 ille
772 5029 935 5085 Jesun
958 5079 971 5102 ,
1002 5038 1091 5101 qui
1127 5029 1370 5090 mandata
1417 5046 1464 5088 et
1496 5035 1640 5088 verba
1678 5033 1802 5087 Jesu
1842 5035 1920 5087 vel
1948 5052 2177 5101 perverse

591 5101 833 5175 vivendo.
864 5104 937 5155 vel
962 5101 1250 5169 perversius
1290 5106 1675 5175 interpretando
1724 5109 2025 5170 cortumpit.
2069 5108 2174 5162 Sed

592 5181 639 5226 et
673 5172 763 5227 ille
790 5174 877 5243 qui
906 5178 1148 5229 unitatem
1178 5192 1369 5234 saneta:
1403 5172 1662 5239 Ecclesiae,
1695 5192 1847 5245 quam
1876 5174 2027 5231 Jesus
2042 5180 2177 5233 venit

592 5246 849 5321 colligere,
882 5250 1071 5321 turbat,
1098 5248 1276 5303 Jesum
1299 5261 1543 5321 quantum
1574 5252 1626 5303 in
1659 5265 1710 5301 se
1736 5258 1805 5301 est
1836 5250 2030 5303 solvere
2058 5253 2176 5305 niti-

592 5325 695 5372 tur.
727 5318 835 5371 Nec
858 5319 1043 5394 mirum
1069 5322 1121 5394 si
1144 5324 1272 5374 tales
1301 5318 1362 5380 ex
1387 5325 1490 5377 Deo
1517 5340 1619 5377 non
1647 5331 1787 5394 sunt,
1820 5322 1910 5394 qui
1942 5321 2037 5376 Dei
2058 5340 2179 5394 ope-

592 5404 670 5452 ra,
720 5394 796 5443 vel
827 5390 992 5457 verba,
1042 5392 1121 5446 vel
1151 5406 1471 5447 sacramenta
1522 5392 1835 5448 rescindunt.
1881 5390 1947 5446 In
1980 5390 2179 5448 tantum

595 5475 812 5538 namque
838 5478 900 5514 ea:
929 5463 1032 5516 Deo
1062 5482 1164 5518 non
1191 5477 1327 5532 sunt,
1358 5475 1416 5518 ut
1438 5469 1646 5537 quidam
1683 5481 1881 5531 eorum,
1912 5468 2000 5535 qui
2023 5482 2177 5538 pravo

596 5529 833 5611 dogmate
877 5549 1115 5611 separare
1154 5529 1388 5611 volebant
1437 5529 1499 5591 ab
1545 5539 1764 5591 hominis
1798 5529 2181 5611 dispensatione

598 5601 915 5679 divinitatem
943 5603 1154 5679 Christi,
1190 5610 1327 5662 hunc
1345 5626 1541 5678 quoque
1562 5601 1892 5673 versiculum,
1923 5624 2025 5679 quo
2054 5610 2184 5663 dici-

600 5682 686 5724 tur
714 5690 733 5727 :
763 5672 830 5747 Et
858 5691 889 5727 ο
909 5678 1023 5747 nnis
1050 5682 1262 5740 spiritus
1302 5672 1389 5747 qui
1428 5672 1578 5735 solvit
1606 5684 1782 5735 Jesnm
1812 5672 1883 5735 exi
1923 5672 2031 5734 Dea
2080 5698 2181 5737 non

602 5755 698 5825 est,
721 5760 783 5825 ex
806 5744 1163 5825 liac'lfpistola
1190 5744 1454 5825 eraserim,
1484 5771 1545 5807 ne
1570 5754 1759 5805 scilicet
1799 5771 1885 5820 per
1905 5759 2184 5807 auctorita-

606 5819 707 5873 Icm
729 5813 863 5870 beati
899 5812 1121 5873 Joannis
1158 5812 1537 5879 convinceretur
1566 5842 1705 5879 error
1727 5812 1925 5879 eorum.
1956 5824 2185 5897 Denique

2198 4652 2253 4712 D

2275 3346 2452 3382 sonam
2494 3332 2729 3395 hominis,
2765 3330 2921 3381 aliant
2946 3334 3129 3398 faceret
3163 3329 3396 3393 Deitatis,
3428 3341 3533 3383 etc.
3570 3329 3692 3382 Han-
3730 3330 3867 3383 Ven.

2274 3401 2437 3461 Beda,
2468 3402 2727 3470 quiquod
2761 3405 2827 3454 de
2860 3404 3111 3453 erasinne
3142 3401 3295 3454 istius
3326 3400 3613 3454 sententia:
3651 3401 3721 3454 ab
3765 3404 3873 3455 ine-

2276 3472 2459 3524 retii-is
2487 3484 2831 3537 praesumpta,
2862 3474 3010 3527 etde
3044 3471 3273 3525 Nestorii
3309 3474 3540 3537 inSt'ilitt,
3574 3488 3603 3525 a
3637 3472 3873 3529 Socrate

2276 3545 2552 3613 accepisse
2584 3543 2819 3604 videtur,
2852 3544 2939 3613 qui
2976 3543 3088 3597 hzrc
3120 3545 3305 3595 eadem
3353 3544 3506 3596 la:in<
3537 3558 3873 3597 nutrimento-

2275 3622 2357 3665 rat
2388 3612 2469 3666 his
2501 3614 2681 3667 verbis
2712 3613 2850 3683 (Lib.
2878 3630 2946 3668 vlt
2980 3613 3257 3681 Hist.cap.
3304 3616 3397 3683 52)
3430 3632 3441 3665 :
3482 3613 3647 3666 Porro
3692 3626 3872 3668 autem

2272 3684 2520 3752 ignoravit
2548 3685 2873 3757 (iNelel‘ittS)
2892 3687 3026 3757 quod
3047 3688 3288 3757 scriptum
3311 3688 3372 3739 sit
3394 3688 3445 3738 in
3466 3685 3670 3757 vetustis
3698 3704 3875 3738 exem-

2277 3757 2501 3823 plaribus
2536 3756 2784 3827 Epistola:
2812 3755 3082 3810 catholij
3105 3759 3207 3810 divi
3234 3756 3454 3809 Joannis
3486 3773 3504 3810 :
3538 3755 3718 3809 Omnis
3761 3760 3872 3827 spi-

2274 3828 2402 3880 ritus
2429 3829 2513 3890 qui
2540 3826 2878 3881 solritJesum
2906 3844 2968 3881 ea:
3001 3828 3106 3880 Deo
3130 3846 3229 3882 non
3256 3841 3347 3881 est.
3379 3829 3581 3895 Quippe
3605 3831 3739 3878 hanc
3759 3846 3876 3881 sena

2274 3900 2482 3951 tentiam
2515 3915 2686 3951 omnes
2735 3901 2819 3958 qui
2851 3898 3163 3952 divinitatem
3216 3904 3277 3951 ab
3322 3900 3639 3951 humanitate
3678 3895 3875 3951 Christi

2274 3971 2539 4038 sejungere
2559 3969 2830 4023 studebant
2853 3986 2915 4021 ex
2938 3973 3143 4023 vetustis
3174 3970 3548 4039 exemplaribus
3574 3970 3746 4021 delere
3773 3970 3876 4023 τοι.

2276 4042 2475 4109 lerequc
2504 4059 2605 4094 non
2635 4042 2957 4093 dubitarunt.
2986 4042 3312 4109 Quapmpter
3345 4051 3532 4094 veteres
3563 4042 3876 4109 intrrprctcs

2275 4113 2601 4184 idem_ipsnm
2624 4114 2984 4184 signi/icerant
3015 4113 3264 4181 quosdam
3304 4112 3533 4184 t'idtlfcet
3556 4129 3664 4184 esse
3686 4115 3778 4182 qui
3804 4115 3874 4164 il-

2277 4183 2381 4235 lam
2406 4182 2691 4251 Epistoluin
2718 4183 3098 4246 depravassent,
3125 4200 3225 4253 quo
3255 4184 3309 4237 in
3341 4183 3545 4236 Christo
3567 4182 3827 4235 hominem
3846 4200 3877 4239 a

2276 4253 2387 4306 Dso
2415 4264 2727 4323 separarent.
2760 4254 2854 4307 Est
2885 4266 3051 4307 autem
3079 4256 3189 4325 ejus
3221 4256 3514 4307 humanitas
3542 4272 3657 4308 cum
3685 4255 3877 4308 divini-

2277 4334 2377 4376 tate
2406 4330 2703 4395 conjuncta,
2726 4336 2770 4379 et
2793 4343 2893 4380 non
2914 4336 3032 4379 sunt
3054 4328 3177 4389 duo,
3203 4325 3290 4380 sed
3322 4342 3498 4379 unum.
3536 4326 3650 4392 Qua
3672 4329 3877 4381 ratione

2276 4396 2387 4468 nixi
2411 4408 2616 4457 veteres,
2649 4396 2872 4450 Mariam
2893 4397 3165 4467 Deiparam
3188 4396 3447 4468 appellare
3467 4415 3570 4449 non
3600 4410 3716 4449 sunt
3742 4398 3877 4468 veri-

2277 4468 2314 4519 ti
2360 4464 2444 4519 Ila
2462 4469 2613 4521 etiam
2646 4468 2895 4521 Eusebius
2939 4464 3326 4536 Pimtphilus'in
3359 4469 3503 4520 tertio
3548 4467 3678 4520 libro
3714 4467 3873 4534 (Cap.

2277 4538 2367 4599 4‘2)
2402 4540 2463 4592 de
2502 4537 2620 4592 Vita
2649 4538 2977 4593 Constantini
3015 4540 3270 4610 loquitur:
3302 4539 3583 4593 Nobiscum
3610 4536 3751 4591 Deus
3780 4555 3876 4607 pro

2281 4610 2426 4662 nobis
2446 4613 2587 4663 nasci
2611 4612 2948 4673 sustinuit,ct
2978 4612 3119 4663 locus
3158 4611 3298 4664 illius
3337 4610 3615 4663 nativitatis
3658 4614 3875 4678 proprio

2279 4683 2483 4733 nomine
2508 4683 2649 4749 apud
2695 4680 2935 4735 Hebrazos
2968 4681 3221 4735 Bethleem
3258 4681 3572 4748 appellatur.
3616 4679 3875 4745 Quocirca

2278 4753 2577 4821 imperutrir
2604 4753 2925 4805 sanctissima
2952 4752 3169 4819 lle/cna,
3194 4753 3430 4823 Dripara:
3451 4764 3655 4824 partum
3672 4751 3875 4805 eximis

2279 4825 2618 4877 monumentis
2655 4826 2932 4887 decoravit,
2972 4841 3277 4893 sacrumque
3312 4825 3444 4877 illud
3482 4832 3685 4877 antrum
3713 4824 3874 4893 variis

2279 4898 2522 4968 cujusque
2549 4896 2750 4968 generis
2772 4896 3045 4968 illustravit
3070 4896 3375 4968 insignibus.
3409 4896 3545 4962 Quin
3568 4896 3721 4968 etiam
3748 4892 3876 4968 (iri-

2277 4981 2428 5033 genes
2473 4966 2525 5019 in
2550 4964 2737 5032 'primo
2782 4982 2916 5020 tomo
2956 4965 3447 5020 Commentariorum
3476 4968 3529 5019 in
3580 4964 3875 5035 Epistolant

2285 5035 2438 5108 Pauli
2482 5038 2553 5090 ad
2590 5036 2850 5091 Romanos
2876 5040 3299 5108 conscriptorum.
3332 5036 3597 5108 hancrem
3631 5036 3873 5105 pluribus

2279 5107 2504 5169 discutit,
2536 5110 2659 5161 dum
2681 5107 3127 5176 erplicatcausam
3151 5125 3241 5161 cur
3269 5108 3440 5163 Maria
3469 5107 3697 5179 Deipara
3728 5108 3871 5158 dit-ta

2278 5181 2361 5229 sit.
2397 5179 2575 5250 Itaque
2605 5181 2875 5233 [Vestorius
2906 5180 3102 5235 videtur
3130 5192 3351 5235 veterum
3373 5180 3751 5233 lucubrationes
3786 5196 3877 5245 pe-

2276 5251 2415 5303 uitus
2444 5252 2703 5319 ignorare,
2728 5262 2773 5302 et
2797 5250 2859 5303 ob
2878 5268 2989 5303 eam
3014 5268 3224 5306 causam
3252 5254 3380 5305 hanc
3398 5267 3567 5305 vocem
3589 5251 3875 5318 [Icipmam

2278 5320 2579 5375 insectatur.
2628 5322 2912 5392 [lucusque
2959 5324 3231 5390 Socrates,
3283 5340 3401 5392 qua:
3450 5338 3571 5376 cum
3618 5319 3870 5375 Cassiani

2277 5406 2597 5461 argumento
2634 5394 2770 5448 hene
2799 5395 3152 5449 concordant.

2351 5461 2377 5500 ἀ
2418 5464 2492 5537 Ita
2524 5482 2589 5519 ex
2613 5464 2803 5518 Graeco
2836 5474 2982 5521 textu
3013 5482 3026 5520 :
3061 5470 3143 5521 καὶ
3172 5472 3326 5522 τοῦτο
3354 5464 3473 5522 ἔστι
3498 5471 3589 5521 τοῦ
3622 5463 3873 5537 Αντιχρῖ·

2282 5558 2407 5593 στου
2436 5536 2461 5591 ὁ
2492 5537 2761 5596 ἀκηκόατε.
2802 5540 2863 5590 At
2892 5538 3079 5592 Latina
3112 5548 3166 5593 et
3198 5537 3422 5608 Vulgata
3450 5540 3633 5592 versio
3666 5538 3871 5608 Italth:

2283 5608 2350 5661 Et
2380 5610 2461 5661 hic
2486 5620 2555 5662 est
2586 5611 2949 5673 Antichrisfus,
2983 5609 3045 5660 de
3067 5625 3169 5679 quo
3192 5606 3431 5669 audistis,
3460 5622 3566 5663 etc.
3597 5607 3730 5660 ΛΜΞ(
3756 5606 3872 5679 hri—

2282 5692 2525 5753 stusinnn
2550 5683 2601 5735 in
2624 5699 2859 5753 persona.
2896 5683 2981 5735 sed
3012 5678 3287 5752 inﬁgura,
3321 5683 3450 5734 sicut
3484 5678 3875 5753 ,ΙοιξηιιεδχίΞςΞο

2281 5762 2364 5805 tur
2391 5752 2553 5813 Elias.
2588 5748 2775 5807 Matth.
2805 5771 2898 5808 xit.
2924 5748 3285 5817 AtillC/tt'la‘ltts,
3319 5756 3373 5806 id
3401 5765 3493 5815 est,
3517 5748 3876 5823 pia'umbulus

2282 5823 2611 5891 Antichristi,
2639 5829 2715 5882 ait
2734 5825 2793 5882 S.
2818 5826 3055 5883 Thomas
3085 5825 3177 5895 (lu
3198 5823 3616 5893 Commentario).
