3976 6180
123 341 210 405 ὶῖδ
1197 344 1287 404 DE
1326 345 1717 404 lNCARNATIl

1826 351 1839 404 Ξ
1876 350 2149 408 CHRISTI
2187 351 2320 408 LIB.
2359 351 2430 410 ν.
3326 358 3436 418 128

132 460 367 521 tissimus
391 461 658 520 medicus
693 468 953 518 venturos
995 459 1316 532 quandoque
1345 463 1398 517 in
1443 463 1741 520 Ecclesium
1769 473 1821 533 Α
1847 470 1932 538 qui
1961 469 2109 523 solvit
2135 467 2337 538 Jesum,
2372 488 2436 527 ea:
2475 469 2584 526 Deo
2615 488 2716 526 non
2755 481 2848 528 est.
2870 472 3089 529 Solvere
3123 480 3300 530 autem
3328 475 3432 532 hoc

146 574 287 614 suam
313 559 540 614 morbos
569 567 705 612 ante
735 555 982 626 prtedixit
1003 559 1016 609 !
1040 564 1095 610 et
1121 572 1241 610 cum
1267 558 1649 626 praenuntiatet
1672 560 1749 614 in-
1850 571 1954 626 est,
1988 563 2131 633 quod
2160 565 2365 618 unitum
2391 574 2474 619 est
2503 565 2554 618 in
2575 565 2700 619 Jesu
2725 567 2864 620 velle
2895 582 3178 635 rumpere,
3208 577 3264 623 et
3283 569 3431 640 quod

155 652 474 721 firmitatem,
498 651 651 707 dedit
685 665 760 704 ex
793 651 902 720 ipsa
929 650 1381 719 prtenuntiatione
1399 653 1746 724 medicinam,
1848 657 2180 712 individuum
2212 673 2487 727 separare.
2516 660 2652 727 Quid
2686 669 2867 714 autem
2901 661 2953 713 in
2983 659 3112 715 Jesu
3141 661 3344 716 unitum
3374 668 3432 719 et

162 759 214 804 ut
229 765 435 812 omnes,
453 748 1742 819 scilicetagnoscenteslanguoremingruentem,
1846 752 2226 808 individuum?
2256 753 2425 806 Homo
2470 755 2651 824 utique
2682 761 2738 807 et
2767 751 2930 807 Deus.
2963 754 3101 822 Ergo
3125 754 3215 809 ille
3243 755 3428 814 Jesum

159 844 336 913 procul
358 843 464 911 jam
496 851 666 911 atque
699 841 860 909 longe
891 844 1060 895 vitare
1081 841 1386 911 inciperent
1417 859 1535 912 qua:
1569 843 1747 896 immi-
1845 844 2026 911 solvit,
2059 845 2150 914 qui
2174 843 2289 899 hmc
2310 845 2821 913 separaveritatque
2842 847 3152 918 disruperit.
3177 850 3430 919 Alioquin

160 952 288 993 nere
327 936 673 991 didicissent.
712 934 781 988 Et
810 934 932 989 ideo
971 943 1191 989 sanctus
1219 936 1450 991 Joannes
1480 952 1494 988 :
1538 937 1739 1002 Omnis,
1843 937 1887 992 si
1915 951 2021 991 non
2051 938 2360 1007 disrumpit,
2393 953 2455 992 ac
2485 948 2720 1007 separat,
2755 954 2887 1009 ergo
2917 955 3018 996 nec
3049 941 3231 997 solvit.
3261 942 3317 998 Si
3337 958 3430 998 au-

156 1030 342 1100 inquit,
372 1029 463 1098 qui
492 1027 640 1081 solt-it
673 1025 878 1092 Jesum,
908 1042 974 1081 ea:
1003 1027 1112 1080 Deo
1148 1042 1251 1081 non
1298 1037 1394 1092 est,
1432 1037 1478 1082 et
1521 1029 1619 1083 hoc
1665 1037 1740 1084 est
1844 1039 1952 1085 tem
1979 1037 2195 1100 separat
2219 1038 2380 1100 atque
2408 1029 2716 1101 disrumpit,
2746 1032 2838 1087 ille
2878 1033 3061 1104 utique
3090 1034 3271 1090 solvit.

142 1121 471 1176 Antichristi.
508 1121 847 1190 Agnoscisne
874 1134 1026 1186 eum,
1059 1119 1351 1175 heretiee?
1382 1123 1646 1191 Agnoscis
1671 1122 1740 1178 de
2449 1143 2679 1202 CAPUT
2720 1146 2812 1202 x1,

141 1224 194 1269 te
216 1215 338 1283 jam
373 1216 545 1282 palam
570 1224 621 1267 et
642 1212 994 1282 designanter
1023 1211 1265 1268 dixisse?
1293 1213 1460 1267 Nemo
1498 1214 1642 1268 enim
1666 1216 1717 1268 it:

1841 1237 2126 1293 Dominica:
2153 1234 2536 1291 Incarnationis
2579 1251 2962 1294 sacramentum
3003 1240 3196 1298 Christi
3234 1240 3425 1297 divini-

133 1308 312 1360 Iolvit
354 1306 532 1360 .Iesum
563 1321 720 1375 quam
767 1306 858 1376 qui
906 1319 1012 1359 non
1043 1306 1329 1360 confitetur
1374 1306 1558 1359 Deum.
1603 1306 1738 1361 Cum
2266 1317 2419 1362 tatem
2447 1310 2714 1380 manifeste
2748 1312 2998 1383 coarguit.

129 1400 290 1455 enim
322 1401 373 1454 in
403 1399 497 1454 hoc
518 1400 697 1455 omnis
727 1400 983 1455 Ecclesia:
1006 1398 1142 1455 fides
1167 1409 1222 1454 et
1245 1401 1420 1456 omnis
1441 1399 1615 1454 cultus
1638 1401 1732 1468 sit,

126 1490 324 1546 Iesum
358 1493 522 1546 Deum
551 1507 747 1548 verum
773 1492 945 1561 fateri,
977 1494 1102 1563 quis
1131 1493 1304 1562 magis
1334 1494 1735 1548 venerationem

127 1585 255 1654 ejus
286 1595 344 1641 et
369 1588 573 1641 cultum
604 1587 829 1641 solvere
859 1585 1055 1653 potuit,
1087 1601 1246 1656 quam
1281 1585 1371 1655 qui
1404 1596 1570 1641 totum
1594 1587 1647 1641 in
1671 1600 1736 1642 eo

127 1675 277 1746 quod
311 1692 503 1733 omnes
535 1677 772 1734 colimus
809 1675 1130 1746 denegavit?
1157 1675 1364 1733 Caveas
1391 1694 1541 1749 ergo,
1573 1679 1734 1734 obse-

123 1784 250 1837 cro,
277 1785 482 1826 caveas
506 1787 574 1826 ne
599 1771 725 1840 quis
742 1770 900 1825 etiam
922 1770 1310 1825 Autichristum
1334 1770 1517 1826 dicere
1547 1780 1730 1841 queat.

1911 1399 1983 1455 Et
2010 1399 2131 1456 ideo
2162 1401 2309 1455 omni
2353 1401 2562 1455 homini
2591 1403 2641 1456 in
2669 1402 2808 1457 hanc
2850 1402 3236 1474 blasphemiam
3264 1415 3426 1474 atque

1840 1496 2104 1551 insaniam
2135 1497 2528 1564 prorumpenti,
2566 1495 2678 1564 ipse
2707 1511 2804 1564 pro
2826 1509 2885 1550 se
2913 1496 2966 1549 in
2999 1496 3288 1566 Evangelio
3319 1496 3425 1551 Do-

1838 1587 2013 1642 minus
2058 1586 2217 1641 Jesus
2262 1585 2397 1640 illud
2445 1585 2588 1657 quod
2638 1587 2704 1640 ad
2744 1587 3044 1642 Pharismos
3090 1588 3302 1641 locutus
3341 1596 3422 1643 est

1837 1682 2034 1736 clamat
2060 1695 2123 1735 ac
2150 1687 2516 1749 protestatur:
2549 1677 2575 1717 ι)
2609 1680 2757 1746 Quod
2780 1680 2918 1735 Deus
2947 1681 3236 1751 conjunxit,
3266 1678 3421 1734 homo

1837 1789 1940 1827 non
1963 1780 2163 1844 separet
2189 1771 2408 1843 (Matth.
2436 1771 2570 1842 xix).
2611 1772 2766 1839 Quod
2813 1773 2942 1828 licet
2967 1773 3075 1827 illic
3119 1773 3210 1828 ubi
3249 1788 3280 1826 a
3310 1774 3421 1828 Deo

124 1859 457 1915 Conviciari
486 1877 577 1916 me
609 1871 704 1915 aut
725 1861 1036 1916 maledicere
1065 1862 1266 1933 putas?
1298 1862 1414 1916 Non
1446 1877 1622 1917 meum
1645 1874 1730 1918 est
1759 1867 1808 1930 Β
1835 1867 2037 1921 dictum
2057 1873 2161 1930 est,
2197 1875 2220 1902 ο
2249 1864 2316 1918 ad
2333 1878 2549 1920 causam
2579 1864 2736 1918 aliam
2763 1871 3078 1934 res‘ponsum
3103 1878 3221 1918 esse
3238 1863 3422 1920 videti-

121 1955 290 2025 qnnd
325 1955 541 2024 loquor,
579 1969 708 2010 ecce
737 1957 1054 2025 evangelista
1093 1955 1259 2011 dicit:
1294 1954 1472 2010 Omnis
1501 1957 1588 2026 qui
1628 1956 1734 2011 sol-

120 2048 193 2099 vit
218 2044 446 2113 Iesum,
475 2062 541 2101 ea:
559 2043 672 2100 Deo
707 2063 810 2101 non
847 2057 943 2112 est,
966 2055 1014 2102 et
1052 2047 1136 2102 hic
1172 2056 1247 2102 est
1274 2047 1642 2102 Antichristus.
1674 2047 1732 2103 Si

124 2153 235 2194 non
270 2140 448 2194 solvis
481 2141 665 2195 Iesum
691 2151 748 2196 et
783 2139 951 2194 Deum
981 2156 1091 2196 non
1121 2156 1307 2210 negas,
1338 2141 1731 2196 Antichristum

123 2241 180 2288 te
209 2235 399 2290 nullus
423 2238 601 2289 dicere
631 2244 827 2303 potest.
855 2233 913 2291 Si
941 2244 1120 2290 autem
1146 2249 1330 2305 negas,
1357 2235 1483 2304 quid
1510 2249 1730 2289 accusas

125 2329 272 2395 quod
303 2326 702 2381 Antichristum
739 2339 792 2382 te
819 2328 1100 2399 quisquam
1136 2343 1256 2383 esse
1303 2328 1482 2382 dicat?
1519 2329 1599 2384 Tu
1628 2328 1728 2384 hoc

126 2418 194 2470 de
229 2427 308 2480 te,
343 2426 423 2484 tu,
452 2419 665 2489 inquam
698 2420 828 2474 dum
871 2434 1055 2490 negas,
1089 2420 1203 2490 ipse
1229 2420 1434 2476 dixisti.
1468 2419 1559 2475 Vis
1589 2421 1728 2477 scire

127 2508 233 2564 hoc
261 2527 450 2565 verum
478 2514 638 2567 esse?
668 2513 761 2567 Dic
789 2513 919 2567 mihi
940 2512 1123 2568 Jesum
1155 2529 1276 2568 cum
1296 2529 1364 2568 ex
1386 2513 1605 2584 Virgine
1625 2530 1723 2568 na-

126 2617 404 2672 sceretur,
447 2607 574 2677 quid
607 2608 760 2674 velis,
803 2607 1076 2664 hominem
1120 2609 1286 2664 iuiSse
1322 2624 1389 2663 an
1413 2609 1628 2665 Deum?
1668 2610 1725 2667 Si

127 2695 296 2752 Deum
334 2708 563 2769 tantum,
592 2700 760 2755 solvis
787 2702 982 2772 utique
1021 2701 1227 2769 Jesum,
1259 2702 1349 2772 qui
1382 2703 1435 2758 in
1462 2718 1529 2760 eo
1552 2704 1724 2759 homi-

125 2804 249 2842 nem
279 2795 492 2844 unitum
517 2791 627 2847 Deo
652 2792 818 2847 fuisse
848 2792 1105 2866 deneges.
1132 2793 1187 2847 Si
1218 2803 1394 2850 autem
1425 2795 1721 2865 hominem,

128 2880 297 2937 solvis
333 2884 524 2953 utique
556 2885 934 2954 nihilominus,
980 2888 1070 2958 qui
1103 2889 1277 2944 solum
1325 2890 1719 2957 tantummodo,

126 2985 172 3026 t
205 2973 374 3042 facis,
403 2976 676 3032 hominem
707 2989 890 3033 natum
920 2993 1042 3036 esse
1059 2979 1424 3048 blasphemas.
1443 2983 1556 3037 Nisi
1584 2983 1722 3039 forte

119 3068 408 3123 existimas
447 3071 592 3141 quod
633 3086 741 3126 non
789 3072 969 3127 solvas
1013 3074 1224 3140 .lcsum,
1275 3075 1367 3145 qui
1400 3076 1566 3132 fuisse
1597 3093 1720 3132 eum

122 3156 286 3214 Deum
317 3177 512 3232 negas,
543 3162 634 3232 qui
665 3162 904 3217 solveres
924 3165 1107 3234 utique
1127 3166 1292 3219 etiam
1317 3167 1363 3219 si
1390 3176 1571 3221 natum
1598 3184 1718 3222 cum

1838 1966 1943 2026 tur,
1977 1968 2156 2015 tamen
2187 1957 2522 2028 profunditas
2547 1957 2665 2026 Dei,
2698 1973 2816 2028 qua:
2853 1973 2960 2012 non
3000 1958 3170 2028 magis
3199 1957 3266 2014 de
3296 1945 3417 2013 car-

1836 2051 2049 2107 nalibus
2071 2065 2232 2120 quam
2251 2050 2317 2105 de
2337 2050 2709 2120 spiritualibus
2732 2051 3073 2120 loquebatur,
3092 2066 3211 2105 cum
3233 2049 3302 2104 de
3327 2050 3418 2107 illo

1837 2146 1960 2211 hoc,
1997 2155 2108 2199 tum
2141 2145 2313 2214 magis
2337 2143 2403 2200 de
2432 2144 2534 2200 hoc
2561 2143 2730 2198 voluit
2755 2143 3009 2214 intelligi;
3040 2144 3164 2211 quia
3190 2143 3422 2198 credc'n-

1835 2239 1974 2294 tibus
2005 2247 2132 2293 tunc
2153 2237 2353 2294 ludatis
2375 2237 2427 2292 id
2456 2237 2596 2307 quod
2623 2245 2679 2290 tu
2701 2235 2859 2300 dicis,
2885 2235 3157 2290 hominem
3187 2244 3420 2289 tantum-

1830 2334 1992 2387 modo
2013 2331 2198 2386 .Iesum
2225 2333 2340 2386 sine
2369 2332 2483 2386 Deo
2513 2345 2656 2397 esse,
2691 2345 2811 2384 cum
2837 2329 2906 2385 de
2934 2329 3198 2383 societate
3225 2327 3418 2396 conju-

1827 2426 1901 2495 gii
1931 2425 2184 2478 Dominus
2213 2424 2661 2493 interrogaretur,
2689 2437 2797 2476 non
2825 2419 2893 2476 de
2937 2435 3004 2476 eo
3049 2429 3276 2482 tantum,
3321 2417 3419 2475 sed

1830 2521 1989 2573 etiam
2022 2517 2088 2572 de
2116 2516 2219 2572 hoc
2262 2515 2504 2584 edocuit,
2553 2523 2610 2570 et
2651 2514 2718 2569 de
2764 2514 3065 2569 minoribus
3114 2513 3413 2581 consultus,

1829 2609 1994 2665 etiam
2025 2609 2094 2664 de
2123 2608 2409 2664 altioribus
2434 2607 2836 2677 majoribusque
2873 2605 3173 2677 respOndit,
3203 2606 3415 2672 dicens,

1833 2701 1986 2770 Quod
2015 2698 2154 2754 Deus
2175 2701 2463 2772 conjunxit,
2483 2703 2638 2754 homo
2657 2716 2757 2753 non
2776 2707 2996 2771 separet.
3023 2698 3138 2753 I-Ioc
3163 2708 3244 2752 est
3267 2715 3282 2751 :
3307 2696 3414 2750 No-

1829 2795 1923 2849 lite
1945 2792 1997 2848 id
2027 2807 2283 2863 separare
2313 2793 2456 2862 quod
2488 2796 2539 2845 in
2581 2806 2669 2846 me
2697 2791 2838 2846 Deus
2859 2790 3074 2861 junxit;
3116 2793 3227 2842 'non
3256 2801 3414 2855 sepa-

1824 2895 1912 2944 ret
1938 2889 2171 2943 humana
2201 2888 2450 2958 impietas
2477 2887 2619 2955 quod
2649 2886 2701 2940 in
2728 2900 2814 2940 me
2840 2885 3012 2938 univit
3035 2882 3214 2936 divina
3245 2879 3416 2947 maje-

1823 2991 1960 3038 stas.
1997 2981 2090 3036 Vis
2115 2990 2296 3038 autem
2329 2982 2539 3050 plenius
2563 2980 2703 3034 scire
2731 2980 2834 3033 hoc
2863 2979 2936 3030 ita
2953 2990 3098 3037 esse.
3127 2973 3252 3028 audi
3281 2976 3416 3042 Apo-

1827 3073 2025 3127 stolnm
2053 3073 2121 3128 de
2149 3072 2235 3128 bis
2265 3073 2396 3141 ipsis
2439 3072 2509 3126 de
2550 3070 2744 3139 quibus
2775 3079 2904 3122 tunc
2933 3066 3186 3122 Salvator
3230 3065 3415 3122 docuit

1830 3163 2222 3216 disserentem?
2249 3164 2339 3232 qui
2374 3163 2564 3229 utique
2585 3170 2777 3228 utpote
2799 3159 3058 3226 magister
3087 3174 3113 3210 a
3144 3157 3259 3213 Deo
3285 3158 3415 3215 mis-

118 3245 226 3301 Deo
257 3250 547 3306 hominem
577 3250 896 3318 denegares.
925 3252 1034 3306 Sed
1079 3255 1347 3320 exemplis
1390 3254 1573 3308 forsan
1620 3257 1723 3310 hoe
1751 3249 1798 3312 (Ξ
1830 3267 1946 3316 sus,
1976 3261 2038 3306 ut
2061 3267 2254 3320 capere
2301 3259 2437 3306 tunc
2473 3250 2780 3305 auditorum
2809 3246 3154 3304 imbecillitas
3183 3257 3414 3318 poterat,

130 3342 477 3396 manifestius
516 3340 657 3393 velis
687 3339 837 3404 fieri;
877 3342 1060 3409 accipe
1085 3342 1155 3394 de
1199 3351 1446 3412 utroque.
1481 3353 1504 3381 ⁸
1561 3345 1725 3399 Mani-

126 3433 290 3488 ebzus
321 3442 492 3488 extra
530 3430 824 3486 Ecclesiam
847 3441 949 3500 est,
980 3435 1070 3503 qui
1101 3433 1287 3489 Jesutu
1319 3435 1483 3489 Deum
1510 3442 1720 3492 tantum

128 3526 277 3583 luisse
302 3524 542 3586 asserit;
578 3524 803 3587 Ilcbion,
835 3527 954 3595 quia
986 3526 1277 3582 hominem.
1310 3527 1545 3599 Uterque
1573 3530 1718 3585 enim

127 3617 301 3673 Iesum
336 3617 557 3687 negavit
586 3631 648 3670 ac
675 3618 861 3684 solvit,
901 3621 1039 3674 alter
1073 3621 1246 3674 solum
1290 3621 1516 3677 dicendo
1548 3622 1719 3678 homi-

125 3728 261 3778 nem,
288 3715 434 3767 alter
476 3711 853 3765 tantummodo
885 3713 1059 3767 solum
1093 3713 1284 3768 Deum.
1319 3717 1454 3781 Quia
1481 3719 1607 3773 licet
1637 3717 1720 3771 di-

126 3821 272 3859 versa
307 3806 569 3871 dixerint,
600 3821 695 3874 par
725 3817 901 3861 tamen
943 3807 1112 3874 ipsius
1143 3809 1478 3862 diversitatis
1522 3810 1716 3877 impie-

126 3903 217 3949 tas.
255 3896 374 3952 Nisi
406 3896 551 3964 quod
598 3896 644 3950 si
677 3898 784 3952 ulla
825 3897 968 3953 inter
999 3899 1263 3952 malorum
1294 3899 1715 3969 magnitudinem

124 3999 294 4054 potest
316 4002 445 4042 esse
471 3987 746 4053 discretio,
775 3988 1086 4058 injuriosior
1116 3988 1449 4060 blaSphemia
1482 4001 1571 4047 tua
1604 4003 1712 4059 est,

123 4091 231 4147 quo:
262 4078 450 4132 solum
482 4078 753 4135 hominem
783 4083 1005 4148 asserit,
1054 4098 1211 4152 quam
1248 4085 1332 4138 illa
1377 4100 1495 4154 quae
1540 4087 1714 4141 solum

121 4168 325 4235 Demn;
363 4171 490 4239 quia
523 4171 654 4226 licet
683 4182 970 4242 utrumque
1001 4175 1201 4230 malum
1235 4177 1327 4243 sit,
1358 4178 1716 4233 contumelio-

121 4263 224 4317 sius
250 4276 436 4319 tamen
469 4264 743 4320 estdivina
760 4267 987 4323 Domino
1013 4285 1174 4338 quam
1191 4270 1422 4326 hmnana
1443 4275 1708 4343 rapuisse.

123 4353 278 4410 Fides
301 4373 440 4427 ergo
472 4356 588 4412 bazc
617 4367 821 4414 tanturn
853 4363 1136 4428 catholica,
1172 4362 1290 4419 hrec
1329 4373 1535 4419 tantum
1585 4383 1714 4424 vera

122 4457 221 4513 est,
251 4449 548 4506 Dominum
575 4453 1046 4510 JesumChristum
1079 4456 1222 4511 sicut
1243 4456 1432 4524 Deum,
1458 4459 1530 4513 ita
1549 4463 1716 4515 etho-

120 4542 343 4610 minem,
358 4555 418 4601 et
437 4547 576 4601 sicut
599 4547 896 4617 hominem,
911 4549 986 4605 ita
1005 4558 1060 4606 et
1076 4549 1244 4607 Deum
1265 4552 1512 4607 credere.
1533 4552 1717 4606 Omnis

1826 3357 1890 3399 ea
1925 3343 2044 3412 ipsa
2074 3357 2193 3412 quin
2235 3342 2377 3397 Deus
2404 3342 2458 3397 in
2491 3341 2754 3414 mysterio
2797 3340 3121 3411 prmdicarat
3143 3342 3414 3411 exposuit.

1826 3437 1960 3493 Ctnn
1990 3438 2130 3493 enim
2162 3441 2230 3493 de
2251 3436 2504 3506 conjugio
2527 3436 2753 3501 carnali,
2788 3435 2930 3490 unde
2964 3434 3326 3506 interrogatus
3357 3434 3413 3491 in

1824 3532 2122 3602 Evangelio
2151 3533 2401 3587 Salvator
2425 3530 2625 3596 fuerat,
2669 3529 2998 3600 disputaret,
3038 3529 3324 3599 replicavit
3350 3543 3414 3585 ea

1821 3625 1958 3695 ipse,
1993 3624 2187 3694 quibus
2217 3623 2308 3678 ille
2341 3638 2468 3676 usus
2496 3632 2628 3677 tunc
2652 3621 2846 3689 fuerat,
2882 3622 3012 3692 legis
3034 3621 3240 3678 veteris
3272 3622 3414 3677 Ie5ti-

1819 3717 2022 3782 monia,
2057 3715 2261 3768 scilicet
2292 3723 2351 3768 ut
2383 3714 2779 3783 intelligeretur
2822 3713 2966 3782 quod
3009 3715 3256 3769 eamdem
3293 3727 3409 3768 rem

1821 3815 2120 3876 exponeret
2147 3803 2238 3874 qui
2271 3803 2462 3858 iisdem
2496 3803 2822 3856 testimoniis
2845 3811 3110 3856 uteretur.
3133 3803 3411 3872 Adjiciens

1823 3907 2112 3968 praeterea,
2145 3910 2212 3950 ne
2235 3895 2430 3950 deesse
2459 3907 2643 3948 causa}
2682 3891 2887 3960 aliquid
2921 3892 3215 3957 videretur,
3248 3893 3413 3949 etiam

1819 3991 2032 4046 carnale
2059 3987 2392 4060 conjuginm,
2439 3985 2682 4040 mulieris
2707 3997 2927 4055 quoque
2961 3998 3025 4038 ac
3060 3983 3164 4037 viri
3189 3998 3409 4049 nomen,

1819 4100 1953 4154 quos
1981 4083 2047 4138 ad
2091 4090 2332 4136 mutuum
2365 4079 2756 4135 adhortabatur
2782 4076 3058 4145 affectum,
3091 4075 3163 4130 ita
3193 4076 3368 4145 posuit
3395 4094 3410 4133 :

1825 4175 1958 4240 Viri,
1985 4175 2184 4246 diligite
2203 4191 2390 4230 uxores
2419 4181 2632 4239 vestras,
2649 4173 2779 4226 sicut
2796 4181 2842 4225 et
2872 4167 3106 4224 Cltristus
3130 4167 3412 4223 Ecclesiam

1819 4270 2038 4344 (Ephes.
2073 4270 2148 4341 v).
2174 4271 2238 4325 Et
2262 4270 2456 4325 iterum
2483 4285 2496 4321 :
2529 4264 2617 4320 Ita
2646 4267 2801 4321 etviri
2829 4265 3008 4320 debent
3039 4264 3255 4336 diligere
3283 4270 3410 4317 uxo-

1816 4386 1898 4424 res
1928 4386 2070 4434 suas,
2099 4376 2152 4420 ut
2175 4381 2392 4435 corpora
2420 4380 2535 4418 sua.
2573 4362 2674 4428 Qui
2703 4377 2912 4416 uxorem
2935 4377 3080 4415 suam
3110 4360 3305 4431 diligit,
3330 4375 3408 4413 se-

1816 4460 1987 4530 ipsum
2007 4458 2196 4529 diligit.
2214 4453 2382 4511 Nemo
2402 4469 2647 4524 umquam
2667 4469 2877 4507 carnem
2897 4469 3043 4507 suam
3072 4453 3190 4506 odio
3208 4453 3406 4517 habuit,

1819 4553 1907 4606 sed
1933 4552 2096 4605 nutrit
2121 4557 2172 4602 et
2212 4548 2346 4615 {ovet
2388 4563 2520 4613 eam,
2561 4546 2690 4600 sicut
2734 4554 2782 4599 et
2825 4544 3058 4598 Christus
3095 4543 3406 4605 Ecclesium,

1186 4707 1444 4764 ALARDI
1481 4705 1712 4764 GAZEI
1747 4700 2326 4764 COMMENTARIUS.

179 4855 204 4883 ι
248 4842 870 4901 ManielmusChristum
893 4859 1075 4900 veram
1103 4858 1349 4908 carnem,
1370 4843 1575 4898 scilicet
1601 4841 1701 4896 lnt-
1725 4843 1780 4904 D
1808 4840 2046 4895 litteram
2073 4837 2275 4892 dictum
2301 4843 2386 4890 est
2413 4849 2442 4889 a
2469 4833 2722 4908 Domino,
2757 4833 3051 4908 allegorice
3090 4845 3398 4908 accommo-

116 4931 355 4978 Inanam,
386 4917 744 4980 assumpsisse
776 4918 1030 4985 negabat,
1061 4915 1155 4968 sed
1195 4915 1511 4984 phantasma
1546 4915 1703 4967 dum-

116 4996 257 5041 taxat
287 4996 388 5038 aut
423 4986 873 5055 inane‘spectrum
908 4987 1184 5040 hominum
1213 4987 1522 5054 aspectibus
1554 4985 1704 5054 obje-

115 5060 247 5112 ci~se
269 5075 286 5120 ;
309 5067 706 5126 pmptereaque
731 5061 1003 5115 Christum
1028 5067 1082 5111 ut
1106 5055 1275 5109 Deum
1303 5064 1508 5109 tantum
1541 5071 1706 5124 agno-

114 5131 325 5192 scebat,
391 5143 501 5182 non
555 5131 715 5184 etiam
769 5131 1066 5184 hominem.
1134 5127 1455 5181 Econtrario
1506 5126 1702 5194 Ebion,

111 5199 446 5270 Ceryntbus,
492 5209 549 5253 et
580 5201 773 5255 horum
817 5209 1051 5255 sectator
1079 5197 1383 5262 Nestorius,
1433 5197 1706 5270 hominem

114 5269 318 5325 tantum
353 5271 728 5339 oblatrabant,
772 5281 830 5325 ut
864 5288 1007 5334 sa-pe
1053 5271 1252 5325 dictum
1301 5278 1402 5323 est.
1457 5269 1592 5322 llinc
1641 5269 1700 5322 l).

113 5339 481 5412 hieronymus
510 5344 566 5396 in
608 5353 780 5411 ‘cap.t
823 5343 889 5396 ad
934 5343 1196 5397 Galatas:
1263 5340 1504 5394 Ecclesia:
1555 5340 1701 5408 ﬁdes,

110 5411 300 5486 inquit,
321 5411 469 5466 inter
494 5414 752 5483 falsorum
781 5416 1077 5486 dogmatum
1104 5413 1392 5486 naufragia
1409 5414 1702 5486 constituta,

108 5485 146 5535 si
184 5485 460 5538 Christum
500 5488 730 5553 fateatur
771 5483 1026 5540 hominem
1055 5527 1068 5549 ,
1118 5483 1312 5545 EbionJ
1358 5483 1706 5553 Photinusque

110 5557 412 5625 abrepta".
465 5557 524 5612 Si
558 5560 728 5611 Deum
773 5575 883 5612 esse
925 5556 1262 5622 contenderit,
1297 5554 1611 5609 Manicha'us
1645 5563 1709 5625 iet

111 5624 366 5703 Ionian,
398 5638 449 5686 et
480 5631 676 5703 novelli
713 5631 966 5703 dogmatis
1005 5628 1506 5703 auctoruelmlti'unt.‘
1527 5625 1596 5703 Et
1641 5624 1703 5676 l).

114 5695 442 5771 lugustinus
476 5703 574 5757 lib.
638 5702 707 5758 de
757 5695 1105 5758 Ilmresiliiis:
1168 5698 1400 5753 Ebiontei
1445 5695 1706 5751 Christum

113 5773 249 5826 etiam
287 5775 660 5828 tantummodo
687 5773 939 5827 hominem
970 5773 1166 5827 dicunt.

169 5842 197 5882 δ
235 5847 399 5914 Quod
429 5847 502 5903 de
529 5847 924 5915 conjunctione
951 5843 1054 5898 viri
1087 5849 1146 5898 ‘et
1177 5841 1373 5896 uxoris
1402 5837 1701 5894 secundum

1811 4913 1904 4968 dat
1932 4915 2134 4965 Auctor
2171 4908 2236 4962 atl
2271 4906 2586 4979 mysterium
2621 4904 3173 4979 lncarnationis,_quo
3203 4904 3397 4960 divini.

1814 4994 1894 5038 tas
1917 4992 1972 5038 et
1995 4980 2302 5036 humanitas
2324 4973 2404 5034 sic
2430 4981 2480 5033 in
2507 4993 2607 5032 una
2639 4973 2913 5049 hypostasi
2931 4974 3392 5043 conjunctmsnut,

1814 5055 2039 5110 utnulla
2069 5054 2280 5108 ratione
2301 5052 2541 5120 separari
2568 5064 2630 5104 ac
2655 5049 2832 5120 dirimi
2863 5058 3081 5116 queant.
3111 5050 3179 5104 Et
3206 5058 3397 5103 notau-

1812 5128 1940 5182 dum
1971 5125 2109 5191 quod
2139 5140 2243 5177 non
2275 5119 2411 5176 dixit
2437 5123 2716 5186 Dominus,
2749 5119 2893 5186 Quo—1
2922 5119 3058 5173 Deus
3076 5123 3387 5186 conjunxit,

1815 5199 1944 5253 sed:
1980 5197 2127 5262 Quod
2153 5195 2289 5248 Deus
2318 5193 2696 5263 conjunxit;nt
2724 5208 2828 5245 non
2859 5201 3126 5263 tamquam
3151 5193 3225 5263 ide
3253 5191 3393 5242 duo-

1816 5269 1939 5333 bus,
1969 5269 2062 5322 sed
2095 5277 2364 5335 tamquam
2396 5262 2463 5317 de
2493 5278 2600 5316 uno
2622 5278 2860 5335 corpore
2890 5263 3033 5332 loqui
3074 5262 3353 5335 videretur
3380 5277 3391 5309 :

1813 5329 1936 5410 quia
1968 5339 2124 5402 paulo
2153 5329 2288 5410 ante
2328 5336 2536 5410 dixerat
2567 5349 2583 5387 :
2613 5329 2799 5410 Itaque
2814 5338 2928 5410 jam
2963 5329 3076 5410 non
3107 5339 3223 5383 sunt
3254 5329 3388 5410 duo,

1811 5402 1902 5464 ἔθα
1934 5425 2037 5461 una
2075 5423 2218 5460 curo.
2258 5406 2406 5473 Quod
2435 5404 2592 5458 etiam
2620 5408 2670 5459 in
2703 5402 3016 5476 mysterium
3060 5402 3389 5476 Incarnatio-

1809 5483 1892 5535 nis
1922 5481 2168 5549 quadrat,
2193 5477 2281 5531 uhi
2316 5477 2449 5530 Deus
2476 5484 2524 5530 et
2545 5475 2694 5530 homo
2723 5475 2823 5529 non
2851 5478 2973 5534 duo,
3021 5475 3106 5549 sed
3157 5489 3285 5528 unus
3318 5482 3391 5549 est

1810 5543 2062 5613 Christus,
2110 5565 2213 5602 una
2247 5549 2580 5619 hypostasis.
2627 5563 2790 5602 unutn
2838 5543 3194 5615 suppositum,
3244 5545 3388 5616 quod

1809 5623 2035 5678 dissolvi
2065 5636 2127 5676 ac
2154 5617 2392 5688 separari
2428 5617 2630 5688 nequit.

1882 5705 1905 5734 ι’
1955 5694 2156 5766 Nempe
2212 5692 2278 5746 ad
2328 5691 2815 5766 interrogationem
2870 5688 3262 5766 Pharismorum
3316 5688 3386 5745 de

1807 5766 2008 5818 carnali
2038 5765 2286 5837 eoiijugio
2314 5765 2411 5819 viri
2436 5772 2491 5819 et
2528 5765 2792 5830 mulieris,
2823 5771 2880 5818 et
2907 5761 3088 5819 causis
3111 5763 3385 5817 dimitten-

1805 5837 1889 5891 αξξ
1920 5835 2126 5891 uxoris.
