3976 6180
565 264 672 323 127
1890 273 2133 332 ΞΟΔΝΝΙ

2246 278 2533 337 iASSlANl
3753 288 3862 348 128

564 384 689 451 quia
721 386 950 444 membra
985 406 1164 445 sumus
1195 390 1426 458 corporis
1457 390 1570 457 ejus
1619 389 1843 459 (Ep/tes.
1877 394 1955 461 v).
1994 394 2159 450 Vides
2186 398 2238 457 Α
2266 397 2558 468 Evangelio
2589 398 2849 455 Dominus
2896 414 3025 456 usus
3066 401 3242 457 fuerat
3273 402 3609 470 testimonia,
3641 403 3857 472 dicens,

566 482 1237 547 quemadmodumChristi
1258 493 1421 553 atque
1448 484 1705 539 Ecclesite
1728 490 1946 541 nomina
1972 489 2071 543 viri
2095 504 2158 545 ac
2266 499 2291 527 ι
2326 488 2545 561 PrOpter
2570 492 2666 544 hoc
2692 493 2937 562 relinquet
2968 496 3120 547 homo
3161 504 3355 562 patrem
3382 512 3530 549 suum
3566 506 3615 550 et
3646 508 3860 553 matrem

567 573 812 627 mulieris
855 575 1163 629 nominibus
1203 576 1525 647 adjungens,
1558 594 1747 634 omnes
1774 595 1803 634 a
1832 582 2035 636 carnali
2064 598 2162 637 au-
2262 600 2433 647 suam,
2457 594 2503 637 et
2535 586 2840 656 adjungetur
2863 586 2929 637 ad
2961 603 3171 640 uxorem
3198 603 3371 653 suam,
3402 598 3451 642 et
3490 598 3643 642 erunt
3672 590 3775 643 duo
3803 591 3860 641 in

564 664 767 721 dientia
823 667 889 720 ad
932 668 1272 736 spiritualem
1321 671 1731 740 intelligentiam
1785 675 1967 730 traxit.
2022 674 2157 733 Cum
2260 677 2929 747 carneuna(Matth.x1x).
2957 680 3251 749 thuidem
3272 694 3389 749 post
3417 682 3533 737 haec
3556 686 3708 752 quasi
3732 698 3858 739 cum

560 758 705 812 enim
759 760 940 814 omnia
991 762 1094 816 ista
1138 764 1392 835 dixisset,
1437 771 1682 828 subdidit
1738 786 1799 826 ca
1852 772 2052 842 quibus
2100 772 2155 827 in
2263 786 2450 841 magna
2480 772 2737 826 clamoris
2769 774 3156 842 protestatione
3176 775 3402 846 subjecit
3434 795 3446 830 :
3480 775 3508 815 δ
3540 776 3830 832 Sacrameu

1620 931 1875 987 ALARDI
1915 929 2152 987 GAZA‘ZI
2187 930 2751 989 COMMENTARIUS.

630 1051 657 1080 ι
698 1042 880 1116 Verba
921 1052 1048 1098 sunt
1091 1060 1197 1099 non
1226 1048 1492 1116 Apostoli,
1522 1047 1615 1102 sed
1651 1048 1841 1101 Adami
1869 1049 1921 1101 in
1945 1048 2144 1102 Genesi

560 1112 709 1185 (Cap.
745 1117 827 1175 ιι).
862 1114 973 1169 Sed
1020 1119 1141 1185 quia
1178 1112 1302 1172 licet
1328 1122 1393 1170 ab
1425 1112 1634 1173 Adamn
1680 1120 1823 1173 dicta
1870 1121 1997 1182 sint,
2049 1120 2145 1173 Dei

560 1195 737 1259 tamen
784 1186 971 1240 al'llatu
1020 1196 1075 1240 et
1123 1191 1473 1256 inspiratione
1500 1192 1639 1244 dicta
1672 1202 1816 1257 sont,
1858 1199 2145 1259 propterea

557 1256 819 1309 Dominus
872 1260 923 1309 in
983 1259 1273 1319 Evangelia
1324 1277 1352 1314 a
1406 1262 1516 1315 Deo
1569 1263 1706 1316 dicta
1752 1256 2145 1315 commemorat

558 1326 773 1395 (.llatth.
810 1326 949 1393 nx),
1000 1332 1142 1395 quod
1194 1333 1335 1385 Deus
1366 1349 1461 1399 per
1492 1333 1775 1394 Adamnm,
1817 1348 1911 1385 seu
1952 1331 2146 1386 Atlami

557 1414 673 1458 ore,
706 1414 765 1470 ea
804 1401 1086 1466 protulerit
1122 1422 1134 1457 :
1165 1404 1290 1455 sicut
1330 1405 1527 1457 locutus
1556 1416 1624 1458 est
1662 1421 1750 1469 per
1783 1421 1837 1456 os
1869 1403 2148 1470 praphetau

559 1485 675 1542 rum
710 1468 858 1536 (Luc.
894 1471 975 1536 ιι).
1020 1475 1270 1527 Porruex
1307 1475 1389 1528 his
1418 1476 1597 1528 vi-rbis
1624 1468 1879 1542 colligunt
1928 1476 2142 1540 Patres,

560 1540 770 1593 Λάτμιιο
799 1542 852 1593 iu
871 1542 965 1594 illo
985 1559 1178 1608 sopore
1195 1547 1309 1600 sive
1333 1550 1532 1599 exsmsi
1558 1540 2148 1599 siliidivinitusimmis-

561 1625 619 1661 sa
641 1613 936 1665 revelatum
960 1614 1121 1669 luisse
1146 1624 1463 1686 myuerium
1490 1618 1881 1671 lncarnationis
1907 1618 2146 1671 Domini-

560 1695 662 1742 (ω,
697 1697 926 1752 cumque
955 1701 981 1737 τι
1024 1702 1215 1741 stunno
1245 1690 1336 1742 illo
1386 1689 1702 1751 excitatum,
1754 1690 1805 1741 in
1839 1689 1957 1742 illas
1986 1704 2145 1743 vaces

561 1756 804 1817 erupisse
833 1772 846 1805 :
883 1754 999 1809 Hoc
1028 1776 1163 1812 nunc
1208 1776 1262 1811 os
1291 1758 1356 1813 de
1382 1760 1578 1813 ossibus
1620 1761 1740 1812 meis
1786 1758 1939 1827 (Gen.
1976 1763 2058 1827 It).
2093 1771 2147 1814 et

560 1839 681 1892 qum.
732 1837 1056 1898 sequuntur,
1107 1829 1300 1898 hisque
1336 1832 1514 1884 verbis
1546 1830 1881 1891 signiﬁcasse.
1907 1832 2147 1884 arctissi-

562 1910 703 1973 mam
737 1895 879 1973 (qua!
932 1915 1027 1962 per
1074 1895 1504 1955 [incarnationem
1555 1902 1733 1955 futura
1779 1902 1918 1973 erat)
1948 1902 2148 1956 Christi

558 1966 991 2041 conjunctionem
1019 1986 1137 2024 cum
1162 1973 1424 2041 Ecclesia,
1456 1974 1541 2027 vel
1566 1989 1689 2027 cum
1723 1966 1911 2026 natura
1957 1973 2149 2026 huma-

560 2052 624 2088 na
660 2056 671 2087 :
704 2038 928 2104 proinde
957 2044 1025 2095 ab
1046 2044 1274 2096 esurdio
1300 2038 1514 2111 generis
1547 2044 1763 2098 humani
1797 2043 2069 2098 Christum
2096 2045 2147 2099 in

558 2123 723 2160 carne
750 2120 1033 2166 venturum
1071 2114 1556 2169 hominihusl‘uisse
1574 2115 1965 2170 denuntiatum.
2001 2117 2147 2169 Fun-

559 2182 871 2255 damentum
904 2197 1083 2255 atttem
1137 2189 1489 2253 principum",
1524 2204 1629 2255 quo
1673 2187 1860 2241 Patres
1899 2195 2144 2253 utuntur,

558 2257 617 2301 ut
642 2250 778 2325 hanc
802 2250 1146 2325 sententiam
1172 2250 1433 2325 astruant,
1478 2250 1560 2311 est.
1586 2258 1953 2312 testimonium
2002 2250 2148 2325 Apo-

560 2321 707 2397 stoli,
740 2323 881 2397 quod
919 2326 1000 2397 hic
1033 2330 1251 2390 citatur,
1301 2329 1391 2383 ubi
1422 2321 1720 2397 explicans
1752 2329 1910 2381 verba
1956 2321 2148 2394 pra-2di-

558 2403 641 2443 Cta
673 2392 861 2446 Adami
890 2411 914 2468 (:7
956 2396 1368 2468 Sacramentum,
1406 2392 1597 2465 inquit,
1630 2398 1727 2452 hoc
1767 2392 2011 2468 magnum
2049 2411 2142 2466 est,

558 2477 653 2531 ego
676 2474 847 2539 autem
864 2466 980 2519 dico
1014 2470 1068 2521 in
1115 2466 1316 2523 Christo
1352 2480 1397 2524 et
1424 2470 1656 2524 Ecclesia
1681 2466 1898 2539 (Ephes.
1927 2474 1997 2538 ν).
2033 2471 2146 2525 lloc

558 2537 743 2611 calﬁt!
776 2535 881 2611 illis
911 2540 1089 2611 verbis
1131 2543 1323 2595 Adami
1355 2543 1481 2596 latet
1528 2535 1781 2611 magnum
1827 2535 2145 2611 mysterium

558 2604 959 2672 coniunctionis
985 2608 1189 2664 Christi
1219 2628 1340 2665 cutn
1382 2604 1643 2667 Ecclesia'.
1676 2610 1765 2666 Sic
1791 2604 2015 2666 TeEtoll.
2046 2613 2142 2668 lib.

556 2674 625 2727 de
657 2676 849 2752 Anima
876 2678 1029 2749 (Cap.
1076 2683 1134 2736 11
1170 2692 1217 2735 et
1238 2684 1330 2752 2i)
1359 2702 1369 2737 :
1402 2684 1568 2735 Adam
1616 2686 1785 2737 statim
1824 2682 2144 2752 praphetavit

558 2761 801 2815 magnum
831 2750 963 2805 illud
988 2750 1365 2807 sacramentum
1386 2756 1438 2808 in
1463 2756 1724 2809 Christum
1752 2764 1798 2808 et
1825 2750 2142 2809 Ecclesium:

559 2814 674 2870 Hoc
704 2835 838 2872 nunc
862 2839 918 2876 os
944 2840 1007 2878 ea:
1035 2825 1231 2879 ossibus
1284 2826 1422 2889 meis,
1449 2835 1498 2879 et
1542 2843 1663 2879 caro
1690 2842 1754 2878 ex
1798 2841 1951 2879 carne
1994 2842 2104 2879 mea
2121 2843 2141 2893 ;

555 2893 880 2967 promer/ioc
908 2897 1153 2965 relinquet
1184 2900 1334 2950 homo
1371 2907 1565 2967 patrem
1605 2907 1655 2951 et
1682 2905 1916 2963 matrem,
1976 2908 2022 2950 et
2049 2915 2143 2967 ag-

554 2961 827 3034 glutinabit
855 2982 909 3018 se
929 2961 1079 3020 uxori
1111 2984 1236 3031 suae,
1266 2979 1314 3021 et
1344 2961 1489 3022 erunt
1517 2969 1619 3021 duo
1646 2970 1697 3020 in
1721 2985 1877 3021 unam
1901 2961 2141 3034 carnem;

555 3033 894 3088 accidentiam
919 3039 1129 3107 spiritus
1171 3056 1350 3102 passus
1393 3050 1487 3102 est,
1532 3040 1711 3093 cecidit
1759 3041 1895 3092 enim
1922 3033 2139 3093 exstasis

557 3107 914 3182 superillum,
954 3111 1119 3182 sancti
1152 3110 1377 3182 Spiritus
1414 3112 1487 3164 vis
1531 3111 1791 3178 operatrix
1834 3112 2135 3182 prophetiae.

556 3170 614 3227 S.
648 3170 914 3242 Epiphan.
952 3180 1141 3234 lueresi
1174 3170 1243 3234 48
1276 3184 1405 3238 dicit
1452 3170 1622 3236 Atla'm
1665 3183 1772 3236 illis
1799 3170 1985 3236 verbis
2012 3185 2139 3237 vati-

2251 1044 2584 1121 etAEcclesia.
2631 1046 3026 1102 Sacramentum
3055 1050 3215 1115 igitur
3244 1066 3508 1119 magnum,
3546 1052 3689 1119 quod
3731 1071 3860 1121 pro-

2252 1119 2466 1173 missum
2505 1121 2770 1190 spectavit.
2818 1120 2983 1172 Adam
3029 1122 3127 1174 sibi
3165 1125 3495 1190 conjunctam
3533 1124 3656 1174 vidit
3696 1119 3858 1187 quam

2251 1190 2467 1261 credidit
2504 1192 2791 1257 conjuqem.
2845 1191 3009 1243 Nobis
3048 1208 3137 1254 per
3179 1194 3335 1259 [idem
3367 1195 3594 1245 vivorum
3631 1196 3857 1261 signavit

2252 1260 2479 1329 futuram
2526 1260 2827 1314 Ecclesiam.
2878 1261 3101 1315 Matrem
3140 1265 3418 1331 appellavit
3460 1260 3689 1318 omnium
3717 1268 3858 1320 viva-

2251 1347 2385 1395 rum,
2428 1348 2486 1399 φ
2520 1334 2711 1384 scilicet
2741 1349 2919 1396 causa,
2961 1351 3061 1397 qua
3094 1350 3159 1387 ea;
3194 1338 3359 1387 latere
3389 1334 3514 1387 Adte
3549 1336 3856 1393 dormientis

2254 1405 2476 1470 [armata
2506 1401 2651 1466 Eva;
2682 1419 2744 1455 ea:
2772 1405 2931 1457 latere
2952 1404 3142 1458 Christi
3166 1408 3218 1457 in
3242 1423 3394 1458 cruce
3423 1407 3711 1474 pendentis,
3742 1416 3856 1475 {0r-

2252 1474 2514 1535 mandam,
2550 1483 2603 1525 ut
2644 1474 2837 1543 factum
2875 1486 2970 1538 est,
3012 1477 3245 1536 praevidit
3292 1476 3593 1543 Ecclesium,
3627 1474 3747 1541 qua
3773 1492 3856 1535 est

2250 1545 2669 1618 materomnium
2698 1547 2948 1599 vivorum.
2975 1545 3105 1600 Iltrc
3131 1557 3203 1599 est
3231 1551 3365 1599 enim
3388 1549 3479 1600 illa
3507 1550 3713 1613 mulier,
3738 1568 3855 1618 qua:

2251 1616 2541 1667 custoditur
2571 1632 2658 1680 per
2685 1625 2910 1684 tempus,
2952 1629 2997 1670 et
3040 1629 3291 1685 tempora,
3329 1630 3375 1671 et
3413 1619 3682 1672 dimidium
3716 1616 3853 1676 tem-

2250 1688 2457 1761 porisa
2479 1697 2752 1761 conspectu
2777 1690 3047 1757 serpentis,
3080 1703 3132 1742 ut
3154 1690 3205 1742 in
3234 1690 3547 1761 Apocalypsi
3568 1692 3631 1745 de
3662 1690 3854 1748 Eccle-

2249 1758 2327 1831 sia
2353 1758 2544 1831 dicitur
2575 1760 2759 1831 (Apoc.
2790 1766 2911 1831 xu).
2946 1761 3248 1813 Bernardus
3274 1758 3525 1816 sermone
3550 1770 3581 1816 b'
3610 1764 3680 1818 de
3707 1764 3851 1830 Vigi-

2254 1828 2319 1881 lia
2353 1828 2555 1881 Natalis
2589 1830 2799 1883 Domini
2837 1828 3095 1884 :‘Primus
3133 1830 3287 1884 homo
3318 1834 3547 1885 omnium
3572 1828 3848 1889 viventium

2180 1872 2227 1931 Β
2253 1909 2417 1969 pater,
2440 1916 2691 1970 magnum
2712 1913 2948 1954 eructans
2972 1913 3368 1969 sacramentum,
3401 1906 3539 1970 quod
3559 1907 3609 1958 in
3640 1904 3848 1961 Christo

2251 1968 2297 2022 et
2338 1972 2391 2022 in
2430 1968 2662 2023 Ecclesia
2702 1972 2977 2041 Apostolus
3010 1975 3338 2041 postmodum
3379 1968 3660 2029 evidentius
3699 1994 3851 2029 com-

2252 2042 2507 2112 mendavit
2546 2061 2556 2095 :
2596 2041 2885 2112 Relinquet,
2918 2045 3011 2106 ait,
3043 2043 3196 2097 homo
3225 2055 3416 2110 patrem
3443 2058 3491 2098 et
3523 2058 3759 2108 matrem.
3798 2057 3848 2101 et

2248 2110 2528 2165 adhaerebit
2568 2115 2720 2165 uxori
2760 2110 2889 2179 sure,
2926 2125 2973 2167 et
3010 2124 3155 2168 erunt
3194 2116 3298 2167 duo
3336 2118 3387 2169 in
3428 2133 3579 2171 carne
3618 2134 3742 2171 una.
3784 2122 3853 2175 Et

2248 2186 2564 2258 sermone“).
2588 2186 2654 2237 de
2681 2184 3087 2258 Septuagesima
3122 2203 3136 2239 :
3171 2187 3466 2258 Qualisiille
3488 2204 3640 2258 sopor
3662 2189 3847 2244 dicen-

2248 2252 2347 2306 dus
2386 2255 2451 2307 sit
2487 2255 2666 2323 fuisse,
2708 2256 2785 2308 vel
2818 2252 3124 2320 credendus,
3165 2274 3315 2325 quem
3346 2252 3594 2312 Dominus
3631 2262 3853 2316 immisit

2248 2325 2300 2376 in
2330 2325 2516 2386 Adam,
2546 2328 2597 2377 in
2626 2342 2749 2392 quo,
2779 2327 2887 2379 sine
2911 2345 3061 2381 sensu
3092 2329 3306 2382 omnino
3330 2331 3549 2387 doloris.
3582 2331 3635 2383 in
3666 2334 3850 2386 mulie-

2246 2410 2353 2446 rem
2374 2398 2733 2457 wdiﬁcandam
2756 2410 2896 2451 costa
2916 2399 3119 2452 sublata
3139 2407 3216 2452 est
3238 2401 3301 2452 de
3325 2399 3484 2453 latere
3506 2402 3805 2459 dormientis
3824 2407 3852 2457 .7

2251 2464 2381 2517 Mihi
2411 2469 2617 2536 quidem
2649 2484 2751 2520 non
2790 2470 2889 2522 nisi
2918 2470 3350 2524 incommutabilis
3375 2475 3600 2527 veritatis
3627 2476 3844 2538 intuitu,

2246 2546 2296 2612 et
2317 2538 2496 2612 abysso
2522 2539 2709 2612 divina:
2738 2541 3023 2607 sapientite,
3053 2542 3311 2612 corporeis
3337 2546 3582 2598 excedens
3609 2546 3848 2599 sensibus

2247 2609 2560 2684 obdormisse
2595 2611 2837 2684 videtur;
2878 2612 3015 2680 quod
3052 2628 3116 2665 ea:
3144 2609 3267 2684 ejus
3302 2614 3465 2667 verbis
3508 2616 3583 2668 vel
3619 2619 3849 2671 maxime

2246 2680 2431 2753 conjici
2470 2692 2652 2750 potest.
2693 2679 2919 2753 Rediens
2951 2679 3194 2753 nimirum
3226 2684 3421 2737 indicat
3460 2688 3595 2753 quod
3629 2686 3844 2752 abisset,

2245 2750 2370 2802 dum
2402 2762 2657 2819 tamquam
2684 2752 2853 2805 ebrius
2884 2752 2948 2804 de
2977 2752 3108 2806 cella
3140 2756 3340 2808 vinaria
3370 2750 3593 2821 veniens,
3634 2767 3681 2811 et
3714 2750 3848 2811 eru-

2245 2831 2388 2897 etans
2430 2822 2561 2874 illud
2592 2834 3266 2897 Amagnnﬁmfsacramentum,
3305 2828 3443 2895 quod
3471 2836 3611 2880 tanta
3640 2838 3751 2897 post
3788 2831 3851 2883 in

2255 2890 2479 2957 Christo,
2510 2902 2557 2947 et
2584 2895 2637 2947 in
2669 2884 2902 2948 Ecclesia
2938 2895 3216 2964 Apostolus
3248 2884 3619 2951 commendavit
3640 2884 3677 2950 ἐ
3718 2898 3849 2953 Hoc

2244 2978 2401 3037 nunc,
2440 2965 2623 3037 inquit,
2659 2982 2714 3037 os
2752 2982 2813 3018 ea:
2843 2966 3041 3019 ossibus
3071 2971 3217 3020 meis.
3254 2964 3323 3019 Et
3353 2979 3564 3037 propter
3602 2971 3721 3033 hoc,
3756 2970 3851 3023 in-

2242 3036 2373 3102 quit,
2404 3034 2650 3105 relinquet
2690 3036 2843 3090 homo
2885 3046 3081 3101 patrem
3120 3047 3167 3091 et
3204 3034 3457 3099 matrem,
3490 3051 3596 3094 etc.
3636 3041 3718 3092 An
3748 3041 3852 3095 tibi

2243 3107 2443 3173 penitus
2475 3107 2790 3162 obdormisse
2819 3106 3035 3173 videtur,
3076 3110 3163 3177 qui
3195 3110 3248 3161 in
3284 3108 3415 3161 hanc
3443 3125 3612 3163 vocem
3643 3113 3845 3165 excita-

2245 3186 2325 3228 tus
2352 3178 2539 3243 erupit,
2569 3189 2615 3230 et
2646 3196 2745 3253 non
2781 3178 2943 3253 magis
2966 3179 3392 3253 dicerepotuisse
3417 3196 3433 3233 :
3464 3179 3576 3253 Ego
3606 3182 3843 3253 dormio,

553 3246 777 3325 cinatum
810 3264 925 3325 esse
955 3253 1017 3304 de
1044 3254 1253 3325 futuris.
1288 3255 1647 3325 Hieronymus
1676 3256 1725 3307 in
1764 3255 2012 3308 eumdem
2054 3257 2136 3309 Ιο-
2166 3247 2211 3310 C
2243 3256 2289 3300 et
2313 3265 2410 3325 cor;
2426 3266 2594 3303 meum
2623 3250 2799 3325 vigilat
2826 3246 3003 3325 (Cant.
3031 3250 3117 3319 v)?
3144 3246 3269 3304 Hec
3293 3246 3599 3325 Bernartius
3628 3261 3681 3307 et
3724 3246 3846 3309 cae;

554 3330 676 3369 cum
708 3318 773 3395 ad
808 3318 1070 3395 Ephesios
1102 3342 1113 3375 :
1150 3323 1376 3389 Primus,
1420 3318 1594 3395 inquit
1637 3328 1821 3391 homo,
1866 3335 1915 3377 et
1943 3327 2140 3395 primus

555 3397 693 3466 vates
738 3389 921 3466 Adam,
952 3392 1047 3466 hoc
1096 3396 1158 3447 de
1183 3396 1383 3450 Christo
1432 3389 1755 3450 et'Ecclesia
1797 3389 2136 3466 prophetavit,

553 3459 693 3525 quod
720 3462 979 3533 reliquerit
1010 3465 1261 3518 Dominus
1290 3477 1457 3520 noster
1486 3476 1638 3533 atque
1667 3459 1908 3519 Salvator
1936 3459 2142 3519 Patrem

555 3545 704 3582 suum
736 3529 902 3585 Deum
932 3544 980 3588 et
1015 3544 1229 3589 matrem
1258 3554 1405 3589 suam
1434 3529 1681 3589 cmlestem
1714 3534 2061 3602 Hierusalem,
2094 3547 2142 3590 et

555 3602 745 3654 venerit
769 3605 834 3657 ad
859 3616 1022 3659 terras
1047 3616 1256 3677 prapter
1284 3624 1437 3659 suum
1458 3623 1645 3674 corpus
1667 3604 1971 3668 Ecclesium,
2002 3617 2049 3659 et
2079 3609 2142 3661 de

554 3687 647 3724 suo
673 3688 786 3725 eam
818 3678 978 3729 latere
1005 3679 1289 3745 fabricatus
1318 3679 1405 3742 sit,
1438 3687 1483 3731 et
1519 3686 1725 3743 promer
1753 3678 1900 3729 illam
1933 3677 2140 3732 verbum

554 3758 676 3796 caro
705 3746 897 3813 factum
919 3749 1353 3813 sit.Augustinus
1382 3750 1473 3802 lib.
1504 3763 1556 3803 Ix
1580 3752 1644 3803 de
1670 3748 1863 3804 Genesi
1897 3749 1961 3801 ad
1998 3750 2143 3804 litte-

554 3830 668 3891 ram
705 3816 878 3891 (Cap.
899 3818 983 3889 19)
1012 3838 1025 3873 :
1061 3819 1166 3873 Illa
1196 3821 1434 3881 exstasis,
1466 3822 1654 3889 inquit,
1686 3836 1845 3891 quam
1873 3818 2011 3873 Deus
2043 3824 2140 3874 im-

553 3887 689 3959 misit
720 3890 771 3940 in
801 3887 988 3952 Adam,
1022 3902 1076 3944 ut
1104 3904 1375 3959 saporatus
1416 3887 1739 3955 obdormiret,
1783 3900 1917 3945 recte
1948 3893 2141 3946 intelli-

552 3958 711 4031 gitur,
745 3961 813 4010 ad
842 3964 938 4014 hoc
963 3958 1216 4023 immissa,
1256 3974 1309 4015 ut
1338 3972 1381 4017 et
1411 3964 1572 4031 ipsius
1597 3979 1734 4014 mens
1774 3979 1863 4029 per
1898 3966 2138 4017 exstasim

553 4029 695 4095 ﬁeret
721 4032 974 4105 particeps
1013 4044 1272 4098 tamquam
1302 4029 1547 4105 angelicae
1575 4035 1755 4105 curiw,
1782 4043 1827 4085 et
1858 4034 2055 4087 intrans
2086 4037 2138 4090 in

551 4102 921 4176 sanctuarium
943 4105 1036 4157 Dei
1066 4102 1695 4176 intelligeretnovissima.
1730 4103 1958 4176 Denique
1987 4108 2140 4176 evigi-

550 4169 663 4222 laus
696 4180 954 4243 tamquam
982 4169 1262 4241 praphetite
1288 4175 1487 4243 plenus,
1524 4190 1638 4225 cum
1670 4174 1737 4227 ad
1776 4190 1829 4227 se
1858 4169 2137 4231 adductum

550 4250 768 4313 costam,
820 4242 1087 4297 mulierem
1124 4242 1543 4310 suam’vidisset,
1590 4248 1833 4297 eructavit
1872 4249 2134 4313 continuo,

549 4310 687 4428 zuod
732 4326 972 4380 maguum
1018 4326 1392 4368 sacramentum
1435 4317 1754 4369 commendat
1801 4318 2073 4379 Apostolus
2116 4310 2135 4373 ἓ

590 4395 646 4428 oc
677 4396 814 4428 nunc
856 4397 911 4428 ος
952 4401 1014 4428 9.1?
1044 4386 1239 4428 nssihttx
1278 4388 1401 4428 nmis
1459 4398 1502 4428 ρΙ
1545 4403 1662 4428 rnrn
1693 4388 1756 4428 il»,
1790 4404 1940 4428 rnrnp
1978 4405 2087 4428 "wn
2121 4406 2133 4419 ο

590 4395 646 4430 oc
677 4396 814 4432 nunc
856 4397 911 4436 os
952 4401 1014 4437 ex
1044 4386 1239 4437 ossibus
1278 4388 1426 4450 meis,
1458 4398 1503 4440 et
1545 4403 1662 4440 caro
1693 4388 1756 4440 de
1790 4404 1940 4439 carne
1978 4405 2088 4442 mea
2114 4406 2133 4443 :

550 4449 659 4502 lucc
686 4452 950 4526 vocabitur
974 4457 1181 4519 mulier,
1218 4449 1459 4526 quoniam
1486 4460 1547 4511 de
1572 4459 1679 4511 viro
1708 4469 1909 4525 smnpta
1938 4470 2011 4511 est
2040 4475 2056 4510 :
2087 4470 2137 4513 et

548 4523 881 4600 propter_ltoc
906 4528 1153 4597 relinquet
1176 4523 1329 4581 homo
1350 4541 1549 4600 patrem
1575 4546 1728 4582 suum
1750 4538 1796 4581 et
1822 4523 2057 4589 matrem.
2088 4542 2134 4583 et

547 4594 829 4694 adliwrebit
861 4601 1018 4681 uxori.
1040 4594 1176 4694 sine,
1199 4608 1243 4682 et
1277 4594 1423 4694 erant
1458 4601 1639 4694 (£310th
1669 4617 1823 4653 carne
1846 4617 1968 4656 una.
2006 4601 2135 4667 Qua:
2160 4633 2215 4694 Β

547 4666 695 4741 verba
720 4684 836 4719 cum
863 4671 1018 4737 primi
1022 4669 1259 4741 _hominis
1285 4673 1446 4740 fuisse
1469 4673 1739 4741 Scriptura
1762 4682 1991 4737 testetur,
2022 4666 2134 4726 υθ-

546 4738 716 4812 minus
743 4748 912 4812 tamen
934 4743 985 4793 in
1013 4738 1295 4812 Evangelia
1318 4742 1481 4796 Deum
1503 4738 1694 4797 dixisse
1714 4743 2015 4798 declaravit.
2050 4748 2133 4799 Ait

546 4810 679 4859 enim
717 4810 1002 4882 :__Pr0pter
1033 4813 1127 4865 hoc
1154 4810 1374 4867 dimittet
1401 4816 1551 4867 homo
1581 4824 1778 4882 patrem
1815 4826 1861 4869 et
1897 4828 2131 4881 matrem,

548 4884 707 4957 etc._(
728 4880 913 4935 Matth.
948 4882 1091 4952 χιι),
1136 4894 1191 4937 ιιι
1219 4885 1341 4937 hinc
1369 4880 1772 4957 intelligerentus
1808 4896 2017 4957 prapter
2045 4880 2135 4940 ex;

545 4950 725 5000 stasim
754 4969 870 5019 quae
899 4950 1223 5021 pra’cesserat
1269 4958 1321 5007 in
1361 4950 1561 5021 Adam,
1593 4962 1687 5009 hoc
1717 4950 1832 5009 eum
1860 4950 2131 5020 divinitus,

546 5028 756 5095 t_a_mqu_a
777 5040 813 5095 ιι
834 5028 1179 5093 prophetiam,
1205 5026 1375 5081 dicere
1395 5028 1638 5095 potuisse.
1667 5028 1774 5081 Leo
1796 5027 1951 5081 Puni.
1973 5030 2131 5095 epist.

545 5088 656 5167 ’ἰᾷ-ε
692 5088 939 5167 Ali-ipso,
964 5088 1445 5167 ittquit,‘princip'io
1474 5100 1669 5167 generis
1700 5098 1932 5160 humani,
1965 5088 2134 5151 homi-

546 5162 694 5216 nibus
736 5161 967 5216 Christus
1006 5161 1078 5218 est
1116 5161 1556 5232 denuntta'tttsCin
1587 5184 1742 5222 carne
1774 5181 2035 5223 venturus.
2069 5169 2138 5225 In

541 5250 646 5302 qua
678 5236 832 5301 (sicut
862 5236 1056 5289 dictum
1082 5244 1179 5303 est)
1208 5250 1251 5290 et
1269 5249 1413 5293 erant
1446 5241 1549 5293 dtto
1582 5243 1634 5294 in
1665 5257 1820 5293 carne
1842 5258 1966 5305 una,
2003 5240 2139 5295 Deus

541 5315 588 5357 et
630 5307 805 5383 homo,
849 5305 1084 5383 Christus
1126 5318 1173 5361 et
1220 5311 1471 5372 Ecclesia.
1514 5329 1629 5381 qua:
1670 5312 1732 5365 de
1768 5315 1945 5383 sponsi
1987 5330 2140 5367 carne

542 5379 755 5447 prodiit,
788 5381 995 5449 quando
1025 5396 1089 5435 ex
1118 5383 1277 5436 latere
1305 5379 1575 5452 cruciﬁxi,
1614 5379 1856 5437 manante
1886 5387 2137 5456 sanguine

543 5459 589 5502 et
631 5466 766 5523 aqua
784 5491 813 5523 ε
844 5463 1224 5509 sacramenluut
1261 5458 1623 5523 redemptionis
1660 5469 1706 5511 et
1738 5457 2135 5523 regenerationis

541 5522 757 5589 accepit.
790 5522 1043 5591 Prosper.
1078 5526 1170 5580 lib.
1204 5543 1218 5580 ι
1246 5527 1312 5581 tle
1363 5528 1612 5581 l‘rmdict.
1645 5536 1699 5582 et
1730 5522 2003 5583 Promisso
2036 5528 2128 5582 Dei

543 5591 707 5670 (Cap.
740 5592 785 5663 ι)
821 5611 843 5670 εΔ
872 5594 1230 5670 lloc,inq_uit,
1262 5600 1458 5662 factum
1485 5615 1613 5664 esse,
1646 5612 1701 5652 ut
1727 5616 1835 5653 rem
1862 5610 2053 5670 gereret
2082 5608 2129 5651 et

544 5664 783 5787 ﬁguram,
810 5666 1083 5735 Apostolus
1113 5667 1309 5724 Paulus
1331 5671 1471 5724 testis
1497 5680 1591 5723 est.
1619 5664 1909 5739 Expouetis
1930 5672 2127 5739 quippe

589 5749 691 5786 unc
731 5738 905 5787 locum
948 5738 998 5787 in
1048 5738 1284 5787 Enistola
1325 5741 1390 5787 ad
1437 5742 1715 5787 ΙσζιιΙιρδὶης-
1752 5745 1825 5787 ait
1870 5758 1882 5787 ε
1937 5744 2127 5787 Sacra.

589 5749 691 5786 unc
731 5738 905 5807 locum
948 5738 998 5791 in
1048 5738 1285 5806 Epistula
1325 5741 1391 5807 ad
1437 5738 1717 5807 Ephesios,
1752 5745 1825 5797 ait
1870 5758 1883 5795 :
1937 5738 2128 5796 Sacra-

546 5811 775 5860 mentttm
800 5804 895 5860 ltoc
924 5804 1167 5874 magnum
1191 5818 1262 5863 est
1296 5824 1314 5864 :
1344 5804 1457 5879 Ego
1477 5804 1647 5867 autem
1674 5811 1810 5877 dico,
1844 5810 1899 5867 in
1921 5810 2125 5868 Christo

2250 3324 2345 3372 teri
2379 3320 2564 3375 Patres
2592 3321 2741 3375 citati
2772 3321 2825 3374 in
2851 3320 3096 3375 eamdem
3130 3323 3473 3377 sententiam.

2316 3388 2343 3428 δ
2367 3394 2446 3468 .Τό
2482 3398 2784 3468 μυστήριον,
2813 3395 3148 3468 mysterium,
3184 3395 3328 3464 quod
3358 3402 3544 3468 noster
3570 3396 3847 3463 interpres

2248 3462 2405 3535 vertit
2435 3462 2874 3535 sacramentum,
2927 3464 3043 3535 hoc,
3075 3462 3478 3532 loco'appellat
3520 3462 3843 3535 Apostolus,

2244 3533 2387 3607 quod
2434 3532 2488 3586 in
2535 3536 2723 3607 priorii
2740 3536 2805 3587 ad
2844 3534 3153 3607 Corinthios
3186 3535 3337 3607 (Cap.
3366 3537 3429 3607 is)
3460 3532 3614 3591 vocat
3645 3532 3838 3604 conti»,

2246 3606 2493 3679 liguram,
2522 3615 2577 3659 et
2607 3605 2657 3658 in
2690 3606 2944 3679 Epistola‘
2968 3606 3033 3658 ad
3074 3605 3291 3679 Galatas
3323 3605 3473 3679 (Cap.
3510 3608 3589 3675 tv)
3620 3609 3837 3677 allego-

2246 3673 2403 3741 riam,
2435 3676 2487 3729 in
2526 3692 2630 3745 qua
2663 3673 3054 3745 signiﬁcatione
3079 3677 3176 3730 hac
3198 3673 3480 3733 voce'usits
3498 3673 3578 3732 est
3605 3673 3842 3733 manu-

2246 3761 2431 3810 zenus,
2470 3758 2525 3801 ut
2556 3750 2739 3802 videre
2771 3758 2853 3801 est
2885 3749 2935 3799 in
2968 3750 3359 3803 commentario
3401 3750 3578 3802 Βιιάιεὶ
3618 3752 3669 3803 in
3726 3752 3841 3804 lin-

2243 3831 2401 3885 gnam
2442 3833 2693 3885 graecam.
2727 3818 2862 3873 llinc
2900 3819 2961 3871 D.
3006 3815 3323 3873 Ambrosius
3347 3838 3357 3871 :
3384 3819 3708 3888 Mysteriunt,
3740 3823 3835 3875 in-

2243 3890 2376 3959 quit,
2412 3888 2505 3940 hoc
2543 3905 2785 3959 magnum
2825 3898 2899 3941 est
2934 3905 2951 3941 :
2987 3906 3078 3959 ego
3108 3900 3277 3943 autem
3314 3892 3426 3943 dico
3453 3892 3505 3943 in
3535 3890 3741 3944 Christo
3781 3905 3841 3946 et

2243 3957 2498 4033 Ecclesia.
2533 3958 2767 4033 Mysterii
2800 3957 3170 4033 sacramentum
3202 3964 3393 4033 grande
3422 3963 3472 4014 in
3505 3964 3700 4033 unitate
3737 3964 3845 4018 viri

2242 4040 2288 4104 et
2321 4032 2525 4104 femina:
2568 4047 2676 4104 esse
2703 4031 2981 4102 signiﬁcat.
3013 4031 3465 4104 Etllieronymus
3494 4049 3509 4089 :
3541 4032 3606 4086 ld
3638 4036 3841 4104 ipsum,

2244 4100 2435 4169 inquit.
2471 4120 2562 4169 per
2591 4100 2889 4169 allegoriam
2933 4104 2985 4155 in
3030 4100 3233 4156 Christo
3274 4100 3734 4171 interpretatur'et
3778 4100 3847 4162 in

2242 4170 2475 4246 Ecclesia
2515 4185 2624 4246 :_ut
2661 4175 2827 4226 Adam
2855 4171 3137 4239 Christum,
3179 4184 3226 4226 et
3270 4175 3375 4227 Eva
3406 4170 3697 4246 pra'ﬁguret
3728 4174 3846 4230 Ec-

2243 4245 2473 4297 clesium.
2508 4241 2555 4295 Γ
2560 4257 2703 4299 actus
2732 4255 2804 4298 est
2829 4245 2962 4298 enim
2992 4246 3290 4315 novissimus
3319 4241 3487 4298 Adam
3517 4241 3574 4299 in
3594 4249 3844 4315 spiritum

2242 4316 2577 4381 viviﬁcantem
2619 4316 2675 4387 (1
2717 4316 2833 4369 Cor.
2882 4317 3009 4383 xv).
3056 4312 3121 4369 Ut
3164 4318 3417 4384 quontodo
3460 4319 3521 4371 de
3572 4312 3740 4371 Adam
3785 4332 3845 4375 et

2241 4402 2400 4438 uxore
2428 4390 2540 4459 eius
2562 4403 2708 4440 omne
2731 4388 2991 4440 hominum
3022 4389 3249 4442 nascitur
3271 4405 3464 4459 genus;
3490 4390 3564 4440 sic
3584 4391 3645 4440 de
3673 4388 3841 4443 Chri-

2240 4468 2316 4509 sto
2357 4466 2403 4509 et
2444 4457 2681 4511 Ecclesia
2722 4459 2886 4509 omnis
2925 4459 3234 4511 credentium
3274 4457 3545 4511 multitudo
3584 4470 3840 4526 generata

2238 4537 2312 4582 est
2340 4544 2357 4581 :
2381 4544 2494 4599 qtae
2529 4546 2685 4580 unum
2720 4528 2963 4583 Ecclesia:
2991 4544 3175 4599 corpus
3206 4530 3404 4597 effecta.
3438 4545 3641 4582 rursum
3669 4532 3722 4582 in
3755 4533 3845 4585 la.

2241 4610 2343 4653 tere
2381 4597 2571 4653 Christi
2609 4602 2837 4667 ponitur,
2878 4610 2923 4653 et
2967 4597 3120 4671 costae
3152 4602 3319 4654 locum
3360 4604 3543 4671 replet,
3584 4613 3629 4653 et
3667 4619 3842 4658 unum

2239 4673 2333 4724 viri
2354 4688 2539 4742 corpus
2562 4671 2795 4741 efﬁcitur,
2822 4671 2934 4742 ipso
2954 4669 3245 4725 Dominoid
3270 4674 3320 4724 in
3348 4669 3628 4742 Evangelia
3654 4683 3839 4739 postu-

2239 4744 2377 4795 lante
2409 4759 2426 4795 :
2462 4741 2640 4804 Pater,
2666 4745 2752 4801 da.
2782 4753 2832 4794 ut
2860 4744 3116 4811 quomodo
3138 4760 3248 4813 ego
3276 4755 3321 4796 et
3357 4754 3409 4797 tu
3445 4741 3604 4797 unum
3628 4761 3834 4810 sumus,

2239 4816 2314 4865 sic
2344 4822 2389 4866 et
2420 4815 2515 4884 ipsi
2544 4814 2595 4865 in
2626 4815 2769 4867 nobis
2792 4830 2945 4865 unum
2974 4814 3076 4867 sint
3099 4812 3277 4882 (Joan.
3304 4824 3382 4878 ς).
3422 4815 3480 4870 S.
3512 4816 3743 4869 Thomas
3774 4816 3834 4870 in

2240 4884 2638 4938 Coumtentario
2686 4896 3089 4939 sacramentum
3132 4888 3520 4951 interpretatur
3553 4903 3711 4941 sacra:
3752 4890 3837 4939 rei

2239 4956 2462 5026 signum.
2488 4957 2679 5009 scilicet
2708 4956 3083 5027 conjunctionis
3109 4956 3302 5011 Christi
3323 4969 3371 5011 et
3400 4956 3665 5013 Ecclesiae.
3692 4958 3839 5012 Sen-

2241 5042 2333 5080 sus
2364 5028 2521 5093 igitur
2549 5026 2845 5093 Apostoli'a
2879 5026 3126 5081 Patribus
3160 5029 3381 5081 traditus
3415 5029 3500 5081 hic
3526 5039 3607 5081 est
3636 5046 3647 5079 :
3680 5027 3839 5084 Licet.

2244 5098 2310 5151 ad
2342 5098 2575 5153 litteram
2602 5108 2652 5151 et
2684 5100 2937 5153 historice
2968 5099 3036 5152 de
3069 5107 3249 5152 mutua
3279 5100 3376 5153 viri
3402 5108 3456 5154 et
3481 5102 3667 5153 uxoris
3694 5114 3836 5153 con-

2238 5168 2521 5237 junctione
2548 5179 2601 5222 et
2627 5170 2914 5223 dilectione
2951 5169 3089 5222 dit-ta
3122 5172 3230 5224 sint
3262 5170 3378 5225 hzec
3402 5170 3564 5223 verba
3594 5171 3662 5223 ab
3694 5173 3838 5225 Ada~

2245 5255 2354 5300 tuo.
2389 5242 2489 5293 hoc
2534 5251 2711 5294 tamen
2754 5254 3004 5312 tnaguum
3048 5250 3131 5296 est
3172 5252 3590 5307 sacratnentum,
3630 5252 3679 5293 et
3711 5257 3836 5312 my-

2244 5318 2489 5373 sterium,
2521 5312 2624 5365 hoc
2650 5321 2752 5370 est.
2788 5310 2889 5364 sub
2917 5312 3107 5366 iisdem
3140 5314 3318 5366 verbis
3346 5325 3401 5367 et
3444 5314 3545 5366 sub
3574 5310 3836 5380 primaeva

2242 5382 2570 5454 matrimonii
2601 5382 2947 5454 institutione
2988 5381 3214 5454 mystice
3246 5384 3395 5448 latet,
3434 5393 3488 5438 et
3515 5383 3835 5451 designatur

2241 5453 2439 5508 Christi
2482 5465 2537 5510 et.
2574 5453 2831 5508 Ecclesia:
2860 5453 3131 5508 unanimis
3180 5465 3237 5510 et
3274 5455 3663 5510 indissolubilis
3692 5470 3832 5509 Con.-
3863 5489 3867 5493 -

2235 5526 2464 5596 junctio.
2503 5525 2655 5581 Sicut
2684 5526 2828 5579 enim
2862 5536 3067 5594 patrem
3099 5534 3154 5579 et
3186 5535 3412 5581 matrem
3445 5526 3698 5595 relinquit
3731 5527 3871 5596 lto-3

2263 5563 2464 5580 uno..."
2504 5563 2655 5581 me...
2898 5563 3067 5580 ων...
3099 5563 3154 5579 ι.
3186 5563 3412 5581 πωπω..
3731 5563 3834 5584 ..υ-

2238 5563 2347 5665 1ιιο,
2382 5609 2436 5650 ιιι
2471 5597 2625 5651 uxori
2677 5563 2954 5651 adlmrEat
2997 5615 3007 5647 :
3048 5596 3126 5651 sic
3161 5599 3564 5667 quodammodo
3601 5563 3830 5653 lPatrem
3862 5563 3892 5657 1

2236 5668 2400 5722 homo
2432 5669 2601 5723 iactus
2631 5668 2917 5736 dereliquit
2942 5667 3206 5733 Christus,
3243 5674 3381 5724 sicut
3404 5668 3519 5737 ipse
3547 5670 3652 5723 ait:
3675 5667 3833 5722 Exivi

2234 5757 2267 5794 a
2297 5738 2478 5805 'ratre,
2508 5751 2553 5794 et
2581 5741 2692 5812 veni
2728 5741 2779 5793 in
2811 5742 3057 5792 mundum
3091 5737 3271 5812 (Joan.
3302 5741 3437 5811 ινι),
3476 5757 3581 5796 non
3615 5757 3709 5809 per
3734 5741 3833 5795 de-

2236 5813 2529 5867 sertionem
2563 5810 2799 5875 deitatls,
2838 5812 2932 5868 sed
2970 5826 3067 5881 per
3103 5810 3459 5870 humanitatis
3502 5814 3832 5883 assumptio‘
