3976 6180
158 227 239 289 ηθ
1122 223 1213 282 DE
1250 224 1760 283 INCARNATIONE
1797 224 2071 285 CHRISTI
2107 224 2237 283 LIB.
2278 227 2344 284 ν.

3272 234 3372 295 150

157 359 258 416 tum,
273 348 451 419 inquit,
479 346 566 402 hoc
594 360 842 418 magnum
869 353 960 401 est.
992 342 1246 401 Removit
1268 348 1451 419 utique
1479 348 1547 404 de
1578 348 1681 402 hoc
1707 345 1761 408 Α
1786 355 1891 401 tem
1916 346 2155 401 faciliora
2192 356 2544 416 cognoscant,
2574 356 2633 403 ut
2652 364 2773 404 cum
2792 350 3184 422 promptiorem
3214 352 3375 409 intel-

160 444 347 498 omniuo
382 450 432 495 et
462 440 749 510 amputavit
776 440 1047 495 carnalem
1080 440 1441 505 intellectum,
1475 440 1567 495 ubi
1596 457 1682 496 sa-

156 544 445 591 cramentum
471 535 677 604 penitus
708 530 843 586 dixit
876 546 997 587 esse
1026 531 1289 586 divinum.
1336 534 1399 586 Et
1437 532 1566 601 quid
1595 540 1676 586 ta-

155 642 257 682 men
282 640 391 695 post
416 626 499 681 iSIa
521 626 795 681 subdidit?
821 634 847 662 “
871 624 987 697 Ego
1004 634 1171 680 autem
1190 625 1304 680 dico
1325 626 1377 679 in
1402 625 1604 681 Christo
1634 636 1684 682 et

152 739 193 775 ut
212 719 430 774 Ecclesia.
453 719 571 774 Cum
594 719 845 786 dixisset,
872 728 1275 774 sacramentum
1297 718 1399 774 hoc
1430 734 1678 790 magnum

155 821 221 865 est
246 829 257 864 :
286 830 374 865 non
393 812 532 875 dixit,
588 812 706 866 haec
743 820 828 866 est
880 812 1150 881 expositio
1190 812 1537 867 sacramenti.
1571 811 1681 868 Sed

151 900 414 971 quithgo
456 911 636 956 autem
670 899 817 966 dico,
847 900 903 955 in
956 900 1176 956 Christo
1224 910 1275 957 et
1308 902 1362 956 in
1411 901 1676 957 Ecclesia.

151 990 240 1046 Hoc
260 1004 332 1047 est
377 994 594 1050 dicere:
637 994 773 1049 Illud
804 993 1027 1064 quidem
1078 1009 1328 1065 magnum
1372 1007 1458 1051 est
1502 1011 1682 1051 sacra-

148 1091 367 1147 mentum,
393 1085 483 1138 sed
507 1100 602 1155 ego
626 1085 676 1139 in
707 1084 927 1139 Christo
955 1084 1080 1139 dico
1111 1094 1169 1140 et
1198 1087 1249 1141 in
1270 1086 1532 1141 Ecclesia.
1567 1087 1682 1143 [Ioc

148 1186 226 1241 est,
257 1175 354 1230 utb
384 1177 495 1246 quia
512 1194 703 1247 capere
724 1177 861 1232 illud
886 1176 953 1232 ad
983 1192 1225 1248 praesens
1242 1178 1465 1234 forsitan
1492 1195 1680 1235 omnes

143 1283 231 1321 non
248 1280 457 1339 queunt,
482 1272 558 1325 vel
581 1270 688 1326 hoc
709 1270 950 1339 capiant,
983 1269 1128 1340 quod
1156 1279 1337 1326 tamen
1367 1271 1434 1325 ab
1458 1271 1551 1326 illo
1573 1288 1681 1327 non

143 1358 401 1429 discrepat,
416 1377 506 1416 nec
524 1362 801 1417 diversum
815 1371 920 1429 est,
939 1361 1064 1431 quia
1080 1370 1368 1432 utrumque
1383 1363 1451 1417 de
1469 1360 1685 1418 Christo

141 1458 223 1505 est.
248 1451 347 1508 Sed
380 1455 465 1509 cui
494 1453 851 1519 proluudiora
880 1452 973 1508 illa
1003 1469 1110 1509 non
1151 1455 1396 1525 capiunt,
1426 1458 1541 1511 haec
1574 1456 1683 1512 sal-

1782 439 1978 495 lectum
2006 441 2272 509 eruperint
2298 457 2513 512 capere,
2548 444 2614 497 ad
2649 443 2897 500 altiorem
2933 446 3149 501 valeant
3182 446 3381 515 perve?

1782 534 1925 600 nire,
1966 543 2022 589 et
2054 535 2315 604 planioris
2354 551 2499 593 nunc
2549 537 2626 593 rei
2675 537 3026 608 adipisceutia
3066 540 3138 596 sit
3184 550 3371 612 postea

1784 625 2158 696 profundioris
2187 626 2293 682 via.

2387 719 2617 776 CAPUT
2655 720 2774 778 XII.

1785 809 1966 865 Latius
1996 812 2207 890 exponit
2243 811 2506 890 quodnam
2546 814 2681 890 illud
2703 824 3094 890 sacramentum
3130 820 3196 871 sit
3236 820 3374 890 quod

1992 882 2086 936 sub
2112 884 2206 936 viri
2232 892 2277 936 et
2306 884 2486 937 uxoris
2518 885 2809 939 nominibus
2840 888 3165 959 designatur.

1854 997 2009 1065 Quod
2048 1013 2179 1068 ergo
2206 1013 2459 1069 magnum
2490 1000 2621 1055 illud
2658 1011 2743 1056 est
2773 1013 3196 1073 sacramentum,
3228 1007 3373 1075 quod

1786 1087 1889 1143 sub
1914 1089 2018 1143 viri
2045 1098 2206 1159 atque
2232 1092 2415 1146 uxoris
2438 1093 2654 1147 nomine
2680 1093 3033 1163 designatur?
3054 1096 3372 1165 Apostolum

1783 1182 1957 1250 ipsum
1989 1183 2405 1253 interrogemus,
2439 1185 2532 1255 qui
2560 1186 2626 1240 ad
2656 1185 2953 1243 docendam
2983 1190 3228 1245 eamdem
3259 1207 3371 1245 rem

1784 1274 1912 1330 alibi
1933 1276 2112 1331 verbis
2138 1278 2216 1332 rei
2250 1278 2416 1347 ipsius
2438 1295 2568 1335 usus
2596 1290 2679 1335 est
2707 1281 2893 1336 dicens
2920 1300 2933 1337 :
2964 1294 2985 1322 ο
3016 1281 3085 1336 Et
3108 1286 3376 1355 manifeste

1787 1384 2028 1436 magnum
2055 1378 2130 1421 est
2169 1370 2369 1438 pietatis
2397 1382 2800 1436 sacramentum,
2826 1375 2962 1441 quod
2990 1376 3374 1444 manifestatum

1789 1459 1936 1513 estin
1960 1476 2136 1529 carne,
2153 1461 2503 1531 justificatum
2525 1471 2596 1517 est
2628 1464 2681 1517 in
2706 1465 2913 1535 spiritu,
2939 1468 3185 1535 apparuit
3214 1484 3373 1537 ange-

1161 1592 1419 1649 ALARDI
1455 1592 1691 1649 ΟΑΖᾸΞΙ
1731 1591 2301 1653 COMMENTARIUS.

138 1704 266 1770 nem;
295 1699 347 1745 et
374 1702 990 1770 matremsynagogam,
1028 1691 1113 1746 cui
1144 1702 1410 1760 quatenus
1440 1692 1677 1770 lusimus,
1712 1697 1759 1757 Β
1788 1693 1957 1770 nium,
2001 1692 2660 1770 ratione_sign_iﬁeotionis,
2699 1695 2819 1763 quia
2859 1695 3119 1767 significat
3158 1714 3374 1770 conjun-

136 1760 340 1832 snberat,
371 1760 688 1828 dereliquit,
712 1774 770 1815 nt
792 1763 937 1817 uxori
964 1779 1061 1816 seu
1086 1778 1300 1832 sponsae
1327 1779 1461 1830 suae,
1491 1763 1542 1817 id
1575 1775 1675 1827 est,

134 1828 363 1903 Ecclesia:
390 1833 627 1899 gentium
654 1834 963 1886 adhaereret.
1006 1837 1049 1888 Α
1090 1828 1192 1900 qua
1226 1828 1559 1903 expositione
1584 1851 1681 1889 ve-

132 1909 282 1975 terum
316 1901 534 1975 Patrum
564 1904 801 1957 nonnihil
841 1903 1074 1958 deﬂectit
1103 1901 1307 1959 Auctor
1348 1904 1496 1975 (Cap.
1525 1905 1678 1975 seq.),

132 1982 171 2023 ut
209 1969 354 2026 hunc
390 1973 559 2027 locum
598 1976 829 2041 Apustoli
874 1978 939 2027 ad
987 1990 1142 2028 suum
1173 1969 1472 2029 institutum
1505 1969 1683 2030 trahat

129 2053 165 2115 et
186 2044 571 2115 accommodet.
602 2044 730 2098 Nam
762 2046 900 2113 quod
932 2046 1006 2099 illi
1036 2047 1104 2099 dc
1130 2048 1507 2115 conjunctione
1534 2047 1682 2101 Chri-

130 2113 289 2165 ticum
319 2114 579 2180 Ecclesia,
623 2128 675 2168 ut
706 2120 864 2169 verba
901 2118 1138 2184 Apostoli
1178 2113 1287 2185 prae
1328 2133 1387 2172 se
1424 2118 1600 2173 lerunt
1628 2128 1682 2173 et

132 2185 331 2250 exigunt,
381 2188 483 2237 hoc
532 2188 643 2255 ipse
685 2188 753 2240 de
797 2189 1182 2255 c0njunctione
1223 2190 1519 2244 divinitatis
1560 2204 1679 2243 cum

130 2256 286 2330 anima
317 2255 370 2330 in
418 2257 825 2330 carueCltristi
880 2259 1289 2329 interpretatur,
1338 2269 1395 2330 ut
1437 2261 1680 2330 sequenti

132 2338 218 2395 cap.
246 2327 438 2380 clarius
474 2328 698 2395 patebit.
735 2329 906 2383 Porro
950 2327 1088 2384 solet
1132 2331 1290 2384 etiam
1339 2329 1425 2384 hic
1468 2327 1614 2386 locus
1649 2347 1679 2386 a

130 2392 334 2451 Panibus
363 2392 564 2453 adduci
598 2402 665 2452 ad
703 2403 1163 2454 continuationem
1200 2402 1552 2457 ecclesiastici
1586 2404 1683 2456 do-

131 2469 300 2532 gmatis,
325 2471 467 2537 quod
494 2472 884 2523 matrimonium
908 2472 973 2525 sit
996 2482 1387 2525 sacramentum.
1421 2475 1509 2527 Sic
1535 2473 1676 2527 enim

130 2538 201 2604 ipsi
230 2540 376 2613 verba
410 2542 667 2609 Apostoli
711 2543 1110 2604 intellexerunt,
1155 2553 1211 2597 ut
1251 2559 1544 2613 pronomen
1585 2544 1680 2597 hoc

129 2622 205 2683 ann
240 2611 399 2665 solum
447 2614 660 2667 referat
702 2615 1017 2683 mysterium
1064 2611 1325 2667 latens‘in
1359 2615 1539 2667 verbis
1568 2614 1675 2667 illis

129 2679 295 2741 Adami,
327 2699 532 2750 nempe
577 2679 1051 2747 desponsatiouem
1093 2700 1156 2739 ac
1196 2686 1447 2738 unionem
1481 2686 1679 2739 Christi

130 2763 213 2802 tum
239 2751 493 2820 Ecclcsm,
529 2754 809 2807 utdictum
833 2765 943 2820 est;
978 2772 1161 2809 verum
1186 2760 1346 2809 etiam
1372 2771 1484 2810 rem
1512 2757 1679 2821 primo

128 2820 428 2888 signiﬁcatam
466 2826 662 2879 iisdem
695 2827 896 2893 verbis,
946 2841 1067 2892 puta
1101 2828 1460 2882 arctissimum
1495 2820 1679 2882 matri-

128 2895 247 2967 monii
275 2897 556 2950 vinculum
592 2906 646 2951 et
685 2898 1122 2962 conjunctionem
1160 2898 1496 2968 conjugalem
1541 2900 1679 2953 inter

130 2964 256 3018 nium
286 2979 333 3020 et
366 2982 603 3021 uxorem
636 2984 651 3022 :
679 2983 797 3036 qua:
836 2969 1144 3037 conjunctio
1176 2964 1297 3023 licet
1329 2964 1442 3022 iam
1478 2971 1526 3020 in
1563 2970 1676 3037 lege

128 3045 301 3103 natura,
334 3054 508 3103 quam
537 3038 785 3099 Mosaica,
820 3055 923 3092 non
958 3039 1061 3094 ιιὶ>ἰ
1090 3041 1349 3093 naturalis
1370 3049 1677 3094 contractus

127 3102 237 3157 luerit
265 3111 312 3161 in
346 3102 606 3162 alliciunt
637 3112 848 3177 quidem
888 3120 1093 3163 naturae
1134 3121 1258 3164 ante
1291 3121 1590 3177 peccatum,
1626 3112 1676 3161 in

127 3178 370 3232 remedium
426 3189 622 3232 autem
671 3181 1122 3246 concupiscentia
1175 3192 1293 3246 post
1347 3190 1677 3243 peccatum:

129 3247 236 3297 modo
260 3261 482 3311 tamen,
526 3248 624 3298 hoc
653 3258 756 3309 est,
797 3250 849 3299 in
889 3246 1117 3310 Christo,
1159 3250 1274 3301 sive
1303 3249 1405 3299 sub
1443 3247 1679 3309 Christo,

131 3319 208 3367 etis
225 3316 480 3371 Ecclesia
508 3331 750 3384 magnum
773 3326 847 3369 est
871 3328 1263 3378 sacramentum,
1292 3316 1340 3368 id
1364 3328 1465 3376 est,
1494 3330 1681 3369 verum

131 3394 161 3436 et
178 3394 376 3452 proprie
398 3387 621 3441 dictum
652 3401 802 3439 nova:
828 3388 959 3455 legis
994 3397 1412 3451 Sacramcutum,
1439 3386 1578 3449 quod
1602 3395 1683 3440 est

132 3455 355 3524 invisibilis
388 3457 597 3524 gratiae.
634 3459 846 3523 signum
892 3457 1082 3511 efﬁcax
1128 3473 1155 3510 a
1202 3456 1420 3511 Christo
1458 3457 1681 3510 Domino

132 3523 586 3595 institutumlllag.
609 3526 753 3582 Sent.
778 3533 829 3581 in
852 3544 903 3583 tv
928 3530 1051 3583 dist.
1068 3528 1164 3590 26;
1194 3528 1255 3584 S.
1283 3527 1465 3580 Thom.
1485 3543 1504 3590 ,'
1526 3527 1679 3581 Sotus

134 3602 255 3669 tlalii
305 3600 501 3667 ibist).
550 3599 605 3651 id
666 3607 808 3664 patet
866 3615 930 3653 ex
970 3599 1197 3654 Concilio
1226 3599 1537 3653 Florentino
1573 3596 1676 3669 (1η

134 3668 278 3723 terreto
310 3670 561 3724 Armenis
592 3673 755 3730 dato).
803 3669 891 3723 ubi
940 3671 1081 3724 inter
1108 3683 1313 3739 septem
1346 3683 1678 3722 sacramenta

135 3749 240 3791 nova:
259 3742 383 3809 legis
411 3749 816 3796 annumeratur
837 3742 1235 3795 matrimonium
1253 3759 1265 3801 ;
1293 3752 1348 3795 et
1366 3741 1676 3804 expressius

133 3820 172 3879 ει
216 3814 429 3866 concilio
493 3811 816 3865 Tridentino
872 3809 1030 3879 (Cap.
1087 3811 1168 3865 Ad
1220 3811 1563 3877 abolendam,
1613 3811 1678 3863 de

131 3873 276 3951 ﬂaret.
304 3901 369 3935 ss.
389 3882 486 3943 24.
528 3884 579 3934 in
608 3884 774 3935 doctr.
804 3882 866 3933 de
879 3873 1123 3937 'Sac'rum.
1153 3880 1426 3951 matrim.),
1458 3873 1676 3936 ubi'hoc

130 3946 254 4010 ἱρευω
280 3954 502 4008 delinittt
527 3969 551 4006 r
586 3952 669 4005 Itis
707 3952 887 4007 verbis
936 3972 949 4007 :
993 3952 1227 4007 Gratiam
1252 3946 1395 4016 vero,
1430 3967 1544 4020 qua:
1582 3969 1675 4005 na-

130 4024 295 4075 turalem
334 4026 490 4077 illum
555 4039 783 4077 amorem
823 4024 1118 4091 perficeret,
1170 4034 1216 4076 et
1269 4021 1674 4076 indissolubilem

131 4091 323 4165 {nitatem
362 4095 735 4163 confirmaret,
779 4096 1120 4165 conjugesque
1160 4094 1525 4161 sanctificaret,
1567 4094 1675 4161 ipse

134 4154 310 4218 Christus
343 4154 733 4220 uenerabilium
766 4154 1199 4218 sacramenlorum
1233 4154 1490 4218 institutor
1516 4154 1675 4233 ratque

133 4236 349 4305 Wiener,
378 4254 475 4290 sua
534 4236 677 4287 nobis
712 4236 949 4305 passione
977 4238 1275 4303 promeruit,
1306 4234 1442 4303 quod
1479 4233 1673 4288 Paulus

134 4304 339 4377 apostolus
376 4308 567 4359 innuit
602 4304 814 4377 dicens;
846 4304 980 4370 γετί,
1022 4307 1220 4377 diligite
1247 4322 1431 4359 uxOres
1458 4318 1670 4371 vestras,

136 4370 223 4424 sicut
259 4375 478 4431 Christus
545 4377 718 4430 dilexit
761 4374 1065 4437 Ecclesium,
1109 4370 1159 4430 Et
1196 4378 1415 4445 seipsum
1457 4378 1671 4428 tradidit

1786 1764 2007 1817 ctionem
2037 1763 2229 1816 Christi
2259 1763 2305 1815 et
2340 1764 2602 1817 Ecclesia.

1859 1844 1883 1869 α
1926 1833 2218 1904 Annotavit
2258 1834 2320 1887 D.
2366 1834 2742 1903 Hieronymus,
2775 1844 2826 1888 et
2858 1844 2982 1890 ante
3026 1838 3196 1904 ipsum
3243 1840 3375 1897 Gre-

1782 1905 1965 1980 gorius
2014 1903 2386 1980 Nazianzenus
2440 1905 2755 1980 paiticulam
2814 1905 2985 1980 illam,
3036 1907 3149 1980 Ego
3201 1922 3372 1967 autem

1783 1976 1922 2039 dico,
1956 1975 2236 2046 mQtIeSIizn
2265 1984 2321 2028 et
2352 1976 2669 2029 humilitatis
2693 1991 2850 2029 causa
2886 1978 2952 2030 ab
2990 1975 3250 2046 Apusmlo
3277 1985 3372 2037 ad-

1783 2046 1949 2099 ditam
1980 2063 1991 2097 :
2024 2044 2366 2109 Hutnilitatis,
2397 2048 2590 2116 inquit,
2619 2051 2730 2118 ejus
2756 2046 3003 2099 indicium
3033 2044 3125 2111 est,
3152 2051 3371 2173 ﬁgeren-

1783 2117 1850 2168 tis
1883 2132 1901 2170 :
1930 2113 2044 2173 an
2080 2126 2249 2168 autem
2279 2116 2395 2169 dico
2420 2119 2470 2169 in
2500 2116 2704 2172 Christo
2732 2127 2778 2169 et
2810 2118 2861 2170 in
2894 2116 3144 2173 Ecclesia.
3229 2140 3371 2173 γραο-

1783 2117 1850 2190 tis
1883 2132 1901 2170 :
1930 2113 2044 2190 Ego
2080 2126 2249 2168 autem
2279 2116 2395 2190 dico
2420 2113 2704 2190 in'Chris'to
2732 2127 2778 2169 et
2810 2118 2861 2170 in
2894 2116 3144 2173 Ecclesia.
3179 2113 3375 2190 Grego-

1784 2187 1891 2239 rius
1926 2186 2291 2260 lvazianzenus
2330 2188 2408 2241 vir
2449 2189 2607 2260 valde,
2639 2192 2879 2257 eloquens
2911 2200 2954 2241 et
2990 2192 3043 2242 in
3091 2186 3375 2260 Scripturis

1783 2259 2017 2328 apprime
2044 2259 2294 2312 eruditus.
2341 2275 2455 2311 cum
2496 2262 2559 2311 de
2589 2259 2684 2312 hoc
2722 2275 2917 2311 mecum
2954 2271 3197 2315 tractaret
3239 2266 3374 2328 loco,

1782 2327 1974 2381 solebat
2017 2329 2186 2381 dicere
2217 2344 2235 2379 :
2279 2328 2409 2383 Vide
2452 2341 2703 2396 quantum
2744 2331 2893 2381 istius
2938 2332 3156 2397 capituli
3202 2327 3376 2389 sacra-

1781 2410 2007 2451 mentum
2031 2400 2118 2464 sit,
2151 2405 2207 2451 ut
2238 2399 2517 2470 Apostolus
2553 2403 2604 2453 in
2640 2400 2848 2454 Christo
2872 2402 3006 2453 illud
3032 2413 3077 2454 et
3109 2406 3161 2455 in
3192 2402 3376 2459 Eccle-

1781 2470 1858 2543 s_ia_
1886 2470 2250 2543 interpretans,
2275 2488 2375 2523 non
2397 2488 2451 2523 se
2476 2474 2545 2524 ita
2574 2483 2790 2543 asserat,
2818 2482 2871 2523 ut
2894 2475 3167 2527 testimonii
3192 2488 3374 2543 pustu-

1783 2538 1921 2591 labat
1943 2538 2192 2609 dignitas,
2223 2557 2475 2611 expresse,
2507 2542 2596 2595 sed
2625 2545 3001 2611 quodammodo
3028 2538 3237 2610 dixerit;
3265 2552 3371 2600 scio

1781 2611 1901 2683 quia
1942 2612 2083 2663 locus
2124 2613 2219 2665 iste
2258 2611 2603 2678 ineﬂabilibus
2642 2616 2821 2683 plenus
2859 2616 2925 2667 sit
2955 2621 3285 2670 sacramentis
3323 2628 3373 2671 et

1782 2682 2011 2733 divinum
2036 2698 2124 2733 cor
2151 2696 2346 2756 quierat
2366 2682 2684 2756 interpretis.
2719 2683 2834 2756 Ego
2856 2696 3025 2739 autem
3053 2703 3147 2756 pro
3170 2690 3373 2756 pusilli-

1783 2761 1885 2804 tate
1909 2769 2085 2805 sensus
2118 2754 2235 2817 mei,
2270 2754 2321 2807 in
2351 2753 2553 2807 Christo
2584 2753 2788 2807 interim
2821 2755 2955 2807 illud
2982 2753 3107 2810 etin
3139 2753 3374 2811 Ecclesia

1781 2823 2169 2893 intelligendum
2191 2834 2315 2894 puto
2345 2840 2362 2877 :
2384 2842 2482 2878 non
2507 2841 2604 2893 quo
2626 2826 2822 2892 aliquid
2846 2824 3046 2880 Christo
3068 2838 3114 2879 et
3140 2826 3229 2878 Εει
3246 2828 3373 2879 lesia

1782 2893 1952 2962 majus
1964 2896 2045 2955 sit,
2072 2897 2160 2946 sed
2183 2893 2323 2962 quod
2347 2905 2529 2959 totum,
2551 2900 2683 2960 quod
2707 2899 2768 2948 de
2788 2897 2955 2948 Adam
2977 2908 3022 2948 et
3044 2898 3108 2948 de
3129 2895 3239 2947 Eva
3255 2900 3376 2949 dici-

1783 2974 1865 3033 tur
1879 2968 1930 3014 in
1950 2962 2151 3016 Christo
2172 2978 2215 3016 et
2238 2967 2288 3017 in
2308 2963 2538 3019 Ecclesia
2558 2968 2884 3031 interpretari
2908 2982 3054 3032 posse
3070 2967 3273 3033 difﬁcile
3286 2971 3371 3024 sit.

1854 3032 1881 3071 ι)
1915 3033 2093 3087 Locus
2124 3036 2389 3089 obscurus
2427 3047 2481 3089 et
2522 3037 2827 3101 ambiguus.
2860 3036 2999 3099 Quid
3032 3032 3175 3087 ctiim
3211 3041 3374 3093 reiert

1704 3080 1752 3144 C
1782 3102 1916 3153 illud
1954 3105 2095 3169 quod
2140 3106 2203 3155 ad
2247 3080 2488 3171 praesens
2530 3080 2758 3158 l‘ursiFan
2799 3080 2990 3158 oni‘nes
3033 3120 3228 3173 capere
3265 3080 3371 3165 non

1784 3182 2014 3241 queant,
2044 3173 2222 3224 ethoc
2249 3174 2391 3240 quod
2426 3176 2635 3226 facilius
2665 3175 2919 3240 capiant?
2950 3177 3210 3241 Spemare
3242 3182 3373 3234 milii

1787 3240 2004 3292 videtur
2032 3242 2196 3293 verba
2235 3245 2593 3307 praecedentia
2635 3260 2648 3295 :
2692 3240 3085 3299 Sacramentum
3132 3249 3226 3299 hoc
3266 3268 3376 3302 ma-

1785 3325 1946 3384 gnum
1988 3319 2081 3371 est,
2125 3327 2226 3363 non
2269 3311 2398 3363 dixit
2441 3328 2460 3365 :
2490 3313 2598 3365 haec
2638 3326 2711 3366 est
2755 3318 3005 3384 expositio
3049 3323 3370 3375 sacramenti.

1784 3382 2198 3433 Sacramentum
2246 3397 2376 3447 ergo
2420 3397 2573 3438 vocat
2618 3386 2759 3449 quod
2811 3382 2875 3439 ex
2921 3386 3041 3453 ipso
3084 3389 3372 3446 verborum

1783 3466 1922 3503 sono
1963 3455 2141 3505 statim
2178 3453 2485 3529 concipitur
2526 3472 2649 3512 esse
2685 3456 2818 3510 illud
2864 3474 3113 3528 magnum
3158 3464 3374 3529 pietatis

1782 3534 2179 3603 sacra-mentum
2234 3525 3177 3603 ab.Apostnlo(commemoratum,
3230 3535 3370 3603 quod

1782 3592 2163 3660 manifestatum
2199 3604 2272 3648 est
2310 3596 2363 3647 in
2400 3592 2573 3657 carne.
2611 3600 2661 3653 id
2692 3611 2772 3654 est
2801 3603 3019 3656 verbum
3060 3592 3372 3659 Dei'in'car-

1778 3676 1961 3740 natum
1990 3665 2159 3740 _quud
2204 3666 2372 3740 initio
2419 3672 2613 3734 capitis
2658 3674 2935 3735 sequentis
2996 3677 3251 3740 proponit
3294 3693 3366 3731 ex

1778 3735 2060 3812 .Apnstolo,
2106 3734 2544 3812 etnhuncsocat
2584 3744 2741 3804 paulo
2781 3757 2923 3808 post,
2971 3734 3365 3812 promptiorem

1778 3804 2137 3858 intellectum.
2166 3804 2576 3871 Expositionem
2601 3804 2787 3861 autem
2806 3804 3365 3871 saciamenti'videtur

1778 3874 2080 3951 intelligere
2106 3874 2512 3951 profundiorem
2536 3886 2589 3931 et
2608 3880 3025 3951 reconditiorem
3053 3884 3366 3951 allegoriam

1777 3945 1844 3999 de
1875 3946 2079 3998 Christi
2113 3946 2495 4023 conjunctione
2533 3964 2651 4002 cum
2699 3949 2963 4016 Ecclesia,
2999 3945 3369 4023 velut'capitis

1777 4031 1897 4089 cum
1929 4031 2176 4089 corpore,
2213 4017 2400 4081 sponsi
2428 4035 2549 4073 cum
2581 4034 2780 4089 sponsa
2813 4037 2825 4073 :
2863 4037 2983 4088 quae
3035 4038 3139 4075 non
3176 4017 3255 4077 ita'
3278 4026 3361 4079 fa-

1776 4088 1902 4149 cile,
1932 4098 1986 4141 et
2015 4086 2068 4140 in
2102 4100 2351 4155 promptu
2381 4105 2452 4143 ex
2479 4086 2623 4144 illius
2646 4086 2976 4146 sacramenti
3008 4094 3196 4148 auditu
3227 4110 3365 4150 cou-

1775 4158 2143 4233 cipitnr,licet
2172 4168 2441 4233 utrumque
2464 4163 2530 4215 de
2560 4160 2764 4217 Christo
2798 4164 2883 4224 sit,
2927 4176 2983 4219 ut
3017 4165 3284 4233 aitinl‘ra,
3314 4182 3367 4224 et

1774 4229 1842 4281 ad
1888 4230 2163 4308 Christum
2204 4230 2515 4308 rele_ra_tur_._
2548 4233 2781 4308 Facilius
2823 4237 2988 4301 enim,
3031 4248 3088 4292 ut
3126 4229 3365 4308 etprius

1776 4312 1987 4365 natura,
2022 4301 2144 4367 quis
2182 4304 2419 4369 concipit
2456 4303 2730 4359 Christmn
2764 4322 2885 4361 esse
2920 4308 3084 4364 Deum
3118 4301 3364 4366 incarna-

1775 4380 1911 4433 tum,
1948 4386 2113 4449 quam
2152 4385 2271 4424 esse
2313 4382 2475 4453 caput
2501 4383 2566 4453 ‘et
2606 4378 3164 4453 SponsumuEt-clesite
3206 4400 3218 4435 :
3252 4399 3360 4453 quo

134 4454 199 4503 pro
219 4460 295 4511 ea;
323 4464 435 4501 mox
455 4446 787 4517 subiungens
819 4464 837 4500 :
868 4443 1391 4517 Sacramenlum'hoc
1429 4464 1671 4517 magnum
1698 4444 1750 4503 D
1776 4443 1993 4517 proprie
2024 4450 2269 4517 spectant
2298 4446 2456 4517 verba
2487 4444 2735 4511 Apostoli
2761 4447 2826 4499 ad
2860 4450 3124 4513 Ephesios
3149 4468 3199 4504 v.

136 4520 308 4583 “lngo
330 4531 503 4572 autem
538 4518 651 4570 dico
675 4523 726 4570 in
750 4516 952 4571 Christo
977 4529 1023 4572 et
1054 4520 1104 4570 in
1135 4516 1389 4571 Ecclesia.
1418 4515 1546 4570 Cum
1575 4518 1673 4584 igi-

139 4586 251 4657 lttrin
271 4592 368 4655 lege
393 4589 697 4657 evangelica
726 4588 974 4642 veteribus
1000 4590 1265 4643 connubiis
1293 4604 1381 4652 per
1413 4587 1673 4639 Christum

138 4655 262 4713 Ψαιία
302 4672 492 4727 prtestet
527 4655 552 4723 ς’
594 4660 771 4713 merito
816 4660 949 4712 inter
996 4676 1138 4712 nocte
1182 4659 1308 4728 legis
1354 4664 1676 4728 sacramenta

139 4726 538 4783 tauumerandum
565 4732 729 4783 sancti
762 4729 941 4783 Patres
977 4732 1160 4792 nostri,
1194 4726 1434 4791 concilia,
1477 4736 1523 4779 et
1559 4726 1677 4779 uni-

140 4797 305 4849 versalis
346 4796 592 4853 Ecclesia:
626 4802 835 4855 traditio
874 4817 1073 4872 semper
1113 4804 1418 4872 docuerunt,
1458 4806 1563 4851 etc.
1609 4797 1676 4850 Et

140 4873 301 4941 Cinnae
330 4885 497 4937 prtum
536 4872 601 4924 de
629 4875 818 4927 eadem
846 4887 904 4925 re
928 4869 1073 4925 edito
1102 4888 1114 4922 :
1147 4870 1207 4926 Si
1227 4870 1339 4936 quis
1362 4869 1542 4922 dixerit
1568 4885 1675 4919 ηιαο

142 4940 383 5008 {natanium
420 4958 532 4995 non
574 4959 679 4996 esse
717 4959 829 4996 vere
856 4952 903 4995 et
934 4942 1143 5008 pr0prie
1182 4956 1341 4993 unum
1381 4954 1445 4991 ea:
1486 4949 1675 5004 septem

143 5002 232 5083 legis
250 5012 546 5083 evangelica
568 5002 976 5083 sacramentis,:a
1004 5002 1206 5064 Christo
1233 5011 1450 5062 Domina
1472 5002 1673 5061 institu-

145 5078 235 5140 ‘m.
268 5078 443 5136 διά*ρὴ
485 5082 783 5136 hominibus
820 5084 876 5136 in
916 5082 1153 5137 Ecclesia
1195 5084 1486 5141 inventum;
1516 5095 1675 5149 neque

146 5152 314 5221 italiam
338 5155 591 5219 conferre,
622 5156 896 5213 anathema
926 5156 1011 5207 sit.
1049 5155 1173 5207 [Iac
1206 5154 1295 5205 ibi.
1329 5151 1443 5204 Non
1471 5159 1554 5205 est
1581 5154 1674 5221 de-

148 5225 264 5292 E'I‘I'le
288 5227 735 5290 prmtereundum.
768 5226 907 5291 (piod
950 5225 1036 5279 hic
1074 5236 1330 5292 prtetcrea
1360 5230 1579 5276 annotal
1609 5220 1664 5276 S.

146 5278 325 5366 Iltoma's
349 5293 434 5365 (In
462 5278 891 5366 conmentario),
922 5278 1321 5365 quod'quatuor
1345 5305 1467 5347 sunt
1492 5307 1671 5366 sacra-

147 5363 278 5436 lgeuta
322 5363 434 5434 qna:
473 5367 731 5422 dicuntur
774 5363 995 5436 magna,
1036 5363 1128 5421 sed
1173 5367 1381 5422 diversa
1415 5364 1619 5418 ratione
1654 5380 1669 5417 :

146 5418 1115 5507 Bﬁplitmtispinqtiil,‘ratibusve/fectus,
1157 5440 1276 5507 quia
1308 5438 1440 5490 delet
1475 5451 1672 5489 onmem

148 5500 319 5580 “litata.
340 5500 571 5579 ct'aperit
593 5510 824 5580 paradisi
839 5500 1079 5580 januam.
1102 5500 1458 5578 Co'nﬁrntatio,
1474 5509 1675 5580 ratione

150 5579 481 5648 tattttstri,_qitia
510 5579 681 5633 solum
710 5597 741 5633 a
772 5579 1094 5647 pontificibus
1127 5591 1169 5632 et
1198 5598 1297 5632 non
1318 5580 1381 5632 ab
1411 5579 1527 5630 aliis
1553 5594 1678 5648 conf

152 5633 284 5695 latin.
323 5633 682 5716 Eucharistia,
727 5633 929 5704 rtitioné
969 5651 1291 5704 continentiw
1334 5649 1426 5711 (id
1468 5658 1561 5715 est,
1604 5647 1675 5699 rei

150 5718 388 5792 fatente},
414 5724 536 5793 quia
563 5732 726 5778 totum
756 5724 1015 5778 Cltristum
1043 5723 1286 5777 continet.
1316 5718 1384 5773 Et
1413 5721 1678 5773 matrimo-

1852 4510 2181 4585 °__Mani[estc
2211 4510 2629 4585 bpoloysupc’mc
2664 4518 2806 4583 quod
2842 4510 3067 4582 perinde
3095 4531 3273 4583 sonat,
3302 4537 3366 4576 ac

1776 4581 1819 4657 si
1851 4581 2025 4657 dicas,
2050 4580 2508 4657 IZOIIICSSC,.\':8_I__l—n
2536 4580 2789 4657 confesso
2812 4580 2914 4639 est.
2949 4588 3100 4640 Unde
3136 4580 3366 4657 Ambro-

1777 4652 1888 4724 sius
1917 4648 2216 4724 periphrasi
2250 4649 2485 4724 reddidit
2514 4669 2525 4703 :
2567 4652 2630 4705 Et
2654 4656 2877 4720 quidem,
2910 4658 3076 4724 inquit
3108 4651 3260 4719 (Lib.
3296 4663 3365 4713 ad

1782 4716 2080 4786 Imperat.),
2128 4717 2351 4771 omnium
2392 4716 2728 4797 cnonfessione,
2768 4716 3009 4797 magnum
3051 4716 3125 4780 est
3164 4730 3365 4795 pietatis

1778 4801 2171 4862 sacramentum,
2196 4859 2205 4862 _
2234 4797 2339 4842 etc.
2396 4790 2630 4862 Cyrillus
2688 4799 2831 4850 hunc
2853 4790 3127 4851 'eumdem
3165 4790 3363 4856 locum

1778 4870 1966 4938 contra
1997 4858 2302 4938 Nestorium
2340 4858 2579 4933 allegatis
2613 4883 2625 4917 :
2666 4866 2794 4929 Quis
2825 4871 2884 4929 is,
2928 4884 3119 4938 quaeso,
3156 4879 3248 4934 est,
3282 4872 3365 4926 in-

1780 4932 1916 5006 quit,
1931 5004 1936 5006 _
1961 4934 2047 5000 qui
2090 4932 2142 4983 in
2191 4947 2345 5006 carne
2384 4932 2739 5006 manifestatus
2780 4940 2894 4993 est?
2937 4932 3017 4993 Ἀη
3056 4932 3156 4995 non
3195 4932 3365 4999 modis

1780 5004 2011 5079 omnibus
2040 5004 2366 5079 perspicuum
2393 5017 2488 5079 est,
2521 5004 2621 5063 non
2642 5012 2800 5063 alium
2829 5028 2956 5076 esse,
2983 5030 3139 5079 quam
3170 5017 3360 5079 ipsum-

1780 5083 1878 5154 met
1920 5072 2082 5127 Deum
2123 5072 2381 5154 Verbum?
2407 5078 2549 5154 Hinc
2572 5098 2789 5154 namque
2820 5072 3062 5154 magnum
3092 5072 3224 5138 illud
3258 5088 3364 5150 pie~

1779 5148 1897 5199 tatis
1925 5146 2219 5227 mysterium
2242 5150 2571 5228 perspicitur.
2605 5146 2713 5206 Hic
2731 5146 2981 5228 autetn'ab
3007 5158 3205 5228 angelis
3228 5146 3364 5207 visus

1778 5230 1871 5279 est,
1904 5234 2022 5295 cum
2061 5219 2113 5268 in
2159 5220 2343 5270 coelum
2385 5234 2647 5288 susceptus
2697 5235 2786 5277 est.
2834 5219 3164 5295 Pra’dicalus
3208 5242 3362 5295 porro

1776 5290 2014 5360 gentibus
2036 5299 2228 5360 estAper
2261 5300 2463 5343 sanctos
2502 5297 2777 5359 apostolos.
2812 5294 3050 5351 Creditus
3087 5290 3257 5347 autem
3289 5306 3362 5348 est

1775 5356 1826 5413 in
1860 5358 2068 5411 inundo.
2101 5356 2206 5411 Sed
2237 5364 2483 5428 numquid
2509 5356 2563 5415 ut
2596 5370 2747 5418 homo
2776 5366 3003 5418 absolute
3030 5368 3188 5417 nostri
3212 5366 3359 5417 simi-

1776 5432 1879 5485 lis?
1902 5428 2245 5503 Nequaquam
2273 5444 2291 5481 :
2321 5446 2496 5484 verum
2521 5446 2569 5485 ut
2598 5436 2732 5489 Deus
2763 5437 2915 5488 homo
2944 5440 3129 5503 factus,
3154 5448 3356 5489 nostro-

1776 5519 1868 5571 que
1896 5500 2115 5554 similem
2150 5506 2319 5575 ortum
2361 5506 2589 5557 sortitus.
2625 5508 2926 5575 Assumptus
2944 5500 3159 5557 tandem
3196 5517 3267 5559 est
3306 5509 3357 5560 in

1777 5569 1994 5645 gloriam
2036 5588 2050 5623 :
2094 5588 2193 5645 quo
2234 5569 2439 5625 Putrem
2470 5574 2721 5629 dicentem
2752 5569 2935 5628 audiat
2964 5592 2983 5628 :
3016 5575 3150 5636 Sede
3174 5594 3205 5628 a
3235 5578 3357 5629 dea:-

1781 5644 1871 5697 tris
1902 5644 2231 5721 meiskdouec
2257 5660 2442 5712 ponam
2467 5646 2700 5702 inimicos
2730 5656 2841 5701 tuos
2866 5647 3147 5701 scabellum
3171 5652 3358 5721 pedum

1780 5726 1980 5770 tuorum
2012 5713 2184 5775 (Psal.
2212 5726 2342 5783 Ctx).
