3976 6180
570 132 670 193 131

1893 117 2176 179 JOANNIS
2213 117 2297 175 CA
2307 112 2529 176 SSlANl

3759 116 3868 178 132

569 242 656 305 lis,
687 239 1025 311 prtedicatum
1067 241 1144 291 est
1182 234 1438 307 gentibus,
1473 231 1718 287 creditum
1745 237 1821 285 est
1854 228 1909 284 in
1947 230 2162 294 mundo,
2190 233 2246 295 Α
2269 229 2429 286 haesit
2472 228 2720 285 humana
2755 231 2929 298 carni,
2969 231 3122 301 quasi
3163 230 3319 287 uxori
3359 247 3492 289 ante.
3539 233 3607 288 Et
3649 233 3867 292 idcirco

571 346 893 405 assumptum
925 342 998 387 est
1027 332 1081 386 in
1108 330 1273 400 gloria
1307 329 1376 398 (ll
1406 326 1541 379 Tim.
1575 325 1677 392 nt).
1706 323 1860 390 Quod
1887 339 2019 394 ergo
2049 339 2166 378 ma-

571 445 740 500 gnum
771 436 855 483 est
885 425 1014 480 illud
1043 433 1442 477 sacramentum
1475 417 1620 486 quod
1653 416 2060 472 manifestatum
2083 426 2167 473 est

571 523 628 578 in
655 522 858 578 carne?
887 521 1024 573 Deus
1055 515 1263 569 scilicet
1293 521 1451 566 natus
1480 527 1513 566 e
1538 527 1725 583 carne,
1759 513 1899 567 Deus
1929 512 2079 568 visus
2111 513 2164 566 in

571 629 801 684 corpore
830 630 842 664 :
873 609 963 681 qui
995 608 1181 676 utique
1209 604 1350 658 sicut
1384 605 1558 673 palam
1592 615 1675 659 est
1705 604 2081 660 manifestatur.
2110 605 2164 658 in

574 722 763 769 carne,
797 704 866 756 ita
907 700 1083 770 palam
1118 705 1203 752 est
1233 706 1545 767 assumptus
1583 698 1635 751 in
1665 697 1861 780 gloria.
1896 697 2007 752 lloc
2034 712 2165 768 ergo

571 811 824 866 maguum
842 805 920 848 est
953 802 1380 857 sacramentum,
1401 791 1470 846 de
1498 805 1607 861 quo
1632 790 1750 861 ipse
1773 791 1850 846 ait
1873 809 1886 845 :
1915 790 2167 864 Propter-

569 906 630 945 ea
658 889 910 958 relinquet
941 885 1092 938 homo
1122 893 1321 953 patrem
1348 899 1501 938 suuut
1529 889 1580 938 et
1612 894 1863 951 matrem,
1913 893 1962 938 et
1989 883 2170 939 adhte-

569 984 698 1038 rebit
721 981 869 1035 uxori
886 995 995 1034 sua:
1014 997 1034 1032 :
1055 988 1103 1032 et
1123 986 1273 1032 erunt
1295 980 1396 1031 duo
1412 978 1466 1030 in
1489 993 1642 1032 carne
1660 993 1764 1031 una
1785 974 2004 1042 (Matth.
2028 978 2162 1047 xu).

571 1075 671 1143 Qui
712 1073 932 1128 fuerunt
965 1087 1098 1141 ergo
1142 1070 1250 1126 duo
1294 1071 1346 1125 in
1393 1084 1558 1126 carne
1597 1086 1725 1135 una,
1776 1071 1916 1124 Deus
1961 1071 2168 1126 scilicet

571 1177 732 1237 atque
779 1164 979 1219 anima.
1016 1172 1041 1200 λ
1077 1165 1132 1218 1η
1180 1180 1284 1219 una
1333 1164 1497 1229 enim,
1545 1178 1664 1234 quas
1711 1164 1820 1219 Deo
1865 1165 2016 1218 unita
2060 1172 2166 1230 est,

571 1274 733 1316 carne
763 1257 996 1312 hominis
1029 1257 1170 1312 Deus
1190 1266 1274 1312 est
1301 1266 1462 1326 atque
1484 1258 1685 1324 anima,
1713 1257 2007 1312 secundum
2036 1258 2168 1313 illud

576 1353 751 1425 ipsius
788 1353 1040 1417 Domini,
1092 1351 1255 1405 Nemo
1309 1361 1474 1422 potest
1516 1368 1549 1404 a
1599 1369 1678 1406 me
1717 1352 1896 1406 tollere
1938 1353 2169 1406 animam

575 1464 777 1511 meum;
805 1446 893 1501 sed
916 1463 1010 1517 ego
1042 1461 1175 1515 pono
1199 1462 1310 1500 eam
1338 1463 1369 1498 a
1395 1462 1473 1499 me
1495 1445 1632 1515 ipso.
1663 1443 1981 1506 Potestatem
2009 1447 2169 1499 habeo

576 1539 798 1611 ponendi
824 1554 959 1604 eam,
995 1552 1042 1591 et
1069 1547 1371 1610 potestatem
1395 1538 1554 1591 habeo
1585 1539 1768 1592 iterum
1795 1539 2027 1592 sumendi
2057 1555 2171 1592 eam

2268 323 2336 378 de
2384 331 2538 394 patre
2593 337 2850 395 expresse
2899 325 3056 388 dixit,
3113 325 3383 394 relinquet
3436 326 3600 378 homo
3646 335 3863 395 patrem

2267 429 2424 470 suum
2460 433 2475 469 :
2505 426 2528 454 ε
2554 414 2622 471 de
2651 428 2823 472 matre
2852 424 3032 471 autem
3060 431 3166 470 non
3197 415 3352 484 dixit,
3395 431 3572 482 suam,
3609 418 3704 473 sed
3737 428 3865 473 tan-

2268 507 2548 563 tummodo
2577 516 2808 564 matrem
2839 510 3040 578 posuit,
3080 509 3202 580 quia
3240 526 3346 564 non
3383 519 3498 566 tam
3534 511 3704 580 ipsius
3745 520 3868 567 erat

2267 610 2462 670 mater,
2498 618 2657 673 quam
2687 604 3065 660 universorum
3105 603 3468 670 credentium,
3513 605 3565 658 id
3595 615 3699 668 est,
3748 623 3868 660 0m-

2267 697 2417 753 nium
2463 712 2728 753 nostrum.
2781 700 2848 753 Et
2891 699 3177 768 adjunctus
3221 708 3305 753 est
3348 697 3508 752 uxori
3553 715 3689 764 sure,
3741 701 3864 764 quia

2267 789 2408 846 sicut
2432 792 2514 845 vir
2548 801 2605 847 et
2644 791 2840 846 mulier
2867 807 3038 847 unum
3080 806 3278 861 corpus
3320 801 3465 861 sunt,
3505 791 3579 844 ita
3607 791 3866 861 majestas

2267 883 2568 939 divinitatis
2614 893 2669 940 et
2713 899 2839 940 caro
2871 883 3104 938 hominis
3148 884 3429 948 uniuntur,
3470 890 3526 938 et
3567 883 3698 938 facti
3744 892 3866 938 sunt

2268 975 2397 1042 duo,
2448 978 2499 1032 id
2543 988 2648 1045 est,
2694 978 2838 1033 Deus
2869 988 3030 1048 atque
3059 976 3238 1032 anima
3279 978 3333 1031 in
3374 991 3538 1032 carne
3569 993 3700 1033 una.
3730 978 3866 1046 Q'tia

2269 1071 2413 1126 sicut
2442 1085 2570 1126 caro
2600 1072 2688 1126 illa
2730 1071 3086 1126 habitatorem
3121 1070 3176 1125 in
3220 1085 3282 1125 se
3319 1069 3508 1125 habuit
3552 1071 3747 1138 Deum,
3796 1074 3867 1128 ita

2269 1164 2501 1218 animam
2532 1179 2749 1234 quoque
2791 1163 2844 1218 in
2889 1178 2950 1219 se
2993 1162 3394 1218 cohabitantem
3431 1162 3563 1219 Deo.
3594 1163 3704 1218 lloc
3738 1179 3869 1234 ergo

2273 1273 2524 1327 magnum
2554 1268 2640 1312 est
2667 1257 2798 1311 illud
2830 1266 3253 1322 sacramentum,
3298 1255 3364 1309 ad
3409 1254 3552 1326 quod
3591 1257 3868 1327 inquiren-

2271 1347 2397 1403 dum
2431 1363 2532 1403 nos
2560 1349 2850 1404 admiratio
2879 1349 3121 1418 Apostoli
3148 1356 3304 1403 vocat
3346 1357 3402 1403 et
3443 1347 3752 1403 adhortatio
3782 1349 3866 1404 Di-

2271 1443 2513 1498 vinitatis
2545 1443 2733 1497 invitat
2773 1461 2786 1496 :
2831 1459 2936 1496 non
2967 1443 3203 1498 alienum
3243 1442 3428 1511 utique
3455 1443 3615 1498 etiam
3647 1459 3677 1496 τι
3709 1443 3868 1497 Chri-

2273 1543 2358 1591 sto
2401 1546 2458 1590 et
2504 1535 2572 1590 ab
2611 1534 2880 1601 Ecclesia,
2922 1542 2981 1588 ut
3029 1535 3143 1605 ipse
3172 1535 3268 1601 ait,
3312 1549 3412 1604 ego
3449 1544 3628 1588 autem
3659 1533 3785 1588 dico
3812 1532 3865 1588 itt

578 1635 763 1708 (Joan.
795 1631 872 1707 x).
903 1634 1026 1687 Tria
1057 1649 1187 1702 ergo
1217 1647 1358 1686 nunc
1389 1631 1438 1684 in
1473 1629 1521 1684 ιι.
1547 1646 1576 1686 c
1607 1632 1776 1694 vides,
1817 1633 2004 1695 Deum,
2041 1645 2165 1686 car-
2198 1633 2244 1692 B
2270 1627 2487 1684 Christo
2530 1635 2586 1682 et
2623 1628 2680 1682 in
2723 1628 2983 1682 Ecclesia.
3026 1627 3159 1694 Quia
3200 1637 3254 1682 et
3293 1642 3420 1682 caro
3452 1625 3713 1682 Ecclesia:
3739 1640 3868 1681 caro

576 1744 726 1792 nem,
758 1728 990 1782 animam
1027 1745 1039 1780 :
1077 1726 1216 1779 Deus
1244 1731 1351 1793 est,
1383 1727 1472 1795 qui
1505 1725 1780 1794 loquitur;
1809 1740 1957 1794 caro,
1987 1726 2042 1780 in
2065 1740 2170 1794 qua

575 1820 850 1892 loquitur;
896 1821 1100 1886 anitua,
1142 1819 1207 1874 de
1253 1833 1355 1887 qua
1399 1817 1659 1886 loquitur.
1708 1819 1999 1888 Propterea
2040 1833 2170 1888 ergo

575 1913 742 1970 homo
772 1913 863 1968 ille
897 1911 965 1966 de
995 1927 1102 1981 quo
1131 1908 1395 1980 propheta
1425 1908 1578 1977 dicit,
1611 1907 1638 1946 δ
1670 1907 1855 1962 Frater
1885 1927 1988 1963 non
2027 1910 2168 1963 redi-

576 2008 692 2075 mit,
735 2007 949 2061 redimet
989 2006 1140 2058 homo
1166 2011 1184 2074 (
1208 2003 1409 2057 Psalm.
1449 2003 1691 2073 XLVIII)?
1721 2004 1844 2070 Qui,
1876 2011 1936 2058 ut
1963 2004 2169 2059 dictum

577 2112 682 2172 est,
715 2099 948 2154 ascendit
977 2097 1062 2151 ubi
1090 2107 1197 2151 erat
1222 2097 1367 2168 prius
1392 2093 1570 2164 (Joan.
1597 2095 1698 2166 vt),
1723 2105 1777 2150 et
1805 2097 1872 2151 de
1899 2113 2005 2166 quo
2036 2097 2168 2166 legi-

576 2207 720 2257 mus,
754 2192 921 2245 Nemo
949 2190 1182 2243 ascendit
1219 2190 1274 2242 in
1315 2188 1529 2255 caelum,
1564 2189 1661 2242 nisi
1702 2189 1790 2260 qui
1825 2190 1888 2243 de
1922 2190 2046 2243 calo
2075 2189 2166 2244 de-

576 2283 776 2338 scendit
797 2278 972 2336 Filius
997 2280 1346 2351 hominis,qui
1366 2289 1441 2334 est
1472 2279 1524 2333 in
1553 2277 1872 2350 cmlo(.loau.
1901 2283 2004 2349 ιιι).
2035 2282 2169 2336 Pro-

575 2386 700 2448 pter
742 2374 866 2439 buc,
909 2374 1149 2446 inquam,
1198 2373 1422 2442 reliquit
1464 2371 1626 2427 homo
1673 2383 1879 2442 patrem
1919 2391 2075 2428 suum
2116 2386 2173 2430 et

576 2477 830 2535 matrem,
879 2467 931 2520 id
969 2474 1074 2529 est,
1116 2466 1284 2519 Deum
1315 2481 1384 2520 ex
1413 2480 1521 2534 quo
1552 2475 1712 2519 natus
1739 2473 1840 2528 est,
1874 2473 1928 2519 et
1957 2465 2176 2520 Jerusa-

577 2558 683 2618 lem
711 2561 856 2617 illam
885 2575 1007 2630 qua:
1046 2567 1128 2614 est
1170 2566 1342 2613 mater
1383 2559 1624 2614 omnium
1676 2566 1958 2622 nostrum;
1996 2567 2051 2614 ct
2082 2559 2176 2614 ad-

2271 1720 2478 1778 Christi
2497 1729 2604 1789 est,
2629 1719 2760 1776 etin
2785 1734 2947 1776 carne
2969 1719 3174 1776 Christi
3199 1719 3342 1776 Deus
3362 1726 3450 1773 est
3469 1726 3628 1788 atque
3653 1719 3864 1784 anima;

2272 1832 2336 1872 ac
2363 1817 2432 1872 sit
2461 1816 2606 1870 idem
2636 1816 2690 1870 in
2719 1813 2939 1871 Christo
2967 1814 3113 1886 quod
3145 1814 3198 1869 in
3232 1812 3496 1879 Ecclesia,
3528 1814 3655 1883 quia
3683 1827 3866 1867 sacra-

2273 1916 2514 1964 mentum
2557 1906 2699 1978 quod
2743 1907 2798 1962 in
2839 1906 3040 1961 Christi
3087 1919 3251 1962 carne
3277 1904 3537 1973 creditur,
3569 1905 3732 1988 etiam
3764 1902 3867 1960 ﬁde

2272 2000 2330 2057 in
2359 2001 2600 2056 Ecclesia
2631 1999 2966 2056 continetur.

2866 2090 3098 2148 CAPUT
3136 2090 3281 2147 Xlll.

2281 2187 2490 2256 Quanto
2520 2185 2775 2241 desiderio
2819 2194 3011 2239 ueteres
3044 2181 3354 2254 patriarchae
3380 2181 3687 2260 sacramenti
3720 2181 3870 2236 istius

2613 2279 2973 2334 reuelationem
3001 2277 3173 2331 videre
3195 2284 3522 2349 exaptaruut.

2354 2375 2472 2430 Hoc
2501 2389 2628 2444 ergo
2652 2380 3076 2440 sacramentum,
3108 2370 3252 2441 quod
3283 2381 3336 2424 et
3365 2368 3760 2425 manifestatum
3789 2374 3872 2423 est

2283 2469 2336 2524 in
2361 2484 2545 2536 carne,
2571 2478 2626 2523 ct
2653 2467 2902 2537 apparuit
2931 2466 2986 2518 in
3012 2465 3239 2531 mundo,
3267 2472 3321 2519 et
3339 2465 3588 2536 gentibus
3614 2463 3868 2534 praedica-

2283 2570 2393 2627 tur,
2437 2560 2465 2599 ἀ
2496 2561 2651 2616 multi
2694 2569 3005 2616 sanctorum
3049 2568 3293 2615 veterum
3335 2558 3475 2616 sicut
3505 2557 3869 2628 praevidebant

1670 2693 1927 2748 ALARDl
1967 2694 2202 2751 ΟΑΖᾸΞΙ
2239 2697 2799 2754 COMMENTARIUS.

650 2822 679 2851 ι
704 2807 1007 2879 Singularis
1031 2808 1161 2860 mihi
1184 2808 1398 2862 videtur
1423 2809 1712 2863 Cassianus
1744 2809 1795 2862 in
1822 2810 1925 2863 hac
1955 2824 2048 2862 sua
2081 2809 2166 2865 in-

580 2882 967 2951 terpretatione
997 2897 1114 2948 qua:
1144 2879 1279 2933 nulli
1300 2889 1546 2934 veterum
1571 2882 1718 2935 venit
1741 2883 1789 2933 in
1823 2892 2077 2945 mentem,
2112 2890 2171 2935 ut

619 2963 728 3008 atet
766 2969 830 3007 ex
876 2952 1031 3005 dictis
1069 2969 1083 3004 :
1125 2967 1225 3004 nec
1265 2952 1395 3004 satis
1427 2953 1656 3018 quadrat
1695 2953 1854 3006 dictis
1898 2954 2166 3017 Apostoli.

619 2971 728 3008 atet
766 2971 830 3007 ex
876 2971 1031 3005 tllCltS
1069 2971 1083 3004 :
1125 2971 1225 3004 nec
1265 2971 1395 3004 satis
1427 2971 1656 3018 quadrat.
1695 2971 1854 3006 uicus
1898 2971 2166 3017 ApOSLOII.

581 2971 698 3085 gon
741 3027 885 3078 enim
930 3029 1004 3076 ait
1044 3023 1439 3076 Sacramentum
1475 3021 1572 3076 hoc
1621 3039 1864 3093 magnum
1899 3032 1972 3076 est
2016 3041 2034 3076 :
2078 3041 2170 3093 ego

581 3105 751 3151 autem
793 3096 910 3148 dico
949 3096 1003 3147 in
1038 3093 1242 3149 Christo
1280 3106 1507 3159 tantum,
1543 3094 1661 3160 sed,
1707 3095 1760 3148 in
1803 3095 2009 3148 Christo
2039 3105 2088 3147 et
2119 3097 2171 3148 in

583 3165 841 3222 Ecclesia.
875 3167 1142 3233 Quorsum
1191 3166 1334 3220 enim
1374 3165 1598 3220 adderet
1635 3176 1684 3220 et
1724 3167 1777 3219 in
1818 3162 2073 3228 Ecclesia,
2127 3166 2172 3220 si

2277 2811 2394 2866 lucc
2422 2813 2586 2866 verba
2614 2831 2626 2865 :
2663 2812 2944 2883 Exspectas
2973 2821 3029 2865 ut
3052 2812 3200 2866 homo
3231 2820 3279 2866 te
3296 2812 3518 2866 redimat
3554 2813 3620 2866 ab
3645 2813 3732 2867 ira
3754 2828 3866 2867 uen-

2278 2887 2437 2937 tura?
2459 2884 2520 2938 Si
2553 2893 2599 2936 te
2623 2885 2782 2953 frater
2806 2901 2908 2936 non
2947 2885 3181 2945 redimet,
3214 2885 3367 2936 homo
3418 2896 3467 2935 te
3515 2886 3868 2955 redempturus

2278 2955 2400 3009 est?
2433 2957 2559 3018 Qris
2589 2969 2657 3005 est
2690 2956 2870 3022 frater,
2894 2956 3041 3021 quisi
3062 2971 3162 3006 non
3191 2955 3482 3018 redemerit,
3514 2954 3701 3009 nullus
3720 2955 3864 3007 homo

2277 3027 2639 3096 redempturus
2669 3037 2740 3078 est
2766 3027 2791 3079 Ρ
2824 3026 2922 3092 Qui
2955 3026 3509 3096 postrresurrertiouem
3535 3042 3688 3096 suam
3710 3026 3867 3079 dixit:

2291 3093 2560 3166 Καάινζάὲε
2591 3098 2837 3162 fratribus
2867 3099 2986 3150 meis
3016 3097 3032 3166 (
3059 3094 3248 3148 Matth.
3286 3111 3451 3148 xxvttt
3481 3111 3494 3158 ;
3527 3093 3690 3166 Ιοίαιι.
3739 3111 3806 3150 xx
3831 3099 3863 3160 ).

2282 3165 2472 3220 Frater
2497 3180 2664 3221 naster
2697 3170 2851 3219 roluit
2895 3185 3018 3232 esse,
3051 3177 3097 3221 et
3130 3184 3243 3219 cum
3276 3168 3491 3219 dicimus
3520 3182 3539 3219 :
3580 3165 3745 3220 Pater
3781 3183 3865 3219 uo-

584 3235 958 3293 taututumodo
994 3239 1269 3292 Christum
1308 3245 1601 3305 spectaret,
1637 3237 1742 3292 hoc
1777 3248 1881 3300 est,
1916 3239 2170 3291 unionem
2200 3237 2245 3298 C
2279 3249 2403 3303 ater,
2440 3238 2535 3291 hoc
2575 3244 2938 3309 manifestatur
2966 3243 3017 3291 iu
3051 3239 3214 3309 nobis.
3271 3237 3369 3304 Qui
3398 3240 3537 3309 enim
3565 3238 3692 3290 dicit
3727 3237 3824 3291 Deo
3846 3252 3864 3289 :

584 3309 743 3364 Verbi
788 3327 908 3362 cum
951 3311 1131 3363 anima
1178 3311 1230 3362 in
1280 3325 1442 3363 carne
1478 3310 1701 3372 Christi,
1740 3319 1800 3363 ut
1849 3310 1934 3362 hic
1967 3314 2173 3362 Auctor

585 3381 836 3441 esponil?
865 3382 1110 3447 quamvis
1135 3395 1258 3433 vera
1287 3381 1414 3443 sint,
1440 3395 1558 3448 quas
1583 3381 1652 3433 de
1678 3380 1777 3433 hac
1801 3383 2000 3432 unione
2023 3381 2173 3434 dicit.

587 3451 862 3507 Printerea
899 3452 982 3502 illa
1019 3453 1406 3503 commentatio
1438 3453 1524 3502 hic
1555 3451 1805 3518 adjuncta
1837 3468 1848 3501 :
1892 3449 2056 3502 Homo
2088 3451 2176 3502 ille

587 3523 651 3578 de
688 3539 786 3591 quo
824 3522 1072 3593 propheta
1103 3521 1174 3572 ait
1204 3536 1227 3593 :_
1261 3519 1444 3572 Frater
1473 3535 1574 3571 non
1601 3521 1809 3593 redivit,
1843 3529 1984 3584 etc.;
2026 3524 2176 3593 Itonia

588 3584 834 3657 inquam:
857 3584 943 3644 ille
964 3592 1180 3646 adiuuit
1209 3590 1449 3642 humana:
1476 3591 1638 3655 carni,
1672 3593 1820 3660 quasi
1847 3594 1992 3642 uxori
2021 3584 2129 3644 εὐτυ
2155 3607 2173 3644 :

588 3679 749 3733 quam
774 3665 906 3716 dura
929 3665 1020 3724 sit,
1046 3675 1096 3716 ct
1122 3678 1149 3713 a
1180 3677 1341 3714 sensu
1372 3662 1668 3728 Scriptura:
1699 3675 1983 3723 extranea,
2019 3679 2177 3715 nemo

589 3749 696 3789 ItOll
728 3735 898 3795 videt,
929 3735 1175 3801 quamvis
1204 3748 1323 3787 eam
1358 3733 1582 3785 inferius
1614 3748 1872 3787 excusare.
1896 3749 1957 3787 ac
1981 3734 2176 3786 deft-n-

589 3806 718 3862 dcrc
750 3817 968 3860 nitatur.
1007 3810 1072 3858 At
1115 3809 1199 3857 hic
1239 3805 1399 3858 liceat
1444 3805 1544 3872 ipsi
1589 3804 1875 3858 abundare
1919 3808 1968 3856 in
2015 3821 2176 3858 smsu

591 3893 713 3938 suo,
739 3877 828 3930 llltl
859 3894 956 3946 pro
989 3878 1112 3938 lide,
1151 3892 1256 3929 non
1289 3888 1500 3939 contra,
1529 3878 1765 3929 abundat.
1793 3887 1843 3927 et
1873 3877 2100 3928 laborat.

662 3948 689 3987 δ
727 3949 1031 4002 Χέιίςίειιιιιδ
1066 3949 1152 3999 Ιιῖε
1202 3948 1348 4000 varie
1396 3965 1424 3998 ιι
1471 3948 1719 4000 l’atribus
1750 3959 2059 4011 exponitur.
2112 3950 2174 4002 D.

593 4020 916 4076 Ambrosius
942 4036 1062 4072 cmn
1093 4019 1352 4072 Cassiano
1381 4018 1650 4068 consentit
1704 4017 1804 4068 huc
1848 4031 2182 4071 Ctttttlllelll'd-

592 4093 673 4146 rio
706 4110 719 4145 :
757 4091 917 4156 Quem
947 4091 1106 4159 frater
1134 4091 1311 4140 eodem
1334 4087 1509 4159 matris
1544 4099 1685 4139 utero
1713 4087 1902 4153 e/fusus
1928 4090 1976 4139 in
2012 4088 2181 4143 lucem

593 4164 842 4215 redimere
873 4158 970 4212 non
996 4168 1176 4226 potest.
1205 4162 1322 4223 quia
1358 4158 1760 4226 parilisuatura:
1787 4160 2084 4221 in/irmitate
2104 4179 2181 4214 re-

594 4235 806 4294 tinetur,
835 4225 1248 4300 rednnethomo,
1278 4230 1366 4300 sed
1415 4228 1504 4300 ille
1535 4225 1688 4300 homo
1715 4229 1778 4279 de
1804 4245 1904 4300 quo
1936 4233 2182 4300 scripturn

594 4313 665 4355 est
687 4303 805 4370 quia
833 4301 993 4370 mittet
1019 4298 1124 4351 illis
1159 4299 1408 4350 Dominus
1440 4297 1692 4370 hominem
1724 4299 1810 4364 qui
1840 4297 2054 4352 salvabii
2099 4318 2183 4354 eos

603 4369 783 4444 (Isaia:
808 4369 1064 4444 ιιι),ηυὶ
1095 4370 1158 4421 de
1184 4370 1349 4444 seipse
1373 4370 1502 4420 dixit
1530 4383 1547 4420 :
1584 4369 1827 4444 Queritis
1857 4388 1934 4444 me
1958 4372 2184 4426 occidere

597 4439 851 4496 hominem
881 4442 969 4512 qui
989 4439 1265 4512 ueritatem
1293 4439 1495 4494 locutus
1519 4455 1631 4493 sum
1663 4441 1803 4494 vobis
1832 4439 2010 4508 (Iaan.
2043 4446 2179 4510 vui).

597 4514 665 4570 Et
694 4513 830 4567 infra
865 4511 900 4565 εν
933 4512 1090 4567 Solus
1136 4511 1426 4578 redemptor
1469 4511 1809 4582 intelligitur,
1859 4515 1944 4582 qui
1978 4525 2185 4580 peccato

599 4586 752 4639 t‘eteri
781 4584 1032 4638 obnoxius
1060 4599 1166 4637 esse
1215 4600 1316 4635 non
1360 4584 1538 4654 possit.
1591 4579 1728 4654 Ergo
1777 4579 2171 4654 per’ltominem,

600 4656 873 4710 Dominum
906 4654 1088 4726 Iesum
1133 4655 1480 4726 intelligamus
1509 4694 1523 4717 ,
1568 4655 1655 4724 qui
1691 4656 1915 4724 suscepit
1951 4657 2174 4710 hominis

597 4731 955 4786 COlldtllOttt’nl,
992 4736 1045 4777 ut
1074 4725 1128 4778 in
1151 4725 1416 4796 carnesua
1442 4738 1704 4794 peccatum
1728 4729 1949 4780 omnium
1971 4729 2180 4796 cruci/i-

601 4812 753 4866 garet.
788 4811 833 4850 et
863 4795 1260 4868 chirographum
1284 4799 1631 4849 uniuersorum
1654 4813 1748 4849 suo
1760 4813 1938 4850 cruore
1965 4795 2174 4852 deleret.

600 4874 673 4921 Ita
699 4869 1040 4923 Ambrosius.
1089 4869 1165 4921 Ad
1202 4868 1262 4921 D.
1294 4868 1650 4936 Hieronymus
1675 4884 1770 4935 per
1801 4869 2187 4936 interrogatio-1

601 4955 722 4990 netn
761 4942 885 5001 legit
934 4942 1034 4991 hoc
1064 4937 1268 4992 modo:
1321 4934 1513 4989 Frater
1557 4934 1684 4989 non,
1708 4939 1939 5002 redemit,
1968 4934 2182 4992 redimet

600 5009 790 5061 homo?
837 5012 896 5061 lit
927 5009 1058 5063 duis
1101 5009 1336 5077 suggerit
1381 5009 1895 5071 interpretationes:
1944 5009 2003 5064 Si
2033 5009 2183 5062 Chri-

598 5093 730 5142 stus,
765 5081 957 5147 iuquit,
983 5097 1083 5132 non
1111 5080 1318 5132 redemit
1360 5080 1377 5149 (
1409 5079 1532 5132 itlos
1563 5079 1767 5131 scilicet
1789 5079 1875 5146 qui
1903 5084 2180 5135 Conlidunt

602 5154 650 5204 in
685 5156 878 5203 virtute
909 5165 1026 5213 Sua,
1048 5151 1198 5219 etc),
1231 5152 1316 5219 qui
1341 5165 1394 5203 se
1416 5151 1622 5220 fratrem
1645 5151 1776 5202 dixit
1804 5149 2174 5219 apestolorum,

597 5237 640 5276 ct
689 5222 998 5294 resurgendo
1039 5221 1206 5290 factus
1251 5233 1321 5274 est
1367 5224 1733 5292 primoqenitus
1779 5223 2180 5289 resurgentium;

601 5311 699 5347 non
725 5301 933 5347 redimet
962 5294 1152 5350 Adam,
1183 5295 1302 5358 quia
1325 5295 1518 5362 primus
1549 5295 1702 5345 homo
1733 5305 1958 5345 mortuus
1981 5309 2081 5344 non
2101 5309 2185 5345 re-

599 5370 838 5419 surrexit.
899 5364 1038 5419 Nam
1071 5366 1232 5434 frater
1263 5372 1432 5416 ttosler
1459 5364 1690 5417 Chriuus
1722 5375 1815 5427 est,
1848 5362 1986 5415 Deus
2011 5376 2057 5416 et
2089 5363 2183 5416 lto-

602 5452 706 5499 mo,
737 5440 822 5501 qui
866 5454 958 5501 nos
1000 5437 1247 5500 redemit;
1290 5438 1387 5494 uel,
1430 5435 1564 5502 quod
1589 5453 1687 5486 non
1721 5438 1929 5488 redemit
1958 5434 2180 5504 Moyses,

601 5509 812 5560 redemit
860 5508 1110 5560 Christus.
1155 5510 1277 5567 lltcc
1313 5506 1688 5574 llterquymus,
1721 5523 1816 5560 seu
1851 5510 1971 5573 quis
1997 5517 2184 5560 auctor

602 5582 717 5642 ejus
751 5581 1160 5632 Cutntncttturii.
1182 5577 1299 5643 Cui,
1335 5581 1507 5646 qttoad
1535 5578 1764 5644 priorem
1795 5583 2182 5640 expositionem

605 5660 662 5701 et
710 5652 1182 5715 interrogationem
1225 5652 1393 5714 diam,
1440 5650 1713 5702 consentit
1756 5649 2086 5717 Augustinus
2130 5650 2183 5702 in

2205 4619 2258 4678 Ι)

2281 3311 2440 3364 Pater
2469 3324 2657 3365 noster.
2695 3307 2898 3362 tltristo
2938 3311 3060 3363 dicit
3093 3326 3111 3363 :
3154 3307 3357 3362 Frater.
3391 3307 3528 3379 Ergo
3557 3310 3601 3361 si
3632 3315 3743 3376 ipse
3770 3324 3864 3379 u_tm

2278 3383 2511 3444 redimet,
2557 3382 2772 3434 redimet
2804 3384 2952 3433 homo
2978 3383 3001 3434 ?
3031 3380 3227 3450 Aliquis
3259 3382 3407 3431 homo
3435 3375 3676 3446 rEdimet,
3706 3381 3749 3450 si
3777 3375 3863 3429 Fi-

2278 3451 2380 3504 lius
2430 3454 2651 3504 ltouinis
2697 3469 2798 3505 non
2833 3453 3083 3504 redim-t?
3127 3449 3191 3505 Si
3234 3451 3468 3503 Christus
3515 3467 3611 3504 non
3643 3449 3860 3512 redimit,

2281 3523 2446 3575 Adam
2477 3525 2685 3575 redimet
2713 3526 2734 3575 ?
2774 3523 2865 3575 Sic
2912 3525 3261 3587 Augustinus.
3295 3525 3715 3592 Cbrystistontus
3746 3533 3864 3573 vero

2281 3602 2337 3648 et
2367 3595 2453 3646 alii
2493 3604 2661 3646 totum
2695 3595 2761 3647 tle
2788 3595 3001 3647 Christo
3033 3593 3477 3658 inierprelantttr,
3501 3595 3551 3645 itt
3583 3592 3726 3644 hunc
3757 3604 3861 3642 mo-

2281 3667 2407 3734 dum
2440 3683 2452 3717 :
2491 3667 2602 3718 Non
2638 3666 2867 3719 redimet
2896 3663 3143 3717 Christus
3174 3663 3192 3734 (
3226 3663 3483 3719 mundum
3528 3662 3775 3730 st'ilicet)
3815 3669 3864 3712 ιιι

2283 3733 2468 3794 frater.
2502 3737 2602 3788 hoc
2635 3749 2739 3797 est,
2771 3749 2819 3786 ut
2849 3735 3090 3795 Judmus,
3116 3733 3231 3786 sive
3266 3751 3360 3804 per
3381 3739 3547 3803 lege-ut
3571 3734 3858 3804 Judaicaur,

2281 3807 2375 3857 sed
2411 3817 2467 3861 ut
2501 3813 2658 3857 ban
2692 3807 2885 3859 factus.
2940 3807 3121 3870 .Neque
3161 3800 3360 3874 prnsui
3393 3800 3764 3869 redemptione
3790 3800 3862 3854 ol-

2282 3875 2422 3930 [ει-ει
2470 3879 2729 3943 seipSum.
2787 3890 2886 3928 nec
2931 3878 3076 3928 dabit
3108 3877 3215 3929 Ι)εο
3249 3880 3598 3944 placatione":
3631 3889 3783 3930 suam
3813 3879 3863 3925 et

2283 3958 2512 4014 pri-tuum
2543 3947 2933 4013 redemptionis
2964 3950 3156 3999 anima:
3190 3965 3318 4007 μην,
3365 3949 3457 4001 sed
3491 3964 3582 4015 pro
3609 3949 3730 4001 aliis
3755 3960 3862 3997 om-

2282 4019 2459 4070 nibus.
2487 4020 2732 4071 Christus
2757 4034 2859 4071 non
2881 4035 2974 4072 sua
3000 4020 3142 4072 cnim
3161 4033 3346 4084 causa,
3376 4020 3469 4072 sed
3498 4029 3703 4084 nostra,
3729 4029 3863 4070 mor-

2283 4097 2404 4142 tuus
2431 4104 2532 4143 est.

2360 4171 2383 4199 ο
2407 4161 2603 4230 Arguta
2631 4161 2958 4227 observatio,
2975 4160 3126 4231 quasi
3151 4175 3253 4214 nun
3279 4160 3856 4222 subaudiretur,suam,

2284 4231 2423 4285 sicut
2455 4244 2580 4286 ante
2612 4234 2952 4299 exprimitur,
2985 4249 3154 4286 suum.
3206 4231 3364 4286 Certe
3397 4233 3458 4285 Ι).
3509 4231 3856 4302 Hieronymus

2285 4303 2339 4356 in
2392 4304 2798 4357 Commentario
2852 4305 3105 4373 Epistula:
3146 4302 3211 4355 ad
3262 4303 3558 4371 Ephesios,
3615 4302 3767 4373 habet
3811 4304 3861 4350 et

2283 4390 2432 4425 suum
2462 4385 2518 4427 ct
2559 4392 2726 4438 suam,
2763 4372 2984 4428 Iicetitbi
3017 4373 3226 4426 omittat
3255 4389 3421 4426 suam.
3473 4375 3610 4438 Quin
3659 4381 3712 4424 et
3757 4372 3860 4439 ipse

2284 4444 2580 4517 Cassianus
2601 4449 2851 4510 superius
2880 4443 3024 4517 (Cap.
3064 4443 3153 4515 Η)
3189 4446 3257 4498 ita
3286 4447 3469 4498 citavit
3493 4461 3505 4494 :
3534 4441 3753 4508 PrOpter
3772 4451 3861 4517 hoc

2285 4517 2531 4584 relinquet
2561 4508 2711 4568 homo
2738 4508 2934 4586 patrem
2974 4508 3145 4568 'suum'
3179 4525 3228 4569 et
3271 4527 3481 4568 matrem
3523 4530 3689 4586 suam,
3719 4508 3854 4579 quod

2290 4590 2483 4640 rnirtun
2519 4598 2598 4641 est
2631 4585 3050 4654 ipsiexcidism,
3080 4588 3181 4640 nisi
3212 4593 3390 4640 textus
3416 4587 3487 4638 sit
3514 4585 3745 4638 vitiatus.

2351 4654 2379 4695 ἀ
2407 4658 2782 4711 Consenlauuc
2818 4660 2939 4712 ltuic
2974 4660 3092 4710 loci)
3126 4659 3183 4710 Β.
3221 4659 3454 4712 Iron-cus
3485 4656 3579 4711 lib.
3603 4672 3650 4709 tv
3682 4655 3859 4706 adver-

2281 4744 2374 4781 sus
2425 4728 2658 4782 hu'rcses
2686 4745 2803 4796 cap.
2849 4730 2936 4783 5i.
2993 4729 3288 4795 Quoniam,
3323 4729 3530 4798 inquit,
3564 4745 3664 4798 non
3707 4725 3856 4778 solum

2282 4801 2563 4868 prophetia,
2595 4802 2680 4851 sed
2710 4809 2757 4851 et
2777 4802 2911 4870 justi
2957 4800 3102 4852 multi
3133 4796 3452 4869 prtvscientes
3496 4815 3584 4865 per
3617 4796 3855 4870 Spiritum

2281 4865 2554 4942 adventum
2581 4873 2712 4940 ejus,
2764 4865 3034 4925 braver-unt
3076 4865 3139 4923 in'
3161 4871 3302 4942 illud
3344 4878 3546 4942 tempus
3588 4869 3780 4926 venire,
3809 4865 3854 4911 in

2281 4957 2383 5011 quo
2421 4941 2552 5009 facie
2581 4942 2648 4992 ad
2679 4943 2859 5011 faciem
2888 4945 3116 4995 riderent
3148 4941 3420 4994 Dominum
3448 4941 3628 5003 suum,
3684 4948 3852 5012 et‘serO-

2285 5005 2457 5066 inanes
2490 5014 2602 5079 ejus
2631 5005 2887 5071 audirent,
2927 5013 3178 5066 Dominus
3207 5013 3322 5081 ferit
3354 5013 3684 5082 manifestum
3715 5005 3853 5082 (ζίξτίο

2287 5083 2424 5152 pulis
2449 5076 2622 5156 dicens
2647 5099 2664 5136 :
2696 5082 2852 5135 Multi
2882 5083 3143 5151 propheta:
3183 5076 3230 5136 et
3251 5085 3384 5156 justi
3411 5076 3852 5156 cupieruntut‘t'tleﬂ‘

2284 5147 2400 5224 qua:
2424 5155 2623 5216 videtis,
2657 5165 2702 5205 et
2735 5171 2834 5206 non
2865 5147 3118 5215 uiderunt,
3144 5166 3193 5208 et
3220 5147 3404 5207 aitdire
3439 5147 3553 5221 qitre
3583 5151 3786 5224 auditis,
3813 5147 3853 5193 εί

2286 5218 2389 5276 non
2419 5227 2694 5278 audierunt
2725 5224 2940 5294 (Matth.
2968 5241 3083 5287 xm,
3132 5226 3255 5278 Luc.
3298 5224 3378 5294 Χ).
3437 5218 3854 5294 Quemadmodum

2287 5295 2450 5362 igitur
2477 5288 2844 5362 concupierunt
2866 5305 2910 5348 et
2937 5299 3122 5350 audire
3143 5306 3190 5349 et
3209 5288 3400 5357 uidere,
3427 5296 3531 5349 nisi
3559 5288 3857 5365 pra'scisseul

2290 5365 2518 5436 futurum
2546 5370 2657 5439 ejus
2689 5367 2998 5420 adventant?
3030 5367 3298 5434 Quomodo
3329 5377 3498 5420 autem
3528 5364 3757 5434 praescire
3776 5370 3854 5439 11ft;

2290 5421 2513 5495 inerunt.
2565 5421 2666 5489 irisi
2699 5439 2761 5488 ab
2791 5439 2902 5502 ipso
2944 5421 3319 5505 prte‘scientiam
3367 5448 3488 5491 ante
3525 5421 3857 5507 accepturu”

2291 5518 2397 5562 etc.
2437 5509 2525 5561 Est
2560 5520 2736 5560 autem
2772 5511 2822 5561 in
2857 5504 2969 5562 illis
2995 5511 3202 5562 Domini
3232 5511 3409 5561 verbis
3439 5504 3849 5562 observandum.

2291 5582 2434 5648 quod
2471 5582 2752 5632 Matth-mus
2785 5581 3074 5647 protihetas
3099 5592 3152 5633 et
3173 5579 3368 5647 justus.
3398 5582 3570 5633 Lucas
3596 5593 3718 5630 vero
3748 5581 3856 5648 gift?

2297 5636 2488 5720 phetas
2513 5661 2568 5705 et
2596 5667 2754 5720 reges
2782 5636 3101 5706 nominavit.
3132 5636 3201 5705 Εἰ·
3225 5649 3489 5706 credibile
3509 5661 3614 5718 est,
3646 5650 3716 5702 ait
3744 5636 3860 5696 ιλιι
