3976 6180
195 193 289 252 I33

1230 187 1321 248 DE
1360 192 1875 256 INCARNATIONF.
1914 196 2191 257 CHRISTI
2225 199 2355 258 LIB.
2398 201 2467 260 ν.

3382 214 3481 277 131,

191 304 241 362 in
262 303 485 373 Spiritu,
517 302 597 357 ita
621 300 814 357 videre
844 301 1004 357 etiam
1034 301 1087 356 in
1117 317 1279 359 carne
1302 307 1610 363 voluerunt.
1630 311 1791 367 Amen
1817 316 1871 378 Α
1894 312 2027 380 dixi,
2071 315 2162 384 qui
2190 315 2481 375 adventum
2512 319 2677 390 ipsius
2718 324 3075 392 precabantur
3098 370 3113 389 .
3145 328 3227 387 sic
3256 346 3370 389 erat
3416 354 3481 395 ac

195 401 358 463 enim,
386 398 565 467 inquit
586 396 874 461 Dominus,
904 396 1020 451 dico
1040 397 1177 452 vobis
1207 401 1330 469 quia
1363 403 1509 457 multi
1530 404 1793 476 prop/tetas

196 504 236 547 ct
256 492 397 565 justi
428 495 694 561 cupierunt
724 489 900 544 videre
926 508 1043 561 quia
1078 507 1165 548 vos
1195 495 1416 559 vidistis,
1447 504 1493 551 et
1515 514 1617 561 non
1654 500 1795 555 vide-

196 594 345 648 runt,
376 595 425 638 et
454 584 631 637 audire
652 598 770 653 quae
799 582 1021 638 audistis
1060 595 1109 639 et
1137 603 1239 642 non
1270 589 1547 644 audierunt
1574 590 1787 661 (Matth.

198 678 337 747 ιιιι).
378 676 447 731 Et
474 677 592 730 ideo
616 675 785 730 Isaias
817 679 1107 746 propheta,
1137 688 1160 715 ⁸
1192 678 1424 748 Utinam,
1459 683 1653 754 inquit,
1682 684 1791 747 Do-

195 769 365 834 nsine,
406 770 751 840 disrumpens
779 768 958 839 calas,
1002 780 1052 825 et
1089 771 1418 829 descenderes
1449 775 1579 845 (lsa.
1615 780 1785 852 LXIV).

195 860 302 916 Sed
338 872 387 917 et
424 862 589 917 David
620 878 636 917 :
680 860 905 917 Domine
932 909 948 933 ,
987 864 1181 920 inclina
1221 868 1394 933 caelos,
1448 880 1501 925 et
1539 871 1789 929 descende

194 952 358 1025 (Psal.
383 955 592 1027 cum).
618 956 796 1011 Moses
820 973 1036 1029 quoque
1064 978 1079 1016 :
1103 958 1129 998 ι)
1159 960 1407 1027 Ostende,
1439 962 1634 1034 inquit,
1660 968 1789 1023 mihi

193 1049 427 1119 teipsum,
462 1059 519 1103 ut
544 1051 814 1122 manifeste
844 1051 1047 1106 videam
1070 1060 1119 1107 te
1143 1051 1340 1126 (Exod.
1370 1059 1582 1127 χχχιιι).
1615 1060 1785 1117 Nemo

189 1137 484 1194 admodum
505 1141 728 1210 propius
769 1155 933 1212 quam
966 1142 1147 1199 Moses
1177 1144 1352 1216 legem
1384 1148 1622 1218 capiens,
1648 1152 1787 1208 allo-

187 1238 453 1297 quentem
486 1245 516 1286 e
540 1232 769 1286 nubibus
792 1232 988 1299 Deum,
1016 1245 1178 1305 atque
1200 1235 1269 1291 ad
1291 1235 1465 1306 ipsam
1493 1241 1781 1301 admodum

178 1322 537 1392 prsesentiam
580 1325 881 1396 maiestatis
937 1330 1186 1385 accessit.
1239 1329 1303 1385 Et
1342 1334 1616 1401 quomodo
1659 1352 1781 1394 cum

176 1426 353 1466 neuio
382 1414 623 1483 prepiora
653 1432 817 1486 quam
848 1415 942 1470 ille
989 1416 1057 1472 de
1104 1418 1217 1479 Deo
1267 1433 1553 1490 cerneret,
1604 1426 1782 1483 adhuc

175 1504 552 1562 manifestiora
596 1507 859 1577 poscebat
890 1508 1115 1563 dicens:
1151 1510 1373 1567 Ostende
1409 1514 1555 1584 mihi,
1583 1518 1776 1588 inquit,

174 1597 424 1665 “ipsum,
454 1608 507 1653 ut
535 1601 804 1672 manifeste
829 1601 1025 1656 rideam
1059 1612 1106 1655 te
1126 1645 1140 1667 ,
1166 1604 1378 1659 scilicet
1402 1607 1524 1676 quia
1553 1608 1653 1663 hoc
1681 1611 1776 1669 ille

1893 407 2238 478 loquebatur.
2268 411 2336 467 Et
2375 413 2504 483 quid
2530 430 2753 473 necesse
2793 429 2911 476 erat
2941 432 2998 477 ut
3023 422 3124 478 hoc
3160 440 3352 483 omnes
3384 445 3481 498 po-

1891 512 2108 561 soerent
2146 506 2293 577 quod
2350 506 2647 576 habebant.
2679 511 2724 565 si
2764 512 2865 569 hoc
2913 517 3167 585 petebant
3193 524 3339 590 quod
3363 525 3475 592 jam

1889 610 2214 671 acceperant
2242 601 2266 657 ?
2295 605 2402 658 Aut
2429 603 2559 675 quid
2603 604 2788 663 videre
2814 610 2985 665 oculis
3013 627 3300 682 cuperent,
3332 620 3477 681 quod

1889 692 2055 749 corde
2094 694 2436 762 retinebant,
2469 705 2768 766 prmsertim
2799 717 2922 758 cum
2974 704 3093 773 plus
3130 708 3203 761 sit
3229 712 3475 768 eamdem

1889 797 2005 839 rem
2036 783 2240 842 habere
2272 788 2585 858 quempiam
2620 792 2763 846 intra
2790 808 2873 859 se,
2904 810 3066 864 quam
3109 798 3293 854 videre
3322 812 3471 857 extra

1890 876 1993 930 se?
2017 874 2129 931 Aut
2151 878 2197 935 si
2226 878 2305 934 sic
2334 878 2673 939 habitaturus
2702 892 2823 940 erat
2850 886 2902 941 in
2926 886 3141 945 Christo
3168 890 3306 946 Deus
3336 894 3478 950 sicut

1886 966 1941 1023 in
1955 972 2156 1026 sanctis
2171 972 2445 1039 omnibus,
2470 990 2567 1033 cur
2588 978 2756 1049 magis
2777 980 3049 1041 Christum
3078 986 3263 1043 videre
3285 1004 3475 1046 omnes

1885 1064 2058 1120 sancti
2100 1076 2367 1136 cuperent
2401 1083 2563 1139 quam
2610 1072 2856 1142 seipsos?
2901 1075 2971 1131 Et
3006 1077 3050 1132 si
3081 1082 3324 1135 eamdem
3358 1100 3471 1138 rem

1886 1156 2054 1212 visuri
2087 1158 2140 1213 in
2170 1158 2399 1215 Domino
2441 1161 2570 1217 Jesu
2614 1176 2769 1221 erant
2818 1183 2976 1237 quam
3007 1171 3057 1223 in
3088 1187 3147 1227 se
3180 1172 3468 1240 habebant,

1884 1262 1982 1304 cur
2010 1265 2117 1307 non
2144 1250 2262 1321 plus
2290 1252 2463 1309 multo
2492 1255 2888 1314 arbitrarentur
2914 1263 3161 1319 eamdem
3191 1282 3304 1321 rem
3330 1267 3381 1321 in
3412 1284 3472 1325 se

1883 1338 2086 1398 habere
2114 1358 2275 1413 quam
2306 1345 2365 1401 in
2385 1346 2560 1403 altero
2586 1348 2771 1406 videre
2794 1351 2818 1405 ἲ
2842 1353 2953 1409 Sed.
2971 1371 3143 1421 erras,
3173 1359 3360 1415 infelix
3394 1364 3472 1417 tu-

1881 1448 1997 1501 ror,
2023 1452 2125 1491 non
2153 1436 2468 1512 intelligens,
2492 1450 2551 1495 ut
2572 1442 2868 1512 Apostolus
2894 1448 2988 1509 ait.
3021 1457 3077 1504 et
3100 1467 3218 1521 qua:
3245 1453 3471 1525 loquaris

1879 1533 1929 1580 et
1954 1528 2018 1581 de
2037 1528 2225 1599 quibus
2246 1530 2465 1601 afﬁrmes
2495 1532 2538 1603 (Ι
2561 1533 2697 1593 Tim.
2716 1538 2780 1605 ι).
2796 1537 3000 1595 Omnes
3022 1542 3166 1596 enim
3192 1547 3469 1615 prophetas

1879 1629 1936 1676 et
1963 1637 2154 1677 omnes
2176 1625 2345 1681 sancti
2366 1630 2669 1696 portionem
2697 1633 2985 1698 quamdam
3016 1635 3180 1691 divini
3206 1639 3461 1709 Spiritus,

173 1688 307 1794 ﬁeri
352 1693 675 1794 precabatur
711 1694 855 1794 quod
886 1694 1077 1794 iisdem
1107 1696 1395 1794 admodum
1425 1702 1605 1794 verbis
1633 1706 1778 1775 Apo—
1805 1712 1855 1775 B
1881 1722 2043 1783 prout
2062 1729 2260 1784 capere
2284 1688 2555 1787 poterant,
2584 1735 2614 1775 a
2648 1688 2758 1777 De'o
2783 1688 3466 1794 acceperuntiln‘

166 1783 368 1838 stolus
393 1784 592 1839 factum
622 1800 743 1841 esse
768 1785 996 1855 dicebat,
1026 1788 1079 1843 id
1112 1798 1213 1855 est,
1236 1799 1293 1844 ut
1312 1790 1489 1860 palam
1513 1792 1775 1854 Dominus

160 1876 637 1933 manifestaretur
680 1880 732 1935 in
765 1895 951 1950 carne,
993 1883 1170 1952 palam
1212 1894 1503 1959 appareret
1545 1890 1773 1959 mundo,

153 1970 380 2041 palam
425 1982 787 2028 assumeretur
811 1974 863 2029 in
896 1976 1108 2046 gloria;
1140 1985 1196 2033 et
1235 1978 1413 2033 omnia
1443 1981 1618 2037 oculis
1647 1993 1770 2039 tan-

150 2060 304 2116 dem
362 2062 661 2119 carnalibus
707 2064 883 2121 sancti
918 2076 1245 2137 cernerent,
1277 2084 1400 2141 qua
1437 2072 1772 2141 spiritalibus

151 2154 575 2226 praevidebant.

758 2250 992 2310 CAPUT
1031 2253 1175 2308 XIV.

155 2338 403 2412 [rapiam
424 2352 470 2396 et
497 2343 844 2411 blasphemam
873 2344 1233 2401 luereticorum
1253 2353 1562 2406 sententiam
1589 2352 1771 2407 redar-

237 2416 379 2535 guit,
401 2414 491 2482 qui
512 2413 679 2469 Deum
707 2416 760 2468 in
786 2416 989 2470 Christo
1011 2417 1145 2470 velut
1175 2420 1228 2472 in
1254 2416 1448 2492 organo
1470 2425 1578 2478 sive
1598 2433 1769 2480 statua

276 2484 504 2535 abttasse
529 2497 579 2535 et
619 2488 850 2535 locutum
873 2504 982 2535 esse
1003 2489 1265 2535 dixerunt-

276 2484 504 2541 abitassc
529 2497 579 2541 et
619 2488 850 2541 locutum
873 2504 982 2543 esse
1003 2489 1266 2544 dixerunt.

232 2622 498 2690 Alioquin
526 2622 596 2686 si,
624 2631 681 2677 ut
703 2622 996 2678 btereticus
1034 2623 1132 2689 ait,
1164 2624 1308 2681 Deus
1333 2624 1547 2683 futurus
1577 2628 1629 2684 in
1662 2630 1769 2685 Do-

154 2714 319 2770 mino
363 2714 494 2769 Jesu
525 2714 741 2770 Christo
768 2723 909 2781 erat,
941 2726 963 2755 ε
998 2716 1152 2773 velut
1180 2718 1233 2777 in
1266 2726 1439 2773 Statua
1471 2732 1566 2774 aut
1595 2721 1647 2776 in
1670 2737 1764 2778 or-

156 2822 326 2878 gano,
354 2808 410 2863 id
435 2817 541 2878 est,
571 2816 629 2863 ut
661 2808 931 2865 habitaret
962 2818 1170 2866 tantum
1193 2814 1346 2881 quasi
1367 2812 1424 2867 in
1451 2813 1688 2882 homine,
1709 2825 1768 2871 et

157 2900 487 2972 loqueretur
509 2904 661 2972 quasi
693 2918 788 2971 per
818 2903 1112 2971 hominem,
1144 2920 1249 2960 non
1276 2916 1331 2960 ut
1357 2906 1471 2975 ipse
1494 2917 1641 2963 esset
1665 2909 1758 2979 qui

160 2988 463 3058 habitaret,
498 3004 658 3063 atque
697 3009 763 3047 ex
791 3008 850 3048 se
889 3002 942 3050 et
969 3010 1033 3050 ex
1063 3009 1163 3051 suo
1188 3012 1417 3067 corpore
1447 2998 1762 3068 loqueretur

1874 1818 2055 1861 autem
2085 1808 2252 1862 omnis
2278 1810 2549 1880 plenitudo
2578 1813 2862 1871 divinitatis
2888 1816 3150 1875 habitavit
3176 1833 3339 1892 atque
3368 1823 3465 1880 Ita.

1874 1895 2003 1959 bitat
2032 1900 2374 1970 corporaliter
2400 1901 2603 1972 (Catos.
2637 1907 2720 1975 tt).
2754 1906 2822 1962 Et
2870 1908 2990 1964 ideo
3034 1912 3194 1983 longe
3237 1916 3305 1972 de
3343 1919 3465 1987 ejus

1872 1990 2213 2060 plenitudine
2242 2008 2433 2050 omnes
2455 2005 2600 2064 sunt,
2628 2012 2693 2052 ex
2719 1997 2874 2068 cujus
2902 2000 3234 2070 plenitudine
3260 2009 3460 2078 aliquid

1870 2084 2141 2154 accipiunt
2173 2084 2351 2158 (Joan.
2390 2088 2466 2159 1);
2512 2105 2744 2159 quorum
2776 2092 3090 2165 adimpletio
3110 2097 3313 2156 Christi
3341 2120 3459 2159 mu-

1870 2192 2006 2247 nus,
2043 2182 2169 2253 quia
2200 2184 2353 2240 vacui
2383 2187 2567 2259 utique
2592 2202 2785 2245 omnes
2808 2202 2989 2261 erant,
3021 2194 3126 2251 nisi
3170 2197 3288 2269 ipse
3316 2211 3461 2257 esset

1867 2272 2108 2329 omnium
2134 2275 2432 2345 plenitudo.

2470 2390 2701 2448 CAPUT
2739 2392 2856 2451 XV.

1868 2498 2181 2558 Sanctorum
2219 2503 2283 2586 de
2304 2503 2528 2586 Messina
2550 2506 2771 2586 adventu
2798 2517 2915 2586 vota
2950 2510 3078 2586 quid
3111 2516 3453 2586 continebant,

2168 2582 2260 2630 aut
2287 2577 2441 2648 quale
2468 2577 2603 2632 illud
2627 2581 2785 2650 fuerit
2813 2577 3140 2659 desiderium.

1938 2710 2053 2767 Hoc
2072 2726 2202 2783 ergo
2225 2714 2394 2769 sancti
2418 2729 2610 2770 omnes
2635 2715 2913 2786 Optabam,
2941 2717 3045 2775 hoc
3065 2724 3451 2797 precabantur,

1865 2804 1969 2861 hoc
2014 2807 2093 2861 sic
2137 2807 2322 2862 videre
2371 2808 2547 2863 oculis
2592 2807 2973 2866 desiderabant
3015 2814 3151 2868 sicut
3177 2818 3362 2869 animo
3392 2832 3454 2873 ac

1866 2906 2052 2954 mente
2094 2899 2399 2967 sapiebant.
2433 2899 2499 2953 Et
2540 2899 2661 2954 ideo
2684 2898 2852 2955 Isaias
2885 2901 3147 2971 propheta
3176 2922 3187 2957 :
3223 2903 3454 2977 Utinam,

1866 2993 2064 3061 inquit,
2090 2992 2437 3063 disrumperes
2469 2991 2640 3055 cretes,
2661 3000 2709 3045 et
2734 2991 3059 3045 descenderes
3079 2993 3260 3065 (Isaia:
3284 2999 3453 3070 LXIV).

156 3081 337 3149 Dede;
373 3087 490 3154 jam
520 3086 707 3155 utique
728 3086 807 3141 sic
835 3096 891 3141 et
916 3086 1188 3143 habitarat
1218 3089 1269 3144 in
1299 3092 1591 3154 sanctis,et
1618 3091 1766 3145 locu-
1792 3100 1838 3162 ρ
1871 3084 1981 3139 Sed
2011 3092 2066 3137 et
2095 3084 2350 3138 llabacuc
2392 3082 2534 3137 idem
2576 3084 2904 3137 annuntians
2940 3083 3083 3152 quod
3123 3084 3212 3141 ille
3241 3101 3451 3158 optans,

159 3184 238 3233 tus
268 3179 459 3235 fuerat
487 3194 518 3235 e
541 3178 762 3236 sanctis.
798 3180 853 3233 In
884 3180 973 3234 his
998 3195 1209 3249 quoque
1238 3182 1395 3251 ipsis,
1428 3197 1567 3250 quos
1596 3195 1758 3249 supra

1868 3176 1896 3214 ἀ
1916 3176 2050 3229 Dum
2072 3176 2404 3247 apprOpiant,
2444 3174 2641 3242 inquit,
2667 3176 2814 3242 anni,
2842 3176 3150 3244 ostenderis;
3172 3180 3223 3232 in
3243 3181 3456 3240 adventu

1248 3290 1510 3347 ALARDI
1548 3289 1780 3344 GAZ/EI
1817 3285 2385 3345 COMMENTARIUS.

156 3385 401 3441 donatus
436 3380 534 3453 (In
561 3396 678 3446 cap.
704 3377 1079 3453 meatth.),
1103 3379 1375 3434 Christum
1409 3395 1472 3453 ea
1508 3379 1603 3433 tria
1639 3397 1761 3450 per-

155 3471 415 3513 Sonarntn
459 3452 910 3522 praastantissima
940 3452 1268 3516 ntnuinasse,
1312 3452 1631 3522 prophetas,
1681 3468 1765 3507 re-

154 3542 243 3598 ges
286 3544 344 3583 et
401 3530 622 3598 iustos;
655 3523 749 3577 sed
781 3522 1088 3577 Matthznum
1126 3537 1282 3593 reges
1305 3565 1320 3591 ,
1350 3524 1547 3578 Lucam
1583 3524 1759 3594 justos

154 3597 606 3669 pratermisisse.

223 3680 249 3708 ι
283 3671 362 3725 Ut
392 3669 595 3739 ardens
621 3680 807 3739 eorum
830 3664 1161 3739 desiderium
1186 3668 1497 3739 ostenderet
1529 3671 1760 3739 prophe-

152 3750 223 3806 ta,
257 3756 375 3795 non
418 3740 496 3791 ait
530 3756 542 3789 :
583 3737 795 3791 Utinam
822 3737 931 3803 jam
978 3738 1214 3802 venires,
1248 3741 1342 3793 sed
1389 3758 1401 3793 :
1442 3737 1648 3794 Utinam
1681 3745 1761 3795 di-

149 3827 428 3881 rumperes
450 3810 628 3873 caelos,
657 3818 704 3861 et
727 3808 1075 3862 descenderes.
1099 3809 1260 3877 Quasi
1287 3812 1523 3865 diceret:
1544 3811 1755 3868 Utinam

150 3890 260 3936 tam
288 3882 407 3936 cito
436 3886 655 3934 venires
688 3889 743 3934 et
785 3888 891 3932 tam
940 3880 1249 3934 vehementi
1280 3882 1505 3949 impetu,
1562 3892 1615 3937 ut
1649 3900 1755 3941 non

150 3968 439 4020 quareres
471 3953 693 4017 ostium,
724 3951 817 4004 sed
850 3950 1026 4005 subito
1054 3953 1221 4005 caelos
1270 3968 1555 4020 rutnperes
1580 3965 1631 4008 et
1662 3956 1757 4010 de-

150 4025 481 4078 scenderes:
498 4041 603 4075 non
620 4022 759 4089 quod
777 4036 997 4077 necesse
1010 4034 1153 4076 esset
1166 4023 1330 4077 Deum
1346 4026 1511 4078 caelos
1526 4026 1755 4081 disrum-

148 4108 281 4163 pere
307 4094 712 4165 antinl‘ringere
743 4102 798 4146 ut
819 4095 1065 4157 veniret;
1107 4098 1199 4148 sed
1234 4098 1467 4164 loquitur
1490 4100 1751 4165 propheta

146 4180 303 4221 more
322 4168 652 4231 Ittltllnlltt,lll
666 4164 929 4218 fervorem
945 4164 1333 4235 desiderii,quo
1347 4169 1547 4237 antiqui
1564 4164 1752 4224 Patres

144 4239 456 4291 adventum
482 4238 681 4309 Christi
714 4236 1061 4309 exoptabant,
1086 4238 1501 4291 demonstraret.
1546 4239 1749 4295 Eodem
1804 4242 1816 4309 ξ

144 4311 314 4363 modo
343 4310 509 4361 [tavid
538 4326 550 4365 :
584 4306 824 4372 Domine,
854 4308 1047 4376 inquit,
1072 4310 1262 4360 inclina
1283 4313 1433 4363 caelos
1461 4318 1576 4363 tuos
1597 4322 1644 4364 et
1665 4314 1754 4366 de-

142 4382 337 4451 scende
368 4378 491 4446 (Ps.
520 4379 689 4445 cru).
717 4377 814 4451 Ubi
848 4379 1035 4451 ingens
1061 4380 1381 4449 exprimitur
1406 4381 1590 4435 eximii
1622 4397 1752 4451 pro-

143 4450 331 4522 pheta:
360 4451 715 4522 desiderium,
758 4449 884 4502 dum
920 4465 985 4503 ne
1021 4449 1157 4504 ltens
1196 4454 1246 4504 in
1289 4454 1580 4522 aperientis
1625 4449 1749 4508 cmli

143 4520 389 4645 {lor-ibusd
406 4537 616 4575 moram
658 4521 890 4587 laceret,
944 4523 1071 4590 petit
1103 4533 1159 4577 ut
1203 4520 1397 4578 cadum
1436 4524 1659 4577 inclinet
1698 4534 1753 4578 et

181 4607 353 4645 ascen
397 4601 470 4645 at.

181 4593 470 4647 escendat.

212 4662 241 4702 δ
280 4663 463 4760 Bi-vus
484 4661 841 4760 [.ligronymus
886 4663 938 4717 in
969 4677 1019 4720 c.
1045 4678 1147 4760 ιὶξν
1170 4664 1321 4760 [sae-ite
1344 4680 1367 4743 _:
1425 4661 1601 4744 Hunc,
1632 4661 1744 4760 'ait,
1779 4701 1827 4760 D

142 4732 424 4803 quitrebat
470 4742 512 4785 et
541 4732 741 4805 Moyses
791 4736 1000 4804 loquens
1049 4734 1177 4787 Deo.
1224 4734 1505 4805 Sirinveni
1530 4734 1749 4801 gratiam

144 4805 298 4871 apud
351 4812 421 4868 te,
457 4804 656 4863 ostende
684 4817 731 4859 te
756 4806 880 4857 mihi
922 4804 1209 4873 manifeste.
1262 4804 1492 4873 .llajores
1543 4806 1748 4859 divitias

146 4876 415 4929 thesauris
464 4874 719 4944 dt'gypti,
772 4874 962 4929 Christi
1011 4876 1347 4942 opprobrium
1402 4875 1743 4945 prtcstolans,

147 4946 270 4999 dum
304 4945 699 5000 retributionem
728 4947 986 5000 desiderat
1018 4947 1333 5015 futurorum,
1362 4958 1408 4997 et
1446 4947 1746 5000 inuisibilem

147 5016 342 5075 Deum.
374 5018 528 5085 quasi
550 5020 758 5082 videret,
800 5019 974 5070 animo
1002 5019 1394 5087 contemplatur.
1448 5016 1526 5069 De
1573 5034 1669 5085 quo
1698 5028 1746 5071 et

146 5091 197 5141 in
228 5088 469 5142 Psalmis
512 5091 698 5153 legitur
723 5106 741 5142 :
772 5088 901 5159 Spes
932 5090 1161 5142 omnium
1191 5089 1370 5159 ﬁnium
1397 5097 1545 5141 terra:
1569 5130 1582 5151 ,
1614 5097 1662 5141 et
1691 5091 1745 5142 in

145 5163 277 5213 mari
315 5161 476 5229 longe
508 5159 627 5231 (Ps.
657 5157 823 5231 utr).
854 5162 917 5213 Et
947 5162 998 5213 iu
1031 5161 1269 5214 Genesi:
1305 5157 1371 5211 Et
1410 5161 1517 5228 ipse
1541 5162 1633 5211 erit
1656 5177 1746 5214 ea:-

146 5236 397 5299 spectatio
424 5229 654 5299 gen'tium
687 5229 839 5300 (Gen.
867 5232 1034 5299 LXIX).
1066 5232 1136 5283 llu
1168 5231 1742 5301 llieronytnussigniti-

148 5316 274 5373 rans
308 5303 535 5373 Moysen
570 5303 676 5356 illis
697 5302 877 5356 verbis
904 5306 1194 5368 expetiisse
1223 5300 1511 5356 adveniunt
1532 5300 1739 5357 Messias

147 5369 197 5424 in
226 5369 427 5435 carne}
463 5374 516 5428 in
566 5390 671 5443 qua
706 5376 985 5427 manileSte
1017 5375 1308 5428 videretur.
1359 5375 1428 5427 At
1455 5373 1518 5427 D.
1565 5376 1745 5442 Angu-

147 5443 319 5497 stinus
351 5447 587 5512 (Quam.
620 5446 805 5518 liil‘in
838 5443 1034 5515 Exod.)
1061 5457 1114 5499 et
1139 5448 1229 5500 alii
1258 5446 1567 5500 existimant
1595 5446 1743 5518 Moy-

148 5530 235 5573 sen
269 5518 602 5589 et‘llagitasse
638 5516 901 5571 visionem
931 5518 1133 5572 divina:
1149 5519 1421 5573 essentne.

212 5600 237 5629 ε
270 5587 562 5657 Ουηῐιιοάο
592 5590 871 5645 daemones
909 5590 962 5644 in
1010 5593 1200 5645 statuis
1244 5600 1299 5647 et
1339 5590 1498 5645 idolis
1535 5587 1745 5644 habita-

150 5655 385 5727 bant,et
416 5663 653 5717 subinde
686 5664 1061 5728 loquebantur,
1093 5672 1146 5717 et
1176 5665 1388 5715 oracula
1421 5676 1513 5716 sua
1550 5663 1738 5714 redde-

152 5729 298 5800 bant;
343 5740 425 5791 sic
474 5736 676 5806 impius
718 5732 1005 5789 Nestorius
1052 5733 1458 5803 blasphemabat
1486 5730 1654 5787 Deum
1685 5733 1742 5788 in

1870 3379 2095 3435 homine
2119 3378 2333 3434 Christo
2365 3376 2673 3450 habitasse,
2704 3387 2760 3435 et
2795 3394 2892 3450 per
2932 3395 2994 3437 os
3035 3380 3271 3439 hominis
3311 3386 3454 3443 illius

1865 3450 2103 3506 locutum
2132 3452 2301 3505 fuisse
2325 3469 2338 3503 :
2367 3449 2533 3506 Sicuti
2559 3454 2711 3504 etiam
2732 3451 2935 3507 locutus
2956 3465 3031 3507 est
3052 3471 3144 3523 per
3171 3473 3225 3509 os
3247 3472 3453 3514 sancto-

1864 3538 1979 3600 rum
2007 3526 2097 3593 qui
2122 3539 2154 3575 a
2181 3524 2561 3600 siticulosum,
2596 3525 2962 3600 prop/telarum
3009 3529 3121 3600 eius
3159 3529 3179 3596 (
3193 3527 3319 3581 an.
3345 3536 3449 3600 tt),

1863 3595 2064 3670 nullam
2083 3608 2215 3649 vero
2238 3593 2493 3670 habuisse
2511 3610 2631 3647 cum
2657 3610 2724 3670 eo
2746 3597 2998 3670 unionem
3024 3593 3445 3670 hypostaticatu.

1860 3666 1970 3719 Aut
2001 3675 2271 3733 tamquam
2297 3666 2349 3718 in
2379 3681 2586 3730 organo
2614 3667 2771 3720 verba
2794 3666 3223 3732 edidissc,'sicut
3254 3685 3448 3733 Ventus

1861 3737 2210 3813 au_t__spir_itus
2236 3751 2425 3789 sonum
2454 3738 2561 3789 edit
2592 3738 2644 3789 in
2677 3753 2880 3813 organo
2900 3781 2913 3800 ,
2939 3751 2992 3793 et
3017 3758 3117 3813 per
3148 3760 3411 3813 organuut
3431 3790 3445 3813 ,

1859 3807 2070 3890 scilicet
2100 3808 2512 3901 instrumentum
2553 3809 2851 3888 musicum;
2884 3822 2977 3862 aut
3016 3811 3067 3861 in
3115 3807 3317 3901 magno
3347 3807 3445 3901 gf;

1861 3879 2115 3940 neratim,
2141 3878 2203 3961 id
2231 3887 2343 3939 est,
2380 3886 2651 3944 tamquam
2691 3878 2742 3961 in
2775 3881 3154 3961 insuumgrto.
3186 3878 3315 3936 Nam
3350 3878 3447 3961 iip~

1894 3971 2013 4005 ανον
2032 3960 2115 4005 εει
2139 3950 2558 4003 instrumentum
2583 3949 2978 4017 quodcumque.
3010 3947 3179 4004 Ρυτνο
3208 3970 3329 4009 esse
3356 3947 3445 4013 Ubi

1894 3971 2013 4005 ανον
2032 3970 2115 4005 eSt
2139 3970 2558 4003 Insuuulclttum
2583 3970 2978 4017 tlttuucuuttlue.
3010 3970 3179 4004 τινι·Ρο
3208 3970 3329 4009 esse
3356 3970 3444 4013 Del

1857 3970 2221 4076 Kabilaculum
2272 4029 2328 4073 et
2378 4020 2469 4071 Dei
2522 4021 2970 4083 instrumentum,
3021 4034 3309 4078 Commune
3364 4040 3444 4085 est

1858 4106 1982 4147 cum
2027 4094 2145 4147 aliis
2191 4091 2395 4145 sanctis
2442 4090 2771 4144 hominibus.
2821 4094 2972 4157 Quod
3015 4093 3160 4145 enim
3204 4094 3349 4149 Deus
3393 4104 3443 4154 in

1858 4165 2057 4236 sanctis
2087 4165 2230 4230 suis,
2258 4173 2315 4215 ut
2342 4163 2661 4236 inutemplis
2688 4161 2922 4228 habitet,
2953 4175 3185 4219 testatur
3215 4174 3444 4236 Αμυιιο.

1859 4235 1942 4289 lus
1972 4236 2249 4308 ICorinth.
2274 4250 2362 4289 tu:
2392 4232 2619 4308 Nescitis
2636 4238 2876 4303 quoniam
2903 4240 3145 4308 templum
3163 4232 3285 4295 estis
3312 4239 3445 4296 Dei.’

1854 4314 1912 4362 et
1951 4308 1969 4361 l
1998 4306 2247 4361 Corinth.
2279 4322 2327 4359 vt
2358 4323 2373 4359 :
2422 4305 2649 4359 Nescitis
2696 4311 2819 4377 quia
2869 4305 3093 4361 membra
3122 4324 3286 4365 vestra
3314 4322 3442 4367 teut-

1853 4377 1995 4448 plum
2024 4390 2141 4431 sunt
2168 4378 2397 4455 Spiritus
2427 4380 2610 4438 sancti,
2642 4384 2729 4447 qui
2761 4380 2813 4432 in
2844 4381 2979 4455 vobis
3009 4388 3102 4434 est.
3145 4382 3442 4455 Gloriﬁcate

1852 4457 1903 4521 et
1945 4458 2146 4515 portate
2179 4450 2415 4502 Deumin
2442 4463 2655 4519 corpore
2688 4459 2869 4504 vestro.
2916 4451 3067 4517 Quod
3116 4450 3301 4507 autem
3345 4474 3441 4521 per

1856 4518 2126 4591 homines,
2147 4529 2202 4571 ut
2227 4534 2320 4586 per
2350 4534 2547 4591 organa
2576 4534 2624 4569 et
2658 4522 3010 4591 instrumenta
3041 4537 3139 4591 sua
3185 4518 3441 4591 operetur

1854 4588 2018 4648 Deus,
2054 4592 2191 4641 idem
2219 4590 2507 4653 Apostolus
2537 4589 2768 4640 inculcat
2798 4590 2951 4641 Horn.
2986 4606 3087 4642 xv:
3124 4588 3242 4643 Non
3271 4593 3440 4647 audeo

1852 4657 2049 4725 aliquid
2078 4659 2215 4726 loqui
2236 4675 2409 4710 eorum
2434 4672 2549 4725 qua:
2572 4674 2659 4721 per
2689 4674 2764 4708 me
2788 4659 2950 4723 effecit
2980 4660 3214 4712 Christus
3242 4703 3253 4718 .
3289 4663 3438 4716 verbo

1856 4739 1902 4780 et
1931 4730 2101 4793 factis,
2132 4730 2186 4780 in
2208 4730 2391 4779 virtute
2419 4730 2681 4793 signorum
2701 4738 2747 4779 et
2774 4730 3143 4797 prodigiorum,
3174 4731 3226 4782 in
3253 4733 3438 4787 rirtute

1858 4798 2087 4865 Spiritus
2114 4800 2299 4851 sancti.
2330 4800 2393 4851 Et
2418 4797 2693 4851 ICnrinlh.
2719 4815 2793 4852 xu
2824 4818 2836 4852 :
2870 4800 3152 4853 Divisimies
3182 4804 3437 4867 Operatio-

1854 4886 1976 4924 num
2004 4880 2141 4931 sunt,
2168 4872 2302 4923 idem
2324 4886 2440 4924 vero
2468 4872 2599 4921 Deus
2623 4872 2707 4940 qui
2732 4884 2974 4936 operatur
2996 4876 3166 4924 omnia
3190 4877 3239 4923 in
3273 4878 3436 4928 omni.

1853 4944 1963 4997 bus.
2012 4944 2139 4998 Haec
2180 4943 2360 5011 igitur,
2409 4951 2463 4996 et
2489 4942 2590 4994 alia
2625 4946 2706 4995 ltts
2736 4943 2952 5007 similia,
2984 4959 3103 5011 qua:
3152 4944 3433 5003 Ne~tortus

1851 5016 2121 5070 tribuebat.
2151 5015 2364 5069 Christo
2385 5056 2400 5078 ,
2428 5023 2483 5069 et
2514 5015 2563 5067 in
2595 5017 2806 5067 cancris
2838 5016 3036 5068 sanctis
3066 5014 3431 5073 inveniuntur.

1851 5087 1922 5141 At
1950 5099 2159 5141 cet-tum
2192 5096 2272 5141 est
2305 5087 2463 5155 longe
2492 5087 2650 5140 aliter
2677 5086 2909 5139 Verbum
2960 5100 3291 5143 incarnatum
3338 5092 3399 5142 ha
3419 5118 3435 5136 ο

1851 5159 2049 5214 bitassc
2079 5162 2130 5213 iu
2165 5159 2401 5221 hotnine,
2433 5159 2481 5210 id
2514 5168 2613 5219 est,
2645 5157 2696 5210 in
2731 5159 3080 5224 lunnanitate,
3109 5169 3164 5214 et
3201 5176 3299 5229 per
3330 5158 3400 5213 hu
3427 5188 3433 5200 -

1850 5232 2161 5284 mauitatem
2191 5232 2346 5284 nobis
2378 5230 2612 5282 Iocutmn
2633 5244 2776 5291 eSse,
2801 5246 2958 5299 quam
2982 5231 3033 5283 in
3062 5232 3182 5283 aliis
3204 5234 3425 5296 sant-tis,

1848 5316 1968 5355 cum
1994 5302 2137 5355 dicat
2166 5301 2451 5370 Apostolus
2475 5319 2488 5353 :
2514 5315 2755 5370 magnum
2777 5318 2883 5354 esse
2909 5303 3111 5371 pietatis
3134 5302 3429 5371 mysterium

1848 5380 1893 5425 et
1917 5369 2305 5433 sacramentum,
2334 5373 2470 5441 quod
2501 5369 2636 5423 Deus
2666 5369 2960 5439 apparuerit
2990 5374 3041 5423 in
3067 5387 3219 5423 carne
3238 5369 3425 5440 (lTim.

1846 5443 1952 5514 tu).
1988 5444 2124 5511 Quid
2149 5444 2293 5498 enim
2324 5458 2573 5510 magnum
2602 5452 2654 5495 et
2682 5444 2955 5510 singulare
2980 5441 3122 5511 quod
3162 5443 3282 5496 aliis
3313 5460 3426 5498 om-

1848 5515 2005 5569 nibus
2029 5525 2105 5569 est
2133 5515 2455 5569 commune?

1919 5584 1948 5624 ἀ
1982 5586 2035 5640 Id
2084 5595 2207 5651 est,
2260 5584 2707 5640 manifestaberis.
2758 5581 2981 5651 Vulgata
3027 5583 3192 5638 editio
3222 5583 3421 5651 habet;

1847 5658 1916 5712 In
1959 5661 2126 5712 medio
2153 5673 2405 5712 annorum
2456 5667 2630 5710 natum
2659 5654 2836 5725 facies.
2873 5656 2933 5708 ι).
2973 5655 3333 5725 Hieronymus
3360 5673 3426 5713 ex

1847 5729 2197 5800 Septuaginta
2232 5731 2396 5786 vertit
2417 5747 2432 5786 :
2458 5727 2587 5785 Cum
2607 5726 3137 5799 appropinquavcrint
3167 5727 3318 5797 asini,
3340 5743 3428 5791 σοιν
