3976 6180
507 206 619 270 155

1838 197 2123 257 JOANNIS
2158 198 2479 260 CASSIANI

3694 202 3806 265 {56

516 339 806 399 temporum
828 322 1259 379 demonstraberis
1282 320 1453 376 :Deus
1475 319 1797 384 deTheman,
1824 318 1938 374 sive
1958 318 2111 385 illud,
2140 321 2193 381 Α
2220 335 2403 390 quam,
2450 317 2838 389 intelligentes,
2871 320 2994 390 quia
3024 325 3285 389 quantum
3317 322 3387 375 sit
3416 334 3574 377 nemo
3603 322 3811 378 intelli-

518 424 660 479 Deus
686 423 750 476 ab
780 420 969 475 Austro
1000 421 1160 473 ueniet
1204 414 1432 485 (Habac.
1468 414 1604 482 vtu).
1649 411 1815 465 David
1851 426 2103 481 quoque:

516 514 658 571 Deus
703 514 971 585 manifeste
1023 511 1178 564 veniet
1213 505 1501 577 (Ps.-xt.tx
1524 504 1545 577 )
1569 543 1582 558 .
1619 504 1687 559 Et
1725 504 1975 559 iterum:
2012 504 2114 570 Qui

513 615 661 668 sedes
706 627 859 677 super
888 607 1131 661 cherubin
1158 646 1174 672 ,
1232 620 1427 675 appare
1467 601 1584 673 (Ps.
1619 602 1827 672 uxrx).
1868 601 1973 656 Alii
2015 601 2111 656 ad-

514 718 736 761 ventum
774 704 889 771 ejus
927 714 1088 768 quem
1136 697 1338 752 mundo
1376 695 1669 766 prmstitit,
1696 694 2111 759 annuntiabant,

518 800 608 853 alii
649 795 1010 866 postulabant.
1044 791 1305 847 Nonnulli
1330 789 1515 860 specie
1537 787 1764 859 diSpari,
1790 787 1885 841 sed
1916 787 2113 841 allectu

515 888 661 959 pari,
708 884 1077 954 intelligentes
1107 883 1292 953 utique
1334 881 1678 951 aliquatenus
1700 888 1964 949 quantam
1998 894 2113 933 rem

513 986 892 1049 precarentur,
926 987 983 1030 ut
1014 976 1154 1030 Deus
1198 974 1250 1027 in
1284 974 1394 1028 Deo
1424 974 1696 1039 habitans,
1728 973 1781 1026 in
1812 971 1986 1027 forma
2016 970 2114 1026 Dei

513 1087 579 1126 ac
608 1072 728 1125 sinu
761 1084 1102 1140 permanens,
1138 1066 1487 1134 semetipsum
1520 1066 1849 1129 exinaniret,
1884 1065 2113 1120 formam

516 1166 661 1222 servi
693 1165 983 1234 acciperet,
1016 1169 1074 1217 et
1102 1177 1162 1216 se
1191 1174 1362 1229 usque
1392 1160 1459 1212 ad
1491 1159 1866 1228 suscipiendas
1921 1174 2115 1214 omnes

518 1259 830 1331 passionum
869 1254 1196 1310 acerbitates
1242 1252 1715 1321 contumeliasque
1749 1251 2117 1316 submitteret,

519 1351 731 1405 subiret
754 1363 974 1419 pinnam
1005 1360 1103 1417 pro
1133 1344 1434 1409 beneﬁciis,
1462 1354 1539 1411 et,
1565 1344 1706 1414 quod
1736 1343 2121 1399 intolerabilis-

518 1443 717 1497 simum
749 1449 833 1496 est
871 1450 927 1495 et
967 1438 1427 1507 indignissimum,
1475 1435 1544 1490 ab
1594 1435 1677 1489 his
1706 1434 1841 1506 ipsis
1884 1445 2115 1490 mortem

523 1538 806 1605 exciperet
847 1549 946 1604 pro
974 1533 1170 1603 quibus
1204 1532 1319 1601 ipse
1350 1539 1698 1595 moreretur;
1752 1530 2115 1600 intelligenles

522 1644 653 1698 ergo
676 1627 782 1684 hoc
806 1626 1142 1696 aliquatenus
1173 1623 1345 1679 sancti
1376 1636 1589 1689 omnes,
1622 1621 1987 1691 aliquatenus,
2034 1621 2116 1675 in—

2224 412 2319 482 git,
2343 425 2587 465 consona
2617 426 2806 465 omnes
2834 410 3121 466 adventum
3148 412 3239 466 Dei
3264 426 3398 467 voce
3426 424 3480 467 et
3502 414 3652 483 quasi
3674 428 3810 468 eon—

2224 513 2385 559 centu
2435 512 2622 558 mutuo
2674 504 3040 574 postulabant.
3087 504 3332 560 Scienles
3378 507 3562 575 utique
3612 508 3666 563 in
3707 508 3815 564 hoc

2222 612 2376 667 spem
2409 595 2645 651 omniutn
2693 596 2993 652 consistere
3015 637 3030 662 ,
3072 598 3125 651 in
3182 597 3284 653 hoc
3313 598 3540 654 salutem
3567 600 3813 656 omnium

2225 688 2493 743 contineri
2528 705 2543 753 ;
2596 688 2720 759 quia
2750 688 2926 743 nullus
2952 689 3164 744 solvere
3200 691 3407 745 vinctos
3458 693 3658 761 possit,
3704 694 3813 749 nisi

2226 779 2480 835 innnunis
2510 797 2539 836 a
2570 783 2834 849 vinculis;
2865 783 3044 837 nullus
3077 782 3321 839 eximere
3344 798 3683 855 peccatores,
3708 789 3814 842 nisi

2226 884 2447 943 peccato
2474 890 2704 941 carens;
2732 890 2891 930 nemo
2916 876 3058 931 enim
3086 876 3315 931 liberare
3340 878 3519 946 aliqua
3544 894 3603 934 re
3631 894 3821 948 quem.

2222 982 2382 1037 quam
2418 977 2620 1035 potest,
2651 969 2750 1023 nisi
2789 984 2850 1024 ea
2880 984 2939 1023 re
2971 969 3085 1037 ipse
3124 969 3259 1023 liber
3288 970 3363 1025 sit
3390 987 3491 1039 qua
3523 988 3552 1024 a
3584 987 3643 1026 se
3670 972 3823 1028 alius

2222 1059 2504 1114 liberatur.
2534 1061 2599 1114 Et
2631 1062 2754 1116 ideo
2779 1077 2899 1116 cum
2934 1063 2987 1116 iu
3014 1077 3202 1117 omnes
3231 1078 3378 1119 mors
3404 1066 3815 1133 perlransisset,

2222 1167 2412 1206 omnes
2437 1153 2541 1205 vita
2562 1152 2892 1223 indigebant,
2914 1164 2971 1207 ut
2994 1154 3045 1208 in
3071 1154 3239 1208 Adam
3262 1154 3466 1209 scilicet
3491 1157 3815 1225 morientes,

2225 1247 2276 1300 in
2304 1245 2524 1301 Christo
2547 1247 2812 1303 viverent.
2839 1246 2971 1314 Quia
2996 1250 3242 1316 quamvis
3272 1250 3422 1302 tuulti
3446 1250 3638 1309 sancti.
3661 1252 3822 1307 multi

2222 1341 2379 1396 electi
2410 1357 2474 1395 ac
2497 1342 2793 1396 familiares
2821 1340 3111 1395 admodum
3144 1342 3256 1397 Deo
3288 1343 3537 1408 fuerunt,
3571 1345 3703 1398 nulli
3728 1354 3823 1398 ta-

2222 1452 2345 1490 men
2372 1443 2665 1505 potuerunt
2689 1451 2783 1505 per
2808 1450 2868 1489 se
2890 1436 3104 1505 penitus
3129 1450 3251 1491 esse
3276 1436 3432 1501 salvi,
3461 1438 3559 1491 nisi
3583 1437 3829 1494 fuissent

2219 1532 2454 1584 adventu
2479 1528 2692 1583 Domini
2714 1539 2767 1582 et
2796 1528 3172 1599 redemptione
3203 1529 3417 1583 salvati.
3577 1522 3583 1530 ’
3616 1527 3643 1530 ’⁷

1589 1735 1848 1790 ALARDI
1887 1734 2121 1789 GAZEI
2159 1734 2739 1791 COMMENTARIUS.

568 1850 813 1889 noscens.

568 1857 813 1889 ηοδσεησ.
876 1857 1002 1888 bum
1058 1857 1316 1884 uurenent
1372 1857 1610 1898 ισιημιω,
1665 1857 2118 1882 υτιιιυιιοιιιιυωιο.

527 1857 677 1973 δηθά
717 1905 963 1973 exceptis,
1002 1903 1193 1971 inquit,
1228 1902 1713 1973 Septuaginta,nec
1755 1900 1807 1950 in
1842 1897 2120 1973 Hebraico,

525 1969 619 2033 tice
644 1978 781 2047 apud
806 1969 1094 2047 quempiam
1119 1975 1339 2025 aliorum
1360 1969 1952 2047 habeturinterpretum.
1976 1969 2116 2047 Alibi

525 2042 701 2113 (Tom.
734 2042 967 2113 Ibidem
1020 2046 1377 2113 Hieronymus
1429 2044 1679 2096 eumdem
1728 2044 1905 2094 locum
1947 2042 2121 2113 respi-

522 2106 675 2175 ciens
708 2135 722 2171 :
756 2106 873 2173 Duo
900 2116 1046 2183 anni,
1081 2106 1274 2183 inquit,
1304 2114 1367 2167 de
1395 2114 1575 2183 quibus
1603 2113 1656 2165 in
1694 2113 1896 2165 cantico
1933 2110 2120 2164 Haba-

876 1834 1002 1888 Cum
1058 1830 1317 1884 advenerit
1372 1838 1566 1898 tempus
1594 1868 1610 1894 ,
1665 1827 2118 1900 demonstraberis.
2153 1828 2198 1889 Β
2226 1844 2318 1880 cuc
2338 1832 2495 1900 juxta
2522 1827 2837 1900 Hebraicum
2867 1830 3080 1900 legimus
3110 1845 3129 1883 :
3165 1828 3231 1883 In
3257 1830 3427 1884 medio
3447 1830 3667 1885 duorum
3689 1841 3828 1887 tem-

2227 1898 2784 1972 porunt_cognosceris.
2823 1898 3091 1969 Scriptum
3116 1912 3188 1954 est
3217 1904 3269 1955 in
3295 1901 3600 1972 .Euangelio
3629 1920 3824 1957 secun-

2228 1970 2349 2021 dum
2398 1968 2651 2022 Joannem
2695 1986 2784 2037 per
2814 1972 2912 2022 tria
2952 1968 3169 2024 sabbata
3202 1968 3484 2026 Dominum
3524 1976 3715 2028 uenisse
3760 1978 3825 2030 in

2226 2039 2540 2105 Jerusalem,
2568 2057 2682 2110 qua:
2724 2041 2854 2095 duos
2895 2058 3057 2096 annos
3097 2043 3337 2111 eﬁiciunt.
3386 2045 3509 2099 lltcc
3549 2046 3827 2121 Hierony-

2230 2127 2373 2168 mus.

2186 2241 3801 2264 ..οΜῆ

1561 2330 2052 2437 LIBER
2130 2330 2786 2439 SEXTUS.

1041 2618 1270 2676 CAPUT
1312 2616 1598 2675 PRIMUM.

524 2782 612 2838 Ex
637 2780 885 2835 miraculo
913 2788 1157 2834 saturata:
1202 2779 1551 2832 multitudinis
1605 2794 1632 2831 e
1654 2778 1875 2847 quinque
1907 2776 2124 2844 panibus

599 2853 897 2906 hordeaceis
925 2860 972 2905 et
997 2851 1195 2904 duobus
1214 2852 1459 2921 piscibus,
1475 2852 1663 2905 divina:
1686 2849 1887 2902 virtutis
1910 2850 2125 2901 immen-

600 2926 800 2979 sitatem
827 2923 1069 2978 ostendit.

605 3100 898 3174 ‘Legimus
918 3103 972 3157 in
989 3101 1305 3171 Evangelio,
1326 3100 1605 3171 appositis,
1622 3099 1846 3169 iubente
1874 3099 2125 3165 Domino,

2232 2619 2467 2689 quinque
2518 2620 2769 2689 panibus,
2817 2620 3153 2677 innumeram
3182 2623 3275 2679 Dei
3320 2623 3532 2695 plebem
3575 2640 3694 2682 esse
3736 2643 3827 2683 sa-

2232 2725 2464 2771 turatam
2498 2715 2682 2787 (Joan.
2721 2715 2819 2785 v1).
2872 2717 2939 2771 Et
2960 2717 3231 2786 quomodo
3282 2718 3333 2774 id
3394 2730 3569 2777 tamen
3623 2722 3825 2778 factum

2235 2810 2326 2877 sit,
2354 2826 2452 2863 nec
2474 2824 2727 2864 enarrare
2757 2824 2959 2877 sermo,
2990 2826 3088 2865 nec
3111 2812 3362 2881 colligere
3389 2815 3695 2883 mstimatio,
3722 2832 3829 2874 nec

2235 2903 2519 2970 concipere
2544 2916 2734 2956 sensus
2759 2910 2953 2971 potest.
2985 2903 3154 2956 Tanta
3178 2912 3231 2956 et
3259 2914 3363 2958 tam
3409 2906 3829 2976 incomprehen-

2235 2995 2407 3049 sibilis
2438 2995 2633 3048 divinte
2657 2994 2735 3048 vis
2774 2994 3057 3063 potestatis
3078 3002 3180 3055 est,
3233 3001 3292 3047 nt
3322 2998 3466 3049 cum
3524 2997 3829 3055 habeamus

2237 3091 2291 3146 in
2339 3090 2497 3145 nobis
2571 3088 2695 3143 lacti
2764 3088 2929 3158 ipsius
2973 3087 3375 3156 conscientiam,
3408 3087 3435 3126 δ
3484 3090 3830 3161 impossibile

1602 3212 1865 3267 ALARDI
1904 3208 2137 3267 ΟΑΖᾸΞΙ
2176 3200 2744 3262 COMMENTARIUS.

602 3320 629 3349 ³
655 3311 744 3366 Bis
766 3311 819 3366 in
853 3309 1141 3380 Evangelio
1175 3308 1400 3377 legimus
1442 3306 1748 3376 hujusmodi
1774 3307 2121 3380 “miraculum
2151 3304 2196 3363 C
2229 3316 2343 3370 cap.
2374 3314 2439 3380 xv
2475 3296 2688 3367 Matth.)
2719 3297 2803 3380 his
2839 3297 3015 3352 verbis
3060 3316 3071 3350 :
3102 3295 3589 3380 Tantaanninquit,
3628 3302 3705 3380 in‘
3740 3304 3826 3380 his

529 3384 839 3450 contigisse.
862 3382 919 3434 In
948 3378 1121 3448 priore
1137 3380 1300 3445 (quod
1317 3389 1548 3445 quatuor
1562 3378 1907 3450 evangelistm
1925 3379 2126 3431 retule-

528 3447 1137 3521 tuan—quinquemillia
1170 3450 1477 3507 Imminum.
1502 3447 1702 3521 @38va
1740 3449 1797 3521 id
1833 3450 2127 3521 est,_viro-

530 3518 673 3586 rum,
703 3518 905 3586 absque
937 3520 1173 3583 parvulis
1202 3528 1257 3570 et
1306 3518 1643 3575 mulieribus,
1701 3518 1920 3570 satiavit
1946 3518 2128 3569 Domi-

532 3609 633 3648 nus
661 3594 895 3657 quinque
926 3590 1151 3656 panibus
1192 3587 1509 3640 hordeaceis
1552 3586 1839 3640 etduohus
1890 3588 2129 3655 piscibus

531 3661 747 3732 (Matth.
781 3676 889 3725 xtv,
924 3658 1093 3732 Marc.
1124 3673 1194 3732 vt.
1237 3657 1365 3712 Luc.
1417 3674 1491 3732 ιχ,
1514 3657 1673 3710 Joan.
1710 3670 1804 3723 vt).
1839 3658 1894 3711 lu
1947 3668 2126 3732 poste:

537 3728 679 3790 riore
709 3732 872 3800 (quod
912 3730 1009 3784 soli
1037 3728 1319 3784 Matth-mus
1359 3738 1412 3783 et
1444 3729 1652 3783 Marcus
1679 3730 2127 3800 commemorant)

535 3813 741 3871 septem
772 3803 997 3869 panibus
1034 3812 1089 3856 et
1131 3801 1314 3869 paucis
1360 3800 1629 3871 piscrculis
1658 3815 1889 3870 quatuor
1924 3811 2129 3854 tantum

535 3875 699 3930 millia
732 3877 941 3943 pavisse
968 3874 1159 3942 legitur
1186 3872 1404 3943 (Matth.
1440 3889 1534 3935 vu,
1578 3870 1743 3924 Marc.
1777 3876 1913 3940 vttt).
1942 3872 2129 3925 Fuisse

534 3956 715 4000 autem
746 3948 859 4001 hinc
879 3947 984 4000 duo
1013 3946 1223 3997 diversa
1252 3944 1534 4009 miracula,
1588 3943 1927 3997 manifestum
1967 3944 2126 3995 etiam

538 4028 623 4071 est
649 4032 714 4071 ex
747 4017 926 4070 verbis
966 4015 1181 4068 Dununi
1212 4015 1276 4067 ad
1332 4016 1623 4081 discipulus
1660 4017 1727 4067 de
1774 4012 1996 4080 penuria
2039 4029 2132 4079 pa-

537 4104 664 4143 rtum
691 4088 1019 4147 dtl'lillentes,
1053 4086 1287 4138 Matthxi
1321 4100 1433 4147 xvt,
1470 4086 1663 4151 quibus
1703 4094 1989 4151 utrumque
2019 4086 2128 4137 dis-

538 4161 707 4213 tincte
756 4170 1145 4211 commemorat
1184 4166 1238 4207 et
1269 4154 1521 4206 inculcat.
1578 4154 1713 4216 Quid
1761 4155 1999 4223 cogitatis
2022 4171 2131 4207 mo-

537 4231 669 4283 dicae
697 4229 837 4297 fidei,
868 4228 990 4294 quia
1019 4241 1183 4297 ptines
1201 4240 1301 4276 non
1332 4224 1564 4277 habetis?
1593 4224 1819 4297 nondum
1845 4224 2129 4297 intelligitis

540 4295 704 4368 neque
732 4298 1071 4349 recordamini
1098 4296 1324 4368 quinque
1349 4311 1540 4364 panum
1569 4305 1616 4368 et
1642 4296 1864 4368 quinque
1910 4295 2129 4368 millium

538 4366 829 4432 hominum,
848 4378 895 4421 et
942 4376 1064 4434 quot
1107 4367 1352 4431 cophinos
1396 4366 1733 4435 sumpsistis?
1789 4366 1922 4421 lliuc
1949 4367 2131 4435 Augu-

541 4440 714 4493 stinus
748 4440 839 4492 lih.
868 4454 905 4492 ιι
933 4439 1087 4508 (Cap.
1111 4436 1205 4501 50)
1234 4436 1300 4490 de
1322 4436 1602 4489 Conseusu
1629 4438 2081 4505 evangelistarum
2114 4457 2125 4490 :

545 4510 659 4565 Hoc
682 4526 825 4575 sane,
859 4513 1050 4578 inquit,
1080 4526 1182 4561 non
1204 4508 1267 4559 ab
1292 4525 1347 4561 re
1389 4508 1543 4577 fuerit
1591 4509 1889 4572 admonere,
1940 4510 1991 4561 in
2036 4509 2129 4562 hoc

540 4583 791 4636 miraculo
813 4582 875 4633 de
887 4590 1075 4650 septem
1098 4580 1334 4650 panibus,
1360 4578 1496 4648 quod
1514 4579 1619 4632 duo
1640 4581 1958 4650 evangelista:
1991 4579 2041 4632 Μ
2050 4591 2129 4633 at-

542 4654 702 4709 thteus
727 4663 771 4705 et
802 4649 1333 4743 blatcus‘posuerunt,
1380 4652 1511 4743 quiaL
1541 4653 1582 4703 si
1619 4649 1807 4743 aliquis
1829 4667 2013 4732 eorum
2071 4652 2125 4703 id
2156 4682 2210 4743 Β

542 4728 751 4780 dixisset
779 4725 865 4793 qui
892 4725 956 4776 de
985 4721 1090 4775 illis
1116 4724 1338 4791 quinque
1361 4721 1574 4791 panibus
1602 4740 1701 4773 non
1728 4723 1961 4783 dixisset,
2010 4739 2131 4776 con-

542 4800 728 4850 trarius
772 4799 967 4849 caneris
994 4805 1279 4864 putaretur.
1325 4796 1454 4858 Quis
1492 4795 1626 4846 enim
1670 4810 1773 4846 non
1817 4795 2129 4848 existimaret

543 4883 701 4919 unum
727 4866 960 4933 idemque
985 4871 1176 4932 factum
1208 4866 1359 4918 esse?
1390 4864 1497 4917 Sed
1527 4865 1647 4931 qnitt
1688 4866 1765 4917 illi
1787 4866 1874 4933 qui
1904 4866 2131 4918 miracu-

546 4935 652 4988 lum
679 4938 740 4987 de
768 4947 959 5001 septem
986 4937 1203 5005 panibus
1227 4944 1591 4995 nat'raverunt,
1610 4951 1699 5003 nec
1722 4934 1856 4991 illud
1886 4936 1948 4985 de
1975 4936 2129 5003 quin-

541 5021 639 5071 qtte
686 5006 900 5075 panibus
943 5016 1221 5070 tacuerunt,
1265 5006 1515 5058 neminem
1542 5015 1735 5065 movet,
1763 5015 1811 5056 et
1862 5014 2130 5075 utrumque

544 5078 747 5149 factum
766 5092 936 5129 onmes
967 5075 1427 5149 intelligunt._Hoc
1453 5076 1569 5127 ideo
1607 5075 1856 5149 diximus,
1882 5086 1935 5126 ut
1964 5076 2129 5149 sicubi

541 5146 709 5203 simile
732 5148 983 5200 invenitur
1006 5150 1197 5213 factum
1220 5165 1250 5199 a
1273 5146 1513 5207 Domino,
1540 5149 1674 5215 quod
1703 5148 1754 5198 itt
1785 5146 1958 5213 aliqua
1982 5147 2126 5200 alteri

542 5222 864 5292 evangelista:
907 5218 1313 5292 ita»_repugttare
1350 5218 1603 5292 videatur,
1650 5226 1705 5270 ut
1750 5218 1953 5269 omnino
2001 5219 2128 5272 solvi

546 5309 645 5344 non
669 5288 857 5362 possit,
889 5289 1019 5362 nihil
1048 5288 1192 5340 aliud
1222 5290 1536 5362 intelligatur
1570 5306 1720 5359 quant
1744 5297 2014 5354 utrumque
2046 5296 2129 5357 [a-

545 5359 682 5415 ctum
704 5379 834 5424 esse,
862 5371 908 5414 et
936 5361 1083 5413 aliud
1134 5362 1195 5413 ab
1237 5359 1341 5411 alio
1384 5359 1855 5421 commemoratum,
1889 5363 2017 5414 sicut
2066 5362 2129 5414 de

546 5434 770 5486 centenis
794 5443 836 5486 et
869 5433 1236 5503 quinquagenis
1286 5432 1712 5503 discumbentibus
1762 5448 2126 5485 commemora~

545 5505 729 5556 vimus.
764 5504 901 5570 Quia
932 5506 972 5556 si
1003 5501 1104 5556 non
1132 5508 1283 5555 etiam
1316 5501 1453 5573 illud
1500 5515 1767 5573 utrumque
1796 5508 1935 5571 apud
1971 5520 2129 5556 unum

544 5572 916 5644 inveniremus,
954 5580 1211 5627 contraria
1282 5571 1513 5644 singulos
1562 5571 1751 5627 dixisse
1780 5584 2126 5643 "putaremus.

547 5640 675 5702 Hauc
704 5644 1054 5713 Augustinus.
1084 5643 1259 5697 Porro
1290 5640 1565 5709 utriusque
1606 5640 1850 5698 miraculi
1881 5650 2055 5697 varias
2077 5653 2131 5698 et

644 5727 796 5769 crsas
824 5716 1254 5769 circumstantias
1290 5714 1525 5783 explicat
1551 5713 1615 5769 ο.
1640 5714 1998 5787 Hieronymus
2039 5713 2131 5789 (In

2233 3369 2346 3440 qua:
2373 3372 2665 3445 dis-crepant
2718 3370 3069 3445 immorentur.
3105 3369 3275 3439 Supra
3305 3370 3643 3439 (Matt/mm)
3688 3375 3824 3445 legi-

2236 3459 2347 3493 mus
2377 3456 2393 3492 :
2427 3440 2647 3510 Vespere
2676 3450 2840 3493 autem
2894 3440 3027 3510 facto
3070 3452 3390 3496 accesserunt
3420 3445 3487 3495 ad
3513 3460 3625 3495 cum
3664 3440 3825 3497 disci-

2232 3514 2343 3583 puli
2368 3512 2587 3583 dicentes
2632 3528 2657 3583 7:
2715 3511 2955 3583 Desertus
3001 3521 3073 3565 est
3142 3513 3322 3583 locus,
3374 3523 3419 3565 et
3461 3514 3685 3583 reliqua;
3736 3518 3824 3569 hic

2234 3581 2448 3655 (Matth.
2484 3582 2575 3649 xv)
2606 3582 2867 3655 discipulis
2892 3582 3197 3648 convocatis,
3220 3585 3327 3654 ipse
3354 3581 3599 3636 Dominus
3651 3586 3823 3655 loqui-

2235 3662 2318 3705 tur
2346 3669 2363 3705 :
2391 3652 2639 3725 Misereor
2665 3654 2847 3716 turbae,
2875 3655 2996 3721 quia
3040 3654 3208 3706 triduo
3228 3652 3341 3724 jam
3374 3665 3687 3725 perseverant
3707 3652 3817 3710 ine-

2232 3740 2368 3777 cum.
2398 3723 2480 3777 Ibi
2505 3725 2724 3793 quinque
2753 3740 2908 3791 panes
2930 3735 3075 3795 erant
3098 3733 3143 3777 et
3172 3723 3272 3778 duo
3306 3723 3485 3791 places,
3521 3726 3603 3778 hic
3628 3738 3820 3795 septem

2232 3812 2393 3867 panes
2420 3806 2469 3848 et
2512 3798 2659 3860 pauci
2690 3796 2943 3867 pisciculi.
2970 3794 3049 3848 Ibi
3080 3812 3232 3864 super
3270 3798 3439 3867 fenum
3463 3794 3819 3865 discumbunt,

2232 3866 2315 3939 hic
2342 3883 2495 3930 super
2512 3865 2919 3939 terram.‘lbi_q_ui
2945 3865 3642 3939 comedunt,qninqnemillia
3662 3882 3821 3935 sunt;

2233 3938 2315 3987 hic
2344 3948 2564 4004 quatuor
2594 3935 2780 3989 millia.
2810 3934 2893 3988 Ibi
2919 3938 3195 3991 duodecim
3235 3934 3441 4005 copltt'ni
3470 3942 3726 4007 replentur
3752 3934 3819 3997 de

2231 4007 2463 4079 reliquiis
2495 4008 2898 4077 {ragmentorum
2924 4050 2938 4067 ,
2968 4008 3048 4059 hic
3077 4018 3265 4079 septem
3285 4021 3488 4078 spnrtte,
3522 4023 3627 4063 etc.

2305 4076 2331 4115 ιι
2363 4076 2698 4151 lmposstbile
2722 4093 2826 4151 pro,
2860 4079 3014 4132 valde
3044 4076 3245 4135 dillicili
3282 4076 3507 4148 positum
3541 4082 3817 4151 existimo,

2233 4158 2288 4202 ut
2321 4152 2538 4218 sapein
2571 4150 2864 4219 Scripturis
2925 4152 3161 4218 ponitur.
3216 4153 3470 4217 Quamvis
3526 4154 3667 4208 enim
3717 4150 3812 4211 Dei

2232 4222 2700 4293 omnipotentiam,
2730 4230 2839 4274 tum
2872 4220 2923 4275 in
2951 4222 3049 4275 hac
3075 4238 3268 4290 panum
3295 4224 3738 4293 multiplicatione
3764 4238 3822 4282 et

2228 4290 2643 4359 distributione,
2670 4304 2778 4345 tum
2799 4293 2849 4345 itt
2880 4293 3003 4346 aliis
3029 4295 3322 4359 miraculis,
3356 4290 3821 4361 Comprehendere

2234 4377 2337 4415 non
2372 4366 2632 4431 possimus
2658 4405 2670 4428 ,
2701 4373 2882 4417 tamen
2908 4378 2973 4417 ex
2998 4364 3115 4417 aliis
3147 4367 3412 4419 similibus
3454 4367 3715 4432 exemplis
3764 4380 3822 4423 et

2233 4433 2512 4487 miraculis
2538 4449 2821 4502 possumus
2845 4435 3006 4499 hujus
3027 4436 3271 4491 miraculi
3317 4438 3551 4490 rationes
3580 4454 3671 4490 seu
3701 4455 3823 4493 mo-

2232 4503 2358 4558 dum
2390 4505 2729 4574 aliquatenus
2783 4506 3104 4574 intelligere.
3158 4508 3211 4561 ln
3245 4508 3343 4560 hac
3391 4507 3652 4576 siquidem
3706 4508 3821 4565 l'ra-

2232 4576 2410 4629 ctione
2454 4592 2517 4632 ac
2546 4577 2925 4631 distributione
2979 4577 3321 4648 intelligenda
3365 4589 3446 4632 est
3501 4578 3823 4636 mirabiliter

2236 4648 2371 4700 facta
2403 4664 2596 4713 panum
2622 4649 3016 4718 multiplicatio,
3049 4649 3115 4702 ad
3156 4665 3279 4705 eum
3313 4650 3527 4704 modum
3574 4667 3677 4718 quo
3721 4668 3820 4719 per

2235 4720 2731 4785 multiplicationem
2765 4736 2857 4774 seu
2898 4720 3224 4775 auditionem
3258 4725 3498 4775 materiae
3547 4732 3821 4777 extranea:

2234 4804 2301 4862 ex
2333 4798 2485 4862 costa
2510 4808 2610 4842 ttua
2648 4791 2780 4845 Adae
2823 4789 3045 4845 formata
3083 4803 3165 4846 est
3198 4793 3329 4858 Eva,
3365 4794 3497 4847 Gen.
3533 4809 3599 4849 tt:
3626 4804 3675 4847 et
3713 4811 3820 4862 quo

2234 4860 2424 4929 hydria
2444 4862 2628 4935 lat—inte
2647 4877 2749 4915 non
2776 4862 2991 4925 deiecit,
3016 4872 3069 4916 et
3092 4864 3334 4935 lecythus
3355 4865 3457 4917 olei
3484 4880 3587 4918 non
3615 4874 3695 4918 est
3721 4860 3817 4917 itu-

2234 4934 2471 5003 ruinutus
2502 4931 2555 4986 iu
2598 4931 2760 4987 domo
2785 4935 3116 5002 Sareptenae,
3147 4931 3299 5003 juxta
3339 4936 3561 4989 verbum
3595 4936 3721 4989 Elia:
3755 4935 3817 4989 Ill

2234 5001 2367 5072 Reg.
2398 5020 2537 5069 xvu;
2560 5013 2614 5058 et
2649 5021 2754 5073 quo
2786 5001 2971 5073 parum
3023 5005 3126 5059 olei
3149 5001 3236 5058 ‘ad
3281 5020 3469 5074 preces
3519 5007 3695 5059 Elisa-i
3726 5008 3820 5061 im-

2233 5074 2543 5142 plevitvasa
2569 5091 2671 5128 non
2692 5091 2880 5143 pauca,
2904 5074 2967 5130 IV
2983 5075 3117 5145 Reg.
3145 5093 3219 5131 tv.
3246 5077 3482 5130 Primum
3509 5078 3815 5145 exetuplum

2234 5154 2427 5199 tractat
2453 5148 2599 5213 llugo
2625 5163 2653 5199 a
2677 5149 2735 5202 S.
2759 5147 2974 5200 Victore
3007 5148 3098 5202 lib.
3144 5165 3159 5203 ι
3186 5149 3256 5203 de
3295 5148 3676 5211 Sacramentis,
3709 5148 3819 5201 Ma-

2232 5216 2399 5283 gister
2426 5218 2826 5272 Sententiarum
2859 5221 2908 5270 itt
2936 5216 2971 5269 2
3018 5220 3144 5275 dist.
3200 5222 3288 5286 l8,
3333 5228 3388 5272 et
3430 5219 3485 5274 S.
3544 5220 3816 5272 'l‘homast

2235 5299 2371 5357 part.
2405 5304 2459 5358 q.
2484 5291 2551 5342 92
2572 5301 2676 5345 art.
2708 5291 2760 5342 5.
2795 5290 3101 5343 Secundqu
3125 5301 3179 5347 et
3226 5293 3440 5345 tertium
3473 5290 3665 5358 allegat
3686 5292 3817 5343 'l'et'~

2235 5363 2485 5413 tulliath
2513 5360 2601 5414 lih.
2630 5376 2679 5414 tv
2720 5359 2871 5431 (Cap.
2912 5362 3005 5427 at)
3032 5373 3215 5416 contra
3267 5363 3616 5416 Marcionem.
3658 5360 3819 5431 Addit

2234 5431 2395 5484 etiam
2426 5442 2675 5501 quartum
2712 5430 2833 5485 huic
2883 5432 3059 5488 simile
3112 5434 3417 5503 exemplum
3479 5433 3677 5495 Eliszci,
3727 5430 3815 5499 qui

2235 5504 2420 5570 viginti
2451 5502 3013 5573 panibushordeaceis
3065 5504 3205 5570 pa‘iit
3256 5504 3505 5559 homines
3556 5516 3811 5573 centum,

2237 5573 2301 5628 IV
2330 5571 2461 5659 Reg.
2490 5590 2560 5627 tv.
2588 5574 2932 5659 S‘i_quartum,
2958 5575 3395 5659 ittquit,_resolttas
3418 5576 3493 5659 [id
3521 5586 3630 5655 est,
3656 5571 3815 5625 revol-

2237 5644 2347 5720 uas]
2379 5654 2595 5720 (nempe
2616 5645 2816 5720 Iibr_utu_
2844 5656 3104 5720 quartum
3126 5647 3377 5720 Regum),
3407 5644 3631 5720 invenies
3660 5655 3815 5720 totum

2239 5715 2372 5771 hunc
2412 5717 2643 5774 ordinem
2696 5715 2887 5773 Christi
2922 5718 3062 5773 circa
3086 5715 3355 5784 illumDei
3394 5718 3673 5787 hominem,
3726 5715 3816 5789 qui
