3976 6180
1223 192 1311 249 DE
1350 191 1862 251 [NCARNATIONE
1900 192 2173 251 CHRISTI
2214 194 2343 250 LIB.
2387 195 2475 249 Vl.

3388 202 3490 261 150

206 336 325 391 quia
367 316 565 371 verbum
615 311 898 368 breviatum
927 310 1082 382 faciet
1116 306 1369 364 Dominus
1416 326 1573 382 super
1601 321 1792 365 terram
1818 318 1865 375 Α
1894 318 1979 365 est
1997 325 2064 364 ex
2091 310 2256 364 Maria
2281 311 2513 378 virgine,
2539 316 2595 362 et
2614 310 2908 365 crucitixus
2933 311 3041 366 sub
3061 312 3258 369 Pontio
3284 314 3486 383 Pilato,

214 412 390 484 (Rom.
419 416 514 476 tt).
560 408 664 463 lloc
692 417 776 459 est
802 420 935 472 ergo
973 403 1271 458 breviatum
1299 403 1525 459 verbum
1551 404 1694 474 quod
1720 403 1797 458 fe-

212 506 289 561 cit
323 506 584 568 Dominus,
636 500 803 553 [idem
836 497 1047 552 scilicet
1074 498 1304 568 duplicis
1334 497 1666 551 Testamenti
1713 498 1795 551 sui

215 597 268 652 in
292 612 456 667 pauca
483 596 764 662 colligens,
796 600 854 645 et
877 601 902 628 ι
935 605 1158 645 sensum
1201 590 1445 646 omnium
1494 591 1795 660 Scriptura—

214 706 331 745 rum
362 692 408 743 in
435 690 616 744 brevia
668 686 1029 752 concludens,
1061 700 1155 738 sua
1182 684 1252 739 de
1291 684 1405 739 suis
1427 686 1690 746 condens,
1739 692 1796 739 et

214 784 317 839 vim
347 786 501 838 totius
550 782 690 851 legis
748 779 1289 846 compendiosissima
1322 780 1586 833 brevitate
1633 778 1796 847 peril-

209 879 367 935 oiens.
394 878 706 932 Consulens
730 874 938 929 scilicet
972 874 1023 926 in
1058 873 1181 939 hoc,
1225 884 1283 927 ut
1314 874 1587 941 piissimus
1617 881 1790 941 pater,

210 972 288 1026 vel
320 970 664 1037 negligentia:
715 966 1072 1037 quorumdam
1128 964 1360 1019 liliorum
1412 980 1657 1030 suorum,
1707 965 1795 1019 vel

208 1065 297 1127 im;
319 1064 527 1119 eritiai:
558 1072 617 1116 ut
644 1077 751 1115 non
771 1059 1045 1114 laboraret
1072 1058 1279 1125 utique,
1307 1061 1549 1124 quamvis
1565 1059 1794 1126 simplex

211 1164 273 1219 et
308 1155 582 1231 imperita,
610 1170 765 1209 mens
793 1167 1025 1222 capere,
1059 1152 1200 1222 quod
1235 1153 1403 1221 possit
1449 1150 1609 1207 facile
1632 1153 1795 1209 etiam

210 1250 467 1304 memoria
495 1245 781 1303 COillillel'i.

807 1335 1039 1392 CAPUT
1076 1335 1167 1390 IV.

207 1432 516 1504 Symbolum
548 1432 671 1501 ﬁdei
699 1430 929 1485 divinam
964 1438 1010 1482 el
1041 1429 1321 1482 humanam
1348 1429 1535 1484 habere
1574 1430 1800 1484 auctori-

928 1513 1103 1555 taem.

276 1618 443 1671 Vides
487 1632 619 1685 ergo
669 1616 724 1669 in
774 1614 1030 1685 Symbolo
1077 1615 1454 1668 auctoritatem
1488 1614 1586 1669 Dei
1626 1628 1793 1669 esse:

1898 412 1956 457 et
1984 405 2248 473 sepultus.
2281 404 2347 457 Et
2374 404 2528 457 tertia
2560 401 2649 457 die
2675 409 2974 459 resurrexit
3012 408 3313 461 secundum
3343 409 3489 464 Scri-

1899 506 2109 565 pturas,
2139 503 2195 549 et
2233 495 2286 549 in
2322 495 2492 549 cados
2519 495 2786 549 ascendit.
2826 496 2893 549 Et
2919 497 3114 553 iterum
3144 500 3328 554 veniet
3346 499 3484 570 judi-

1898 600 2025 642 care
2055 586 2207 641 vivos
2235 596 2289 641 et
2319 597 2587 641 mortuos.
2622 587 2691 641 Et
2717 588 2946 656 reliqua.

2524 700 2755 757 CAPUT
2796 700 2862 754 V.

1901 792 2213 848 Lectissimis
2251 794 2571 863 argumentis
2599 797 2705 865 agit
2738 804 2920 850 contra
2952 796 3342 863 adversarium,
3378 810 3426 853 et
3464 820 3494 857 a

1970 866 2257 938 majoribus
2287 878 2553 937 acceptam
2586 867 2893 929 reliaionem
2920 868 3184 924 mordicus
3219 872 3505 926 tenendam

1969 954 2077 992 esse
2100 938 2343 991 ostendit.

1972 1065 1997 1093 ο
2044 1054 2104 1109 Si
2149 1054 2362 1109 Arianae
2411 1063 2506 1108 aut
2547 1054 2875 1111 Sabellianae
2924 1054 3205 1113 haereseos
3251 1065 3502 1114 assertor

1900 1162 2068 1208 esses.
2090 1157 2147 1203 et
2169 1162 2273 1201 non
2306 1157 2398 1202 tuo
2424 1147 2542 1217 ipso
2563 1149 2815 1219 symbolo
2838 1158 3013 1203 tecum
3030 1161 3241 1214 uterer,
3268 1153 3491 1206 convin-

1899 1254 2080 1295 cerent
2105 1248 2157 1293 te
2181 1248 2357 1295 tamen
2384 1240 2819 1295 testimoniorum
2843 1256 3121 1297 sacrorum
3145 1244 3490 1311 auctoritate,

1898 1332 2283 1388 convincerem
2308 1334 2441 1402 legis
2468 1334 2639 1403 ipsius
2660 1348 2817 1399 voce,
2843 1335 3224 1390 convincerem
3258 1336 3495 1407 denique

1901 1430 2124 1498 probata
2162 1444 2255 1498 per
2287 1430 2603 1483 universum
2647 1430 2907 1484 mundum
2942 1430 3191 1499 Symboli
3214 1432 3446 1487 veritate
3475 1449 3488 1484 :

1901 1520 2137 1573 dicerem
2171 1526 2254 1583 te,
2297 1521 2511 1575 etiamsi
2543 1536 2741 1590 expers
2789 1522 3162 1591 intelligentia:
3202 1537 3262 1576 ac
3302 1536 3496 1577 sensus

1905 1625 2078 1679 esses,
2112 1622 2364 1679 oportere
2392 1623 2572 1666 tamen
2617 1614 2769 1682 sequi
2814 1615 3004 1668 saltem
3047 1630 3375 1669 consensum
3403 1630 3495 1685 ge-

210 1708 447 1763 Verbum
480 1711 612 1762 enim
658 1707 926 1760 breviatum
955 1707 1107 1777 faciet
1138 1706 1389 1759 Dominus
1418 1723 1572 1777 super
1608 1716 1799 1760 terram
1832 1708 1877 1766 B
1906 1706 2053 1757 neris
2087 1704 2329 1771 humani,
2378 1720 2475 1758 nec
2509 1707 2677 1774 pluris
2729 1706 2906 1761 facere
2952 1707 3154 1762 debere
3198 1724 3491 1777 paucorum

204 1802 397 1872 (ποίη.
426 1817 535 1865 ιι).
565 1800 721 1855 bSed
769 1800 1030 1853 hominum
1078 1798 1310 1852 fortasse
1355 1800 1572 1868 quu'ris.
1623 1799 1698 1851 Ne
1750 1799 1799 1851 id

204 1893 435 1963 quidem
470 1895 638 1957 deest,
674 1907 769 1961 per
801 1891 1043 1945 homines
1071 1892 1214 1945 enim
1250 1890 1301 1945 id
1335 1892 1475 1945 Deus
1508 1893 1652 1945 fecit.
1686 1892 1801 1945 Sic-

204 1996 262 2040 ut
311 1984 463 2038 enim
520 1986 827 2038 immensam
881 1982 1070 2056 [Lips.
1119 1984 1175 2037 in
1223 2000 1390 2054 marg.
1444 1980 1800 2053 universam]

198 2080 345 2138 ilum
394 2080 805 2145 Scripturarum
847 2092 1127 2131 sacrarum
1158 2078 1370 2144 copiam
1424 2092 1517 2143 per
1572 2077 1800 2145 patriar-

196 2173 328 2228 chas
354 2180 414 2225 et
446 2172 748 2241 prophetas
776 2173 1007 2224 maxime
1030 2184 1157 2224 suos
1184 2169 1447 2237 condidit,
1474 2169 1548 2223 ita
1573 2170 1801 2240 Symbo-

198 2268 299 2323 lum
336 2283 439 2336 per
468 2266 754 2335 apostolos
780 2280 907 2319 sutis
934 2266 1357 2334 sacerdote~que
1396 2263 1699 2317 constituit.
1737 2263 1802 2317 Et

197 2358 459 2430 quidquid
513 2359 628 2412 illic
677 2372 774 2426 per
812 2371 940 2411 suos
974 2357 1117 2426 larga
1163 2371 1227 2409 ac
1272 2356 1593 2410 redundanti
1644 2356 1801 2425 Copia

196 2450 462 2517 dilatavit,
519 2450 668 2506 idem
727 2449 813 2503 hic
868 2464 966 2517 per
1016 2464 1146 2502 suos
1178 2449 1489 2516 plenissima
1538 2450 1801 2503 brevitate

196 2544 487 2600 conclusit.
549 2542 695 2597 Nihil
742 2557 872 2611 ergo
916 2542 970 2595 in
1022 2542 1284 2613 Sytnbolo
1334 2542 1506 2605 deest,
1549 2543 1692 2612 quod
1736 2559 1799 2596 ex

196 2640 405 2705 scriptis
446 2638 556 2694 Dei
598 2654 693 2707 per
721 2637 1000 2706 apostolos
1046 2637 1139 2691 Dei
1187 2637 1488 2704 conditum,
1534 2649 1700 2691 totum
1747 2637 1797 2690 in

192 2744 558 2801 se,quanttim
580 2731 646 2785 ad
673 2733 1049 2785 auctoritatem
1075 2731 1328 2797 pertinet,
1352 2730 1515 2786 habet
1538 2730 1796 2801 quidquid

190 2800 263 2880 iel
294 2825 595 2879 hominum
626 2833 731 2888 est,
768 2825 850 2878 vel
892 2824 1005 2877 Dei.
1035 2825 1115 2890 Qtt
1137 2826 1292 2876 imvis
1317 2827 1479 2877 etiam
1526 2824 1669 2892 quod
1704 2840 1798 2892 per

190 2916 443 2973 homines
497 2918 703 2971 fat-tuin
751 2926 856 2983 est,
909 2915 1005 2970 Dei
1056 2916 1475 2970 exisdmandum
1520 2918 1620 2983 sit,
1676 2916 1796 2983 quia

188 3027 287 3067 non
321 3025 439 3067 tam
508 3012 723 3066 illorum
760 3025 854 3078 per
899 3026 1036 3076 quos
1069 3010 1268 3065 factum
1319 3021 1424 3075 est,
1458 3025 1618 3079 quam
1654 3010 1799 3063 illius

1913 1796 2285 1863 improborum
2331 1800 2738 1865 perversitatem
2786 1816 2945 1869 quam
2980 1802 3330 1855 ecclesiarum
3379 1816 3495 1857 om-

1906 1889 2053 1942 nium
2089 1890 2244 1942 lidein
2270 1907 2284 1955 ;
2314 1906 2436 1959 qua!
2466 1893 2649 1960 utique
2679 1910 2708 1946 a
2733 1895 2953 1949 Cill‘iSlO
2992 1894 3231 1958 fundata,
3271 1898 3339 1950 ab
3366 1912 3496 1966 apo-

1906 1984 2059 2038 stolis
2087 1984 2303 2048 trsidita,
2335 1999 2439 2038 non
2466 1986 2612 2039 aliud
2644 1986 3008 2040 existimanda
3034 1997 3178 2041 esset
3199 2004 3358 2056 quam
3392 2004 3493 2042 vox

1902 2084 2063 2143 atque
2108 2082 2404 2129 auctoritas
2460 2076 2579 2140 Dei,
2631 2094 2755 2148 qua:
2798 2080 3019 2132 haberet
3053 2080 3107 2132 iu
3134 2095 3195 2135 se
3224 2082 3412 2148 utique
3440 2089 3497 2135 et

1900 2186 2090 2224 vocem
2121 2180 2175 2223 et
2203 2186 2423 2223 sensum
2469 2172 2581 2225 Dei.
2620 2172 2689 2225 Et
2729 2174 2857 2241 qttid
2906 2173 3123 2226 tandem
3154 2173 3199 2226 si
3243 2174 3321 2225 sic
3352 2172 3497 2240 apud

1904 2275 1955 2319 te
1985 2280 2224 2333 agerem,
2259 2264 2385 2332 quid
2417 2264 2670 2345 dice’res?
2702 2267 2827 2334 quid
2861 2265 3264 2335 responderes?
3294 2280 3493 2333 nonne,

1902 2356 2151 2421 obsecro,
2185 2358 2358 2411 illud?
2388 2357 2504 2412 Non
2536 2360 2605 2411 ita
2638 2367 2691 2414 te
2722 2360 3010 2422 imbutum,
3048 2374 3155 2412 non
3183 2361 3252 2412 ita
3283 2358 3497 2415 institu-

1903 2460 2012 2504 tum
2046 2466 2197 2514 esse;
2229 2451 2377 2503 aliud
2418 2452 2511 2505 tibi
2546 2466 2574 2503 a
2610 2454 2950 2520 parentibus,
2984 2453 3130 2505 aliud
3160 2467 3188 2505 a
3223 2452 3497 2522 magistris

1901 2554 2061 2615 atque
2094 2544 2404 2599 auctoribus
2432 2545 2539 2599 tuis
2570 2546 2849 2600 traditum.
2896 2546 3013 2599 Non
3056 2546 3162 2600 hoc
3192 2556 3243 2603 te
3285 2548 3335 2599 in
3366 2560 3497 2600 con-

1900 2641 2173 2697 venticulo
2201 2642 2289 2695 illo
2335 2643 2544 2710 paterni
2577 2642 2865 2714 dogmatis,
2908 2658 3007 2696 nec
3054 2644 3105 2697 in
3139 2642 3371 2699 cerlesia
3404 2656 3498 2698 ve-

1900 2747 2029 2790 strae
2074 2736 2430 2806 professionis
2482 2736 2745 2801 audisse;
2784 2736 2929 2788 aliud
2977 2745 3253 2801 postremo
3294 2744 3498 2787 textum

1901 2831 2074 2899 ipsum
2119 2841 2280 2900 atque
2321 2846 2630 2884 sermonem
2668 2831 2852 2882 traditi
2885 2829 2982 2880 tibi
3027 2840 3189 2898 atque
3243 2828 3499 2882 insinuati

1902 2923 2133 2995 Symboli
2166 2925 2464 2977 ttoiitincre.
2501 2923 2556 2976 lit
2588 2938 2652 2979 eo
2678 2933 2731 2977 te
2756 2923 3110 2989 baptizatum,
3156 2921 3210 2975 in
3243 2934 3309 2974 eo
3334 2930 3386 2975 te
3416 2934 3499 2977 re-

1904 3026 2089 3069 natum
2113 3031 2253 3069 esse.
2284 3016 2395 3069 lloc
2428 3025 2613 3068 tenere
2642 3014 2787 3082 quod
2818 3012 3148 3079 accepis-es,
3180 3021 3236 3066 et
3270 3012 3321 3065 in
3350 3027 3416 3067 eu
3446 3019 3497 3068 te

188 3111 537 3163 credendum
587 3118 668 3160 est
699 3122 821 3160 esse
860 3108 949 3173 qui
998 3106 1144 3159 fecit.
1193 3108 1394 3162 Credo.
1444 3121 1575 3173 ergo
1624 3106 1796 3170 inquit
1827 3094 1871 3152 C
1905 3107 2090 3157 vivere
2124 3106 2359 3167 diceres,
2396 3107 2448 3155 in
2476 3121 2582 3170 quo
2611 3111 2993 3170 rogeneratum
3026 3118 3149 3157 esse
3190 3104 3494 3158 didicisses.

187 3197 554 3267 Symbolum,
606 3200 657 3249 in
693 3213 856 3250 unum
890 3212 1097 3260 verum,
1132 3198 1303 3247 solum
1363 3197 1554 3253 Deum.
1584 3196 1799 3247 Patrem

184 3292 663 3357 miiiputentem,
698 3296 999 3339 creatorem
1030 3288 1272 3339 omnium
1304 3286 1591 3338 visibilium
1635 3294 1691 3339 et
1721 3286 1801 3339 in-

186 3385 504 3438 visibiliitm
557 3388 970 3444 creaturarum;
1025 3390 1077 3433 et
1124 3380 1176 3432 in
1223 3378 1503 3431 Dominum
1554 3389 1797 3431 nostrum

192 3478 368 3535 leaum
404 3473 721 3539 Christum,
762 3472 955 3527 Filium
979 3472 1095 3543 ejus
1129 3472 1487 3542 unigenitum,
1516 3484 1563 3526 et
1596 3472 1798 3540 piimo-

195 3572 438 3638 genitum
498 3566 661 3619 totius
691 3575 980 3629 creaturae,
1035 3582 1099 3620 ex
1131 3581 1199 3620 eo
1240 3572 1422 3619 natum
1466 3574 1591 3619 ante
1618 3566 1795 3618 omnia

199 3660 412 3725 secula,
452 3666 514 3710 et
548 3671 651 3709 non
697 3656 915 3719 iactum,
972 3657 1136 3711 Deum
1170 3672 1355 3711 verum
1397 3672 1461 3709 ex
1495 3658 1601 3709 Deo
1644 3670 1793 3719 vero,

206 3746 564 3804 homoousion
600 3749 765 3815 Patri,
798 3764 894 3820 per
922 3766 1078 3818 quem
1112 3757 1170 3805 et
1201 3751 1398 3805 saecula
1422 3749 1798 3818 cimipaginata

204 3855 332 3911 sunt,
362 3854 419 3900 et
447 3846 638 3901 omnia
671 3844 833 3899 facta.
866 3846 963 3910 Qui
992 3854 1212 3914 propter
1236 3832 1334 3900 nos
1364 3844 1528 3911 venit,
1562 3855 1616 3898 et
1641 3855 1797 3899 natus

1908 3197 2118 3261 Nonne,
2149 3209 2364 3259 ιμιῖθεο,
2399 3194 2584 3246 dicens
2610 3194 2747 3259 hair,
2778 3192 3077 3247 fortissimo
3104 3206 3153 3248 te
3179 3196 3340 3249 etiam
3369 3211 3499 3251 con-

1909 3298 1989 3343 tra
2018 3289 2295 3341 veritatem
2330 3297 2486 3341 scuto
2518 3289 2588 3341 ιιιί
2619 3287 3006 3341 aibitrareris?
3052 3288 3120 3342 Et
3148 3303 3276 3342 vere
3308 3304 3359 3347 in
3407 3304 3498 3345 ne-

1902 3382 2055 3452 gatio
2080 3380 2323 3449 quamvis
2371 3381 2617 3448 improbo
2658 3395 2763 3433 non
2802 3380 3109 3448 importuna
3150 3378 3417 3443 defensio,
3446 3390 3498 3437 et

1905 3489 2025 3544 qua:
2065 3489 2167 3525 non
2198 3471 2427 3525 absurde
2465 3487 2683 3526 causam
2717 3475 2923 3526 erroris
2975 3474 3203 3539 diceret,
3244 3472 3289 3529 si
3335 3474 3499 3545 perti-

1903 3566 2112 3622 naciam
2144 3581 2247 3618 non
2276 3565 2509 3620 soci-aret
2542 3569 2737 3621 errori.
2775 3566 2909 3621 Nam
2937 3584 3058 3621 cuin
3108 3568 3211 3625 hoc
3254 3578 3493 3639 teneres,

1905 3659 2047 3727 quod
2078 3674 2105 3710 a
2139 3673 2305 3723 parvo
2334 3660 2662 3725 accepisses,
2695 3655 2723 3695 ἀ
2749 3659 2869 3725 plus.
2898 3658 3124 3715 haberet
3157 3661 3209 3716 in
3241 3672 3291 3716 te
3312 3676 3497 3716 etnen~

1904 3750 2053 3804 datio
2082 3750 2225 3819 quod
2255 3750 2321 3802 de
2350 3750 2603 3817 praesenti
2629 3765 2817 3803 errore
2867 3755 3187 3820 corrigeret,
3219 3770 3378 3822 quam
3408 3771 3495 3810 se-

1904 3845 2106 3905 veritas
2136 3841 2278 3911 quod
2303 3842 2369 3896 de
2402 3843 2683 3910 praeterito
2720 3842 3042 3897 vindicaret.
3076 3853 3099 3882 ε
3122 3844 3274 3900 Nunc
3315 3859 3492 3905 autem

1281 3975 1537 4031 AL.\ltDl
1574 3974 1802 4031 CALEI
1841 3974 2033 4031 COMM
2048 3973 2412 4031 ENTARIUS.

263 4098 287 4127 ⁸
309 4092 366 4146 S.
395 4090 711 4162 Cyprianus
729 4089 797 4141 de
825 4090 1082 4143 Oratione
1108 4090 1385 4143 Dominica
1414 4106 1427 4143 :
1456 4088 1584 4143 Cum
1613 4090 1791 4142 Domi-

206 4175 286 4215 nus
314 4159 499 4217 noster
548 4159 699 4215 Jesus
741 4162 972 4214 Christus
1014 4162 1255 4227 Colliqms
1301 4168 1473 4213 dov‘tos
1506 4164 1699 4226 pariter
1744 4171 1787 4213 et

206 4229 447 4302 indoctos,
499 4234 635 4283 omni
677 4233 819 4285 sexui
849 4243 997 4299 atque
1032 4234 1169 4285 miti
1202 4241 1452 4302 prmcrpta
1478 4234 1660 4283 salutis
1702 4233 1788 4283 de-

212 4299 341 4361 drrit,
379 4312 761 4373 praceptorum
790 4318 1002 4356 suorum
1036 4305 1152 4367 fecit
1178 4299 1374 4373 grande
1401 4306 1786 4372 compendium,

213 4383 257 4422 tit
280 4374 326 4426 in
355 4373 645 4444 disciplina
674 4374 861 4427 calcati
889 4376 1192 4426 discentium
1230 4378 1472 4426 memoria
1503 4390 1605 4425 non
1648 4376 1790 4426 labo-

217 4450 351 4510 I‘Itet,
380 4454 473 4498 sed
511 4446 647 4516 quod
674 4455 799 4497 esset
826 4446 1045 4516 simplici
1076 4446 1196 4511 ﬁdei
1229 4448 1569 4516 necessarium
1601 4447 1787 4496 veloci-

1902 4092 2078 4163 paucis
2108 4091 2268 4143 verbis
2294 4092 2517 4153 dicatur,
2555 4090 2691 4163 unde
2717 4091 2936 4163 multum
2972 4093 3289 4163 acquiratur.
3332 4097 3496 4155 Simi-

1899 4162 1965 4214 lia
2007 4163 2203 4236 habent
2247 4163 2483 4236 Isidorus
2531 4162 2665 4236 (Lib,
2701 4180 2733 4215 ιι
2759 4166 2819 4215 de
2845 4162 2989 4235 Ofﬁc.
3022 4162 3137 4233 cap.
3174 4166 3289 4236 25),
3320 4169 3495 4228 ηυδε-

1900 4248 1999 4307 nus
2024 4234 2161 4297 (Lib.
2198 4250 2231 4287 tt
2255 4233 2317 4284 de
2341 4233 2579 4285 Institut.
2607 4233 2741 4285 (λεν.
2779 4233 3035 4307 ςιηιξὸϋ),
3062 4250 3111 4289 et
3140 4233 3252 4292 alii.

1971 4304 1998 4340 ι»
2030 4306 2256 4379 supple,
2278 4309 2666 4379 fluctui-timum
2698 4307 2749 4359 in
2780 4304 3069 4379 Symhot’o,
3102 4312 3165 4361 de
3196 4328 3299 4379 qua
3337 4329 3495 4377 supe-

1898 4376 2012 4427 rius
2058 4375 2231 4426 ditit:
2268 4373 2333 4426 In
2382 4375 2651 4443 Symbolo,
2691 4373 2834 4443 quod
2876 4373 3225 4433 Ecclesiarnni
3265 4373 3495 4439 omnium

1901 4446 2051 4510 ﬁdem
2082 4443 2327 4512 loquitur,
2362 4448 2492 4496 scire
2515 4458 2655 4509 apto,
2689 4448 2813 4507 quid
2841 4450 2985 4513 sequi
3024 4454 3192 4503 malis.
3230 4458 3493 4509 Itaminum

220 4518 540 4585 lcrrdtsceret.
588 4515 646 4568 Ι).
685 4511 1039 4585 Iiicrimyititts
1080 4516 1133 4569 iu
1166 4516 1390 4583 etii-lolii
1436 4514 1501 4565 ad
1546 4514 1793 4563 Partitna-
1823 4511 1873 4567 D
1898 4518 2287 4576 auctoritatem,
2320 4531 2384 4565 an
2417 4514 2553 4567 Dei?
2588 4514 2814 4565 videtur
2843 4511 3020 4569 autem
3058 4520 3141 4569 Ιιιιέ
3174 4520 3491 4584 Symbolum

219 4582 376 4637 cltiutu
409 4584 611 4656 (Epist.
650 4586 741 4653 6|)
777 4606 787 4638 :
832 4582 899 4638 1ιὶ
928 4587 1174 4655 Symbolo
1202 4582 1333 4654 ﬁdei
1362 4592 1407 4635 et
1440 4588 1545 4652 spei
1583 4594 1793 4656 ηοεινω,

224 4655 347 4718 φιοά
385 4657 439 4707 ob
487 4654 734 4721 apostolis
762 4654 1011 4709 traditum
1038 4675 1137 4707 non
1169 4658 1409 4708 scribitur
1451 4659 1502 4706 in
1542 4654 1720 4705 charta
1750 4663 1796 4705 et

224 4730 514 4796 atramento,
542 4731 631 4781 sed
680 4732 731 4780 in
760 4730 948 4780 tabulis
979 4729 1145 4779 cordis
1185 4727 1501 4785 carnalibus,
1535 4736 1647 4796 post
1675 4741 1799 4796 con—

226 4793 481 4855 fessionem
508 4797 798 4860 Trinitatis,
823 4810 870 4853 et
900 4800 1141 4851 unitatem
1176 4796 1437 4856 Ecclesite,
1475 4793 1622 4849 omne
1648 4795 1799 4848 Chri-

226 4865 361 4943 stiani
379 4870 638 4943 dogmatis
664 4880 1050 4923 sacramentum
1079 4870 1249 4943 carnis
1277 4872 1648 4943 resurrectione
1678 4883 1799 4920 con-

227 4935 468 4993 cluditur:
506 4940 562 4993 S.
597 4944 931 5007 Augustinus
961 4954 1126 4993 serm.
1164 4940 1187 4991 l
1228 4942 1279 4989 in
1319 4939 1494 5004 vigilia
1541 4938 1799 4991 Penteco-

231 5012 355 5059 sles:
386 5011 714 5081 Symbolum,
744 5014 937 5077 inquit,
966 5014 1112 5063 breve
1139 5019 1210 5061 est
1234 5009 1415 5081 verbis,
1441 5008 1529 5059 sed
1554 5026 1799 5078 magnum

232 5087 291 5127 est
323 5079 672 5135 sacramentis.
724 5081 992 5145 Quidquid
1039 5082 1170 5133 enim
1209 5079 1600 5151 pra’ﬁgttratum
1642 5094 1714 5132 est
1745 5082 1799 5134 in

231 5151 539 5222 patriarchis,
563 5155 811 5222 quidquid
843 5155 1197 5205 denuntiatum
1232 5155 1282 5203 in
1309 5152 1617 5212 Scripturis,
1644 5153 1799 5215 quid-

234 5220 335 5293 quid
360 5220 658 5283 praedictum
686 5235 761 5277 est
800 5226 852 5277 in
891 5224 1181 5293 Proplietis,
1217 5222 1295 5293 vel
1322 5224 1383 5273 de
1415 5222 1520 5275 Deo
1552 5225 1797 5291 ingenito,

235 5290 297 5364 vel
322 5308 377 5345 es
416 5294 534 5348 Deo
565 5296 616 5346 in
649 5294 813 5347 Deum
846 5290 1099 5353 nato,'vel
1138 5300 1198 5346 de
1243 5292 1446 5364 Spiritu
1490 5308 1688 5354 sancto,
1726 5294 1807 5347 rel

236 5356 287 5410 te
310 5367 633 5431 suscipiendo
656 5369 793 5419 omni
816 5377 1157 5431 sacramento,
1192 5364 1267 5417 vel
1287 5356 1353 5417 de
1383 5374 1542 5415 morte
1570 5365 1799 5427 Domini,

236 5438 694 5507 [annectionisque
737 5440 850 5505 ejus
912 5439 1183 5507 mysterio.
1235 5447 1391 5488 totum
1438 5435 1650 5488 bnviter
1704 5437 1800 5488 hoc

239 5495 511 5576 ﬁymbolum
536 5495 781 5576 continet,
813 5521 857 5562 et
884 5495 1191 5562 coritinendo
1220 5507 1369 5559 habet
1406 5516 1452 5559 ct
1487 5507 1797 5575 conﬁtendo.

238 5565 293 5624 Εἰ
314 5573 494 5650 in_alio
522 5565 781 5634 sermone
806 5579 1001 5650 (Serm.
1034 5585 1067 5633 5
1096 5582 1158 5631 de
1187 5579 1314 5647 feria
1340 5578 1377 5629 ἓ
1417 5589 1527 5643 post
1562 5565 1801 5633 Danuui-

240 5650 331 5723 βςι
353 5645 677 5723 Polmarttm)
714 5669 733 5705 :
765 5645 1071 5723 symbolum
1097 5645 1388 5703 estbreviter
1426 5650 1696 5723 complexa
1726 5665 1804 5701 re-

239 5714 343 5779 9⁸⁸⁸
362 5718 498 5787 ﬁdei,
530 5731 589 5774 ut
609 5714 832 5777 mentem
874 5724 1117 5787 instruat,
1145 5736 1236 5774 nec
1263 5728 1434 5773 oneret
1462 5714 1760 5772 memoriam
1786 5734 1805 5784 ;

1905 4587 2265 4663 apostolicum
2315 4600 2437 4663 runt
2488 4585 2848 4663 Antioclieiio,
2901 4588 2969 4639 de
3024 4603 3129 4653 quo
3176 4605 3334 4655 snpm
3389 4596 3495 4663 egit

1907 4652 2060 4724 (Cap.
2092 4651 2173 4723 5),
2202 4652 2558 4724 νοιιιιΐιιιιιιθιιτ,
2583 4664 2638 4705 et
2670 4655 2734 4705 de
2766 4654 2936 4707 altero
2960 4657 3023 4707 ad
3045 4651 3285 4711 alto-runt
3320 4651 3496 4714 trariis-

1908 4723 2018 4799 ire,
2070 4723 2211 4790 quod
2247 4730 2537 4799 ttlru‘utque
2587 4730 2809 4799 verbum
2857 4727 3252 4790 altltrmialntn,
3299 4732 3347 4783 id
3388 4743 3492 4799 ost,

1907 4794 2071 4848 breve
2099 4794 2477 4863 compendium
2521 4794 2681 4850 totius
2713 4797 2980 4850 (Μαι-ἕηκε
3025 4802 3327 4867 catholicae,
3367 4794 3493 4861 vere

1907 4867 2009 4919 dici
2042 4868 2229 4932 pos~it,
2260 4878 2309 4917 et
2342 4867 2623 4935 utriusque
2646 4870 2831 4921 eadem
2866 4870 2934 4921 sit
2967 4870 3122 4933 fides,
3152 4873 3338 4928 eadem
3369 4891 3492 4932 sen-

1910 4939 2098 5017 tentia,
2132 4938 2260 5017 licet
2287 4938 2567 5017 Dilqllld‘itl
2603 4956 2710 4991 uno
2742 4942 3056 5009 expressius
3087 4944 3316 5009 dicatur,
3348 4949 3489 5017 quod

1902 5010 1954 5063 in
1984 5010 2153 5061 altern
2182 5010 2617 5079 Subiutt-Iligilttt‘.

1979 5089 2002 5119 ο
2038 5081 2127 5156 De
2162 5080 2460 5156 Arittna_et
2500 5080 2807 5156 Sabelliana
2840 5083 3156 5147 hairesibus.
3192 5100 3489 5156 earumque

1904 5152 2235 5213 auctoribus,
2263 5153 2389 5204 alibi
2422 5154 2622 5221 saepius
2652 5165 2826 5215 aetum
2850 5167 2953 5209 est.

1976 5222 2001 5258 ά
2033 5224 2085 5275 ΙιΙ
2112 5233 2214 5283 νει,
2248 5223 2365 5290 plus
2390 5226 2736 5276 laborandum
2763 5240 2905 5278 εδει-ι
2932 5232 2998 5280 de
3020 5224 3274 5294 prasenti
3302 5242 3493 5286 errore

1906 5294 2249 5361 corrigendo,
2283 5309 2438 5363 quam
2474 5294 2542 5348 de
2570 5300 2722 5360 culpa
2757 5306 3027 5362 pra-tertia
3060 5296 3403 5353 vindicanda.

1984 5374 2004 5399 ε
2033 5365 2175 5416 L‘rhe
2216 5366 2420 5416 scilicet
2449 5366 2803 5419 Antiocliena.
2839 5366 3001 5429 Urget
3045 5383 3253 5419 rursum
3296 5382 3348 5422 et
3396 5386 3489 5434 ves
3572 5394 3575 5395 ν

1910 5436 2195 5505 hetnenter
2244 5436 2429 5505 pungit
2472 5437 2804 5499 Nestorium,
2840 5454 2890 5488 ιιι
2922 5439 3104 5505 patriae
3133 5452 3183 5491 et
3222 5438 3375 5491 avitte
3407 5458 3490 5496 re.

1911 5507 2121 5573 ligionis
2152 5503 2505 5573 deseriOrem,
2553 5518 2608 5560 ιιι
2638 5509 2726 5573 qui
2765 5503 2931 5561 lldem
2959 5514 3009 5562 in
3051 5525 3151 5578 qua
3189 5509 3490 5577 baptizatus

1912 5580 2109 5652 fderat,
2141 5592 2406 5644 quantque
2428 5594 2454 5630 a
2484 5578 2775 5652 majoribus
2804 5591 3108 5649 acceperat,
3136 5579 3489 5652 sbnegasset;

1912 5665 2015 5718 qua
2042 5650 2109 5702 de
2138 5664 2194 5700 re
2226 5662 2385 5716 supra
2419 5646 2675 5719 ((Ᾰιιρζλό).
