1988 3090
93 137 142 169 169

617 140 660 167 DE
680 138 935 168 INCARNATIONE
955 139 1073 168 DOMINI
1092 140 1158 168 LIB.
1179 141 1223 168 VI.

1694 146 1747 174 I70

96 196 196 224 minari
208 195 254 223 vel
267 193 426 230 impiissimi
441 191 598 230 cujusquam
612 197 745 231 sanguine
759 197 841 228 velit;
853 197 901 225 sed
913 199 940 228 Α
953 195 1072 230 Domini,
1090 204 1150 231 quae
1166 196 1278 224 stultitia
1293 197 1419 232 gentibus
1431 203 1459 226 et
1474 198 1575 228 Judreis
1588 200 1747 230 scandalum

98 242 162 276 quia
174 241 201 269 in
216 241 320 276 magnis
332 241 493 275 plerumque
504 240 618 268 urbibus
629 241 739 271 fervens
752 243 798 271 Dei
809 251 902 272 amore

100 289 228 324 populus,
243 296 305 317 cum
328 295 479 323 exsurgere
493 293 589 316 contra
606 289 689 317 Deum
713 298 790 318 suum
805 299 901 327 quem-

101 336 173 369 piam
190 335 296 365 viderit.
312 334 435 362 calorem
451 334 515 362 ﬁdei
529 335 647 363 retinere
661 344 715 364 non
741 338 829 365 novit.
847 337 901 365 Sed

100 386 181 409 esto:
196 381 297 414 infans,
312 381 334 408 si
350 385 441 409 tamen
456 381 493 408 ita
505 386 557 415 est,
571 383 758 411 contradicere
768 391 801 412 ac
816 385 901 412 recla-

102 436 174 456 mare
195 428 324 464 symbolo
351 435 404 455 non
429 428 568 462 potueris;
591 436 640 456 cur
653 429 769 457 adultior
784 431 840 465 jam
856 439 901 459 ro-

100 475 257 510 bustiorque
279 474 409 502 tacuisti?
423 474 539 502 Crevisti
554 479 639 508 certe,
656 479 684 503 et
698 476 739 503 vir
758 476 855 511 factus,
872 481 900 505 et

99 522 253 550 ministerio
275 520 466 549 ecclesiastico
490 521 609 548 insertus
631 529 671 549 es.
695 521 747 549 Per
768 526 807 550 tot
834 530 899 558 ergo

98 572 206 600 anates,
219 575 269 602 per
280 571 318 594 tot
329 566 411 595 ofﬁcii
427 574 459 594 ac
474 566 613 601 dignitatis
626 567 737 602 gradus,
751 576 897 604 numquam

99 614 239 642 intellecta
254 621 270 641 a
282 617 308 641 te
323 614 390 641 fides
404 618 458 647 est,
474 621 552 648 quam
569 613 672 641 tamdiu
685 618 747 642 ante
761 614 875 643 docuisti
887 616 898 642 ?

98 661 247 688 Diaconum
263 665 336 688 certe
350 661 410 695 ejus
427 664 453 688 te
464 664 492 688 et
505 660 693 696 presbyterum
711 661 793 689 fuisse
807 663 876 690 nosti
888 670 896 692 ;

97 708 122 736 si
137 707 296 743 displicebat
311 707 360 735 tibi
373 706 470 734 salutis
482 707 584 741 regula,
597 714 645 735 cur
660 708 828 743 suscipiebas
838 709 897 744 ejus

97 754 136 782 rei
151 755 296 788 honorem,
312 753 389 789 cujus
407 760 460 781 non
474 753 646 789 approbabas
657 754 756 781 ﬁdem?
768 754 821 783 Sed
834 763 898 790 pro-

97 800 175 829 vidus
189 800 320 829 videlicet
335 800 377 827 vir
391 804 419 827 et
434 799 548 834 simplex
566 800 720 835 religiosus,
736 801 773 828 ita
794 805 897 836 tempe-

96 854 158 876 rare
174 851 200 875 te
214 849 288 875 inter
300 851 444 881 utrumque
463 846 585 880 voluisti,
600 850 630 874 ut
642 852 751 875 teneres
766 852 793 875 et
814 849 898 876 sacri-

96 894 162 930 legii
176 894 333 929 perﬁdiam,
346 897 374 921 et
388 893 511 921 catholici
526 893 697 928 dignitatem.

393 958 505 987 CAPUT
525 958 585 986 XII.

95 1014 225 1052 Christus
239 1014 375 1052 cruciﬁxus
394 1015 550 1052 scandalum
569 1019 593 1052 et
612 1015 725 1052 stultitia
741 1020 777 1042 est
798 1016 829 1043 iis
852 1017 898 1052 qui

184 1050 262 1077 illum
277 1049 420 1077 solitarium
434 1051 563 1077 hominem
578 1050 656 1085 fuisse
670 1051 808 1086 afﬁrmant.

134 1123 148 1136 ι
162 1118 244 1154 Plaga
260 1126 325 1154 ergo
341 1118 449 1146 auditus
462 1118 501 1146 tui
517 1122 545 1146 et
557 1119 657 1146 vulnus
670 1120 776 1147 aurium
789 1124 895 1149 tuarum

98 1169 139 1192 est
158 1164 231 1192 Deus
246 1169 337 1196 natus,
359 1169 387 1192 et
402 1165 474 1192 Deus
489 1172 598 1199 passus.
620 1165 654 1192 Et
677 1165 721 1193 ubi
737 1165 804 1194 illud
820 1172 895 1194 tuum

97 1216 152 1244 est,
163 1211 248 1239 Paule
259 1211 382 1246 apostole
395 1219 402 1239 :
416 1210 473 1238 Nos
487 1216 573 1239 autem
583 1212 752 1246 pradicamus
766 1213 896 1241 Christum

99 1258 264 1292 cruciﬁxum,
279 1256 381 1285 Iudicis
394 1257 499 1293 quidem
509 1258 672 1291 scandalum,
685 1259 801 1294 gentibus
811 1264 896 1287 autem

98 1303 249 1336 stultitiam,
262 1303 326 1338 ipsis
337 1308 425 1331 autent
438 1304 534 1331 uocatis
545 1302 646 1331 Iudaeis
666 1309 690 1331 et
703 1303 801 1332 Grtccis
820 1305 897 1333 Chri—

98 1355 168 1377 stum
179 1349 228 1377 Dei
243 1351 365 1379 virtutem
388 1354 412 1378 et
430 1350 480 1378 Dei
503 1351 659 1387 sapientiam
670 1351 692 1387 (l
702 1351 761 1379 Cor.
775 1351 814 1387 t)?
827 1352 896 1386 Quid

99 1401 139 1424 est
154 1397 287 1432 sapientia
311 1402 339 1425 et
359 1397 444 1425 virtus
467 1397 534 1425 Dei?
550 1397 621 1425 Deus
636 1398 739 1434 utique.
758 1399 896 1428 Christum

83 1448 201 1476 -autem,
217 1445 261 1479 qni
276 1444 421 1472 cruciﬁxus
435 1449 486 1478 est,
499 1444 546 1473 Dei
558 1444 684 1473 virtutem
699 1450 726 1473 et
737 1446 897 1481 sapientiam

97 1490 240 1525 pradicat.
256 1492 327 1527 Ergo
341 1492 365 1519 si
380 1491 485 1526 absque
509 1491 591 1519 dubio
610 1492 741 1527 sapientia
759 1493 806 1521 Dei
821 1493 899 1521 Chri-

95 1542 168 1570 stus,
184 1545 249 1572 ergo
264 1538 367 1573 absque
389 1538 473 1565 dubio
492 1537 618 1566 Christus
643 1539 725 1567 Deus.
742 1538 800 1566 Nos
823 1547 897 1575 ergo,

953 242 1014 274 fuit,
1032 242 1080 270 tibi
1096 247 1241 278 utrumque
1254 248 1307 271 est.
1320 243 1412 279 Neque
1424 245 1495 273 enim
1507 250 1553 273 aut
1565 246 1678 275 stultitia
1694 248 1749 276 ulla

953 289 1040 324 major
1054 294 1097 317 est
1110 297 1191 326 quam
1207 298 1262 318 non
1277 291 1401 325 credere,
1418 298 1464 320 aut
1483 293 1569 328 majus
1589 287 1763 324 scandalumi

952 343 1031 370 quam
1047 336 1140 364 audire
1153 336 1236 364 nolle.
1253 336 1474 366 Vulnerabantur
1488 347 1553 374 ergo
1569 340 1678 368 illorum
1698 349 1749 370 au-
1760 346 1768 371 λ·

952 388 996 409 res
1009 382 1042 409 ad
1056 382 1278 417 praedicationem
1294 391 1325 411 ac
1340 385 1496 419 passionem
1513 386 1571 421 Dei,
1592 387 1663 414 sicut
1679 395 1751 416 nunc

951 427 1130 456 vulnerantur
1142 433 1206 456 tuae.
1222 429 1333 464 Plagam
1346 437 1408 458 esse
1424 430 1475 458 hoc
1489 431 1600 460 auditus
1614 433 1656 460 sui
1671 438 1750 467 puta-

951 472 1026 506 bant,
1043 475 1114 502 sicut
1130 479 1158 501 tu
1178 479 1267 510 putas.
1287 475 1322 503 Et
1340 476 1404 504 hinc
1419 481 1478 504 erat
1498 478 1572 513 quod
1593 479 1627 506 ad
1651 487 1749 508 nomen

952 520 998 548 Dei
1013 528 1046 548 ac
1066 521 1172 549 Domini
1195 522 1261 550 Jesu
1285 522 1397 558 Christi,
1422 524 1588 558 praedicante
1610 525 1750 555 Christum

950 567 1034 595 Deum
1053 569 1194 603 Apostolo,
1211 568 1225 588 δ
1239 570 1402 598 claudebant
1423 571 1462 598 illi
1485 572 1583 606 capitis
1598 573 1640 600 sui
1656 581 1747 606 aures,

950 613 1019 640 sicut
1034 617 1063 640 tu
1076 614 1180 642 claudis
1194 615 1288 642 animi.
1305 615 1358 642 Par
1382 616 1410 643 in
1432 616 1484 643 hac
1507 623 1584 651 parte
1608 619 1750 654 utriusque

950 662 1071 686 vestrum
1090 659 1175 688 videri
1198 664 1293 695 posset
1307 660 1448 696 impietas,
1468 662 1520 690 nisi
1534 663 1606 698 quod
1622 664 1673 691 hoc
1688 672 1749 692 ma-

947 705 992 740 jus
1003 710 1045 733 est
1057 707 1160 735 crimen
1173 711 1261 740 tuum,
1274 707 1346 743 quod
1359 707 1397 735 illi
1413 715 1475 735 eum
1491 709 1635 744 negabant,
1653 710 1679 737 in
1694 718 1750 746 quo

950 751 1038 779 adhuc
1054 753 1142 787 passio
1161 753 1321 781 ostendebat
1335 753 1490 787 hominem;
1508 759 1536 782 tu
1550 763 1612 782 eum
1627 756 1748 792 denegas

950 805 1028 832 quem
1044 798 1124 826 etiam
1139 799 1305 827 resurrectio
1318 799 1373 834 jam
1388 800 1515 834 probavit
1535 801 1630 829 Deum.
1644 802 1684 829 Ac
1697 810 1747 837 per

950 843 1002 871 hoc
1017 844 1055 872 illi
1072 852 1131 872 eum
1147 845 1380 880 persequebantur
1394 846 1422 873 in
1435 851 1520 879 terra,
1535 851 1563 874 tu
1576 848 1747 882 persequeris

909 886 935 917 B
949 894 976 917 et
989 890 1016 918 in
1030 891 1113 918 coelo.
1133 891 1188 918 Nec
1203 891 1293 918 solum
1315 891 1352 925 id,
1374 892 1422 919 sed
1438 891 1489 919 hoc
1504 893 1595 928 utique
1610 894 1748 922 crudelius

948 939 975 963 et
989 935 1144 971 scelestius,
1159 936 1231 971 quod
1247 934 1286 962 illi
1300 935 1437 971 negabant
1447 944 1496 971 per
1510 937 1700 973 ignorantiam,
1718 944 1748 967 tu

947 985 1010 1016 post
1029 981 1126 1014 ﬁdem;
1150 982 1189 1009 illi
1211 982 1365 1009 nescientes
1387 982 1539 1017 Dominum,
1557 988 1583 1012 tu
1606 985 1747 1014 confessus

948 1028 1049 1062 Deum;
1062 1028 1103 1056 illi
1118 1028 1170 1056 sub
1182 1029 1357 1057 aemulatione
1372 1029 1451 1064 legis,
1468 1034 1496 1057 tu
1512 1031 1562 1058 sub
1577 1032 1747 1066 professione

947 1075 1093 1109 antistitis;
1109 1075 1149 1103 illi
1169 1083 1231 1103 eum
1247 1083 1263 1102 a
1279 1083 1332 1110 quo
1353 1083 1383 1103 se
1406 1076 1609 1105 arbitrabantur
1630 1078 1748 1113 alienos,

947 1125 975 1149 tu
991 1130 1053 1150 eum
1080 1122 1158 1158 cujus
1176 1123 1305 1151 sacerdos
1328 1130 1369 1151 es.
1393 1123 1415 1151 0
1437 1123 1543 1152 facinus
1566 1124 1703 1160 indignum
1719 1130 1748 1153 et

947 1168 1115 1196 inauditum!
1126 1176 1186 1197 eum
1194 1169 1283 1204 ipsum
1291 1169 1465 1204 persequeris
1472 1170 1661 1204 insectatione,
1669 1171 1747 1206 cujus

947 1213 1036 1242 adhuc
1050 1214 1136 1242 uteris
1152 1214 1292 1249 dignitate.

1243 1259 1358 1288 CAPUT
1377 1259 1446 1288 XIII.

948 1306 1100 1341 Respondet
1125 1306 1263 1341 οἰήσειὶοηὶ
1289 1305 1329 1332 illi
1353 1314 1405 1340 qua
1431 1306 1551 1334 dicebant
1577 1307 1748 1336 homoousion

1115 1342 1224 1377 parienti
1238 1349 1291 1368 esse
1305 1341 1396 1368 debere
1409 1343 1579 1370 nativitatem.

985 1402 1037 1430 Sed
1051 1409 1149 1437 magno
1162 1401 1288 1429 videlicet
1303 1400 1422 1435 perﬁdiae
1436 1406 1517 1436 atque
1531 1402 1677 1437 impietatis
1692 1407 1745 1430 tuas

949 1453 1110 1484 argumento
1134 1447 1168 1475 ad
1192 1447 1343 1482 negandum
1362 1454 1394 1474 ac
1414 1448 1630 1481 persequendum
1654 1447 1746 1475 Domi-

951 1503 1014 1522 ntun
1024 1495 1110 1522 Deum
1120 1494 1215 1526 uteris,
1223 1493 1333 1520 dicens:
1344 1498 1356 1512 ο
1363 1492 1545 1520 Homoousios
1554 1493 1658 1527 parenti
1666 1494 1747 1523 debet

952 1547 1013 1567 esse
1034 1540 1172 1566 nativitas.
1195 1538 1319 1565 Nondum
1335 1537 1369 1564 ad
1387 1537 1496 1571 plenum
1517 1537 1578 1565 dico
1593 1545 1625 1565 ac
1638 1539 1749 1573 profero

94 1582 197 1618 inquit,
215 1583 388 1618 praedicamus
403 1582 537 1610 Christum
551 1584 715 1618 cruciﬁxum,
728 1583 829 1610 Iudicis
842 1585 901 1619 qui-
916 1575 940 1606 Ο
955 1585 982 1611 in
1001 1585 1051 1610 Dei
1071 1584 1214 1611 nativitate
1236 1583 1344 1617 penitus
1362 1583 1414 1610 hoc
1429 1590 1482 1610 non
1498 1591 1558 1611 esse
1573 1585 1748 1620 servandum,

94 1630 153 1657 deus
164 1629 337 1662 scandalum,
348 1629 463 1663 gentibus
474 1633 560 1656 autent
570 1631 717 1656 stultitiam.
730 1630 801 1657 Crttx
814 1630 903 1664 itaque

957 1630 970 1648 ιι
987 1629 1048 1664 quia
1064 1635 1118 1656 non
1134 1627 1262 1663 parientis
1277 1626 1327 1655 fuit
1342 1627 1466 1656 nativitas
1485 1628 1555 1664 ipsa,
1572 1629 1619 1657 sed
1633 1632 1706 1665 nati;
1723 1637 1751 1661 et

639 1675 767 1703 ALARDI
787 1676 902 1705 GAZEI
920 1674 1203 1706 COMMENTARIUS.

130 1730 143 1744 ι
168 1724 211 1752 De
231 1729 285 1756 qua
306 1721 432 1758 superius
456 1721 536 1758 (Cap.
558 1720 586 1756 5)
607 1721 715 1750 dicebat
738 1722 900 1751 Nestorius:

96 1761 199 1788 Nonne
214 1758 303 1785 statim
316 1757 423 1784 auditus
437 1758 532 1793 accipit
544 1758 648 1793 plagam
657 1758 670 1784 ?
683 1758 816 1786 audiendo
829 1759 902 1787 scili—

96 1802 140 1824 cet
157 1796 248 1822 Deum
262 1797 366 1825 uatum,
383 1793 466 1820 Deum
480 1800 599 1827 passum,
614 1799 760 1826 mortuum,
776 1800 829 1822 etc.

133 1831 149 1850 ιι
173 1830 290 1858 Ubinam
318 1829 402 1865 Paulo
418 1828 591 1865 praedicante
612 1829 698 1857 Judmi
724 1830 765 1857 vel
786 1829 902 1865 gentiles

98 1873 186 1895 aures
204 1872 268 1893 suas
290 1864 466 1898 occluserint,
482 1864 575 1900 nuiiibi
588 1865 708 1900 reperio
730 1864 900 1900 expressum,

100 1903 155 1931 nisi
173 1901 212 1928 sic
226 1900 343 1935 accipias
357 1899 432 1929 illud,
451 1899 523 1933 quod
539 1900 564 1926 in
579 1899 654 1927 Actis
670 1899 784 1935 legitur:
805 1900 903 1928 Viden-

100 1942 140 1965 tes
154 1936 246 1963 turbas
262 1936 360 1968 Judaei,
383 1935 471 1969 repleti
495 1939 555 1961 sunt
574 1936 641 1969 zelo,
655 1940 680 1962 et
694 1936 902 1964 contradicebant

101 1973 142 2000 his
165 1980 224 2007 quia
247 1970 374 2007 a7Paulo
396 1971 561 2007 dicebantur,
585 1971 799 2007 blasphemantes.
829 1971 901 1999 Tum:

101 2005 253 2035 constanter
268 2006 368 2042 Paulus
383 2010 407 2033 et
425 2005 561 2042 Barnabas
574 2005 714 2033 dixerunt:
733 2006 810 2034 Vobis
825 2015 903 2042 opor—

100 2044 173 2071 tebat
187 2043 295 2076 primum
308 2041 378 2078 loqui
393 2042 496 2068 verbum
513 2041 576 2078 Dei;
589 2042 633 2068 sed
643 2042 763 2074 quoniam
777 2043 902 2078 repellitis

100 2078 191 2111 illud,
217 2083 241 2105 et
267 2077 387 2112 indignos
413 2085 457 2105 uos
481 2076 608 2112 judicatis
622 2083 724 2105 (eterna
749 2076 822 2109 vitae.
847 2083 900 2106 etc.

102 2115 206 2149 (Actor.
224 2112 296 2148 χιιι).
311 2111 344 2140 Et
355 2120 463 2139 rursum
478 2111 486 2138 Ξ
500 2111 564 2139 Cum
578 2117 663 2149 autem
677 2112 782 2148 quidam
795 2114 902 2149 induce-

103 2147 206 2181 rentur,
222 2154 246 2176 et
267 2147 318 2175 non
339 2148 481 2180 crederent,
506 2147 683 2175 maledicentes
707 2149 775 2175 viam
796 2148 903 2176 Domini

103 2193 196 2213 coram
220 2182 398 2216 multitudine,
426 2189 478 2211 etc.
506 2183 608 2217 Quibus
633 2183 733 2212 similia
757 2189 820 2212 sunt
844 2185 903 2212 loca

105 2223 169 2248 Act.
189 2228 245 2247 xxtr
265 2224 292 2246 et
305 2227 396 2246 xxvttt.
414 2219 498 2246 Porro
513 2220 546 2246 de
569 2219 619 2246 hoc
641 2228 739 2254 genere
762 2221 902 2246 hominum

104 2256 140 2283 ad
155 2255 375 2290 prmdicationem
397 2255 470 2281 verbi
490 2255 535 2281 Dei
559 2263 637 2282 aures
659 2256 716 2282 sive
737 2256 831 2288 capitis
847 2256 903 2281 sive

105 2291 212 2320 mentis
221 2291 417 2323 claudentium,
429 2291 524 2317 crebra
539 2291 563 2317 in
577 2291 724 2324 Scripturis
738 2296 777 2316 est
791 2290 901 2315 mentio.

104 2327 162 2356 Isa.
181 2334 227 2353 vt:
243 2325 352 2353 Exca'ca
366 2335 410 2353 cor
426 2327 513 2360 populi
530 2327 616 2361 hujus,
641 2331 665 2351 ct
685 2334 759 2351 aures
780 2326 834 2359 ejus
860 2333 904 2358 ay-

104 2369 207 2398 grat‘a,
223 2366 245 2387 et
263 2361 345 2407 oculos
366 2362 422 2402 eius
444 2360 606 2407 clautlcfne
619 2361 693 2407 forte
717 2360 807 2407 cideqt‘
823 2360 904 2407 oculis
918 2376 944 2407 Β

106 2397 179 2429 suis,
198 2402 222 2423 et
235 2397 334 2424 auribus
347 2398 401 2424 suis
416 2398 515 2427 audiat.
531 2403 552 2423 et
571 2398 645 2422 corde
661 2404 706 2422 suo
728 2397 864 2430 intelligat,
882 2400 904 2422 et

106 2436 286 2463 canteriatur,
309 2438 331 2459 et
351 2441 439 2460 saltent
455 2441 522 2459 eum.
539 2432 622 2465 Quem
641 2432 727 2457 locum
752 2431 790 2458 sic
814 2432 905 2458 retulit

109 2468 255 2496 Matlhmus
271 2467 346 2503 (Cap.
362 2470 419 2502 xui)
433 2477 438 2493 ί
454 2468 550 2494 Audita
563 2467 689 2503 audietis,
697 2472 719 2493 rt
736 2476 785 2503 non
805 2467 904 2492 intelli-

108 2504 197 2540 getis;
210 2508 235 2530 et
254 2501 366 2530 videntes
381 2501 507 2540 videbitis,
521 2507 545 2529 et
560 2511 609 2529 non
623 2502 747 2540 videbitis.
771 2501 907 2540 Inc-rassa-

109 2538 166 2566 luas
180 2543 216 2565 est
231 2540 299 2565 enim
310 2547 353 2565 cor
369 2540 456 2575 populi
473 2539 562 2574 hujus.
578 2543 599 2564 ct
617 2538 720 2564 auribus
737 2539 847 2575 graviter
860 2546 907 2563 au-

109 2575 228 2606 dierunt,
244 2579 267 2601 et
283 2575 371 2601 oculos
385 2574 444 2601 suos
467 2574 625 2606 clauserunt,
648 2574 784 2608 nequando
807 2574 907 2600 videant

110 2610 206 2641 oculis,
223 2614 247 2636 et
259 2611 369 2637 auribus
379 2610 498 2642 audiant,
516 2616 537 2635 c:
552 2610 627 2636 corde
643 2610 795 2643 intelligant,
811 2614 832 2635 et
848 2617 908 2635 con-
935 2614 938 2618 ‘

110 2650 246 2673 tutantur
265 2649 289 2672 et
312 2654 400 2673 mrtem
420 2654 472 2672 eos.
492 2646 543 2672 Alii
561 2645 737 2679 Evangelism
755 2650 781 2671 et
800 2644 907 2677 Paulus,

110 2681 207 2709 verbis
228 2682 389 2716 quibusdam
413 2682 560 2708 immutatis
575 2688 620 2707 aut
634 2680 742 2708 Omissis
757 2680 852 2715 (Marc.
870 2688 906 2714 tv,

112 2716 182 2744 Luc.
196 2724 254 2747 vui.
268 2716 349 2744 Joan.
371 2724 417 2749 xu,
436 2718 524 2743 Actor.
542 2717 645 2751 xxvm).
662 2716 706 2744 Sic
726 2717 850 2743 leremim
868 2724 882 2742 v
900 2726 906 2743 :

114 2751 247 2780 Habentes
260 2753 349 2780 oculos
361 2761 413 2779 non
425 2753 527 2784 videtis,
548 2757 570 2778 et
587 2761 672 2784 aures,
694 2758 717 2779 et
738 2761 786 2779 non
802 2753 905 2778 auditis.

114 2788 150 2816 Et
163 2795 226 2823 cap.
243 2796 269 2815 Vl
286 2797 292 2815 :
308 2788 500 2815 Incircumcisa:
512 2796 587 2816 aures
600 2796 697 2818 eorum,
714 2794 738 2814 et
753 2789 843 2814 audire
857 2796 907 2814 non

116 2829 234 2859 possunt.
243 2824 365 2852 Micllmm
371 2832 407 2852 Vll
417 2833 423 2851 ί
432 2825 512 2851 Aures
523 2832 610 2851 eorum
617 2824 701 2850 surda:
710 2829 792 2850 erunt.
804 2823 907 2849 Zacha-

117 2861 166 2889 riae
194 2868 228 2887 VII
257 2868 265 2887 :
290 2860 372 2887 Aures
397 2868 458 2887 suae
488 2863 702 2895 aggravaveruntr
721 2867 751 2885 ne
780 2859 907 2885 audirent.

118 2898 212 2926 Actor.
229 2903 267 2923 vu
283 2903 291 2922 ε
307 2895 381 2923 Dura
397 2896 503 2931 cervice,
518 2900 542 2923 et
555 2894 740 2922 incircumcitis
754 2895 871 2923 cordibus
886 2899 909 2921 et
922 2896 935 2937 ι’

240 2942 377 2974 Ριτιιοι..
400 2942 434 2973 L.

954 1722 1069 1750 auribus.
1086 1721 1119 1748 Et
1134 1728 1240 1748 rursum
1253 1729 1259 1748 :
1275 1720 1463 1748 Continuerunt
1484 1730 1561 1750 aures
1573 1731 1646 1757 suae,
1661 1729 1686 1751 et
1700 1725 1750 1752 im-

955 1763 1042 1793 petum
1055 1757 1339 1793 feceruntrunanimilcr
1353 1757 1380 1783 in
1392 1765 1461 1785 eum.

990 1799 1002 1813 ε
1023 1793 1052 1820 Id
1074 1797 1126 1825 est,
1143 1792 1213 1819 ﬁlius
1228 1792 1308 1819 debet
1328 1800 1387 1820 esse
1411 1793 1652 1823 consubstantialis
1668 1798 1750 1825 matri

953 1837 1002 1856 seu
1016 1828 1138 1862 ejusdem
1155 1832 1258 1854 natura:
1273 1835 1335 1854 cum
1357 1832 1453 1855 matre.
1479 1829 1651 1858 Abstraetum
1676 1834 1751 1861 enim

953 1864 1000 1892 hic
1015 1864 1123 1897 ponitur
1135 1870 1185 1897 pro
1200 1867 1340 1902 concreto,
1358 1862 1486 1902 nativitas
1507 1871 1555 1898 pro
1571 1867 1750 1902 na_to.ﬂArgu-

955 1903 1075 1928 mentum
1089 1903 1178 1925 autem
1202 1897 1252 1923 hoc
1271 1897 1387 1924 Nestorii
1409 1897 1578 1925 subobscure
1601 1897 1751 1930 indicatum

954 1935 1055 1963 clarius
1082 1933 1241 1968 proponitur
1263 1933 1291 1959 in
1318 1932 1389 1968 hunc
1411 1933 1520 1968 modum
1537 1942 1544 1960 :
1561 1933 1644 1961 Filius
1669 1936 1752 1965 debet

955 1978 1016 1999 esse
1031 1967 1205 1997 homoousios
1228 1967 1394 2002 parentibus,
1418 1968 1465 1995 sed
1489 1967 1612 1996 Christus
1632 1977 1684 1997 non
1708 1978 1753 2001 est

955 2006 1127 2034 homoousios
1149 2004 1260 2036 Maria,
1283 2011 1343 2031 cum
1369 2004 1426 2038 ipse
1448 2003 1483 2031 sit
1497 2003 1568 2032 Deus
1590 2010 1709 2034 teternus
1723 2014 1753 2036 et

954 2041 1143 2076 omnipotens,
1169 2047 1230 2075 quae
1253 2039 1344 2067 Mariae
1367 2039 1440 2067 nullo
1454 2039 1543 2076 rmodo
1567 2042 1749 2076 conveniunt;

955 2075 1036 2112 ergo,
1046 2082 1098 2105 etc.
1115 2076 1183 2112 Huic
1207 2079 1366 2112 argumento
1386 2075 1580 2112 etrobjectioni
1604 2078 1754 2112 respondet

954 2111 1098 2141 Cassianus
1121 2111 1226 2140 duobus
1249 2111 1338 2139 modis
1357 2119 1364 2137 ε
1388 2111 1476 2147 primo
1498 2112 1623 2147 negando
1644 2111 1751 2142 assum-

955 2153 1040 2183 ptum,
1063 2149 1102 2175 sic
1122 2147 1248 2175 universe
1268 2151 1419 2183 acceptum.
1434 2146 1499 2174 Nam
1517 2146 1545 2175 ut
1568 2148 1619 2176 hoc
1642 2150 1752 2179 axioma

954 2182 1049 2211 verum
1074 2187 1147 2211 esset
1173 2190 1204 2209 ac
1228 2187 1385 2216 perpetuum
1407 2182 1437 2218 in
1464 2183 1546 2210 rebus
1568 2186 1749 2218 naturalibus,

955 2219 1035 2252 cujus
1058 2223 1148 2245 tamen
1171 2218 1336 2244 contrarium
1360 2217 1452 2244 multis
1475 2218 1607 2252 exemplis
1621 2217 1753 2247 astruitur

955 2254 1026 2281 libro
1039 2253 1161 2288 sequenti
1174 2252 1293 2288 (ϐαρηῆ
1307 2256 1331 2278 et
1350 2252 1461 2288 5_)‘;7no_n
1480 2257 1571 2288 tamen
1591 2259 1753 2287 sequeretur

956 2289 1045 2316 locum
1061 2285 1162 2315 habere
1175 2285 1202 2313 in
1214 2286 1353 2313 nativitate
1366 2285 1425 2313 Filii
1438 2286 1499 2319 Dei,
1514 2294 1575 2320 qua:
1587 2285 1751 2321 supernatu-

956 2323 1022 2351 ralis
1032 2328 1084 2350 est.
1100 2322 1164 2349 Nam
1179 2328 1260 2355 supra
1273 2328 1443 2348 communem
1460 2325 1561 2349 naturae
1578 2322 1663 2356 legem
1677 2325 1753 2351 nasci

957 2358 1054 2394 potuit,
1072 2356 1207 2394 utvoluit,
1221 2356 1268 2394 qui
1280 2362 1403 2394 naturam
1417 2356 1502 2394 ipsam
1515 2357 1646 2394 condidit,
1661 2366 1710 2386 nec
1723 2366 1755 2387 se

957 2391 1061 2423 naturae
1076 2393 1178 2428 legibus
1193 2392 1328 2419 astrinxit.
1344 2391 1470 2428 Secundo
1492 2392 1639 2427 respondet
1654 2400 1754 2423 conce-

957 2430 1047 2458 dendo
1060 2427 1127 2456 illud
1140 2432 1318 2463 assumptum,
1332 2433 1360 2455 et
1371 2427 1541 2455 ostendendo
1555 2428 1637 2456 etiam
1651 2429 1754 2459 habere

958 2467 1046 2495 locum
1062 2466 1089 2492 in
1103 2464 1223 2498 Christo,
1239 2464 1260 2490 si
1275 2471 1342 2492 sane
1362 2468 1389 2491 et
1410 2463 1528 2499 legitime
1545 2464 1712 2499 intelligatur
1727 2472 1755 2495 et

960 2505 1119 2537 expuuntur.
1141 2500 1212 2537 Nam
1232 2507 1336 2537 sensus
1353 2499 1425 2526 illius
1449 2499 1592 2537 axiomatis
1615 2500 1755 2536 legitimus

960 2535 1011 2570 est,
1035 2538 1117 2565 tilium
1132 2536 1231 2564 debere
1245 2543 1307 2563 esse
1330 2535 1509 2571 homoousion
1525 2537 1692 2571 parentibus,
1712 2545 1757 2564 se-

961 2572 1078 2600 cundum
1092 2580 1152 2600 eam
1167 2576 1288 2599 naturam
1303 2578 1383 2606 quam
1399 2570 1433 2598 ab
1447 2571 1487 2599 eis
1501 2572 1616 2606 accepit,
1633 2572 1691 2599 sive
1704 2580 1756 2605 qua

961 2613 1038 2643 parte
1055 2615 1150 2635 eorum
1165 2607 1235 2634 ﬁlius
1247 2610 1298 2634 est.
1314 2605 1440 2643 Christus
1454 2610 1544 2643 autem
1561 2605 1631 2633 Dens
1642 2614 1695 2634 non
1709 2614 1756 2634 ac-

962 2641 1034 2679 cepit
1048 2651 1063 2670 a
1076 2643 1158 2670 Maria
1174 2646 1296 2679 naturam
1309 2641 1438 2679 divinam,
1455 2642 1502 2669 sed
1527 2641 1689 2679 humanam;
1706 2650 1757 2670 nec

962 2677 1004 2707 est
1018 2679 1077 2714 ejus
1091 2679 1173 2709 ﬁlius,
1189 2677 1240 2714 nisi
1253 2683 1385 2712 quatenus
1398 2677 1499 2704 homo:
1512 2684 1545 2714 ac
1560 2677 1674 2711 proinde
1689 2678 1758 2705 satis

962 2719 1004 2743 est
1016 2712 1040 2741 si
1053 2713 1132 2741 matri
1148 2713 1183 2740 sit
1196 2712 1369 2740 homoousios
1380 2717 1515 2746 quatenus
1526 2712 1758 2748 homo,quemad-

963 2751 1072 2778 modum
1085 2749 1158 2776 Patri
1172 2753 1214 2776 est
1229 2748 1403 2785 homoousios
1418 2752 1552 2784 quatenus
1571 2748 1654 2785 Deus.
1669 2751 1758 2785 Atque

962 2786 1021 2814 haec
1047 2784 1158 2819 solutio,
1177 2787 1207 2812 ut
1231 2783 1346 2819 facilior,
1361 2784 1397 2811 ita
1421 2787 1449 2812 et
1473 2785 1558 2812 multo
1582 2784 1693 2817 solidior
1712 2783 1761 2820 est

981 2829 1062 2849 l'lOl'e.

961 2829 1062 2885 Nam]:
1077 2860 1134 2890 est,
1149 2864 1202 2884 non
1227 2861 1281 2884 tam
1305 2856 1387 2884 matri
1407 2855 1607 2890 ascribendum,
1630 2856 1701 2891 quod
1723 2863 1759 2885 ex

944 2918 952 2935 ι
963 2900 995 2922 ea
1009 2898 1089 2923 natus
1100 2893 1136 2922 sit
1149 2893 1197 2923 Dei
1210 2892 1303 2928 Filius,
1315 2899 1397 2928 quam
1412 2891 1465 2928 ipsi
1481 2897 1553 2927 nato.
1566 2892 1613 2928 qui
1626 2892 1666 2921 sic
1680 2895 1758 2928 natus

1459 2938 1479 2971 6
