3976 6180
245 333 334 388 ΓΠ

1243 332 1334 390 DE
1372 325 1882 390 INCARNATIONE
1925 332 2158 390 DOMINI
2189 331 2328 398 LIB.
2374 333 2466 390 VI.

3395 333 3504 392 178

243 447 492 506 Chrismm
518 446 712 502 Filium
736 447 852 512 Dei,
884 449 1093 518 negasti
1118 450 1319 504 omnia.
1348 447 1480 502 Nam
1500 457 1554 503 et
1577 451 1690 504 base
1717 464 1801 502 ra-
1828 449 1881 509 Α
1904 447 2120 504 dicente
2151 448 2414 518 Apostolo
2445 466 2459 501 :
2497 445 2601 515 Qui
2651 444 2786 501 enim
2826 447 3107 516 descendit,
3155 450 3268 518 ipse
3305 457 3380 504 est
3407 450 3504 520 qui

243 541 310 596 tio
337 527 681 594 ecclesiastici
715 539 1036 594 sacramenti
1068 547 1125 594 et
1151 539 1433 593 catholicae
1465 540 1585 594 ﬁdei
1616 548 1719 606 est,
1751 549 1812 595 ut

243 631 328 703 qui
359 639 551 701 partem
576 629 744 684 divini
775 630 1105 686 sacramenti
1133 640 1314 700 negat,
1347 641 1554 701 partem
1585 646 1690 686 non
1721 647 1814 685 va-

247 721 344 780 leat
369 721 618 778 conﬁteri.
651 719 729 774 lta
760 721 902 776 enim
931 723 1034 777 sibi
1060 737 1311 778 connexa
1343 732 1398 778 et
1419 733 1812 793 concorporata

246 826 358 873 sunt
383 814 575 882 omnia,
631 823 690 870 ut
719 815 864 871 aliud
897 817 1016 870 sine
1057 816 1163 871 alio
1195 825 1340 874 stare
1376 833 1481 872 non
1522 818 1714 888 possit,
1757 826 1814 874 et

243 909 324 978 qui
364 923 518 962 unum
551 922 615 962 ex
648 907 898 962 omnibus
946 907 1339 978 denegaverit,
1390 909 1491 964 alia
1540 910 1588 965 ei
1632 911 1810 965 omnia

239 1001 520 1056 credidisse
548 1015 656 1054 non
704 999 894 1069 prosit.
937 999 1121 1068 Itaque
1149 1003 1191 1055 si
1225 1017 1391 1073 negas
1435 1003 1600 1057 Deum
1635 1003 1815 1057 Domi-

236 1106 357 1147 num
383 1089 558 1146 Jesum
574 1090 867 1155 Christum,
904 1105 1130 1147 necesse
1155 1100 1341 1156 estut,
1367 1091 1568 1148 Filium
1600 1094 1691 1149 Dei
1716 1094 1812 1150 de-

239 1196 454 1252 negans,
485 1184 638 1236 etiam
661 1181 876 1236 Patrem
911 1197 1094 1252 neges.
1127 1182 1260 1250 Quia
1287 1185 1442 1252 juxta
1468 1184 1690 1239 Joannis
1721 1201 1814 1239 vo-

239 1287 350 1330 cem
392 1291 405 1326 :
438 1275 464 1305 ⁸
491 1273 588 1338 Qui
619 1290 718 1327 non
745 1272 896 1328 habet
942 1274 1131 1343 ﬁlium,
1157 1291 1246 1328 nec
1269 1290 1464 1346 patrem
1492 1275 1641 1329 habet
1673 1293 1691 1329 :
1726 1279 1812 1344 qui

239 1373 398 1416 autem
423 1364 566 1416 habet
585 1363 780 1432 ﬁlium,
822 1371 870 1416 et
891 1375 1089 1434 patrem
1113 1365 1260 1419 habet
1283 1365 1461 1438 (Joan.
1488 1367 1569 1434 tt).
1603 1367 1813 1438 Negans

235 1467 354 1524 ergo
376 1457 640 1525 genitum,
673 1456 838 1510 etiam
865 1456 1167 1526 genitorem
1201 1475 1385 1530 negas.
1434 1459 1647 1530 Negans
1677 1477 1811 1532 quo-

232 1561 324 1616 que
344 1547 531 1602 Filium
565 1548 667 1603 Dei
696 1549 751 1602 iti
781 1563 946 1604 carne
976 1559 1191 1618 natum,
1238 1566 1582 1621 consequens
1620 1563 1704 1608 est
1755 1563 1814 1609 ut

230 1641 376 1695 etiam
423 1642 475 1696 in
523 1641 739 1711 Spiritu
789 1652 972 1696 natum
1024 1659 1210 1714 neges,
1245 1644 1368 1714 quia
1401 1645 1540 1699 idem
1571 1655 1725 1700 natus
1757 1647 1809 1702 in

231 1749 399 1796 carne.
429 1733 458 1774 ιι
488 1737 580 1806 qui
613 1737 767 1805 prius
798 1745 956 1790 natus
985 1736 1038 1790 in
1065 1737 1289 1806 Spiritu.
1322 1736 1437 1793 Non
1466 1740 1696 1794 credens
1725 1755 1812 1796 er-

1915 541 2142 595 ascendit
2173 537 2392 612 (Ephes.
2419 539 2515 607 tv).
2567 539 2710 610 Ergo
2735 549 2994 610 quantum
3018 541 3072 595 in
3107 552 3158 596 te
3182 549 3284 606 est,
3320 541 3506 598 Domi-

1917 649 2019 689 nus
2048 635 2208 690 Jesns
2236 631 2483 689 Christus
2517 649 2691 703 neque
2737 633 2804 688 ab
2841 632 3030 688 inferis
3058 637 3374 701 resurrexit,
3405 651 3504 691 ne-

1915 744 2018 796 que
2057 725 2251 782 caelum
2295 726 2561 791 ascendit,
2610 741 2784 796 neque
2814 726 2879 780 ad
2924 727 3171 781 dextram
3202 728 3296 783 Dei
3324 727 3501 784 Patris

1915 819 2088 887 sedet,
2126 834 2301 888 neque
2329 819 2396 872 ad
2444 818 2622 883 illum,
2674 819 2766 890 qui
2807 830 3174 888 exspectatur,
3225 823 3502 878 esamina-

1915 914 2078 968 tionis
2112 911 2314 968 ultima:
2342 912 2489 969 diem
2515 914 2716 978 veniet,
2750 928 2850 968 nec
2874 913 3030 968 vivos
3056 928 3119 969 ac
3143 922 3382 971 mortuos
3414 914 3502 985 ju-

1915 1004 2140 1059 dicabit.

2483 1096 2710 1154 CAPUT
2738 1096 2927 1152 XVIII.

1915 1209 2169 1284 Convertit
2189 1225 2473 1284 sermonem
2495 1210 2561 1284 ad
2582 1211 2752 1284 ipsum
2778 1209 3129 1284 adversarium
3153 1223 3328 1267 contra
3349 1229 3500 1284 quem

1985 1283 2232 1349 disputat,
2250 1291 2295 1334 et
2319 1283 2466 1334 illum
2490 1280 2559 1333 ad
2581 1280 2983 1348 resipiscendum
3006 1284 3206 1338 invitat.
3256 1280 3502 1340 Recenti.

1984 1353 2210 1434 li_ationis
2254 1363 2632 1407 sacramentum
2673 1353 2834 1420 lapsis
2880 1353 2949 1407 ad
3000 1356 3217 1408 salutem
3264 1372 3503 1411 necessa-

1985 1440 2138 1477 rium.

1987 1555 2250 1627 lnlelligis
2279 1556 2486 1626 itaque,
2515 1571 2553 1611 o
2579 1556 2763 1610 infelix
2794 1566 2847 1610 et
2896 1556 3098 1612 furiosa
3131 1561 3500 1628 perversitas,

1913 1661 2205 1702 CVOCU3538
2239 1657 2290 1702 te
2319 1650 2534 1717 penitus
2564 1663 2778 1702 omnem
2811 1649 3040 1716 symboli
3073 1650 3256 1717 ﬁdem,
3286 1666 3502 1708 omnem

1915 1739 2031 1809 spei
2062 1739 2492 1806 sacramentique
2522 1740 2800 1793 virtutem.
2836 1739 2901 1793 Et
2927 1740 2980 1794 in
3008 1741 3246 1798 Ecclesia
3281 1744 3505 1812 insuper

229 1841 290 1897 go
318 1829 361 1881 in
391 1843 557 1884 carne
599 1827 840 1895 editum,
873 1843 1096 1884 necesse
1129 1837 1216 1883 est
1254 1831 1415 1885 etiam
1444 1846 1658 1898 passum
1686 1846 1806 1888 esse
1835 1844 1882 1905 Β
1910 1841 2056 1886 stare
2085 1845 2250 1885 ausus
2294 1845 2376 1897 es,
2410 1840 2466 1885 et
2494 1845 2617 1886 esse
2661 1840 2711 1885 te
2756 1833 3094 1889 sacerdotem
3141 1843 3300 1905 putas
3335 1853 3348 1889 :
3378 1853 3500 1893 cum

229 1933 322 1974 non
366 1920 584 1976 credas.
640 1919 756 1974 Non
789 1921 1017 1975 credens
1063 1931 1243 1976 autem
1287 1922 1434 1976 illius
1475 1924 1800 1993 passionem,

228 2013 341 2083 quid
369 2017 642 2085 reliquum
675 2023 776 2079 est,
809 2015 912 2070 nisi
936 2015 1096 2071 etiam
1116 2018 1571 2072 resurreCtionem
1600 2017 1805 2089 neges?

224 2107 331 2174 quia
376 2106 512 2163 ﬁdes
556 2107 805 2163 suscitati
854 2123 918 2163 ex
955 2108 1059 2164 ﬁde
1087 2111 1285 2164 mortui
1340 2121 1444 2167 est.
1504 2111 1616 2167 Nec
1660 2121 1804 2169 stare

222 2207 387 2266 potest
429 2200 574 2254 ratio
621 2200 1080 2265 resurreCtionis,
1129 2203 1234 2256 nisi
1269 2202 1402 2257 ﬁdes
1444 2203 1633 2259 mortis
1677 2213 1803 2260 ante

219 2291 572 2356 praecesserit.
603 2287 816 2359 Negatis
842 2304 972 2360 ergo
999 2306 1215 2361 passum
1239 2304 1292 2348 et
1317 2303 1610 2363 mortuum,
1638 2311 1800 2365 negas

217 2395 427 2452 qunque
457 2383 530 2438 ab
573 2385 756 2439 inferis
787 2396 1181 2456 resurgentem.
1240 2387 1590 2459 Consequens
1621 2391 1806 2460 utique

215 2485 298 2530 est
326 2485 384 2528 ut
412 2492 577 2546 neges
600 2479 758 2532 etiam
791 2479 1199 2546 ascendentem,
1242 2484 1364 2550 quia
1399 2483 1650 2538 ascensio
1687 2483 1804 2539 sine

220 2570 620 2626 resurrectione
645 2587 762 2627 esse
794 2589 901 2626 non
935 2575 1126 2642 potuit.
1185 2574 1250 2628 Et
1295 2576 1386 2645 qni
1435 2578 1804 2632 resurrexisse

216 2673 326 2714 non
366 2660 627 2730 creditur,
674 2679 899 2721 necesse
924 2675 1007 2720 est
1048 2680 1150 2721 nec
1179 2665 1492 2721 ascendisse
1522 2667 1800 2733 credatur,

1917 1923 2007 1978 illa
2034 1923 2211 1976 omnia
2243 1921 2616 1990 denegaveris,
2670 1937 2768 1992 per
2813 1939 2933 1992 qua
2959 1925 3214 1980 sacerdos
3242 1943 3366 1983 esse
3393 1943 3506 1986 οω-

1915 2014 2085 2087 pisti?
2128 2013 2262 2068 Redi
2305 2027 2438 2082 ergo
2478 2012 2543 2066 ad
2594 2014 2734 2066 viam
2785 2025 2989 2069 rectam
3014 2058 3027 2079 ,
3064 2018 3243 2086 recipe
3281 2034 3504 2074 sensum

1912 2110 2222 2180 pristinum,
2259 2108 2522 2178 resipisce
2569 2107 2784 2162 tandem
2834 2109 2878 2161 si
2909 2109 3200 2179 aliquando
3251 2111 3502 2180 sapuisti.

1910 2201 2222 2273 Regredere
2249 2199 2315 2253 ad
2351 2199 2728 2268 temetipsum,
2763 2199 2808 2252 si
2854 2209 3031 2254 tamen
3072 2201 3308 2256 habuisti
3351 2202 3402 2256 in
3453 2212 3507 2258 te

1913 2293 2180 2365 quondam
2212 2291 2414 2359 aliquid
2443 2307 2550 2364 quo
2583 2299 2709 2346 tunc
2735 2291 3083 2361 regrediaris.
3130 2294 3382 2364 Agnosce
3413 2309 3506 2350 sa-

1912 2396 2188 2442 cramenta
2229 2384 2420 2440 salutis
2451 2393 2555 2438 tua:
2580 2424 2594 2446 ,
2630 2399 2726 2454 per
2754 2400 2872 2453 qua:
2905 2385 3196 2440 innovatus
3218 2428 3233 2452 ,
3261 2401 3360 2457 per
3384 2401 3505 2457 quas

1907 2489 2127 2535 renatus
2172 2493 2252 2533 es.
2309 2476 2431 2532 Non
2477 2476 2653 2530 minus
2693 2476 2786 2530 tibi
2819 2493 2960 2531 nunc
2986 2491 3124 2547 opus
3171 2488 3293 2532 sunt
3339 2493 3502 2549 quam

1909 2581 2036 2626 tunc
2067 2570 2284 2626 fuerunt
2317 2588 2328 2624 :
2357 2579 2415 2624 ut
2443 2580 2465 2608 ο
2501 2580 2552 2625 te
2577 2585 2672 2639 per
2703 2571 3081 2638 paenitentiam
3115 2586 3260 2626 nunc
3282 2586 3504 2642 regene-

1911 2674 2053 2734 rent,
2085 2664 2111 2700 ά
2143 2679 2264 2731 qua:
2292 2678 2387 2733 per
2418 2662 2619 2720 fontem
2653 2672 2780 2719 ante
2808 2677 3164 2735 generarnnt.
3211 2666 3360 2722 Tene
3391 2666 3504 2736 ple-

1277 2779 1530 2834 ALARDI
1571 2778 1810 2835 GAZ/El
1850 2777 2417 2836 COMMENTARIUS.

209 2869 448 2945 ratione:
483 2870 791 2937 Dicendum,
831 2872 1003 2938 inquit
1044 2873 1194 2937 (tl-9,
1220 2881 1270 2939 η.
1297 2875 1348 2932 5.
1385 2891 1434 2928 a.
1471 2877 1548 2941 3),
1573 2875 1714 2945 quod
1743 2875 1797 2928 in

210 2942 441 3014 haeretica
484 2946 799 2998 discredcnte
827 2961 983 2996 unum
1021 2944 1298 2998 articulum
1325 2945 1468 3014 ﬁdei,
1496 2942 1596 2998 non
1627 2955 1795 2999 manet

209 3011 347 3079 ﬁdes,
378 3031 548 3079 neque
574 3021 827 3087 formata,
854 3032 1012 3087 neque
1039 3017 1301 3087 informis.
1325 3011 1510 3087 ‘Cujus
1541 3017 1675 3087 ratio
1699 3025 1795 3078 est,

207 3087 316 3157 quia
336 3087 539 3157 species
569 3086 1067 3157 ettjnslibethabitus
1099 3085 1348 3155 drpendet
1373 3085 1438 3157 ei:
1476 3085 1685 3152 formali
1714 3102 1800 3136 ra-

209 3156 329 3208 tione
363 3153 570 3227 'objecti
596 3153 752 3227 ;;qua
779 3153 1004 3227 sublata,
1053 3153 1244 3225 species
1293 3156 1496 3227 habitus
1539 3169 1800 3227 remanere

207 3240 291 3277 non
343 3223 544 3296 poiest.
603 3223 846 3296 ormale
874 3223 1325 3296 autetnobjectum
1353 3224 1474 3296 /id_ei
1518 3231 1589 3273 est
1618 3224 1801 3296 vet-itas

1909 2875 2060 2943 ﬁdes,
2090 2882 2351 2940 acceptam
2367 2873 2766 2944 justiﬁcationis
2789 2874 3012 2944 gratiam
3040 2873 3223 2926 amitti.
3254 2872 3356 2944 _Ubi
3383 2873 3506 2930 licet

1911 2941 2017 3000 non
2063 2941 2658 3009 deliniatnr'expresse,
2693 2941 2871 2996 tanien
2903 2944 3225 3010 supponitur
3253 2941 3368 2998 hzec
3411 2960 3507 3000 ve-

1908 3016 2042 3068 ritas
2076 3025 2132 3067 ttt
2161 3026 2302 3068 certa
2335 3023 2389 3067 et
2417 3014 2742 3067 indubitata.
2780 3013 3050 3066 thternm
3085 3013 3136 3064 in
3165 3019 3498 3071 Contrarium

1909 3096 2122 3152 partem
2155 3101 2258 3136 non
2290 3082 2484 3136 de~uut
2512 3086 2670 3134 etiam
2704 3095 3019 3151 argumenta
3050 3084 3324 3148 Complura
3349 3127 3363 3147 ,
3397 3101 3500 3142 nec

1912 3153 2280 3220 improbabilia
2329 3168 2342 3203 :
2395 3154 2590 3216 quibus
2637 3164 2816 3204 tamen
2854 3152 3190 3215 proferendis
3223 3156 3502 3212 brevitatis

1912 3236 2071 3273 causa
2129 3221 2478 3293 supersedeo.
2520 3236 2582 3293 ea
2613 3232 2897 3293 Contentus
2941 3225 3212 3289 attulisse,
3244 3239 3362 3293 qua:
3393 3227 3505 3282 Au-

206 3291 392 3361 prima.
428 3293 728 3371 fecundum.
752 3293 886 3371 quod
917 3291 1375 3371 manifeftuturuin
1403 3291 1692 3371 Scr‘pturis
1720 3308 1804 3371 διι-
1831 3291 1876 3353 C
1909 3293 2076 3371 clm'if
2109 3292 2272 3371 nosuj
2309 3292 2628 3344 sententiain
2660 3292 3003 3371 confirmant.

207 3359 285 3420 sris
315 3376 370 3419 et
402 3363 650 3415 dat-truta
684 3359 946 3428 Ecclesiw,
980 3359 1094 3430 quia
1115 3364 1342 3430 procedit
1375 3379 1436 3416 ex
1468 3359 1674 3414 ueritate
1698 3364 1802 3430 pri-

207 3451 292 3488 ma.
352 3434 523 3491 Unde
551 3433 853 3500 quicumque
891 3449 993 3484 non
1039 3434 1251 3486 iit/uere!
1300 3431 1419 3486 huic
1457 3433 1717 3499 infullibili
1753 3440 1801 3485 et

209 3507 381 3561 divitia:
404 3504 612 3576 regula!
639 3505 891 3576 doctrinis
921 3501 1313 3572 Ecclesia',qutr
1334 3505 1560 3569 procedit
1580 3520 1647 3576 ex
1674 3505 1799 3556 veri-

211 3585 295 3631 tate
328 3573 509 3654 priniit
551 3575 606 3627 in
637 3573 945 3654 scripturis.
967 3576 1128 3626 sacris
1174 3576 1523 3654 manifestata.
1561 3575 1659 3654 ille
1694 3591 1799 3654 non

212 3644 339 3702 habei
373 3647 615 3700 habitum
648 3644 769 3710 ﬁdei
808 3661 826 3698 :
857 3645 945 3698 sed
975 3661 1033 3697 ea
1059 3660 1173 3713 qua?
1203 3655 1318 3698 sunt
1348 3646 1495 3714 ﬁdei,
1519 3647 1623 3698 alio
1650 3647 1799 3698 modo

213 3730 325 3772 tenet
368 3735 535 3788 quam
568 3733 657 3786 ροντ’
685 3715 857 3783 ﬁdem.
892 3715 1039 3769 Stcut
1066 3716 1110 3770 si
1139 3717 1322 3784 aliquis
1351 3728 1478 3788 tenet
1518 3729 1680 3769 mente
1704 3716 1803 3768 ali-

214 3804 344 3854 quam
371 3786 786 3848 conclusionem,
820 3803 918 3838 non
946 3802 1257 3856 cognoscens
1286 3786 1506 3840 medium
1544 3788 1685 3839 illius
1713 3788 1800 3838 de-

213 3860 596 3912 monstrationis
623 3902 636 3924 ,
683 3858 1008 3922 manifestum
1049 3867 1121 3928 est
1174 3857 1314 3928 quod
1361 3875 1461 3909 non
1502 3860 1650 3911 habet
1690 3859 1802 3928 ejus

209 3930 499 3992 scientiam,
541 3929 628 3982 sed
680 3929 968 3996 Opinionem
994 3927 1181 3980 solum.
1236 3927 1571 3998 ﬂanifestum
1601 3937 1674 3981 est
1708 3944 1803 3980 au-

212 4009 292 4052 tem
317 4001 474 4067 quod
498 3998 588 4052 ille
613 3995 945 4060 quiin/iteret
982 4000 1229 4051 doctrinae
1251 3995 1515 4068 Ecclesite,
1543 4009 1802 4068 tamquam

213 4067 481 4139 ittfallibili
505 4071 719 4139 regulw,
751 4069 986 4122 omnibus
1033 4069 1239 4139 assetttit
1277 4086 1389 4127 quae
1439 4067 1667 4122 Ecclesia
1707 4070 1802 4121 do-

216 4138 276 4193 cet
328 4159 345 4197 :
393 4138 644 4207 alioquin
694 4141 829 4193 side
879 4141 958 4193 Itis
1015 4155 1128 4209 qua:
1178 4138 1412 4192 Ecclesia
1459 4141 1638 4206 docet,
1689 4155 1804 4201 quia

217 4217 306 4265 calt
353 4225 445 4267 tm
460 4221 508 4264 et
531 4254 544 4274 ,
573 4221 617 4264 et
647 4227 759 4277 qua:
784 4226 884 4263 non
909 4211 1014 4264 vult
1047 4227 1146 4263 non
1176 4219 1326 4282 tenet.
1363 4227 1465 4263 non
1481 4215 1602 4282 jam,
1641 4210 1805 4282 inhazf

219 4292 282 4335 ret
327 4283 583 4338 Ecclesia:
637 4283 917 4353 doctrinae.
970 4282 1098 4334 sicut
1139 4279 1420 4353 iiufallibtli
1459 4279 1683 4353 regular.
1713 4280 1802 4353 sed

223 4358 429 4421 prapriaz
471 4353 744 4405 voluntati.
787 4349 850 4404 Et
882 4355 955 4404 sic
981 4352 1307 4420 manifestum
1348 4361 1418 4405 est
1446 4349 1580 4418 quod
1604 4351 1806 4405 hcet-eti-

226 4436 329 4489 cus,
377 4425 477 4494 qui
507 4424 840 4494 pertinaciter
865 4421 1115 4494 discredit
1155 4439 1311 4494 unum
1352 4424 1624 4494 articulum
1654 4422 1802 4494 ﬁdei,

229 4509 316 4561 non
344 4491 418 4549 est
456 4491 666 4560 paratus
693 4494 834 4561 sequi
874 4493 927 4544 in
959 4492 1188 4545 euntibus
1218 4492 1508 4545 doctrinam
1543 4491 1802 4561 Ecclesiae.

232 4560 283 4618 Si
306 4558 575 4618 enim—non
610 4558 960 4635 pertinaciter,
997 4566 1112 4635 jam
1145 4580 1245 4615 non
1274 4571 1344 4614 est
1379 4564 1669 4635 limi-sticus,
1718 4558 1806 4635 sed

233 4637 381 4688 solum
407 4632 618 4688 errans.
643 4633 794 4688 Unde
822 4632 1147 4704 manifestum
1177 4643 1248 4685 est
1285 4635 1420 4704 quod
1464 4633 1580 4704 talis
1608 4632 1809 4704 licereli-

235 4718 318 4754 cus
339 4709 477 4757 circa
505 4722 662 4757 unum
689 4700 974 4757 articulum
995 4704 1148 4772 ﬁdem
1177 4718 1278 4754 non
1310 4701 1456 4772 habet
1488 4702 1548 4752 de
1574 4700 1692 4753 aliis
1714 4716 1804 4751 ar-

235 4773 421 4834 tisalis.
473 4779 561 4828 sed
587 4776 878 4841 opinionem
905 4775 1200 4836 quamdam.
1231 4771 1513 4825 secundum
1543 4772 1807 4841 propriam

234 4845 557 4898 uoluntatem.
596 4843 721 4900 Htec
749 4847 806 4902 S.
841 4845 1077 4898 Tbomas
1111 4862 1123 4897 :
1154 4846 1347 4912 quibus
1375 4843 1536 4895 etiam
1566 4843 1807 4908 Scriptu-

236 4926 287 4987 ra
315 4915 593 4987 sttﬁragari
626 4917 857 4970 thctttr.
889 4914 1332 4987 NaniApostolns
1365 4914 1643 4987 baereticos‘
1675 4929 1808 4980 qua-

238 4981 536 5056 lescumqtie
566 4996 752 5042 censet
795 4986 1130 5055 naufragium
1163 4983 1337 5037 facere
1370 4985 1420 5036 in
1472 4984 1593 5045 ﬁde,
1645 4992 1806 5051 atque

239 5057 358 5111 adeo
387 5059 453 5110 ab
475 5073 538 5113 ea
561 5061 834 5121 excidere,
865 5072 1000 5127 quos
1027 5067 1205 5109 tamen
1228 5061 1448 5127 constat
1476 5070 1580 5107 non
1612 5069 1806 5127 negare

241 5136 409 5183 omnes
438 5131 701 5182 articulos
731 5123 1021 5190 ﬁdei,'dutn
1049 5134 1322 5186 monet,ut
1350 5123 1634 5177 Habeamus
1652 5125 1807 5192 ﬁdem

240 5206 280 5247 et
302 5199 479 5252 bonam
507 5201 896 5263 conscientiam,
919 5213 1074 5268 quant
1094 5195 1324 5268 quidam,
1353 5197 1810 5268 inqtiit,repellen-

240 5272 317 5332 les,
347 5271 788 5342 naufragaverunt
813 5286 847 5322 a
872 5265 975 5338 ﬁde
1024 5268 1066 5338 (Ι
1090 5265 1222 5321 Tim.
1247 5266 1319 5342 I).
1352 5267 1419 5342 lit
1444 5270 1508 5319 ad
1546 5267 1806 5342 Epltesios

241 5348 284 5388 ιν
310 5337 551 5394 ιιΠίτιίιειί
573 5355 759 5394 vet-am
791 5337 949 5394 ﬁdem
980 5337 1087 5392 non
1115 5353 1235 5392 esse
1263 5339 1362 5392 nisi
1397 5352 1575 5402 unum,
1629 5337 1678 5389 id
1703 5345 1806 5398 est.

241 5418 322 5481 per
365 5427 527 5481 quam
582 5412 653 5466 ab
699 5412 951 5465 omnibus
998 5410 1288 5481 eri-dantur
1315 5409 1516 5463 eaedem
1557 5408 1810 5481 veritates

243 5474 480 5538 divinitus
507 5483 787 5542 revelata}.
816 5490 870 5536 et
898 5483 966 5536 ab
995 5480 1240 5550 Ecclesia
1266 5481 1576 5550 propositae.
1603 5480 1697 5532 llis
1721 5492 1810 5531 ac-

242 5552 367 5606 cedit
395 5553 688 5609 cont-ilium
712 5552 1084 5607 Tridentinutn
1117 5564 1191 5603 ss.
1219 5549 1276 5610 6.
1306 5566 1425 5613 cap.
1459 5551 1651 5614 15,ubi
1676 5551 1810 5601 sim-

245 5619 435 5692 pliciter
461 5624 748 5687 asseritur,
779 5638 874 5692 per
902 5622 1266 5676 inﬁdelitatem
1288 5620 1702 5692 (cujusspecies
1731 5627 1813 5672 est

245 5688 472 5764 heresis)
503 5695 682 5748 amitti
714 5688 896 5748 ﬁdem.
945 5692 1420 5764 Asserendum_e_st,
1466 5688 1660 5764 inquit,
1710 5704 1814 5764 non

243 5763 380 5835 modo
402 5755 736 5833 inﬁdelitate,
766 5781 855 5834 per
883 5779 1039 5835 quam
1066 5773 1111 5816 et
1136 5763 1248 5828 ipsa
1277 5761 1406 5835 ﬁdes
1434 5755 1814 5835 annititur,sed

244 5833 381 5900 illam
405 5829 632 5916 quolibet
663 5829 866 5904 mortali
891 5829 1121 5913 peccato,
1153 5833 1384 5900 quantivis
1412 5846 1512 5888 mm
1552 5829 1816 5898 amittatur

1835 4666 1885 4724 D

1981 3371 2006 3398 ⁸
2027 3360 2200 3415 Vt-rba
2231 3360 2456 3415 Joannis
2486 3361 2712 3428 apostoli
2745 3363 2795 3415 iit
2828 3367 2996 3429 prima
3029 3362 3302 3419 CanOuica
3338 3366 3504 3431 :Quis

1905 3443 1979 3503 est
2007 3433 2246 3494 mendax,
2282 3433 2382 3503 nisi
2411 3433 2497 3499 qui
2526 3444 2672 3500 neqat
2694 3438 2940 3503 quoniam
2964 3439 3116 3487 Jesus
3139 3449 3210 3488 est
3228 3435 3460 3491 Christus
3480 3441 3506 3493 ?

1906 3502 2010 3556 Hic
2031 3501 2488 3574 est_Antichristus.
2522 3505 2614 3573 qui
2642 3501 2793 3574 negat
2833 3504 3037 3558 Putrem
3069 3516 3117 3558 et
3148 3505 3362 3562 Filium.
3398 3511 3502 3573 Qui

1905 3583 2053 3648 negat
2087 3571 2299 3648 Filium,
2335 3591 2426 3648 nec
2463 3571 2668 3648 (ἀπείη
2690 3571 2846 3648 habet
2889 3593 2907 3631 :
2953 3580 3042 3648 qui
3076 3579 3349 3643 conﬁtetur
3398 3571 3500 3633 Fi-

1907 3643 2056 3717 lium.
2089 3654 2134 3717 et
2167 3643 2372 3717 Patrem
2398 3644 2548 3698 habet
2586 3645 2831 3715 (lJoan.
2858 3663 2892 3702 tt
2917 3643 2975 3716 ),’
3011 3649 3060 3702 id
3094 3657 3195 3711 e~t,
3233 3655 3496 3717 agnoscit.

1907 3715 2141 3768 Proinde
2172 3715 2355 3768 nescio
2388 3717 2529 3768 unde
2557 3717 2808 3770 acciderit
2844 3715 2921 3770 ut
2950 3734 3046 3785 pro
3072 3715 3293 3774 Joannis
3341 3733 3500 3776 antea

1907 3785 2196 3853 legeretur.
2247 3786 2408 3848 ipsius
2455 3786 2633 3850 patris,
2680 3788 2830 3853 quasi
2866 3789 2954 3838 Dei
2987 3788 3163 3841 Palris
3192 3794 3307 3843 hinc
3353 3801 3504 3846 esset

1905 3871 2005 3909 vos
2033 3873 2056 3929 _:
2091 3854 2190 3929 nisi
2216 3855 2334 3924 quis
2362 3855 2517 3908 malit
2551 3856 2755 3929 legere.
2793 3859 2950 3925 juxta
2976 3860 3064 3929 _pii
3104 3861 3267 3925 patris
3303 3875 3496 3929 vocem,

1907 3925 2050 3997 quod
2073 3927 2138 3979 de
2165 3926 2646 3997 .loanneapmtolo
2675 3926 3082 3997 intelligendum
3116 3930 3206 3979 sit.

1980 3995 2006 4034 δ
2039 3996 2090 4050 Id
2120 4006 2222 4070 est,
2256 3996 2309 4049 in
2334 3996 2636 4070 divinitate,
2665 3995 2980 4070 jnxtagillud
3005 3997 3300 4070 Jtt_anttis_tv
3336 4016 3348 4050 :
3381 3999 3506 4070 Spi.

1907 4068 2037 4121 ritus
2060 4067 2306 4120 estDeus.
2341 4067 2495 4123 Unde.
2518 4080 2571 4120 et
2598 4067 2845 4136 sequenti
2875 4083 2993 4133 cap.
3021 4068 3182 4122 dicit:
3213 4066 3498 4127 Natum'in

1908 4136 2132 4197 Deilate.
2160 4147 2332 4191 natum
2353 4155 2589 4206 corpore,
2613 4138 2757 4208 qUod
2793 4139 2876 4192 hic
2906 4139 2959 4192 in
2982 4156 3154 4194 carne.
3344 4183 3353 4191 .
3507 4163 3510 4166 λ

1983 4222 2003 4248 ε
2028 4209 2081 4262 1‹Ι
2111 4220 2213 4272 est,
2243 4220 2495 4278 reparent
2521 4225 2582 4263 ac
2614 4219 2947 4265 restaurent.
2985 4211 3116 4266 Nam
3154 4212 3497 4279 regeneratio

1909 4280 2122 4355 propt_ie
2151 4280 2420 4355 baptismo
2450 4283 2724 4355 convenit,
2754 4283 2896 4355 quod
2925 4295 3006 4335 est
3047 4283 3308 4336 lavacrum
3346 4301 3497 4355 rege-

1909 4353 2188 4426 nerationis
2224 4360 2268 4402 et
2289 4351 2647 4426 renovationis
2671 4352 2897 4421 Spiritus
2919 4355 3083 4408 sancti
3114 4358 3131 4423 (
3159 4355 3333 4408 Actor.
3377 4351 3431 4410 tit
3456 4356 3498 4426 ).

1910 4424 2043 4486 Quia
2077 4429 2252 4474 tamen
2289 4422 2373 4492 hic
2398 4421 2672 4475 confertur
2705 4426 3018 4487 poenitentia
3049 4421 3172 4478 cuin
3207 4421 3499 4492 baptismo,

1910 4492 2056 4542 ve-lut
2083 4504 2203 4543 cum
2235 4491 2403 4558 prima
2433 4493 2786 4559 generatione
2813 4495 3076 4556 spiritali,
3108 4509 3211 4546 non
3242 4491 3383 4546 male
3410 4491 3500 4546 dié

1912 4559 2051 4612 citur
2081 4571 2130 4612 et
2163 4561 2273 4626 ip~a
2305 4563 2664 4624 regeneratio.
2700 4561 2750 4612 id
2775 4573 2880 4623 est,
2911 4562 3103 4622 altera,
3138 4563 3220 4614 vel
3263 4563 3503 4618 secunda

1911 4631 2188 4695 generatio
2232 4630 2495 4698 spiritalis
2565 4628 2753 4698 (sicut
2805 4631 3113 4698 frequenter
3156 4647 3183 4681 a
3249 4631 3499 4686 Pati-ibus

1914 4698 2136 4769 (:I'ertul.
2181 4697 2271 4769 lib.
2322 4700 2384 4769 d_e
2420 4698 2639 4769 Paruit;
2688 4697 2913 4769 Hieron,
2961 4703 3012 4751 in
3064 4716 3181 4768 cap.
3215 4715 3271 4753 ιιι
3319 4699 3500 4769 lsai.;

1914 4767 2193 4820 Gratianus
2231 4768 2296 4820 de
2329 4767 2522 4821 Paenit.
2552 4767 2672 4821 dist.
2709 4783 2756 4831 r;
2790 4767 2946 4822 Coac.
2981 4767 3136 4822 Trid.’
3158 4787 3228 4822 ss.
3263 4771 3349 4835 M,
3377 4767 3497 4838 cap,

1910 4838 1968 4907 2)
1999 4838 2192 4890 dicitur
2221 4839 2454 4911 secunda
2475 4846 2588 4908 post
2621 4840 2953 4910 naufragium
2993 4839 3170 4892 tabula
3203 4857 3222 4893 .°
3247 4844 3495 4911 secunda,

1910 4911 2132 4981 setlicet
2164 4917 2283 4976 post
2315 4910 2636 4976 baptismum
2685 4927 2697 4962 :
2756 4919 2870 4976 post
2910 4912 3237 4981 naufragium
3293 4910 3502 4968 scilicet

1912 4979 2143 5049 peccati)
2190 4981 2484 5048 baptismus
2512 4997 2646 5034 vero
2677 4982 2872 5034 dicitur
2904 4979 3238 5049 regendi-aiio
3282 4983 3500 5038 absolu-

1912 5062 1986 5116 te,
2017 5053 2106 5120 qui
2137 5053 2378 5107 soccedit
2410 5051 3151 5122 generationicarnali,juxta
3185 5055 3311 5106 illttd
3337 5054 3501 5107 Joan-

1912 5125 1996 5176 nis
2025 5137 2080 5176 ttt
2114 5140 2126 5175 :
2162 5122 2280 5175 Nisi
2305 5125 2418 5188 quis
2449 5132 2658 5176 renatus
2690 5125 2844 5192 fuerit
2883 5123 3196 5180 denuo.uon
3229 5134 3393 5192 potest
3427 5124 3501 5177 vi-

1912 5195 2032 5265 dere
2045 5209 2257 5265 regnum
2275 5193 2390 5247 Dei.
2413 5193 2563 5265 Quod
2581 5210 2641 5246 ex
2654 5194 2852 5260 plicans
2873 5207 2981 5261 post
2995 5195 3210 5248 modum
3227 5193 3463 5247 subdidit
3479 5208 3496 5252 :

1916 5263 2032 5317 Nisi
2059 5263 2176 5334 quis
2199 5275 2404 5316 renatus
2427 5263 2581 5334 fuerit
2610 5281 2674 5317 ea:
2690 5281 2824 5334 aqua
2852 5277 2898 5317 et
2930 5265 3132 5387 Sgiritn
3164 5272 3362 5322 sancto.
3390 5275 3495 5318 etc.

1982 5335 2009 5368 α
2041 5335 2141 5387 Per
2171 5337 2370 5387 fontem
2403 5333 2610 5387 scilicet
2638 5336 2907 5387 baptismi.
3007 5346 3300 5387 enerarunt.
3334 5335 3376 5387 si
3411 5349 3494 5387 ses

1982 5335 2009 5368 α
2041 5333 2141 5387 Per
2171 5337 2370 5387 fontem
2403 5333 2610 5388 scilicet
2638 5333 2907 5404 baptismi.
2957 5333 3300 5404 Generarunyt,
3334 5335 3376 5387 si
3411 5349 3494 5389 se.

1913 5404 2140 5460 cundum
2181 5405 2582 5458 renovationem
2631 5414 2685 5458 ct
2713 5403 3026 5472 spiritalem
3071 5403 3356 5472 quamdam
3401 5420 3490 5460 t'e-

1914 5478 2342 5543 generatioiiem,
2373 5489 2492 5541 qua:
2520 5478 2575 5528 lit
2621 5491 2717 5544 per
2748 5474 3116 5541 paenitentiam
3145 5513 3160 5538 ,
3196 5475 3453 5540 respicias
3479 5491 3496 5542 ;

1917 5554 1973 5598 at
2015 5544 2198 5598 verius
2247 5557 2669 5612 regenerarunt,
2737 5547 2782 5598 si
2826 5547 3047 5610 primum
3097 5549 3497 5614 generationem

1915 5615 2188 5688 carnalem
2220 5626 2452 5688 spectes,
2487 5625 2544 5669 ut
2573 5619 2792 5688 dictum
2823 5624 2926 5670 est.
2959 5617 3048 5669 Est
3075 5631 3254 5670 autem
3301 5616 3384 5670 hic
3410 5633 3501 5688 sy-

1918 5685 2245 5740 necdochica
2293 5686 2541 5755 qntcdam
2571 5686 2804 5756 locutio,
2850 5702 2950 5754 qna
2995 5703 3163 5756 genus
3193 5702 3289 5755 pro
3320 5685 3502 5756 specie

1918 5756 2158 5824 ponitur,
2189 5765 2508 5828 sacramenta
2537 5755 2724 5810 salutis
2763 5768 2950 5812 nostra:
2982 5755 3074 5827 pro
3109 5755 3418 5828 pinuitentia
3445 5755 3524 5828 et'

1916 5828 2206 5910 baPllillmi
2239 5829 2330 5897 ιιιιί
2363 5843 2458 5904 per
2488 5827 2688 5890 fontem
2715 5836 2770 5887 et
2799 5825 3330 5912 fontesdesignnt-ttr.
3355 5825 3494 5904 psal,
