3976 6180
375 146 483 211 185

1725 155 2007 213 JOANNIS
2045 154 2355 213 CASSIANI

3572 165 3686 221 πει

371 268 631 326 Surrexit.
662 268 719 325 In
769 286 834 327 eo
884 289 1014 330 vero
1048 276 1194 346 quod
1237 274 1354 345 ipse
1402 274 1455 329 in
1505 272 1701 330 saecula
1754 274 1973 342 dicitur,
2002 277 2052 338 Α
2083 278 2467 345 prophetarum
2507 282 2669 347 atque
2692 285 3005 333 sanctorum
3045 276 3299 335 divinitas
3325 279 3516 335 venit:
3546 294 3683 351 ergo

334 402 337 409 ς
370 369 399 398 α
432 362 611 417 omnis
654 363 847 422 futurae
896 370 1211 424 aeternitatis
1261 368 1599 424 immensitas
1628 367 1965 439 designatur.

980 481 1207 537 CAPUT
1247 481 1365 537 XX.

370 568 542 625 Docet
573 589 636 626 ea:
662 574 811 627 dictis
840 589 941 626 non
969 574 1095 642 eﬂici
1122 584 1177 627 ut
1208 574 1347 629 Deus
1367 576 1606 629 mortalis
1644 576 1724 630 uel
1748 592 1965 630 corneus

440 654 560 695 ante
588 642 779 696 scrcnla
822 645 985 713 fuisse
1030 645 1256 709 dicatur,
1292 648 1386 699 etsi
1432 646 1569 699 idem
1616 648 1681 699 sit
1729 646 1967 701 Christus

443 716 529 783 qui
549 714 612 765 ab
635 724 824 766 a’terno
852 713 992 768 Deus
1022 718 1143 769 etin
1166 726 1393 788 tempore
1412 717 1565 772 homo
1590 718 1762 787 [actus
1794 727 1889 772 est.

437 826 543 882 Sed
584 825 718 880 dicis
749 826 974 881 forsitan
1011 844 1024 880 :
1057 828 1111 883 Si
1142 829 1393 885 eumdem
1433 831 1485 884 in
1522 830 1628 885 line
1660 839 1962 900 temporum

362 929 546 973 natum
570 919 746 973 dicam
780 935 847 974 ex
879 919 1133 991 Virgine,
1167 922 1258 992 qui
1284 930 1412 977 ante
1442 922 1625 977 omnia
1656 934 1813 977 natus
1844 922 1961 978 fue-

357 1011 429 1064 rit
450 1026 513 1065 ex
539 1011 647 1065 Deo
671 1011 853 1078 Patre,
878 1027 1136 1067 carneum
1162 1028 1248 1068 me
1269 1015 1432 1069 etiam
1452 1026 1579 1070 ante
1601 1014 1787 1069 mundi
1811 1014 1964 1069 initia

360 1102 532 1157 Deum
574 1104 804 1159 dicere:
855 1107 942 1174 qui
977 1106 1153 1173 ipsum
1201 1106 1377 1162 dicam
1422 1118 1612 1177 pOStea
1663 1107 1960 1175 hominem,

357 1212 518 1266 quem
546 1213 765 1268 semper
791 1199 958 1254 Deum
997 1216 1009 1251 :
1041 1214 1104 1254 ac
1130 1215 1230 1270 per
1259 1200 1361 1254 hoc
1384 1200 1659 1255 hominem
1690 1200 1840 1255 illum
1870 1202 1964 1272 qui

355 1297 516 1343 natus
546 1290 644 1354 sit,
696 1302 883 1360 postea
929 1305 1143 1361 semper
1171 1290 1358 1347 fuisse.
1410 1292 1545 1347 Nolo
1577 1300 1630 1348 te
1663 1293 1763 1349 hac
1810 1295 1963 1365 igno-

353 1381 549 1435 rantiae
581 1382 826 1437 czecitate
873 1391 1037 1451 atque
1070 1383 1170 1437 hac
1196 1398 1441 1437 errorum
1475 1393 1634 1440 nocte
1673 1385 1957 1454 confundi,

353 1482 415 1528 ut
450 1484 605 1543 putes
628 1491 715 1530 me
742 1474 771 1512 ι’
806 1475 1079 1529 hominem
1110 1476 1199 1545 qui
1224 1492 1291 1531 ex
1318 1476 1483 1532 Maria
1516 1487 1674 1532 natus
1704 1488 1807 1543 est,
1833 1487 1961 1534 ante

352 1566 579 1621 exordia
602 1582 785 1621 rerum
817 1581 1083 1631 asserere,
1113 1577 1167 1623 et
1194 1568 1365 1624 Deum
1394 1569 1555 1624 etiam
1597 1582 1723 1626 ante
1754 1572 1961 1643 princi-

348 1660 442 1731 pia
486 1661 674 1714 mundi
726 1674 941 1731 semper
971 1676 1290 1731 corporeum
1338 1664 1659 1734 praedicare.
1702 1664 1819 1719 Non
1854 1666 1951 1735 ita,
1987 1664 2038 1725 B

348 1751 593 1823 inquam,
626 1769 730 1808 non
781 1754 853 1808 ita
901 1754 1051 1822 dico,
1095 1756 1237 1825 quod
1287 1756 1599 1826 priusquam
1640 1768 1955 1814 nasceretur

348 1841 538 1909 homo,
561 1844 616 1899 in
641 1845 751 1899 Deo
778 1844 960 1915 fuerit,
987 1846 1080 1903 sed
1100 1848 1240 1918 quod
1265 1857 1449 1919 postea
1476 1850 1528 1904 in
1552 1851 1772 1908 homine
1794 1860 1955 1908 natus

346 1934 495 1991 Deus
525 1937 615 1992 sit.
654 1936 770 1991 Non
802 1938 944 1992 enim
974 1953 1102 1993 caro
1134 1940 1224 1993 illa
1255 1956 1374 2010 qua:
1416 1956 1482 1995 ex
1522 1956 1686 1997 carne
1718 1941 1953 2014 Virginis

347 2037 474 2083 nata
504 2037 606 2094 est,
640 2043 853 2098 semper
879 2028 1000 2094 fuit,
1032 2031 1126 2085 sed
1158 2032 1321 2096 Deus,
1355 2032 1447 2102 qui
1487 2047 1702 2104 semper
1733 2034 1851 2099 fuit,
1884 2051 1951 2090 ex

347 2133 513 2175 carne
545 2120 776 2191 Virginis
827 2121 879 2175 in
924 2137 1092 2177 carne
1140 2122 1374 2179 hominis
1422 2124 1663 2180 advenit.
1715 2126 1949 2183 Verbum

347 2215 492 2270 enim
523 2230 650 2270 caro
671 2214 894 2282 factum,
923 2227 944 2254 ο
968 2232 1073 2270 non
1106 2230 1324 2271 carnem
1355 2232 1541 2273 secum
1568 2219 1828 2285 exhibuit,
1855 2221 1952 2276 sed

343 2308 498 2363 carni
542 2322 601 2363 se
640 2306 876 2363 hominis
928 2308 1244 2379 dignatione
1288 2309 1589 2365 divinitatis
1621 2311 1809 2367 univit.
1858 2313 1951 2369 Dic

346 2400 494 2453 enim
526 2400 660 2454 mihi
688 2400 907 2470 quando
934 2401 1019 2454 vel
1058 2401 1147 2455 ubi
1187 2401 1421 2456 Verbum
1458 2417 1586 2458 caro
1616 2403 1815 2459 factum
1842 2416 1947 2472 est,

344 2502 440 2547 aut
454 2494 543 2546 ubi
562 2493 857 2547 exinanivit
877 2494 1226 2563 semetipsum
1254 2495 1479 2550 formam
1497 2498 1639 2550 servi
1654 2499 1944 2567 accipiens,

345 2594 445 2640 aut
470 2585 561 2639 ubi
608 2600 815 2655 egenus
842 2585 1015 2642 factus
1047 2596 1150 2653 est,
1181 2603 1303 2642 cum
1332 2598 1478 2644 esset
1505 2590 1696 2645 dives?
1742 2591 1844 2646 nisi
1891 2591 1945 2646 in

344 2678 446 2734 illo
486 2693 643 2735 sacro
674 2680 912 2751 Virginis
939 2690 1117 2747 utero,
1151 2682 1264 2749 ubi,
1295 2682 1424 2737 dum
1448 2686 1779 2751 incarnatur,
1814 2686 1949 2742 Ver-

343 2773 473 2829 bum
508 2774 601 2828 Dei
646 2788 777 2828 caro
817 2773 1015 2829 dicitur
1048 2774 1285 2841 factum;
1316 2775 1445 2831 dum
1485 2776 1685 2845 editur,
1716 2778 1946 2834 formam

343 2867 488 2921 servi
520 2866 573 2921 in
618 2868 848 2923 veritate
877 2868 1152 2939 suscepit;
1186 2868 1314 2923 dum
1353 2869 1593 2923 humana
1633 2870 1947 2926 conditione

343 2960 585 3030 patibulo
632 2960 888 3031 alligitur,
943 2960 1003 3015 lit
1051 2973 1287 3031 egenus,
1329 2968 1383 3013 et
1437 2976 1643 3031 pauper
1700 2962 1945 3017 redditur

342 3052 599 3121 passione
627 3054 865 3119 carnali,
895 3068 1017 3108 cum
1046 3061 1193 3108 esset
1236 3052 1521 3122 majestate
1548 3055 1727 3110 divina
1757 3055 1943 3111 dives?
1971 3043 2021 3108 C

342 3143 621 3217 Alioquin,
648 3147 717 3217 si,
736 3158 794 3204 ut
820 3149 937 3220 ipse
962 3152 1061 3218 ais,
1084 3158 1211 3220 post
1229 3148 1347 3205 haec
1371 3150 1427 3205 in
1453 3164 1601 3219 eum,
1628 3152 1761 3205 utin
1789 3168 1952 3206 unum

2075 374 2131 421 et
2160 367 2211 420 in
2258 366 2363 420 illis
2393 366 2446 421 in
2476 366 2672 437 quibus
2718 368 2963 424 habitare
2994 368 3249 439 dignatus
3297 378 3400 435 est,
3432 370 3678 427 Verbum

2073 475 2203 515 caro
2254 460 2453 515 factum
2486 469 2616 515 est:
2650 476 2780 531 ergo
2822 476 2920 532 per
2964 477 3404 533 unumquemque
3452 464 3678 518 illorum

2072 553 2368 610 exinanivit
2397 554 2769 624 semetipsum,
2815 555 3043 610 formam
3072 557 3213 612 servi
3250 556 3546 625 accipiens.
3592 558 3678 612 Ac

2071 660 2172 716 per
2217 645 2317 701 hoc
2349 645 2485 700 nihil
2519 661 2715 701 novum
2747 662 2843 702 nec
2876 649 3205 719 praecipuum
3248 649 3301 703 in
3330 648 3549 704 Christo
3590 648 3678 703 fa-

2071 746 2216 792 ctum
2247 746 2364 803 est;
2398 738 2530 793 nihil
2577 737 2882 807 singulare,
2916 739 3046 794 nihil
3079 740 3322 796 mirabile
3353 756 3450 797 nec
3476 756 3682 797 conce-

2069 832 2185 902 ptio
2215 832 2382 901 ipsius
2409 830 2615 900 habuit,
2651 847 2751 889 nec
2780 831 3028 887 uativitas
3046 875 3061 901 ,
3088 846 3188 887 nec
3214 848 3379 888 mors.

2661 967 2889 1024 CAPUT
2927 968 3072 1023 XXI.

2068 1056 2333 1113 Christum
2378 1059 2440 1113 ab
2483 1067 2674 1114 aeterno
2715 1061 2896 1128 fuisse,
2943 1060 3232 1114 divinarum
3266 1058 3682 1131 Scripturarum

2619 1133 2778 1185 tradit
2822 1132 3127 1186 auctoritas.

2138 1245 2209 1300 Et
2230 1253 2437 1311 tamen,
2470 1254 2527 1300 ut
2551 1244 2618 1300 ad
2650 1245 2934 1315 superiora
2958 1246 3274 1313 redeamus,
3300 1260 3423 1301 cum
3451 1247 3569 1304 hac
3596 1250 3678 1306 ita

2065 1335 2177 1392 sint
2203 1338 2408 1406 omnia,
2441 1338 2583 1392 sicut
2612 1338 2849 1392 diximus
2877 1354 2891 1393 :
2921 1338 3201 1409 quomodo
3228 1339 3390 1395 Jesus
3419 1338 3677 1399 Christus

2065 1429 2260 1501 (quem
2289 1439 2344 1485 tu
2369 1431 2643 1486 hominem
2676 1432 3051 1486 tantummodo
3079 1447 3204 1488 esse
3246 1434 3471 1499 asseris,
3503 1437 3675 1491 etiam

2063 1533 2355 1596 antequam
2385 1540 2453 1580 ex
2496 1524 2719 1594 Virgine
2760 1525 3115 1596 nasceretur)
3146 1540 3367 1597 semper
3390 1526 3558 1585 fuisse
3590 1527 3677 1584 le-

2063 1618 2209 1690 gitur
2229 1628 2286 1674 et
2310 1633 2340 1672 a
2368 1617 2653 1690 prephetis
2681 1628 2849 1689 atque
2877 1620 3139 1687 aposmlis
3180 1619 3326 1675 Dens
3353 1621 3514 1677 etiam
3540 1633 3671 1679 ante

2063 1710 2266 1766 saecula
2302 1709 2673 1779 praedicatur?
2719 1710 2934 1766 dicente
2981 1709 3184 1775 Paulo,
3230 1726 3362 1766 unus
3409 1710 3671 1767 Dominus

2060 1803 2234 1872 Iesus,
2278 1820 2370 1875 per
2406 1818 2554 1873 quem
2593 1803 2767 1857 omnia
2802 1802 2848 1876 (l
2871 1802 2991 1856 Cor.
3044 1803 3196 1874 vin).
3248 1802 3356 1860 Sed
3400 1814 3457 1860 et
3487 1804 3618 1860 alibi
3651 1825 3668 1860 :

2063 1898 2322 1965 Quoniam
2342 1897 2398 1951 in
2430 1894 2655 1962 Christo,
2684 1896 2882 1966 inquit,
2916 1906 3088 1951 creata
3108 1906 3228 1951 sunt
3249 1899 3422 1952 omnia
3449 1899 3501 1951 in
3527 1898 3674 1953 caelis

2062 2000 2109 2047 et
2136 1993 2192 2045 in
2228 2001 2396 2061 terra,
2426 1990 2650 2044 oisibilia
2690 2000 2737 2044 et
2761 1989 3041 2043 invisibilia
3069 1988 3302 2062 (Coloss.
3332 1992 3406 2060 ι).
3436 1990 3674 2063 Symbo-

2058 2083 2173 2139 lum
2206 2097 2419 2153 quoque
2447 2093 2503 2138 et
2533 2081 2769 2136 humana
2798 2083 3007 2153 pariter
3033 2092 3089 2137 et
3124 2082 3302 2137 divina
3339 2084 3672 2141 auctoritate

2057 2188 2372 2233 contextum
2404 2195 2416 2231 :
2457 2176 2654 2244 Credo,
2700 2177 2907 2247 inquit,
2945 2178 3000 2230 in
3032 2177 3196 2231 Deum
3244 2175 3482 2244 Patrem,
3510 2187 3558 2232 et
3604 2180 3669 2233 in

2055 2268 2223 2324 Deum
2246 2269 2416 2341 [Lips.
2442 2270 2497 2324 in
2516 2284 2685 2340 marg.
2717 2266 3022 2339 Dominum]
3052 2269 3231 2324 Jesum
3260 2267 3545 2335 Christum,
3569 2269 3675 2325 Fi-

2055 2361 2184 2415 lium
2204 2363 2315 2433 ejus
2344 2360 2686 2431 unigenitum,
2715 2368 2760 2413 et
2781 2360 3175 2431 primogenitum
3208 2361 3363 2414 totius
3391 2372 3664 2416 creature.

2054 2452 2125 2509 Et
2161 2462 2283 2523 post
2323 2452 2427 2507 alia
2473 2471 2486 2506 :
2535 2452 2702 2507 Deum
2732 2468 2906 2506 verum
2936 2468 3001 2506 ea:
3030 2451 3140 2506 Deo
3182 2468 3299 2506 vero
3347 2469 3367 2507 :
3398 2471 3489 2524 per
3515 2471 3671 2524 quem

2054 2555 2102 2599 et
2133 2544 2161 2584 ἀ
2190 2547 2381 2602 saecula
2402 2548 2763 2620 compaginata
2779 2556 2919 2615 sunt,
2950 2557 2997 2601 et
3016 2549 3189 2601 omnia
3216 2549 3375 2617 facta.
3402 2548 3470 2602 Et
3492 2549 3621 2605 item
3647 2569 3662 2604 :

2056 2639 2159 2706 Qui
2189 2650 2400 2712 propter
2432 2657 2523 2694 nos
2564 2641 2733 2707 venit,
2770 2650 2815 2694 et
2845 2650 2994 2696 natus
3025 2651 3098 2695 est
3128 2656 3193 2694 ex
3224 2639 3399 2695 Maria
3429 2643 3665 2713 virgine,

2051 2745 2101 2789 et
2132 2734 2439 2803 cruciﬁxus,
2474 2744 2521 2788 et
2544 2736 2797 2805 sepultus.

2616 2869 2845 2929 CAPUT
2886 2870 3053 2927 XXII.

2059 2960 2366 3033 Conjunctio
2395 2961 2725 3034 hypostatica
2754 2964 2878 3033 facit
2918 2974 2975 3017 ut
3004 2980 3065 3019 ea
3093 2980 3208 3034 qua:
3249 2967 3423 3022 carnis
3446 2976 3565 3022 sunt
3601 2966 3667 3023 in

2497 3032 2722 3100 Christo,
2756 3032 2865 3089 Deo
2904 3032 3221 3091 tribuantur.

2133 3152 2417 3219 Quomodo
2443 3165 2572 3222 ergo
2594 3165 2717 3207 cum
2742 3150 2860 3220 ipsa
2894 3160 2917 3188 ε
2947 3150 3293 3209 confessione
3322 3158 3499 3207 nostra
3526 3160 3663 3210 ante

1418 3266 1680 3321 ALARDI
1721 3267 1953 3325 GAZZEI
1991 3266 2571 3327 COMMENTARIUS.

419 3369 446 3398 ³
485 3360 590 3416 Alii
633 3362 850 3417 codices
884 3379 895 3413 :
947 3361 1128 3416 Omnis
1158 3360 1337 3429 futura
1366 3362 1625 3415 ceternitas
1655 3372 1701 3415 et
1736 3364 1952 3416 immen-

311 3417 315 3421 ”
347 3434 475 3485 sitas
501 3434 823 3502 designatur.

418 3502 446 3540 δ
490 3499 792 3563 Hominem,
837 3515 1033 3567 nempe
1077 3509 1134 3553 ut
1172 3499 1473 3564 hominem,
1524 3501 1607 3555 vel
1648 3504 1947 3557 secundum

343 3572 639 3628 humanam
674 3581 943 3624 naturam.
978 3569 1230 3638 Alioquin
1272 3570 1591 3638 simpliciter
1620 3583 1673 3625 et
1700 3572 1948 3629 absolute

342 3657 476 3695 vera
505 3652 590 3695 est
609 3643 723 3696 haec
747 3641 1070 3711 propositio,
1102 3640 1476 3695 demonstrato
1503 3642 1755 3698 Christo:
1786 3646 1948 3699 homo

344 3712 465 3784 iste|
489 3727 552 3766 ex
592 3713 752 3767 Maria
787 3727 943 3767 natus
979 3724 1105 3767 ante
1147 3714 1370 3767 exordia
1401 3728 1582 3768 rerum
1607 3723 1660 3769 et
1688 3723 1813 3770 ante
1838 3730 1942 3771 sae-

344 3784 463 3838 cula
491 3784 697 3839 exstitit
730 3801 742 3837 :
777 3785 897 3856 quia
924 3785 1086 3838 homo
1126 3785 1379 3854 supponit
1411 3801 1507 3854 pro
1540 3801 1792 3852 persona,
1825 3803 1945 3856 qum

344 3870 456 3910 non
493 3857 593 3909 alia
627 3865 712 3911 est
740 3856 791 3910 in
818 3855 1033 3911 Christo
1058 3872 1217 3927 quam
1250 3872 1479 3925 persona
1528 3856 1645 3912 FIIII
1677 3858 1791 3921 Dei,
1825 3855 1945 3924 quae

342 3941 564 3997 semper
587 3938 639 3983 et
667 3930 735 3982 ah
760 3938 964 3983 aeterno
990 3928 1089 3982 fuit
1118 3930 1134 3997 (
1161 3928 1223 3982 S.
1256 3927 1443 3982 Thom.
1475 3946 1530 3998 ρ.
1567 3944 1644 3989 ιιι.
1674 3946 1726 3998 q.
1776 3928 1862 3994 l6,
1888 3948 1940 3983 a.

342 3999 402 4063 9,
434 4010 480 4053 et
510 3999 655 4068 Mag.
684 3999 917 4054 Sentent.
959 4000 1078 4053 init.
1123 4000 1247 4051 dist.
1286 3998 1413 4058 12).
1442 3997 1598 4053 Unde
1630 3997 1744 4067 ipse
1789 4000 1856 4053 de
1884 4015 1945 4055 se

344 4070 400 4140 in
449 4070 743 4140 Evangelio
774 4070 1010 4140 loquitur
1050 4069 1274 4123 Joannis
1300 4084 1428 4121 VIII:
1462 4070 1746 4138 Antequam
1778 4071 1945 4123 Abra-

343 4139 465 4194 ham
495 4139 659 4211 ﬁeret,
705 4158 799 4213 ego
836 4139 985 4193 sum:
1013 4140 1153 4208 quod
1200 4156 1305 4213 non
1334 4140 1518 4213 minus
1550 4154 1679 4194 vere
1706 4139 1784 4194 sic
1827 4141 1940 4213 elo-

342 4213 433 4277 qui
462 4209 633 4279 potuit
670 4230 681 4263 :
717 4209 1019 4280 Antequam
1061 4209 1293 4280 mundus
1326 4209 1510 4277 ﬁeret,
1538 4225 1638 4280 ego
1674 4226 1814 4265 sum.
1850 4210 1941 4267 Sic

342 4278 490 4335 enim
548 4282 675 4335 alibi
732 4278 971 4348 loquitur
1022 4298 1035 4333 :
1080 4278 1261 4346 Pater,
1308 4278 1645 4350 clariﬁcame
1704 4281 1941 4337 claritate

344 4367 501 4421 quam
525 4352 682 4403 habui
726 4353 869 4421 apud
905 4364 951 4406 te
982 4352 1279 4422 priusquam
1316 4353 1539 4417 mundus
1578 4353 1723 4421 ﬁeret
1753 4353 1935 4420 (Joan.

343 4422 514 4491 xvn).
571 4422 641 4475 Et
684 4421 793 4492 jam
831 4423 957 4477 olim
991 4421 1185 4477 Paulus
1230 4422 1615 4479 Samosatenus
1668 4424 1938 4480 haereseos

342 4493 631 4567 damnatus
675 4503 798 4567 est,
844 4494 988 4565 quod
1024 4494 1233 4549 diceret
1277 4493 1554 4567 Christum
1587 4511 1691 4549 non
1721 4509 1938 4567 semper

339 4563 551 4632 fuisse,
605 4566 700 4621 sed
744 4563 954 4621 initium
999 4582 1064 4621 ex
1107 4567 1277 4620 Maria
1330 4565 1623 4633 habuisse,
1676 4576 1732 4621 ut
1771 4563 1935 4623 refert

340 4635 787 4708 S.‘Augustinus
838 4638 1030 4694 haeresi
1075 4639 1145 4693 44
1191 4636 1418 4708 (Euseb.
1467 4638 1555 4693 lib.
1608 4653 1678 4692 vn
1728 4637 1931 4694 Histor.

339 4725 391 4762 c.
420 4706 633 4779 24)(Ει
658 4710 783 4763 illud
811 4710 923 4764 Arii
955 4711 1021 4763 de
1047 4706 1265 4763 Christo
1296 4710 1521 4777 dictum,
1550 4708 1702 4779 Erat,
1730 4713 1938 4779 quando

340 4794 445 4850 non
473 4789 613 4843 erat;
644 4791 690 4833 et
732 4795 833 4834 non
864 4789 993 4847 erat,
1027 4791 1302 4850 antequam
1346 4791 1670 4845 nasceretur;
1701 4797 1729 4835 a
1761 4781 1935 4836 Patri-

336 4848 441 4922 bus
488 4851 719 4922 Nicaeum
747 4851 940 4922 synodi
970 4848 1314 4906 anathemate
1355 4851 1667 4922 damnatum
1711 4852 1935 4922 (Ruﬁn.

340 4920 431 4991 lib.
460 4936 473 4973 ι
503 4919 704 4975 Histor.
743 4919 1000 4991 Eccles.).
1026 4921 1197 4977 Sicuti
1229 4937 1358 4991 ergo
1399 4921 1565 4975 Filius
1598 4919 1938 4979 liom'inis'est

337 4990 567 5063 ubique,
607 5001 659 5044 et
696 4992 748 5045 in
792 4994 930 5045 caalo
956 4990 1011 5046 et
1042 4995 1093 5046 in
1122 4990 1311 5059 terra,’
1336 4994 1791 5062 quemadmodum
1823 4995 1937 5063 ipse

336 5065 437 5125 ait,
498 5060 662 5114 Nemo
713 5064 938 5116 ascendit
971 5065 1025 5116 in
1054 5067 1259 5128 ctelum,
1304 5060 1406 5117 nisi
1453 5064 1541 5132 qui
1577 5060 1935 5120 descendit’de

339 5134 489 5206 ctelo,
526 5132 693 5187 Filius
725 5132 973 5200 hominis,
1001 5136 1089 5203 qui
1115 5137 1263 5189 estin
1284 5134 1409 5189 caelo
1440 5133 1639 5205 (Joan.
1670 5135 1794 5206 ιιι),
1825 5152 1930 5190 non

338 5205 482 5271 quod
507 5206 557 5258 in
590 5206 730 5261 coelo
758 5217 871 5259 tum
898 5214 1041 5259 esset
1067 5215 1331 5274 quatenus
1361 5207 1526 5262 Filius
1549 5207 1803 5275 hominis,
1838 5208 1931 5264 sed

338 5276 482 5344 quod
514 5277 653 5331 idem
687 5287 833 5332 esset
862 5276 953 5331 Dei
982 5286 1037 5330 et
1069 5277 1306 5332 hominis
1354 5278 1496 5332 ﬁlius
1533 5296 1545 5332 :
1586 5278 1657 5331 ita
1690 5295 1815 5333 vere
1845 5278 1931 5333 di-

337 5346 482 5400 citur
505 5348 664 5403 homo
694 5348 783 5403 ille
812 5362 1029 5414 semper
1060 5346 1250 5413 fuisse,
1293 5352 1502 5404 ratione
1530 5363 1795 5419 personae,
1826 5366 1930 5406 non

336 5419 549 5474 ratione
574 5422 824 5473 humana:
848 5429 1079 5486 naturae,
1105 5431 1166 5474 ut
1188 5419 1468 5476 Ne-torins
1490 5421 1815 5490 somniabat,
1840 5433 1935 5476 aut

338 5491 692 5562 cavillabatur
722 5509 736 5545 :
763 5491 1219 5560 quemadmodum
1256 5508 1317 5547 ex
1364 5507 1429 5547 eo
1452 5493 1597 5561 quod
1626 5508 1722 5562 per
1750 5496 1930 5548 incar-

336 5560 615 5631 nationem
662 5576 955 5630 corporeus
995 5562 1168 5616 lactns
1199 5564 1271 5617 sit
1314 5564 1405 5619 Dei
1435 5560 1636 5631 Filius,
1671 5564 1932 5620 inferebat

336 5630 458 5698 ipse
501 5632 567 5707 ab
625 5643 829 5707 aeterno
869 5647 1191 5702 corporeum
1236 5632 1442 5704 fuisse,
1494 5630 1615 5695 tam
1652 5638 1932 5707 nugatorie

314 5713 501 5777 .quam
528 5700 915 5767 fraudulenter.

2134 3373 2157 3401 ε
2197 3361 2428 3417 Carnem
2473 3360 2682 3416 scilicet
2728 3361 2875 3430 prius
2919 3360 3261 3427 existentem,
3310 3361 3397 3418 vel
3439 3361 3665 3421 aliunde

2057 3444 2334 3501 acceptam
2381 3451 2393 3485 :
2443 3433 2713 3502 quomodo
2752 3432 3081 3502 Apollinaris
3121 3433 3338 3487 dicebat
3381 3433 3661 3491 Chriswm

2057 3505 2126 3559 de
2149 3506 2289 3560 cmlo
2314 3506 2543 3559 traxisse
2569 3519 2791 3572 corpus,
2814 3515 2863 3559 et
2891 3520 2987 3573 per
3008 3502 3482 3576 Virginisuterum
3502 3510 3663 3576 quasi

2056 3592 2155 3641 per
2196 3576 2443 3630 canalem
2493 3591 2807 3644 permeasse
2846 3594 2858 3631 :
2904 3575 3361 3645 quemadmodum
3408 3576 3661 3634 referunt

2055 3647 2392 3715 Epiphanius
2422 3656 2476 3701 et
2500 3647 2830 3717 Augustinus
2867 3646 2960 3700 lib.
2995 3648 3063 3702 de
3092 3647 3421 3702 llmresibus.
3457 3647 3552 3704 Vel
3595 3659 3660 3705 ut

2053 3718 2146 3773 alii
2178 3719 2420 3773 dicentes
2450 3732 2667 3772 carnem
2714 3716 2918 3791 Christi
2950 3727 3269 3786 conceptam
3299 3720 3451 3789 prius
3489 3736 3658 3791 quam

2052 3804 2082 3842 a
2128 3790 2303 3844 Verbo
2345 3799 2734 3860 assumeretur.
2781 3788 2982 3843 Contra
3019 3805 3190 3860 quem
3221 3805 3472 3860 errorem
3507 3788 3658 3848 idem

2051 3862 2384 3930 Augustinus
2416 3860 2508 3913 lib.
2543 3859 2611 3913 de
2643 3859 2772 3915 Fide
2801 3860 2864 3914 ad
2889 3858 3110 3915 Petrum
3137 3876 3258 3931 cap.
3292 3860 3355 3915 18
3386 3880 3397 3915 :
3428 3858 3657 3916 Firmis-

2049 3933 2197 3997 sime,
2236 3932 2430 4000 inquit,
2458 3932 2629 3995 crede,
2659 3942 2706 3985 et
2734 3932 3028 3986 nullatenus
3058 3933 3279 4000 dubites,
3309 3949 3409 3985 non
3441 3948 3654 3988 carnem

2051 4001 2243 4056 Christi
2280 4004 2389 4056 sine
2434 4002 2699 4055 divinitate
2740 4013 3038 4074 conceptam
3084 4004 3136 4056 in
3186 4002 3413 4074 Virginis
3460 4014 3651 4073 utero,

2047 4074 2347 4145 priusquam
2390 4075 2732 4144 susciperetur
2758 4091 2791 4126 a
2828 4072 3029 4140 Verbo,
3072 4077 3162 4127 sed
3202 4072 3369 4145 ipsum
3424 4072 3655 4131 Verbum

2048 4144 2348 4218 Deuntsua:
2376 4146 2546 4218 carnis
2571 4147 2861 4216 acceptione
2890 4157 3205 4218 conceptum,
3224 4144 3506 4218 ipsamque
3537 4164 3653 4201 car-

2046 4231 2163 4267 nem
2201 4215 2351 4271 Verbi
2376 4213 2741 4269 Incarnatione
2767 4213 3081 4285 conceptam.
3108 4217 3175 4271 Et
3199 4213 3359 4284 epist.
3387 4213 3427 4271 5⁷
3443 4218 3511 4273 ad
3544 4218 3650 4274 Vo-

2046 4285 2313 4358 lnsianum
2332 4306 2344 4340 :
2361 4288 2489 4342 Cum
2510 4288 2643 4341 enim
2679 4285 2893 4339 Verbum
2922 4288 3014 4341 Dei
3034 4288 3346 4358 permixtum
3365 4299 3440 4343 est
3462 4291 3652 4345 anim

2046 4354 2251 4430 habenti
2294 4376 2505 4429 corpus,
2538 4358 2693 4412 simul
2731 4368 2777 4411 et
2814 4354 3043 4411 animam
3081 4360 3391 4430 suscepit_et
3434 4377 3643 4430 corpus.

2044 4428 2394 4484 Athanasius
2425 4431 2519 4484 lib.
2553 4430 2618 4482 de
2644 4430 3021 4484 lncarnatione
3052 4428 3256 4484 Verbi:
3288 4428 3471 4484 Carnis
3518 4428 3646 4486 unio

2044 4516 2159 4554 cum
2197 4500 2342 4554 Verbi
2364 4500 2631 4554 divinitate
2657 4516 2721 4553 ea:
2742 4510 2886 4553 utero
2909 4501 3157 4570 originem
3189 4501 3364 4554 traxit.
3399 4497 3482 4553 Ibi
3505 4502 3646 4555 enim

2044 4587 2156 4625 eam
2184 4570 2429 4637 Verbum,
2459 4588 2574 4625 cum
2599 4589 2625 4624 e
2652 4572 2775 4625 coelo
2798 4571 3104 4643 aduenisset,
3132 4572 3391 4643 constituit
3416 4572 3646 4643 :quippe

1967 4676 2019 4735 υ
2043 4658 2158 4735 q‘uaz
2202 4660 2304 4697 non
2343 4654 2488 4735 erat,
2532 4652 2805 4735 anjeq'ttar‘n
2842 4641 3068 4735 Verbum
3115 4641 3641 4735 caelitus”adveniret2

2046 4714 2410 4769 Damascenus
2440 4715 2477 4767 l.
2501 4730 2557 4767 ιιι
2584 4714 2652 4767 de
2680 4713 2812 4767 Fide
2842 4713 3072 4768 Orthod.
3108 4729 3157 4767 c.
3185 4714 3220 4766 ‘2
3248 4732 3258 4765 :
3287 4711 3469 4780 Itaque
3489 4718 3645 4770 simul

2044 4800 2188 4851 caro,
2218 4785 2376 4839 simul
2413 4782 2561 4838 Verbi
2595 4784 2692 4836 Dei
2723 4800 2863 4849 caro,
2890 4785 3045 4837 simul
3072 4800 3191 4837 caro
3214 4786 3445 4838 animata
3474 4787 3643 4841 ratio-

2044 4856 2122 4909 nis
2165 4856 2441 4926 particeps.
2490 4855 2816 4925 intelligens,
2863 4868 3231 4926 proptereaque
3276 4872 3378 4908 non
3419 4856 3642 4911 dicimus

2043 4928 2302 4980 hominem
2332 4926 2668 4994 Deiﬁcatum,
2702 4927 2790 4979 sed
2820 4926 2986 4980 Deum
3013 4929 3375 4979 humanatum.
3410 4926 3553 4981 Idem
3577 4942 3634 4983 c.

2045 4995 2112 5048 12
2141 5015 2154 5051 ;
2183 4997 2354 5053 Simul
2393 5007 2687 5068 conceptus,
2720 5007 2767 5050 et
2793 4997 3124 5052 subsistentia
3166 4996 3471 5050 mirabiliter
3507 5013 3641 5051 con-

2042 5071 2174 5136 [ecta
2204 5078 2355 5135 sunt;
2401 5079 2673 5137 conceptus
2702 5070 2906 5136 quidem
2950 5068 3127 5136 Verbi,
3174 5068 3345 5121 carnis
3371 5076 3542 5121 autem
3581 5069 3641 5123 in

2053 5137 2215 5193 Verbo
2244 5140 2591 5194 subsistentia.

2113 5208 2141 5247 ἀ
2179 5211 2287 5265 Atii
2339 5220 2451 5265 tum
2502 5212 2608 5276 hic,
2661 5218 2768 5264 tum
2821 5211 2873 5264 in
2924 5210 3353 5281 praecedentibus
3401 5208 3636 5279 legunt:

2036 5285 2229 5337 stecula
2256 5296 2428 5337 creata
2456 5293 2594 5336 sunt.
2636 5282 2732 5337 Ubi
2763 5283 2981 5347 saecula,
3019 5297 3115 5351 pro
3147 5282 3308 5337 rebus
3344 5281 3631 5337 Saeculari-

2036 5352 2157 5415 bus.
2192 5368 2287 5408 seu
2319 5354 2516 5408 creatis
2545 5356 2595 5407 in
2624 5354 2845 5417 saeculo,
2875 5352 2992 5407 sive
3024 5364 3290 5420 tempore.

2112 5434 2134 5461 ο
2174 5424 2269 5478 illa
2317 5425 2593 5491 nimirum,
2644 5439 2746 5493 qua
2793 5422 3238 5495 superius(Cap.
3268 5423 3637 5495 9.0)Nestorii

2042 5510 2282 5551 errorem
2310 5505 2364 5549 et
2394 5495 2586 5550 falsum
2620 5496 3125 5562 interpretationem
3152 5495 3385 5551 exclusit
3409 5496 3629 5553 dicens:

2042 5567 2166 5621 Non
2190 5568 2282 5631 ita,
2310 5568 2536 5637 inquam,
2564 5583 2664 5619 non
2688 5568 2758 5620 ita
2780 5568 2894 5620 dico
2915 5567 3051 5636 quod
3072 5567 3373 5638 priusquam
3404 5583 3611 5622 nascere
3632 5602 3635 5604 -

2041 5647 2125 5691 tur
2151 5638 2302 5711 hoon
2332 5640 2384 5691 in
2412 5638 2521 5711 D_e_o
2550 5639 2727 5711 fuerit,
2757 5640 2847 5692 sed
2868 5639 3004 5709 quod
3033 5646 3211 5708 postea
3236 5640 3289 5691 in
3310 5637 3514 5711 homine
3535 5655 3627 5711 na;

2046 5720 2127 5780 tus
2155 5711 2222 5765 sit
2249 5708 2407 5768 Deus.
2442 5706 2567 5768 Non
2594 5710 2729 5773 enim
2755 5706 3015 5779 caro'illo,
3034 5706 3154 5789 qua:
3175 5724 3241 5764 ex
3268 5725 3423 5768 carne
3461 5706 3632 5787 Virgi-
