3976 6180
157 214 259 275 185

1217 221 1306 278 DE
1344 218 1854 283 INCARNATIONE
1893 220 2132 286 DOMINI
2170 231 2300 288 LIB.
2342 235 2431 292 Vl.

3368 242 3474 308 186

173 330 407 403 Virginis
426 339 661 427 parturn
684 340 1191 427 atque‘eonceptum
1220 344 1244 370 ι
1270 335 1585 392 Dominicus
1610 337 1771 393 homo
1795 341 1851 403 Α
1875 352 2037 412 atque
2067 357 2451 416 concorporat,
2480 358 2537 405 ut
2562 366 2667 409 nec
2694 353 2748 409 in
2772 365 3019 427 tempore
3050 356 3343 414 admodum
3371 360 3472 418 ho<

182 428 389 484 omnino
430 440 544 479 non
580 424 783 494 fuerit,
829 423 1076 481 Christus
1107 437 1306 495 tamen,
1350 431 1438 499 qui
1470 447 1498 484 a
1532 440 1583 486 te
1610 431 1772 489 homo

187 524 447 581 solitarius
478 521 703 590 dicitur,
741 522 883 578 Deus
903 522 956 578 in
988 524 1204 593 scriptis
1232 525 1437 580 sanctis
1465 527 1586 583 sine
1614 544 1773 584 exoro

153 648 163 660 ι
189 618 271 675 dio
294 616 661 687 praedicatur?
692 625 750 673 et
778 626 929 673 tanta
958 618 1194 674 hominis
1220 634 1283 675 ac
1309 620 1406 677 Dei
1435 624 1612 679 unitas
1634 623 1771 695 legi-

180 698 272 768 ltur
298 711 329 751 δ
356 721 419 769 ιιι
442 722 498 769 et
529 712 695 768 homo
733 712 848 769 Deo
893 728 1105 783 semper
1148 724 1275 771 ante
1318 728 1647 787 coaeternus,
1673 729 1695 757 ι’
1718 727 1773 775 et

182 815 370 877 postea
402 805 606 861 homini
638 804 780 861 Deus
818 820 1132 876 compassus
1173 822 1294 864 esse
1326 808 1617 865 videatur?
1648 825 1769 867 cum

172 902 367 981 )utique
386 913 488 955 nec
513 895 541 935 δ
568 898 910 954 ininitiabilis
941 899 1123 969 homo,
1176 915 1275 957 nec
1313 903 1588 972 passibilis
1633 905 1774 960 Deus

188 992 490 1049 credendus
517 991 590 1047 sit
614 1006 754 1048 esse.
788 992 923 1047 illud
954 1001 1039 1048 est
1069 992 1273 1064 utique,
1302 995 1446 1065 quod
1468 996 1580 1065 jam
1612 1011 1774 1066 supe-

187 1086 428 1142 rioribus
455 1084 668 1154 scriptis
702 1085 883 1141 testati
906 1100 1119 1153 sumus,
1151 1086 1291 1155 quod
1326 1090 1513 1144 unitus
1541 1089 1769 1158 homini,

182 1178 237 1233 id
264 1188 377 1244 est,
407 1193 508 1233 suo
535 1178 741 1247 corpori
781 1179 942 1245 Deus,
972 1179 1173 1234 nullam
1218 1179 1335 1235 ﬁeri
1368 1182 1602 1249 patiatur
1631 1185 1773 1239 inter

180 1270 469 1326 hominem
494 1285 557 1325 ac
584 1271 744 1326 Deum
770 1271 1005 1325 humana
1027 1272 1283 1340 Opinione
1302 1272 1635 1329 distantiam.
1660 1274 1772 1330 Nec

180 1361 402 1417 admitti
449 1363 663 1418 omnino
705 1363 893 1427 voluit,
927 1372 985 1418 ut
1027 1363 1165 1417 alius
1209 1378 1237 1416 a
1286 1379 1552 1435 quoquam
1603 1367 1773 1424 Filius

181 1454 442 1521 hominis,
467 1455 602 1510 alius
630 1454 801 1510 Filius
826 1455 917 1510 Dei
943 1454 1277 1511 crederetur.
1300 1457 1404 1512 Sed
1429 1458 1497 1512 ita
1521 1461 1771 1517 omnibus

179 1547 395 1618 scriptis
439 1548 611 1604 sacris
637 1546 979 1603 Dominicum
1010 1547 1284 1604 hominem
1334 1553 1613 1608 connectit
1659 1554 1771 1610 Deo

1878 436 2077 491 minem
2108 440 2228 508 quis
2265 455 2294 494 a
2320 440 2432 498 Deo
2450 484 2465 507 ,
2493 459 2595 500 nec
2634 446 2688 501 in
2710 445 2971 506 Passloue
3000 452 3171 521 possit
3199 451 3371 508 Deum
3400 451 3472 512 ab

1878 530 2102 590 homine
2139 533 2469 593 discernere.
2502 538 2557 594 Si
2590 542 2733 595 enim
2768 542 2834 596 ad
2868 554 3078 613 tempus
3104 547 3348 616 respicis,
3383 548 3470 603 in-

1876 627 2062 683 venies
2092 643 2311 698 semper
2336 628 2528 685 Filium
2580 632 2815 688 hominis
2844 649 2963 689 cum
2992 636 3130 690 Filio
3169 638 3284 693 Dei.
3313 637 3369 695 Si
3398 639 3468 696 ad

1879 718 2215 789 Passionem,
2250 722 2497 779 invenies
2524 739 2745 794 semper
2774 742 2895 783 cum
2945 728 3082 784 Filio
3110 729 3343 788 hominis
3373 732 3470 790 Dei

1879 809 2072 867 Filium
2100 831 2113 865 :
2144 814 2217 868 ita
2247 815 2452 871 scilicet
2477 817 2685 871 unitum
2718 826 2774 873 et
2802 818 3137 875 individuum
3180 821 3281 877 sibi
3312 820 3471 878 Citri-

1876 911 2019 958 stum
2048 904 2241 959 Filium
2273 906 2507 962 hominis
2538 923 2601 964 ac
2630 908 2725 965 Dei
2758 909 2954 965 Filium
2974 956 2989 980 ,
3034 919 3092 966 ut
3118 924 3372 982 quantum
3400 912 3468 970 ad

1876 1010 2065 1052 vocem
2087 998 2284 1054 divinae
2314 998 2606 1069 Scriptura:
2630 1002 2888 1073 pertinet,
2913 1020 3014 1060 nec
3036 1005 3200 1060 homo
3226 1006 3469 1077 separari

1874 1105 1905 1144 a
1929 1091 2038 1147 Deo
2069 1100 2331 1163 tempore,
2364 1110 2465 1150 nec
2490 1096 2560 1151 ab
2590 1096 2808 1153 homine
2850 1099 2993 1156 Deus
3034 1101 3256 1155 omnino
3292 1103 3469 1158 valeat

1875 1181 2153 1239 Passione.
2188 1185 2327 1242 Hinc
2358 1188 2502 1242 enim
2546 1188 2675 1245 illud
2722 1198 2807 1245 est
2836 1208 2849 1243 :
2880 1201 2903 1228 ο
2938 1191 3106 1246 Nemo
3137 1194 3369 1249 ascendit
3414 1195 3468 1250 in

1875 1277 2077 1346 caelum,
2107 1279 2205 1332 nisi
2229 1281 2319 1351 qui
2360 1282 2423 1336 de
2451 1282 2576 1337 caelo
2600 1283 2883 1349 descendit,
2920 1284 3089 1340 Filius
3116 1286 3339 1342 hominis
3378 1285 3469 1356 qui

1875 1379 1948 1425 est
1968 1373 2020 1425 in
2042 1373 2166 1426 creto
2193 1374 2211 1443 (
2229 1371 2388 1428 Joan.
2422 1377 2533 1444 ιιι).
2564 1374 2660 1431 Ubi
2687 1393 2810 1431 cum
2839 1377 3005 1433 Filius
3030 1378 3126 1434 Dei
3152 1380 3467 1450 loqueretur

1876 1465 1931 1520 in
1962 1468 2142 1535 terris,
2176 1467 2375 1522 Filium
2404 1483 2525 1524 esse
2553 1468 2808 1537 hominis,
2844 1471 3145 1526 testabatur
3176 1473 3229 1526 in
3262 1472 3417 1527 caelis
3447 1489 3462 1527 :

1875 1567 1931 1612 et
1951 1559 2200 1615 eumdem
2224 1561 2423 1616 Filium
2444 1563 2679 1619 hominis
2700 1580 2859 1634 quem
2880 1580 3231 1622 escensurum
3255 1566 3468 1623 dicebat

1256 1707 1517 1765 ALARDI
1562 1710 1797 1769 GAZEI
1832 1712 2398 1774 COMMENTARIUS.

178 1831 262 1911 ais
300 1838 421 1911 nata
456 1837 555 1896 est,
582 1845 789 1911 semper
813 1830 979 1911 fuit,_
1001 1836 1105 1884 etc.
1144 1825 1245 1881 Ubi
1278 1827 1620 1911 manifestum
1648 1838 1730 1885 est
1756 1871 1771 1895 ,
1804 1838 1852 1897 Β
1869 1832 2105 1900 jusmodi
2132 1850 2248 1903 qua:
2275 1834 2516 1911 dicuntur
2539 1835 2603 1889 de
2628 1833 2842 1911 Christo
2865 1836 3000 1906 (sive
3028 1838 3308 1911 secundum
3333 1838 3467 1893 divi-

176 1901 450 1956 hominem
483 1902 652 1969 accipi
686 1915 783 1970 pro
813 1903 925 1969 ipsa
968 1903 1199 1954 humana
1234 1910 1441 1965 natura,
1484 1914 1577 1953 seu
1607 1915 1769 1955 carne

177 1971 447 2040 hominis,
483 1972 679 2042 utipse
728 1977 907 2026 statim
957 1972 1181 2041 exponit
1215 1988 1228 2023 :
1262 1970 1532 2039 quomodo
1565 1972 1769 2042 Patres

177 2058 325 2111 saepe
355 2041 671 2115 loquuntur,
698 2044 942 2111 quamvis
971 2045 1147 2097 minus
1178 2043 1415 2115 prOprie,
1443 2055 1499 2094 ut
1526 2041 1659 2095 alias
1687 2042 1769 2096 di-

177 2126 319 2169 ctum
352 2113 457 2176 est.
489 2131 612 2169 cum
634 2115 822 2169 dicunt
851 2116 1119 2169 hominem
1144 2128 1174 2166 a
1200 2113 1374 2166 Verbo
1402 2121 1765 2181 assumptum:

177 2189 262 2241 vel
294 2186 461 2241 Deum
494 2190 547 2241 in
581 2187 797 2240 homine
829 2200 1008 2240 natum
1035 2204 1048 2238 :
1076 2199 1171 2252 per
1202 2183 1473 2237 hominem
1504 2200 1610 2239 non
1645 2198 1765 2251 per-

175 2272 391 2323 sonam,
424 2258 519 2312 sed
549 2268 794 2311 naturam
825 2257 1062 2311 hominis
1088 2255 1481 2323 intelligentes.

246 2338 274 2365 ⁸·
319 2331 416 2384 ilic
440 2345 626 2383 rursus
665 2329 908 2398 impingit
935 2328 986 2381 in
1020 2327 1430 2398 illamplirasim
1457 2342 1485 2379 a
1517 2326 1763 2382 Patribus

172 2400 454 2469 plerisque
486 2397 863 2469 improbatam,
898 2411 951 2455 et
981 2397 1228 2453 NestOrio
1260 2398 1438 2467 potius
1468 2397 1761 2464 faventem,

170 2471 243 2525 de
267 2488 379 2539 qua
412 2472 745 2539 supra(Lib.
778 2488 832 2541 v,
865 2488 911 2525 c.
943 2470 1043 2539 5):
1075 2471 1163 2526 ubi
1196 2482 1395 2532 tamen,
1424 2485 1525 2539 qua
1545 2472 1762 2541 ratione

167 2542 529 2611 aliquatenus
572 2544 779 2598 tolerari
812 2539 1000 2611 possit,
1045 2541 1337 2595 indicatum
1363 2552 1465 2603 εει,
1506 2539 1762 2596 nimirum

169 2612 281 2681 (ut
306 2612 453 2682 alias
493 2613 947 2682 interpretationes
990 2611 1266 2681 omittam)
1292 2613 1335 2664 si
1366 2627 1458 2677 per
1492 2612 1761 2667 hominem

167 2681 553 2751 intelligamus
594 2681 752 2754 ipsam
801 2685 1211 2747 humanitatem,
1257 2694 1308 2733 ut
1346 2683 1511 2754 modo
1560 2683 1762 2737 dictum

170 2762 284 2826 εει,
309 2764 364 2807 et
386 2752 769 2823 consequenter
793 2773 885 2826 per
908 2755 1180 2810 hominem
1208 2752 1565 2818 Dominicum,
1590 2755 1760 2822 ipsam

173 2823 394 2878 Domini
427 2823 832 2890 humanitatem,
858 2842 951 2882 seu
978 2828 1309 2880 DotniniCatn
1336 2840 1551 2880 carnem
1585 2836 1639 2879 et
1666 2829 1764 2880 hu-

175 2897 488 2969 manitatem
516 2916 529 2952 :
556 2915 673 2969 quae
704 2900 971 2968 expositio
1001 2903 1102 2951 hoc
1144 2898 1264 2951 loco
1308 2897 1465 2969 plane
1506 2898 1759 2965 exigitur.

173 2965 434 3032 Quamvis
464 2965 606 3024 enim
638 2965 800 3025 homo
831 2969 1076 3024 Christus
1108 2984 1226 3023 cum
1258 2965 1363 3020 neu
1396 2968 1762 3036 distinguatur

172 3052 201 3110 ιι
229 3040 518 3107 supposito
557 3043 762 3104 divino,
810 3040 952 3110 quod
984 3052 1066 3094 est
1104 3039 1386 3102 Dominus,
1440 3055 1545 3110 non
1594 3040 1762 3106 possit

177 3106 489 3181 Dominieus
520 3112 809 3181 appellari,
830 3106 960 3181 'quia
987 3110 1229 3165 innititur
1250 3124 1413 3181 error
1446 3109 1675 3181 Nesmrii
1711 3116 1765 3161 et

172 3178 451 3251 distinctio
481 3178 837 3251 personarum
858 3178 926 3233 in
969 3181 1181 3233 Christo
1211 3179 1473 3251 (διαινρι.Δ
1502 3179 1555 3228 iu
1596 3192 1762 3251 mp,

171 3266 223 3318 ς.
258 3250 345 3317 16,
376 3268 433 3305 a.
465 3244 501 3306 '5
525 3257 577 3318 )2
609 3261 786 3304 tamen
819 3251 945 3303 nihil
989 3260 1273 3315 repugnat,
1303 3248 1429 3312 quin
1464 3244 1770 3318 humanitas

174 3315 367 3376 Christi
410 3315 544 3375 vere
588 3321 759 3387 possit
799 3320 1137 3374 denominari
1186 3318 1487 3379 Dominica,
1520 3315 1642 3387 quia
1690 3326 1771 3370 est

176 3393 432 3446 distincta
464 3407 493 3445 a
527 3386 831 3458 supposito,
862 3390 997 3443 sicut
1031 3389 1233 3441 dicitur
1276 3400 1429 3451 crux,
1464 3386 1547 3440 vel
1594 3388 1770 3455 passio

176 3463 479 3527 Dominica,
530 3472 583 3516 et
616 3461 718 3516 hoc
747 3462 980 3516 fortasse
1012 3458 1171 3513 modo
1216 3458 1379 3512 locuti
1427 3458 1613 3512 Patres
1658 3466 1767 3512 tum

176 3534 370 3599 Gnaei,
411 3543 522 3587 tum
556 3532 754 3598 Latini,
804 3548 926 3585 cum
981 3530 1250 3584 hominem
1300 3528 1638 3582 Dominicum
1673 3545 1765 3583 n0-

178 3608 417 3659 minant:
442 3614 501 3658 ut
521 3603 785 3659 Athanas.
814 3604 867 3657 itt
896 3602 1246 3670 Expositione
1278 3601 1420 3663 lidei,
1450 3600 1768 3670 Chrysosto-

179 3692 300 3730 mus
331 3676 553 3730 homilia
583 3676 651 3729 de
677 3674 848 3730 Cruee
877 3674 1176 3731 Dominica.
1216 3672 1547 3741 Epiphanius
1577 3671 1769 3726 haeresi

180 3747 268 3807 69.
302 3748 636 3816 Augustinus
670 3756 897 3800 tractatu
928 3746 999 3798 28
1027 3746 1079 3798 in
1113 3744 1398 3803 Joannem,
1432 3753 1485 3796 et
1516 3743 1641 3816 alibi
1671 3759 1771 3796 sa:-

181 3818 319 3888 pius.
354 3813 507 3885 Quod
534 3827 715 3872 autem
747 3819 884 3872 hanc
921 3816 1317 3888 expositionem
1350 3828 1591 3888 praesens
1620 3813 1769 3868 locus

183 3886 510 3957 expostulat,
540 3898 685 3958 patet
724 3905 787 3943 ex
833 3903 898 3942 eo
927 3888 1067 3956 quod
1101 3886 1319 3947 dicitur,
1349 3893 1403 3938 et
1433 3886 1623 3938 iterata
1656 3888 1766 3939 Au-

185 3960 345 4013 ctoris
372 3960 714 4015 confessione
746 3960 1008 4013 asseritur
1038 3969 1162 4012 ante
1206 3966 1530 4024 conceptum
1563 3964 1618 4009 et
1650 3971 1770 4021 par-

186 4042 295 4084 tum
335 4033 497 4084 homo
527 4031 839 4085 Dominicus
882 4032 1103 4082 tnttniuo
1135 4043 1241 4081 non
1273 4032 1457 4081 luisse.
1486 4028 1617 4091 Quae
1646 4042 1767 4094 pro-

185 4102 403 4168 positio,
434 4104 478 4155 si
518 4117 803 4170 personam
836 4100 1035 4154 Christi
1074 4100 1352 4170 respicias,
1397 4110 1451 4151 ιιι
1491 4097 1771 4170 verbaso-

186 4182 311 4225 nant
345 4184 399 4227 et
435 4168 763 4241 supponunt,
792 4172 1036 4225 absolute
1086 4169 1217 4224 falsa
1266 4180 1368 4236 est,
1396 4176 1453 4222 ut
1491 4168 1771 4241 cxgdictis

185 4253 345 4312 patet.
367 4239 672 4315 Debetergo
684 4245 750 4297 de
766 4242 1094 4296 humanitate
1117 4241 1357 4307 intelligi,
1378 4241 1455 4293 vel
1471 4239 1536 4293 de
1556 4239 1770 4295 Christo

187 4324 449 4392 quatenus
476 4316 636 4392 homo
654 4324 767 4392 est.
820 4384 831 4392 _
1382 4382 1392 4392 ι

252 4383 281 4420 δ
320 4383 375 4438 ld
408 4395 511 4447 est,
542 4385 787 4439 Christus
820 4384 978 4438 homo
1011 4392 1265 4449 aeternus,
1308 4383 1428 4452 quia
1460 4383 1602 4438 idem
1648 4393 1729 4438 est
1754 4425 1768 4449 ,

185 4464 238 4508 ct
268 4453 367 4509 fuit
396 4471 613 4520 semper
656 4458 814 4510 Deus.

260 4536 283 4563 ε
320 4526 377 4581 id
402 4536 505 4589 est,
528 4542 649 4579 cum
674 4527 889 4580 homine
919 4526 1057 4580 Deus
1081 4538 1291 4592 passus,
1315 4524 1435 4593 quia
1464 4526 1603 4578 idem
1635 4523 1775 4578 Deus

1876 1918 1997 1955 nam
2034 1917 2296 1981 neutram,
2348 1906 2451 1981 sive
2494 1905 3136 1981 sgemtndumuhnmanam)
3183 1909 3289 1962 dici
3318 1926 3466 1981 posse

1875 1983 1978 2026 tam
2006 1974 2071 2052 de
2102 1972 2216 2052 ρει)¹
2235 1993 2389 2052 quam
2415 1978 2477 2031 de
2505 1979 2727 2052 homine.
2767 1976 2927 2052 [Inde
2949 1972 3176 2052 Cyrilius
3206 1972 3329 2033 dicit
3364 1979 3465 2052 (In

1872 2046 2089 2122 concilio
2116 2045 2439 2122 Ephesinot,
2470 2065 2587 2122 can.
2616 2047 2651 2101 4
2674 2050 2721 2117 );
2755 2048 2816 2122 Si
2842 2050 2955 2120 quis
2977 2045 3177 2104 duabus
3207 2045 3461 2122 personis,

1870 2131 1972 2191 seu
1987 2117 2305 2191 substantiis,
2338 2121 2391 2173 id
2418 2132 2490 2173 est
2508 2161 2522 2184 ,
2551 2117 2944 2190 hypostasibus,
2976 2138 3061 2174 eas
3089 2117 3283 2191 quw'in
3312 2117 3466 2177 euan—

1870 2185 2045 2255 geticis
2073 2198 2119 2242 et
2145 2192 2440 2257 apostolicis
2483 2185 2945 2257 conscriptionibus
2994 2185 3133 2255 sunt,
3168 2193 3349 2245 dividit
3379 2210 3467 2247 vo-

1868 2274 1971 2330 ces,
2004 2262 2080 2312 vet
2107 2277 2165 2313 ea
2192 2276 2303 2328 qua:
2342 2263 2406 2315 de
2435 2261 2637 2316 Christo
2667 2280 2699 2315 a
2751 2264 2943 2316 sanctis
2985 2263 3249 2330 dicuntur,
3283 2261 3360 2316 uel
3402 2265 3465 2318 ab

1866 2328 1981 2399 ipso
2009 2330 2210 2385 Christo
2242 2338 2302 2385 dc
2325 2335 2617 2400 semetipso,
2649 2342 2697 2386 et
2718 2334 2921 2455 atiqnas
2947 2333 3152 2405 quidem
3174 2328 3243 2387 ex
3262 2333 3340 2386 his
3372 2333 3465 2388 ho-

1868 2402 1994 2452 mini
2024 2404 2361 2455 ann/icandas
2407 2404 2714 2455 crediderit.
2763 2406 2963 2455 aiauas
3006 2420 3120 2455 vero
3166 2406 3265 2455 soli
3304 2403 3464 2455 Verbo

1868 2402 1994 2452 mini
2024 2404 2361 2472 applicandas
2407 2404 2714 2467 crediderit,
2763 2402 2967 2472 aliquas
3006 2420 3120 2457 vero
3166 2406 3265 2457 soli
3304 2403 3464 2459 Verbo

1868 2472 2206 2547 deputaverit,
2232 2475 2508 2529 anathema
2538 2476 2626 2529 sit.
2659 2475 2722 2528 Et
2748 2477 2881 2528 ratio
2909 2476 3067 2547 hujus
3108 2476 3325 2547 estquia
3347 2491 3462 2530 cum

1867 2544 1931 2595 sit
1956 2545 2133 2617 eadem
2160 2545 2447 2615 hypostasis
2464 2547 2728 2617 atriusque
2742 2557 2958 2613 natura,
2971 2544 3148 2600 eadem
3171 2546 3462 2616 hypostasis

1865 2616 2176 2688 supponitur
2206 2619 2419 2688 nomine
2440 2616 2703 2687 utriusque
2724 2628 2921 2671 natura,
2947 2634 2965 2671 :
2985 2620 3088 2671 sive
3115 2634 3233 2688 ergo
3259 2619 3461 2671 dicatur

1867 2682 2042 2751 homo,
2065 2687 2166 2739 sive
2194 2685 2357 2751 Deus,
2379 2682 2693 2754 supponitur
2742 2690 3031 2756 hypostasis
3058 2682 3247 2741 divinae
3293 2698 3340 2741 et
3366 2689 3463 2740 hu-

1866 2771 2034 2810 mana:
2072 2768 2288 2812 natura.
2322 2758 2390 2812 Et
2432 2760 2548 2814 ideo
2570 2760 2634 2813 de
2653 2761 2856 2813 homine
2882 2768 3091 2827 possunt
3121 2760 3223 2810 dici
3263 2774 3323 2811 ea
3351 2774 3465 2819 qua

1865 2838 1982 2880 sunt
2012 2829 2199 2882 divina:
2228 2840 2446 2894 naturae,
2478 2843 2739 2900 tamquam
2766 2831 2830 2883 de
2856 2829 3120 2899 hypostasi
3148 2829 3337 2900 divina:
3365 2844 3461 2880 na-

1868 2907 2017 2963 turte,
2054 2910 2099 2953 et
2149 2902 2212 2953 de
2245 2901 2350 2955 Deo
2396 2899 2606 2971 possunt
2648 2902 2748 2953 dici
2794 2917 2853 2971 ea
2902 2916 3017 2967 quae
3061 2909 3181 2953 sunt
3224 2899 3464 2971 humath

1867 2978 2090 3042 natum,
2134 2967 2404 3036 tamquam
2434 2973 2496 3026 de
2526 2971 2789 3042 hypostasi
2834 2969 3093 3042 humanm
3126 2977 3344 3042 naturae.
3397 2967 3462 3042 Et

1868 3039 2007 3094 inira
2059 3044 2106 3092 in
2149 3042 2416 3094 solutione
2458 3039 2619 3111 primi
2656 3060 2668 3095 :
2709 3039 3037 3104 Dicendum,
3072 3040 3277 3111 inquit,
3324 3040 3461 3111 quod

1870 3111 2107 3173 opposita
2139 3113 2415 3178 prwdicari
2451 3109 2513 3165 de
2551 3112 2724 3165 eodem
2755 3111 3036 3163 secundum
3066 3109 3220 3171 idem,
3254 3118 3326 3178 est
3369 3109 3467 3161 int-

1872 3178 2114 3248 possibile
2140 3176 2156 3231 ὲ
2180 3183 2266 3231 sed
2290 3181 2569 3233 secundum
2596 3182 2820 3248 diversa,
2838 3180 2968 3248 nihil
2994 3180 3242 3248 prohibet.
3274 3176 3341 3231 Et
3370 3179 3465 3232 hoc

1875 3246 2027 3319 modo
2058 3250 2293 3319 apposita
2324 3252 2668 3319 pchdicantur
2696 3250 2759 3303 de
2785 3246 3009 3315 Christo,
3044 3264 3147 3302 non
3181 3249 3465 3303 secundum

1872 3316 2036 3383 idem,
2059 3318 2147 3370 sed
2170 3316 2448 3372 secundum
2469 3322 2694 3375 diversas
2717 3329 2949 3373 naturas.
2978 3320 3106 3374 Haec
3126 3322 3182 3375 S.
3206 3321 3464 3387 Thomas,

1872 3402 1993 3456 qua:
2021 3390 2086 3442 ad
2126 3389 2284 3457 hujus
2323 3393 2512 3461 capitis
2542 3391 2954 3461 intelligentiam
2987 3403 3038 3445 et
3080 3400 3243 3446 totam
3272 3391 3467 3446 Nesto-

1871 3461 2147 3533 rianoruni
2185 3476 2308 3533 cum
2339 3462 2624 3517 catholicis
2652 3463 3099 3527 controversiam,
3140 3478 3264 3533 qua:
3290 3463 3373 3515 bis
3402 3461 3467 3516 li-

1872 3529 1987 3604 bris
2010 3531 2421 3586 cooscribendis
2443 3536 2786 3589 occasionem
2811 3533 2959 3588 dedit
2979 3542 3034 3589 et
3061 3529 3462 3604 argumentum,

1870 3602 2081 3675 penitus
2106 3618 2169 3675 ac
2202 3603 2511 3660 medullitus
2542 3605 2953 3675 concipiendam
2979 3606 3092 3660 visa
3121 3602 3243 3660 sunt
3274 3618 3467 3660 neces-

1871 3674 2045 3745 saria;
2077 3673 2303 3743 ideoque
2331 3677 2548 3729 minime
2580 3673 3069 3740 prmtermittenda.
3097 3692 3215 3745 qure
3247 3691 3371 3731 cum
3402 3676 3466 3732 iis

1871 3758 1989 3810 ιιιιιυ
2017 3743 2084 3796 de
2115 3751 2608 3801 (:onmtunicatione
2634 3746 2946 3800 idiomatum
2970 3743 3309 3801 alibi—notata
3340 3754 3467 3804 sunt

1871 3815 2162 3884 contulisse
2203 3816 2426 3884 juvabit.

1943 3880 1971 3919 ἀ
2012 3884 2067 3938 ld
2116 3880 2221 3948 est,
2268 3887 2471 3959 absque
2517 3884 2941 3959 initio:_Gr:ece
2986 3883 3244 3959 innexae.
3258 3888 3465 3959 Porro,

1874 3959 2119 4023 quamvis
2151 3972 2326 4025 neque
2358 3956 2521 4011 homo
2546 3955 2842 4010 secundum
2885 3971 2944 4010 se
2984 3955 3343 4025 initiitiabilis,
3374 3972 3469 4011 ne-

1875 4040 1977 4146 qrue
2020 4027 2162 4081 Deus
2208 4030 2502 4084 secundum
2532 4043 2591 4083 se
2622 4027 2889 4097 passibilis
2936 4026 2954 4096 (
2982 4024 3190 4081 Damas.
3235 4026 3324 4081 lib.
3357 4042 3375 4081 1
3406 4028 3471 4082 de

1930 4097 2038 4146 ide-
2072 4114 2183 4146 can.
2221 4101 2253 4146 Δ,
2278 4102 2294 4146 ι
2316 4141 2326 4146 -
2361 4099 2606 4146 Christus
2632 4109 2830 4146 tamen-
2866 4097 2986 4146 mnia
3013 4096 3153 4146 Dens
3185 4108 3240 4146 et
3277 4099 3466 4146 Immo-

1930 4097 2039 4170 ide,
2072 4114 2183 4168 cap.
2221 4101 2327 4170 ι),
2361 4099 2606 4155 Christus
2624 4096 2831 4161 tamen,
2866 4097 2986 4166 quin
3013 4096 3153 4152 Deus
3185 4108 3240 4152 et
3277 4099 3467 4164 homo,

1876 4168 2035 4223 etiam
2070 4168 2403 4226 inmitia-bilis

1876 4241 2097 4313 dierum,
2130 4258 2290 4313 neque

2444 4187 2545 4240 qua
2591 4171 2754 4235 Deus,
2806 4170 2858 4224 id
2904 4176 3009 4233 est,
3058 4185 3217 4237 neque
3263 4170 3471 4223 initium

2326 4244 2480 4311 ﬁnem
2509 4244 2624 4297 vita:
2653 4241 2842 4295 habens
2877 4240 3074 4312 (Hebr.
3121 4240 3250 4312 vn),
3287 4250 3343 4295 ut
3372 4256 3469 4295 ex-

1879 4311 2031 4383 ponit
2075 4311 2404 4381 Aposlolus;
2445 4325 2497 4367 et
2538 4314 2839 4383 passnbilis,
2887 4311 2988 4379 qua
3034 4311 3213 4367 homo
3244 4327 3370 4369 vere
3417 4321 3472 4368 et

1877 4382 2123 4453 absolute
2172 4387 2495 4453 praedicatur
2533 4400 2547 4439 :
2580 4384 2723 4438 unde
2754 4385 2916 4437 etiam
2964 4387 3229 4453 sequitur,
3264 4392 3326 4439 ut
3355 4385 3471 4438 hmc

1880 4452 2065 4505 eadem
2098 4452 2386 4521 praedicata
2417 4454 2483 4508 de
2514 4469 2572 4508 se
2598 4464 2783 4509 mutuo
2817 4455 3025 4521 possint
3048 4452 3359 4522 ’przndicari.
3389 4456 3474 4506 Si-

1881 4532 1973 4575 cut
2002 4524 2147 4576 enim
2197 4538 2323 4577 vere
2349 4525 2564 4585 dicitur,
2601 4526 2771 4577 linmo
2802 4533 2884 4576 est
2913 4523 3054 4574 Deus
3083 4539 3099 4578 ι
3132 4524 3203 4576 ita
3234 4537 3342 4574 non
3374 4522 3475 4575 mi-

186 4608 236 4650 et
269 4596 432 4650 homo
463 4612 671 4663 passus.
715 4598 789 4651 Ex
819 4612 921 4666 qua
956 4589 1235 4650 identitate
1264 4589 1567 4648 et'unitate
1594 4596 1775 4661 sequi-
1808 4597 1856 4655 Ι)
1883 4607 1984 4644 nus
2011 4608 2157 4655 vere,
2191 4594 2396 4646 Servus
2425 4602 2507 4646 est
2542 4592 2819 4666 Dominus,
2869 4592 3049 4645 [initus
3076 4603 3156 4666 est
3191 4589 3432 4645 inﬁnitus
3457 4633 3473 4658 ,

186 4678 272 4721 tur
302 4666 395 4719 illa
431 4665 846 4723 comntttniCatiO
882 4667 1229 4730 idiomatum,
1265 4666 1333 4718 de
1365 4680 1466 4731 qua
1498 4665 1696 4732 saepius
1725 4668 1775 4718 in

187 4736 619 4810 praecl-dentibus
652 4738 808 4810 (Lib.
840 4753 912 4803 ιιι,
947 4754 993 4791 c.
1019 4737 1050 4790 8
1070 4737 1214 4810 )_.‘_F.t
1238 4735 1296 4787 D.
1326 4733 1560 4810 Thomas
1586 4750 1780 4803 propo-

186 4804 291 4863 sito
334 4806 440 4859 hoc
468 4804 686 4863 articulo
717 4808 814 4877 (P.
854 4825 907 4862 ιιι
934 4853 945 4872 ,
986 4824 1037 4874 q.
1072 4804 1164 4869 16,
1198 4816 1298 4857 art.
1328 4806 1395 4873 li)
1433 4824 1442 4856 :
1492 4804 1687 4877 Verum
1721 4823 1781 4860 ea

186 4894 299 4947 qua
317 4883 619 4932 com-cuium
644 4876 752 4946 ﬁlio
775 4879 1020 4941 hominis,
1047 4878 1240 4947 possint
1266 4878 1536 4942 pradicari
1560 4878 1621 4929 de
1644 4876 1780 4930 Filio

188 4950 304 5011 Dei,
331 4960 379 5000 et
405 4966 431 5001 e
457 4954 733 5004 converso?
757 4951 1135 5005 Censcntanee
1169 4950 1293 5000 huic
1322 4948 1439 5000 loco
1468 4949 1538 5000 ita
1569 4947 1784 5002 scribit:

193 5018 476 5072 Dicendum
505 5022 637 5088 quod
681 5023 807 5075 citra
831 5021 964 5074 hanc
990 5019 1344 5088 quwstionem,
1379 5018 1648 5071 diversitas
1688 5018 1782 5087 fuit

189 5091 317 5141 inter
362 5088 705 5146 Nestorianos
733 5102 778 5144 et
809 5093 1107 5145 catholicos.
1144 5088 1447 5142 Nestoriani
1475 5090 1607 5141 enim
1640 5106 1782 5143 voces

189 5176 300 5223 quia
325 5160 573 5214 dicuntur
598 5165 661 5216 de
701 5162 906 5216 Christo
937 5162 1163 5214 dividere
1191 5158 1428 5213 volebant
1460 5161 1555 5212 hoc
1591 5161 1740 5212 modo
1764 5201 1782 5226 ,

193 5242 238 5281 ut
266 5247 325 5283 ea
354 5246 474 5301 qua:
507 5236 762 5300 pertinent
802 5233 868 5284 ad
896 5233 1173 5285 humanam
1210 5240 1450 5283 naturam
1495 5231 1784 5301 dicerentur

191 5303 251 5351 dc
277 5300 500 5355 homine.
541 5302 688 5357 Unde
717 5303 990 5357 Nestorius
1033 5302 1161 5355 dixit
1194 5302 1293 5356 :Si
1333 5302 1447 5370 quis
1493 5302 1585 5354 Dei
1628 5300 1784 5355 Verbo

193 5381 349 5425 tcntat
392 5375 661 5442 passiones
707 5374 949 5437 tribuere,
982 5376 1255 5426 anathema
1296 5374 1379 5427 sit.
1414 5372 1476 5427 Si
1516 5388 1629 5441 quae
1669 5387 1783 5426 vero

188 5444 395 5496 nomina
425 5452 545 5497 sunt
577 5460 693 5512 qua:
721 5446 971 5515 pertinere
1001 5456 1211 5514 possunt
1241 5444 1309 5496 ad
1336 5457 1606 5514 utramque
1633 5456 1786 5497 natu-

189 5530 319 5580 ram,
348 5515 414 5568 de
452 5518 640 5570 talibus
689 5516 1099 5583 prwdicabantur
1136 5532 1194 5569 ea
1226 5532 1336 5583 qua:
1373 5525 1491 5568 sunt
1523 5518 1787 5586 utriusque

189 5593 409 5649 natura,
440 5588 593 5641 sicuti
616 5589 918 5650 hecatomcn
951 5586 1183 5641 Christus
1212 5586 1287 5639 vel
1323 5586 1586 5640 Dominus.
1638 5585 1786 5640 Unde

188 5657 532 5711 concedebant
562 5656 830 5713 Christum
858 5673 964 5711 esse
1002 5666 1179 5710 natum
1207 5658 1269 5709 de
1310 5656 1534 5726 Virgine,
1576 5658 1652 5709 vel
1690 5656 1784 5709 ho-

185 5726 377 5789 minem
403 5731 467 5784 ab
496 5738 695 5789 eterna
713 5730 897 5795 luisse.
932 5727 1187 5803 Catholici
1215 5743 1330 5781 vero
1354 5737 1655 5805 posuerunt,
1686 5727 1783 5801 hu-

1884 4666 2194 4729 temporalis
2217 4674 2297 4715 est
2326 4675 2581 4725 aeternus,
2618 4664 2791 4716 minor
2818 4670 2899 4715 est
2926 4662 3167 4728 aqualis,
3201 4670 3255 4714 et
3280 4676 3311 4713 e
3339 4676 3475 4714 con-

1884 4746 2037 4785 verso
2066 4749 2077 4783 :
2104 4732 2405 4800 cujnsmodi
2432 4732 2829 4787 enuntiationes
2859 4731 3102 4795 reperire
3129 4729 3476 4800 licebitrapud

1884 4800 2121 4856 Leonem
2153 4799 2402 4858 Seriumne
2427 4803 2461 4856 2
2493 4805 2559 4856 de
2584 4801 2894 4866 Nativitate,
2928 4801 3177 4872 Vigilium
3202 4799 3477 4855 Tridenti-

1884 4889 2011 4927 num
2039 4875 2073 4927 l.
2103 4891 2155 4938 v,
2186 4884 2239 4929 et
2260 4875 2396 4928 alios
2428 4874 2635 4929 Patres.
2663 4873 3245 4927 Hrcenimalternatio
3284 4883 3338 4927 et
3360 4886 3475 4927 mu—

1886 4955 1974 4999 tua
2010 4947 2321 5015 praedicatio
2354 4946 2487 5000 nihil
2512 4945 2654 5001 aliud
2681 4953 2765 4999 est
2794 4958 2953 5008 quam
2987 4944 3302 5015 idiomatum
3330 4958 3477 4999 com-

1890 5014 2203 5083 ntunicatio,
2229 5027 2285 5071 ut
2310 5018 2467 5073 docet
2492 5018 2856 5073 Damascenus
2876 5015 2968 5069 lib.
2993 5031 3052 5071 ιιι
3073 5014 3139 5070 de
3162 5016 3319 5071 Orth.
3344 5031 3393 5070 c.
3418 5016 3474 5070 4.

1967 5098 1989 5125 ε
2023 5088 2079 5145 Si
2110 5089 2358 5144 Christus
2383 5091 2463 5161 (se
2492 5091 2634 5143 enim
2666 5098 2821 5141 vocat
2844 5086 3051 5161 Filium,
3072 5085 3333 5161 hominis)
3362 5093 3477 5161 erat

1892 5160 1946 5213 in
1974 5163 2115 5216 ctrlo
2145 5161 2360 5233 quando
2393 5156 2712 5227 loquebatur
2741 5161 2792 5213 in
2825 5160 3008 5227 terris,
3042 5158 3204 5227 igitur
3228 5156 3391 5210 simul
3424 5156 3477 5208 in

1892 5234 2028 5307 coelo
2060 5243 2114 5307 et
2146 5234 2197 5287 in
2240 5244 2379 5287 terra
2411 5242 2529 5307 erat
2561 5246 2701 5285 :non
2734 5242 2913 5285 autem
2944 5238 3346 5307 co_rpore_tunc
3365 5233 3479 5307 erat

1893 5301 1945 5355 in
1978 5305 2138 5367 ccelo,
2166 5318 2286 5357 cum
2313 5317 2370 5355 se
2394 5300 2599 5357 diceret
2630 5316 2980 5356 ascensurum
3015 5297 3071 5353 in
3098 5298 3329 5361 caelum;
3378 5297 3477 5365 igi-

1896 5380 1981 5426 tur
2010 5374 2114 5427 alia
2165 5375 2216 5426 in
2264 5372 2484 5427 Christo
2536 5382 2723 5426 natura
2775 5381 2892 5429 erat
2937 5379 3135 5440 praeter
3187 5368 3479 5440 humanam

1896 5444 2040 5497 illam
2086 5458 2205 5512 qua:
2255 5443 2580 5497 cernebatur
2619 5444 2811 5506 oculis,
2842 5438 3094 5495 videlicet
3124 5438 3476 5512 divina,_q_ua:

1891 5505 2155 5568 immensa
2182 5524 2281 5578 est,
2318 5523 2369 5567 et
2398 5514 2595 5568 malum
2622 5514 2781 5567 simul
2806 5527 2869 5566 ac
2898 5524 3099 5567 terram
3131 5511 3306 5580 replet
3339 5505 3482 5580 (Bel-

1892 5588 2039 5637 larm.
2078 5584 2166 5637 lib.
2205 5586 2267 5638 de
2310 5583 2509 5638 Christo
2556 5601 2668 5652 cap.
2701 5585 2778 5653 8).
2805 5583 2942 5639 Vide
2997 5594 3195 5637 cmtera
3248 5581 3483 5653 inhhanc

1890 5656 2214 5715 sententiam
2239 5654 2492 5728 superius
2530 5649 2784 5711 annotata
2808 5654 2909 5727 (Ad
2935 5654 3024 5711 tib.
3058 5668 3109 5709 tv
3140 5666 3263 5731 cap.
3293 5649 3373 5735 6).
