4000 6186
537 264 639 329 Nl

1861 228 2140 325 .lOANNlS
2177 239 2489 329 cassum
2541 221 2549 236 ’

3172 209 3250 222 ﬂ...

3711 271 3822 330 l9!

536 389 704 462 gentis
728 385 937 457 (Genet.
974 385 1088 459 xv).
1133 386 1289 453 Cum,
1339 382 1384 440 si
1431 397 1594 440 omne
1643 390 1857 453 tempus
1897 397 1965 439 ex
2017 397 2125 454 quo
2152 385 2409 455 Agatur,
2461 387 2721 442 mentitus
2762 387 3014 456 forsitan,
3049 388 3194 460 quod
3224 387 3366 446 absit
3411 404 3443 444 a
3491 385 3818 445 Christianis

536 477 682 536 Deus
711 479 922 534 locutus
966 486 1050 535 est
1071 475 1472 542 consideretur,
1505 476 1625 546 plus
1657 476 1766 530 sint
1796 490 1955 546 quam
1985 490 2118 544 qua-

536 570 912 642 dringenti;si
958 577 1136 624 autem
1184 567 1317 623 illud
1373 577 1581 624 tantum
1631 583 1740 638 quo
1789 566 2114 634 servierunt,

535 663 732 722 minus.
765 661 917 731 Quod
949 661 1164 718 scilicet
1203 671 1436 732 tempus,
1466 662 1571 717 nisi
1603 662 1704 718 hoc
1733 671 1890 733 tr0po
1918 663 2117 718 intelli-

2227 479 2499 543 sensibus,
2537 479 2629 533 Dei
2673 494 2853 535 sermo
2881 481 3146 536 videatur.
3177 481 3284 538 Sed
3330 482 3460 536 dum
3504 484 3688 552 utique
3727 489 3754 519 ι
3783 495 3819 536 a

2229 577 2476 639 tempore
2503 571 2705 628 divinat
2735 573 2902 641 vocis,
2933 581 2990 628 et
3030 583 3198 629 totum
3238 575 3360 628 vita:
3392 583 3603 645 tempus
3642 587 3820 630 annos

2228 664 2348 734 plus
2376 681 2534 735 quam
2570 667 3013 738 quadringentos,
3058 677 3112 723 et
3155 669 3390 724 servitus
3419 668 3602 724 minus
3647 668 3823 724 multo

1549 777 1808 834 ALARDI
1845 775 2079 833 GAZIEI
2115 774 2678 838 COMMENTARIUS.

533 873 905 946 distinguenda
945 873 1034 930 hic
1068 889 1198 946 esse,
1224 883 1456 945 quatuor
1495 881 1758 946 tempora.
1796 871 2050 946 Primum,
2085 885 2115 924 a

533 941 893 1018 promissione
923 947 1149 1002 Abrahae
1182 941 1315 1000 facta
1349 959 1518 1014 usque
1545 944 1832 1018 ad‘exitnm
1857 941 2118 1018 ιιι-Εεν-

533 1015 645 1090 pio,
668 1028 731 1090 _et
758 1021 930 1086 legem
955 1018 1086 1072 Mosi
1113 1018 1291 1072 datam
1324 1019 1375 1072 in
1404 1025 1585 1090 monte
1611 1015 1737 1090 Sina
1765 1032 1778 1068 :
1808 1015 2118 1090 qut_id_teiii-

533 1083 634 1159 pus
659 1088 758 1142 fuit
783 1083 888 1145 430
909 1104 1193 1153 annorum,
1220 1090 1372 1158 juxta
1416 1087 1731 1155 Apostolum
1774 1083 1840 1159 ad
1877 1083 2111 1159 Galatas.

533 1156 851 1225 Secundum,
888 1171 1096 1229 tempus
1125 1156 1572 1230 peregrinationis
1594 1199 1608 1224 ,
1654 1159 1767 1212 sive
1791 1156 2073 1230 incolatus

569 1247 637 1286 uo
660 1246 846 1286 semen
878 1227 1109 1286 Abrahae
1129 1227 1529 1299 peregrinatum
1558 1238 1640 1284 est
1668 1229 1857 1297 partim
1889 1227 1939 1281 iu
1972 1241 2109 1281 terra

569 1247 637 1286 uo
660 1247 846 1286 semen
878 1247 1109 1286 Abrahae
1138 1247 1529 1299 peregrinatum
1558 1247 1640 1284 est
1668 1247 1857 1297 parum
1889 1247 1939 1281 iu
1972 1247 2109 1281 iet-ra

530 1247 817 1367 gitanaan,
855 1305 1045 1371 partim
1077 1305 1128 1357 in
1156 1302 1423 1373 Egypto:
1454 1301 1594 1370 quod
1625 1299 2109 1373 computari‘ilehet

530 1388 560 1427 s
593 1369 868 1429 nativitate
897 1374 1073 1438 Isaac,
1104 1377 1190 1443 qui
1232 1369 1330 1426 fuit
1376 1369 1602 1441 primum
1649 1385 1834 1424 semen
1883 1369 2112 1425 Abrahae

531 1460 628 1515 per
652 1445 1120 1514 repromissionem
1150 1445 1330 1499 datum
1357 1460 1372 1499 :
1401 1446 1489 1514 qui
1520 1459 1639 1497 cum
1674 1452 1831 1515 natus
1866 1443 1935 1494 sit
1975 1455 2114 1493 anno

529 1513 824 1572 centesimo
869 1516 1033 1584 patris
1081 1517 1159 1571 sui
1187 1562 1201 1584 ,
1251 1513 1585 1584 consequens
1625 1523 1740 1574 est,
1774 1513 1876 1568 Iinc
1906 1524 2113 1577 tempus

531 1586 757 1643 durasse
781 1588 938 1642 annis
967 1589 1201 1657 quinque
1232 1602 1390 1653 supra
1423 1586 1844 1655 quadringentos
1871 1626 1885 1647 ,
1926 1585 2111 1636 detra-

529 1659 630 1730 ctis
661 1658 911 1714 nimirum
938 1659 1124 1727 viginti
1153 1659 1409 1730 quinque,
1441 1659 1526 1730 qui
1558 1662 1625 1710 ab
1651 1670 1793 1708 anno
1827 1664 2112 1722 septuage-

528 1729 669 1784 simo
710 1733 896 1799 quinto
945 1727 1184 1784 Abrahae
1212 1730 1277 1783 ad
1317 1727 1673 1784 centesimum
1715 1741 1881 1799 usque
1920 1740 2112 1779 excur-

529 1811 672 1856 runt.
707 1796 773 1855 Et
799 1803 864 1855 de
890 1801 991 1856 hoc
1021 1815 1259 1869 tempore
1291 1800 1602 1867 intelligitur
1635 1799 1762 1851 illinl
1797 1796 1931 1852 Gen.
1968 1812 2034 1849 xv
2064 1805 2117 1850 et

529 1871 652 1942 Act.
678 1887 768 1935 vn,
793 1889 898 1942 quo
918 1872 1114 1926 dicitur
1139 1887 1320 1927 semen
1348 1872 1581 1926 Abt-aha:
1609 1871 1930 1924 serviturum
1962 1870 2114 1921 annis

528 1939 654 1998 400.
685 1939 836 2011 Quod
862 1944 1004 1998 enim
1037 1943 1314 2013 Scriptura
1343 1943 1448 1998 400
1487 1956 1656 1995 annos
1697 1949 1898 1994 tantum
1941 1949 2114 1992 nomi-

529 2024 622 2068 net
645 2058 660 2082 ,
704 2015 804 2069 hoc
847 2017 971 2070 facit
1008 2031 1156 2069 more
1191 2029 1320 2080 suo,
1352 2029 1456 2082 quo
1487 2013 1626 2067 Solet
1659 2014 1709 2065 in
1737 2013 2113 2080 Suppiitatimie

530 2092 830 2155 temporum
862 2089 942 2142 vel
969 2102 1181 2150 rerum,
1219 2100 1497 2140 numerum
1538 2083 1864 2138 cardinili-m
1905 2082 2116 2155 dumta—

530 2166 622 2228 χιιι
645 2154 959 2228 exprimere
975 2157 1004 2228 ,l
1029 2160 1154 2213 licet
1179 2157 1378 2225 aliquid
1405 2155 1637 2223 supersit
1662 2163 1754 2208 aut
1781 2155 1939 2228 (lesit.
1983 2154 2111 2206 Nam

528 2225 573 2280 si
607 2229 660 2280 in
685 2224 825 2296 jure,
858 2228 922 2282 de
949 2224 1171 2282 minimis
1199 2224 1303 2281 non
1332 2236 1478 2280 curat
1517 2237 1730 2296 prcctor,
1775 2224 1964 2278 mirum
2007 2241 2113 2279 non

529 2307 634 2361 est,
666 2295 709 2352 si
734 2300 1012 2369 Scriptura
1038 2317 1282 2368 magnum
1314 2300 1460 2354 illum
1489 2295 1542 2353 et
1569 2298 1796 2352 solidum
1819 2295 1924 2352 40o
1949 2311 2110 2348 anno-

528 2382 646 2422 rum
678 2386 958 2425 numerum
988 2373 1290 2432 nominans,
1327 2385 1546 2439 parvum
1576 2371 1810 2439 quinque
1849 2381 2111 2420 annorum

530 2453 808 2495 excessum
853 2457 956 2496 non
995 2444 1194 2496 curarit
1233 2438 1554 2509 exprimere.
1594 2438 1863 2498 Tertium,
1905 2450 2114 2505 tempus

532 2511 984 2579 peregrinationis
1025 2528 1118 2566 seu
1160 2513 1507 2568 habitationis
1561 2512 1790 2564 ﬁliorum
1847 2509 2008 2563 Israel
2061 2513 2112 2562 in

533 2589 672 2654 terra
715 2582 973 2654 Egypti,
1007 2585 1144 2654 quod
1195 2586 1417 2654 incmpit
1457 2601 1485 2638 a
1531 2583 1794 2637 descensu
1843 2581 2010 2654 Jacob
2042 2581 2111 2654 _in

531 2650 1184 2722 Egyptuiii,'dtiravitiiue
1209 2650 1364 2710 annis
1394 2655 1672 2709 dumtaxat
1696 2653 1940 2707 ducentis
1967 2651 2115 2720 quiin

531 2723 726 2790 decim,
759 2737 816 2780 ut
846 2727 1064 2780 tradunt
1091 2728 1378 2794 Josephus,
1406 2725 1696 2788 Eusebius,
1724 2723 2068 2794 Augustinus
2093 2763 2108 2787 ,

529 2805 583 2869 et
609 2798 722 2869 alii.
751 2798 813 2852 Et
839 2799 1106 2869 colligitur
1127 2815 1189 2852 ex
1214 2793 1393 2853 verbis
1418 2793 1824 2869 Apostoli(Gal.
1855 2793 2108 2869 iii)._Nam

530 2866 574 2920 si
607 2867 687 2922 les
720 2869 827 2923 lata
865 2881 947 2925 est
972 2866 1126 2923 annis
1163 2870 1269 2924 450
1293 2910 1308 2933 ,
1353 2879 1471 2936 po~t
1512 2868 1922 2934 promissionem
1967 2867 2109 2918 illam

530 2936 762 2994 Abraha:
793 2939 1008 3003 factam,
1040 2955 1145 3010 quo
1177 2951 1419 3009 tempore
1449 2938 1639 3010 agebat
1671 2938 1759 2991 ille
1788 2953 1984 2989 annum
2021 2952 2109 2990 se-

529 3012 919 3083 ptusgesimum
958 3008 1201 3083 quintum
1225 3054 1238 3073 ,
1262 3008 1336 3083 ut
1368 3011 1558 3080 leg'lur
1588 3008 1813 3083 Genesis
1846 3024 1915 3083 sit
1943 3023 2108 3083 :_ciim

530 3078 596 3131 ab
625 3077 691 3134 eo
725 3077 1172 3153 tempore'usqiie
1208 3082 1274 3137 ad
1315 3077 1610 3153 ingressum
1651 3079 1815 3153 Jacob
1856 3082 1906 3133 in
1947 3077 2111 3148 Egy-

530 3161 677 3218 ptum
726 3155 1028 3210 efﬂuxerint
1082 3152 1203 3209 anni
1254 3152 1468 3208 ducenti
1518 3152 1866 3220 quindecim,
1919 3166 2110 3221 nempe

533 3235 700 3295 usque
747 3225 812 3279 ad
861 3236 1039 3281 ortum
1081 3226 1226 3281 Isaac
1265 3226 1445 3295 viginti
1486 3226 1758 3295 quinque,
1798 3222 1933 3277 Gen.
1980 3239 2105 3278 xu:

2222 871 2369 950 illud
2411 885 2609 950 tempus
2661 891 2761 944 quo
2807 876 3088 950 servierunt
3127 874 3335 930 Hebraei
3373 875 3427 930 in
3458 875 3719 950 Egypto.
3753 880 3827 937 At

2222 943 2290 996 de
2320 945 2402 998 liis
2430 943 2685 1000 hactenus
2717 947 2871 1000 satis.

2293 1024 2320 1052 ει
2351 1016 2401 1071 Id
2432 1026 2536 1083 est,
2575 1019 2949 1081 promissionis
2971 1017 3283 1073 Abrahamo
3307 1017 3475 1083 factm,
3501 1019 3568 1073 de
3594 1021 3826 1077 benedi-

2221 1087 2398 1161 ctione
2426 1091 2660 1155 gentium
2686 1089 2737 1140 in
2760 1091 2951 1142 semine
2971 1091 3157 1159 ipsius,
3188 1092 3277 1160 qui
3302 1101 3378 1143 est
3405 1087 3637 1145 Christus
3667 1091 3822 1161 (Gal.

2209 1157 2298 1228 υιιι)
2327 1177 2338 1211 :
2371 1175 2526 1228 quam
2561 1161 2969 1229 promissionem
2992 1157 3296 1229 Apostolus
3330 1171 3485 1214 vocat
3520 1157 3821 1219 testamen-

2223 1240 2332 1304 tum
2375 1232 2553 1304 arDeo
2593 1231 2988 1304 confirmatum.
3035 1232 3132 1304 Ubi
3176 1232 3238 1286 Ι).
3284 1232 3643 1304 Hieronymus
3684 1252 3699 1289 :
3752 1235 3822 1291 Si

2217 1303 2348 1366 quis,
2383 1303 2478 1367 ait,
2509 1304 2776 1372 diligenter
2802 1301 3021 1355 Hebra’a
3047 1303 3307 1356 volumina
3330 1315 3375 1357 et
3405 1301 3611 1359 ctetcras
3632 1307 3822 1361 editio-

2219 1388 2308 1445 nes
2335 1389 2449 1426 cum
2493 1375 2836 1445 Septuaginta
2874 1377 3207 1442 interpretum
3247 1376 3587 1430 translatione
3623 1389 3815 1432 contu-

2219 1442 2354 1505 lerit,
2385 1442 2618 1509 inveniet,
2654 1442 2738 1497 ubi
2765 1454 3114 1498 testamentum
3143 1453 3391 1514 scriptum
3413 1457 3506 1514 est,
3532 1464 3630 1501 non
3659 1458 3824 1503 testa-

2218 1525 2443 1586 mentum
2479 1533 2694 1580 sonare,
2737 1517 2825 1569 sed
2865 1528 3105 1586 pactum,
3148 1519 3283 1586 quod
3327 1517 3545 1572 Ilebrteo
3581 1535 3826 1577 sermone

2217 1585 2408 1657 dicitur
2438 1603 2615 1641 Βειιιτ.
2645 1589 2707 1643 Et
2739 1587 2899 1655 infra,
2935 1599 3169 1642 mentem
3212 1590 3455 1657 Apostoli
3495 1592 3773 1656 explicans
3800 1610 3819 1647 :

2225 1654 2478 1729 Simplex,
2514 1661 2704 1729 inquit,
2739 1677 2940 1726 sensus,
2973 1662 3058 1727 qui
3086 1661 3138 1713 in
3171 1654 3274 1713 hoc
3295 1663 3406 1714 loco
3437 1654 3641 1726 texitur,
3675 1661 3820 1717 hanc

2223 1728 2323 1779 vim
2350 1730 2518 1789 habet.
2547 1728 2802 1804 utdoceat
2843 1733 3120 1800 Apostolus
3159 1748 3261 1784 non
3301 1748 3448 1802 posse
3473 1773 3486 1792 ,
3526 1749 3614 1804 per
3649 1731 3823 1802 legem

2223 1814 2335 1866 qute
2371 1813 2544 1874 postea
2581 1802 2703 1856 data
2740 1814 2848 1868 est,
2889 1804 3307 1862 repromissiones
3343 1819 3459 1872 qua:
3496 1802 3613 1856 ante
3665 1804 3823 1874 facta

2223 1882 2342 1944 sunt
2369 1873 2435 1923 ad
2461 1874 2716 1926 Abraham
2743 1874 2956 1939 destrui,
2987 1885 3032 1926 et
3062 1874 3344 1943 posteriora
3382 1875 3634 1943 prioribus
3667 1873 3821 1944 pra:—

2210 1943 2486 2016 jndicare,
2527 1961 2640 1997 cum
2683 1945 3100 2013 repromisn'ones
3139 1947 3208 1996 ad
3247 1944 3501 1997 Abroltam
3539 1955 3654 2000 ante
3673 1943 3824 2016 qua-

2218 2014 2516 2084 dringentos
2542 2017 2749 2082 triginta
2776 2033 2937 2069 annos
2963 2018 3100 2069 data:
3128 2017 3249 2078 sint,
3278 2017 3414 2082 quod
3453 2014 3825 2072 benediceren-

2219 2093 2303 2138 tur
2332 2087 2384 2159 in
2411 2086 2504 2159 illo
2533 2089 2775 2140 universae
2816 2089 3044 2140 nationes
3068 2103 3086 2140 :
3127 2087 3250 2154 legis
3285 2097 3447 2140 autent
3487 2089 3781 2143 observatio
3803 2133 3822 2159 ,

2219 2158 2355 2224 quod
2393 2158 2482 2226 qui
2518 2159 2715 2226 fecisset
2754 2175 2893 2230 eam,
2930 2159 3113 2212 viveret
3139 2159 3190 2230 in
3215 2174 3293 2230 ea,
3327 2168 3436 2222 post
3463 2160 3792 2230 quadringen

2221 2237 2296 2280 tos
2327 2229 2532 2297 triginta
2563 2246 2728 2282 annos
2775 2229 2944 2298 Moysi
2983 2232 3102 2281 data
3137 2229 3203 2282 sit
3242 2229 3294 2280 in
3325 2239 3496 2281 monte
3538 2228 3702 2284 Sina:
3739 2232 3825 2287 lla

2219 2298 2599 2370 Hieronymus.
2643 2308 2706 2353 At
2744 2301 2850 2370 jam
2893 2302 3149 2368 qiizrritur
3189 2299 3254 2352 de
3299 2315 3399 2367 qua
3457 2304 3823 2368 proiiiissrone

2219 2368 2306 2422 hic
2335 2380 2542 2438 agatur,
2570 2387 2598 2424 a
2629 2368 2977 2440 qua'iiiititiiii
3007 2372 3420 2438 computationis
3460 2373 3670 2425 illorum
3711 2391 3824 2427 an-

2219 2457 2411 2494 norum
2454 2445 2773 2496 sumendum
2813 2444 2915 2495 sit?
2952 2442 3225 2511 Mulliplex
3257 2444 3409 2514 enim
3453 2442 3649 2512 legitur
3687 2461 3821 2514 pro-

2219 2514 2405 2566 missio
2441 2516 2572 2566 lat-ta
2607 2515 2858 2571 Abrahae.
2894 2524 2947 2565 nt
2979 2516 3228 2567 observat
3254 2513 3314 2566 D.
3349 2513 3812 2582 Atigusliniis’lib.

2217 2599 2303 2638 Ivi
2328 2585 2391 2637 de
2416 2584 2644 2639 Civitate
2674 2585 2762 2640 Dei
2791 2583 2944 2655 (Cap.
2978 2586 3062 2646 16,
3096 2585 3185 2650 18,
3215 2585 3277 2637 21
3314 2592 3363 2636 ct
3389 2591 3516 2652 seq.)
3542 2603 3554 2636 :
3581 2583 3814 2652 Harum,

2217 2655 2409 2725 inquit,
2446 2660 2609 2725 prium
2639 2658 2706 2709 ita
2736 2657 2962 2724 legitur:
2997 2655 3060 2706 Et
3087 2655 3214 2708 dixit
3251 2655 3501 2708 Dominus
3538 2657 3606 2708 ad
3645 2658 3818 2711 Abra—

2217 2727 2336 2779 Imm
2361 2743 2378 2780 .'
2410 2727 2508 2782 Exi
2535 2727 2597 2780 de
2627 2738 2762 2780 terra
2789 2740 2896 2788 tua,
2929 2737 2975 2778 et
3003 2729 3066 2779 tle
3091 2727 3393 2797 t‘Ognatione
3415 2734 3528 2797 tua,
3556 2737 3600 2779 et
3626 2730 3686 2780 de
3719 2734 3819 2782 do-

2215 2815 2298 2851 mo
2329 2801 2491 2865 patris
2519 2800 2614 2861 tui,
2647 2811 2692 2850 et
2721 2800 2848 2851 vade
2873 2799 2923 2851 in
2956 2796 3320 2865 terrain’qnam
3360 2796 3452 2848 tibi
3495 2798 3820 2852 demonstra-

2214 2887 2353 2936 vero,
2387 2879 2431 2921 et
2457 2873 2647 2936 faciam
2677 2880 2723 2920 te
2751 2871 2803 2921 in
2836 2880 3035 2936 gentem
3065 2884 3325 2938 magnam,
3349 2879 3393 2919 et
3427 2868 3716 2921 benedicam
3745 2881 3816 2936 te,

2215 2950 2263 2994 et
2295 2941 2630 3012 magniﬁcabo
2658 2957 2840 2994 nomen
2872 2949 3106 3012 tuum,et
3137 2940 3236 2991 eris
3263 2940 3571 3012 benedictus,
3596 2948 3641 2992 et
3666 2941 3818 2994 bene-

2217 3011 2387 3065 dicant
2409 3014 2751 3066 benedicentes
2781 3022 2847 3078 te,
2876 3021 2921 3062 et
2944 3011 3246 3063 maledicam
3273 3011 3628 3078 maledicentes
3652 3022 3702 3064 te
3720 3054 3732 3069 .
3767 3022 3820 3065 et

2192 3083 2577 3151 benedicentur
2617 3085 2669 3134 in
2699 3092 2746 3133 te
2785 3099 2954 3135 omnes
2989 3083 3150 3134 tribus
3190 3089 3339 3134 terra:
3369 3077 3520 3145 (Gen.
3557 3085 3672 3148 sit).
3713 3081 3822 3136 Ubi

2213 3155 2579 3210 advertendum
2613 3165 2682 3206 est
2704 3154 2834 3224 duas
2859 3169 2936 3205 res
2969 3155 3244 3224 pt'OtttlsStts
3276 3151 3508 3224 Αὐγαὴιυ,
3533 3168 3688 3224 unum
3712 3154 3820 3206 sci-

2217 3226 2352 3293 licet,
2380 3226 2516 3294 quod
2545 3235 2730 3278 terrain
2758 3221 3004 3278 Chanaan
3047 3239 3390 3287 possessorum
3439 3223 3591 3294 fuerit
3640 3241 3819 3279 semen

532 3292 656 3368 hinc
688 3311 854 3366 usque
883 3298 949 3350 ad
980 3309 1157 3352 ortum
1189 3291 1354 3352 Jacob
1384 3291 1685 3368 sexaginta,
1716 3294 1942 3349 Genesis
1973 3311 2070 3346 xxv
2099 3311 2108 3343 :
2141 3295 2189 3360 (ζ
2220 3291 2373 3368 ejus:
2393 3291 2538 3366 quod
2563 3295 2902 3368 signiﬁcatur,
2934 3295 3020 3347 ubi
3048 3297 3239 3346 dictum
3261 3303 3352 3368 Aest
3375 3308 3394 3346 :
3442 3291 3580 3368 Vade
3616 3295 3666 3346 in
3707 3304 3816 3348 ter-

533 3362 657 3419 inde
679 3362 846 3436 usque
868 3368 932 3420 ad
961 3369 1254 3437 ingressum
1277 3369 1444 3423 Jacob
1470 3362 1866 3435 in'tEgypium,
1901 3378 2112 3418 ceinuu:

535 3438 767 3500 triginta,
801 3438 1026 3490 Genesis
1072 3454 1244 3500 XLHI;
1283 3449 1570 3506 supersunt
1610 3439 1905 3498 dumtaxat,
1951 3449 2117 3502 usque

535 3506 597 3556 ad
624 3507 790 3574 legem
823 3508 1003 3572 latam,
1030 3510 1152 3562 anni
1182 3507 1306 3572 215,
1339 3510 1448 3574 qui,
1481 3521 1601 3560 cum
1637 3506 1747 3568 pari
1777 3507 1986 3558 illorum
2019 3521 2119 3557 nu-

535 3589 706 3644 mero,
738 3575 977 3630 efficiunt
1007 3594 1177 3631 annos
1211 3579 1328 3632 illus
1359 3579 1464 3632 450
1493 3577 1560 3630 de
1586 3576 1776 3644 quibus
1803 3574 2114 3642 Apostolus.

539 3642 828 3710 Quartum,
874 3656 1080 3717 tempus
1121 3649 1396 3704 servitutis
1433 3658 1487 3702 et
1523 3642 1828 3702 alilictiouis
1869 3646 2118 3700 Hebraeo-

535 3729 652 3790 rum
681 3719 731 3771 in
756 3718 1010 3790 )Eizypto,
1039 3721 1176 3789 quod
1203 3723 1364 3786 cmpit
1397 3721 1553 3789 paulo
1601 3728 1719 3785 po~t
1760 3725 1985 3772 mortem
2027 3718 2120 3773 Jo-

534 3787 665 3856 scph
697 3802 750 3843 et
781 3787 1002 3845 fratrum
1035 3787 1178 3860 ejus,
1211 3802 1268 3845 ut
1307 3787 1502 3847 dicitur
1533 3790 1701 3845 Exodi
1734 3807 1770 3856 i,
1801 3790 2119 3858 duravitquo

535 3863 694 3934 antiis
717 3863 931 3918 circiter
959 3875 1172 3919 centum
1204 3864 1408 3934 viginti.
1441 3864 1572 3918 Cum
1614 3863 1755 3917 enim
1788 3877 1850 3918 ex
1877 3861 2119 3934 ducentis

535 3930 837 4000 quindecim
878 3936 1050 4000 annis,
1096 3930 1284 4002 quibus
1312 3936 1517 3990 Hebrazi
1542 3934 1854 3986 habitavere
1880 3934 1928 3983 in
1956 3930 2117 4001 [Egy-

537 4012 648 4069 Ιηυ,
680 4005 963 4060 detrahere
989 4016 1234 4074 oporteat
1261 4021 1422 4059 unum
1470 4015 1525 4057 et
1557 4006 1892 4070 septuaginta
1924 4018 2113 4064 annos,

534 4089 670 4142 quos
688 4077 818 4130 vixit
835 4073 1463 4145 Joseplipostadventmii
1483 4074 1644 4140 patris
1662 4075 1740 4126 sui
1761 4073 1812 4126 iti
1830 4075 2116 4142 {Egyptiiin

536 4145 555 4215 (
574 4155 684 4199 toto
723 4149 864 4200 enim
907 4147 1007 4199 hoc
1035 4156 1275 4215 tempore
1304 4163 1403 4199 non
1429 4147 1729 4215 servierunt,
1762 4145 1852 4197 sed
1881 4160 2120 4215 regnave-

534 4214 653 4286 runt
682 4221 848 4282 potius
876 4215 1082 4269 Hebrwi
1111 4214 1164 4271 in
1194 4216 1448 4286 Egypto,
1479 4219 1553 4270 ait
1577 4214 1635 4270 S.
1669 4214 1997 4286 AugustinUs
2027 4231 2118 4268 Sti-

536 4285 654 4353 pra)
678 4302 693 4347 ;
720 4297 773 4341 et
805 4296 1061 4355 praeterea
1091 4285 1402 4343 detrahendi
1434 4297 1552 4342 sunt
1582 4285 1708 4340 anni
1750 4286 1932 4355 viginti
1973 4287 2079 4339 duo
2100 4329 2116 4354 ,

535 4356 729 4426 quibus
754 4357 881 4411 Levi
914 4357 1065 4412 fratri
1089 4374 1186 4412 suo
1208 4358 1444 4424 Josepho
1475 4359 1772 4426 supervixit
1798 4375 1809 4408 :
1838 4372 1901 4411 ex
1926 4359 2118 4426 quibus

534 4424 841 4499 efficiuntur
870 4430 994 4483 anni
1027 4433 1308 4499 nonaginta
1343 4439 1487 4483 tres:
1527 4424 1606 4482 liis
1638 4429 1891 4482 detracns
1920 4424 1983 4482 ex
2017 4431 2118 4483 illis

534 4496 779 4553 ducentis
809 4502 1044 4570 quinque
1065 4496 1239 4567 annis,
1273 4509 1556 4568 supersunt
1586 4501 1952 4554 tantummodo
1990 4501 2116 4554 anni

531 4579 746 4625 centum
779 4573 962 4642 viginti
991 4572 1118 4637 duo,
1151 4573 1457 4628 Judaiorum
1489 4572 1730 4626 servituti
1763 4582 1814 4625 et
1838 4571 2116 4626 afﬂictioni

535 4643 862 4712 assigiiandi.
896 4645 996 4700 Sed
1029 4643 1141 4699 haec
1173 4644 1415 4713 pluribus
1455 4643 1593 4712 apud
1639 4644 1910 4698 l’ereriuni
1955 4643 2118 4699 habes

532 4713 820 4778 esplicata.
875 4715 950 4770 Ex
1001 4715 1083 4770 his
1130 4731 1292 4785 porro
1337 4715 1686 4784 exponendus
1734 4725 1901 4768 restat
1950 4718 2114 4770 nustri

472 4811 481 4856 ί
532 4785 784 4858 Auctoris
813 4797 990 4842 textus
1016 4802 1121 4856 quo
1146 4787 1220 4841 ait
1245 4804 1256 4840 :
1291 4785 1353 4842 Si
1376 4803 1522 4840 omne
1549 4796 1745 4858 tempus
1771 4802 1833 4858 ea;
1853 4803 1951 4856 quo
1974 4788 2119 4840 locu—

477 4912 480 4916 ,
531 4862 616 4928 tus
639 4864 713 4909 est
742 4856 903 4924 Deus,
939 4858 1066 4913 illud
1100 4872 1291 4928 nempe
1319 4857 1456 4927 quod
1489 4856 1760 4924 pra-cedit,
1792 4856 1970 4911 Sciens
1991 4859 2117 4912 scito

529 4926 651 4994 quia
675 4931 997 4997 peregrinum
1029 4930 1154 4995 erit,
1196 4926 1302 4984 etc.
1327 4926 1348 4994 ,ί
1385 4929 1789 4992 consideretur,
1835 4930 1952 4996 plus
1993 4939 2117 4983 sunt

530 5009 688 5070 quam
729 4999 1143 5069 quadringenti,
1176 5001 1299 5070 quia
1331 5001 1452 5064 450,
1480 4999 1548 5052 ab
1576 5012 1640 5051 eo
1669 5007 1915 5070 tempore
1949 5015 2116 5069 usque

530 5067 597 5119 ad
628 5081 910 5134 egi-essum
935 5067 999 5125 ei
1027 5067 1263 5142 IEgypto
1288 5081 1334 5125 et
1362 5072 1521 5142 finem
1546 5072 1818 5124 servitutis
1841 5067 2117 5136 Egyptia-

528 5149 625 5204 car,
660 5149 1044 5196 numerantur:
1079 5141 1146 5196 Si
1177 5153 1348 5196 autem
1383 5141 1515 5195 illud
1553 5149 1753 5194 tantum
1791 5157 1890 5206 quo
1925 5144 2115 5194 servie-

525 5219 666 5279 runt,
701 5210 892 5275 minus,
926 5221 982 5267 et
1011 5213 1177 5268 multo
1209 5215 1385 5267 minus
1413 5224 1582 5274 certe,
1609 5225 1658 5264 ιιι
1689 5220 1828 5279 patet
1852 5226 1913 5265 ex
1939 5211 2114 5267 dieiis:

527 5277 614 5356 [tu
635 5283 716 5356 ﬁt,
733 5294 788 5336 ut
812 5284 888 5338 vel
911 5302 941 5339 a
971 5294 1073 5338 toto
1096 5301 1237 5356 pars,
1265 5285 1343 5338 vel
1368 5303 1400 5338 α
1428 5294 1571 5354 parte
1596 5277 1752 5356 totum
1782 5283 1946 5336 valeat
1973 5284 2120 5337 intel-

449 5415 455 5420 _
526 5351 634 5423 ligi,
668 5353 718 5409 id
747 5363 850 5422 est,
887 5356 972 5410 vel
1008 5351 1174 5411 totum
1209 5370 1306 5425 pro
1348 5351 1499 5426 parte
1524 5400 1537 5423 ,
1582 5355 1666 5410 vel
1708 5371 1831 5424 pars
1871 5370 1966 5423 pro
2008 5366 2118 5409 toto

526 5435 776 5500 ponatur,
820 5443 913 5496 per
939 5428 1316 5500 synecdoqlien
1340 5429 1570 5500 scilicet,
1613 5443 1748 5500 quae
1778 5443 1944 5500 sacrae
1974 5429 2118 5482 Scri-

525 5505 695 5565 ptura;
726 5497 982 5570 frequens
1007 5515 1068 5554 ac
1097 5497 1378 5556 familiaris
1409 5512 1508 5554 est.
1549 5498 1678 5564 Pars
1711 5499 1978 5570 siquidem
2023 5513 2118 5567 pro

523 5574 637 5622 toto
660 5568 831 5638 posita
855 5570 1189 5641 intelligitur,
1215 5571 1257 5624 si
1279 5571 1460 5641 plures
1481 5568 1888 5640 quadringentis
1909 5587 1920 5622 :
1949 5579 2116 5624 tutum

526 5651 654 5691 vero
692 5655 790 5708 pro
827 5649 1016 5708 parte,
1059 5643 1102 5695 si
1149 5648 1451 5711 pauciores.
1488 5642 1693 5699 Prioris
1721 5642 2046 5709 exemplum,
2076 5641 2120 5694 si

525 5721 674 5781 omne
704 5721 900 5781 tempus
919 5750 932 5772 ,
966 5726 1028 5763 ex
1070 5711 1341 5781 quotiens
1367 5713 1563 5766 locutus
1591 5721 1662 5766 est
1693 5712 1923 5766 Abrahae
1951 5727 2117 5781 usque

519 5778 586 5841 iul
616 5778 1021 5866 legein'datam,
1057 5778 1406 5843 consideretur
1435 5797 1452 5838 :
1482 5783 1821 5869 posteriOi-is.
1846 5783 1890 5852 si
1912 5778 2109 5855 tantum

2145 4681 2197 4742 D

2221 3365 2330 3423 ram
2370 3365 2522 3436 qnam
2568 3371 2666 3435 tibi,-
2693 3366 3097 3418 demonstravero
3117 3409 3130 3424 ,
3174 3375 3219 3416 et
3247 3365 3432 3430 faciant
3467 3377 3512 3417 te
3539 3367 3590 3417 in
3619 3380 3821 3437 gentem

2222 3455 2478 3506 magnam.
2515 3439 2681 3491 Aliam
2709 3454 2825 3491 i-ero
2854 3439 3001 3507 longe
3030 3437 3456 3506 prazstantiorem,
3491 3452 3591 3488 non
3616 3441 3675 3489 de
3703 3453 3822 3490 car-

2222 3511 2351 3574 nali,
2384 3515 2471 3561 sed
2501 3512 2563 3561 de
2589 3508 2811 3572 spiritali
2845 3509 3065 3567 semine,
3117 3525 3202 3574 per
3241 3508 3377 3572 quod
3415 3519 3559 3576 pater
3597 3523 3694 3560 non
3743 3518 3825 3563 est

2222 3581 2375 3633 unius
2406 3581 2567 3648 gentis
2600 3580 2936 3643 Israeliticw,
2987 3579 3074 3629 sed
3117 3581 3341 3630 animum
3391 3582 3654 3646 gentium,
3703 3596 3826 3648 qut:

2222 3651 2344 3719 ﬁdei
2393 3653 2508 3719 ejus
2556 3651 2765 3719 vestigia
2805 3661 3180 3714 consequuntur
3203 3693 3214 3714 ,
3249 3650 3388 3718 quod
3419 3651 3645 3717 promitti
3669 3653 3824 3713 ccepit

2223 3724 2302 3776 his
2333 3722 2533 3777 verbis:
2569 3721 2632 3774 Et
2660 3721 3016 3773 benedicentur
3043 3721 3092 3772 in
3136 3730 3181 3771 te
3229 3736 3398 3772 omnes
3447 3721 3605 3774 tribus
3647 3729 3820 3777 terra.

2222 3795 2399 3864 Atque
2429 3796 2560 3846 hanc
2595 3791 3290 3864 promissionemfpeclavit
3329 3794 3649 3864 Apostolus,
3689 3794 3824 3847 dum

2222 3866 2286 3917 ad
2313 3861 2533 3919 Galatas
2567 3865 2810 3917 scribens
2849 3863 2958 3916 ait:
3005 3861 3286 3914 Proridrns
3324 3869 3494 3913 autem
3538 3861 3827 3931 Scriptura

2221 3937 2341 4002 quia
2357 3951 2420 3988 ex
2443 3936 2808 4005 ﬁdejustiﬁcat
2830 3944 2998 4003 gentes
3015 3933 3171 3998 Dens,
3189 3933 3547 4006 pra’nuntiaoit
3570 3934 3823 4006 Abraha,

2223 3999 2341 4071 quia
2365 4007 2417 4058 in
2443 3999 2495 4056 te.
2524 3999 2884 4058 binmdicenttit'
2915 4020 3086 4057 omnes
3116 3999 3283 4073 gentes
3306 3999 3449 4065 (Cal.
3476 4002 3575 4073 III).
3604 4005 3685 4057 Ab
3715 3999 3828 4062 Ιηιό

2223 4089 2400 4131 autem
2430 4077 2782 4143 promissione
2810 4076 3257 4144 computationem
3285 4075 3499 4126 illorum
3522 4078 3624 4130 400
3648 4091 3828 4131 anno-

2223 4163 2340 4201 rum
2372 4149 2666 4201 ducendam
2699 4163 2819 4202 esse
2868 4147 3023 4201 docet
3073 4147 3210 4200 idem
3263 4144 3592 4213 AugnStinus
3639 4148 3828 4202 verbis

2223 4221 2675 4287 consequentibus
2704 4237 2716 4272 :
2751 4217 2922 4281 Hanc,
2958 4217 3124 4285 inquit
3146 4260 3159 4281 ,
3197 4217 3585 4286 promissionem
3629 4219 3828 4284 factam

2223 4291 2500 4344 arbitratur
2528 4289 2778 4342 Eusebius
2798 4289 3168 4359 septuagesimo
3188 4289 3364 4356 quinto
3385 4289 3551 4341 (etatis
3575 4288 3821 4355 Abrahar,

2224 4369 2479 4430 tamquam
2511 4377 2628 4414 mea:
2657 4370 2709 4412 ut
2743 4357 2877 4429 facta
2902 4357 2994 4419 est,
3022 4359 3084 4411 dc
3107 4357 3302 4411 Charra
3325 4359 3501 4410 exierit
3523 4359 3826 4415 Abraham:

2223 4434 2462 4496 quoniam
2495 4433 2779 4499 Scriptura:
2807 4431 3087 4484 contradici
3113 4446 3212 4482 non
3244 4439 3432 4499 potest,
3473 4431 3553 4482 uti
3589 4432 3827 4497 legitur:

2224 4503 2483 4556 Abraham
2527 4514 2632 4556 erat
2676 4505 2896 4572 quinque
2939 4512 2984 4555 et
3028 4502 3347 4570 septuaginta
3373 4516 3664 4565 annorum,
3697 4517 3828 4556 cum

2223 4576 2342 4627 exiit
2374 4575 2436 4628 de
2466 4575 2678 4627 Charra.
2710 4573 2814 4627 Sed
2840 4573 2884 4625 si
2904 4588 2961 4625 eo
2986 4589 3120 4623 anno
3149 4573 3288 4636 facta
3309 4582 3382 4624 est
3405 4572 3498 4624 ista
3522 4574 3822 4640 promissio,

2215 4649 2327 4716 jam
2351 4648 2521 4709 utique
2540 4649 2593 4698 in
2616 4644 2812 4699 Chai'ra
2835 4661 2946 4696 cum
2974 4654 3118 4716 patre
3138 4659 3230 4696 suo
3261 4641 3626 4716 demorabatur
3644 4643 3827 4716 Abro-

2226 4720 2378 4781 ham;
2411 4733 2568 4785 neque
2597 4717 2730 4768 enini
2761 4717 2875 4767 inde
2905 4715 3045 4768 exite
3072 4725 3260 4783 posset,
3294 4715 3395 4766 nisi
3433 4718 3576 4785 prius
3613 4715 3680 4767 ibi
3719 4715 3826 4769 ha—

2217 4786 2452 4856 bitasset.
2501 4786 2638 4856 Num
2675 4788 2919 4856 quidnam
2957 4802 3076 4855 ergo
3115 4786 3482 4856 contradicitur
3523 4786 3820 4856 Stephano,

2221 4855 2415 4911 ‘dicenti
2441 4873 2457 4909 :
2487 4855 2624 4911 Deus
2649 4855 2828 4926 gloria:
2877 4858 3115 4926 apparuit
3159 4855 3375 4908 Abrahae
3423 4858 3556 4923 patri
3599 4855 3775 4910 nostro
3800 4901 3820 4927 ,

2226 4946 2342 4981 cum
2389 4939 2515 4982 esset
2562 4931 2612 4981 in
2661 4928 3072 4992 blesOpotaniia,
3123 4929 3422 4996 priuiquam
3475 4928 3722 4980 habitaret
3765 4930 3823 4981 in

2209 4999 2419 5052 i.Cltarra
2448 5001 2586 5070 (Act.
2619 4997 2735 5069 νιι).
2771 4999 2877 5053 Sed
2906 4998 3285 5070 intelligendum
3319 5007 3388 5070 est
3411 5038 3426 5062 ,
3465 5000 3602 5068 quod
3637 4999 3823 5051 eodem

2212 5076 2356 5156 'q‘t‘mo
2389 5068 2528 5156 facta
2554 5081 2668 5124 sunt
2697 5072 2886 5156 omlnia',
2923 5080 2966 5121 et
3007 5068 3119 5150 Dei.
3143 5069 3426 5156 pqo'missio'
3459 5080 3726 5156 antequam.
3764 5072 3823 5124 in
3856 5119 3870 5156 ε

2221 5140 2418 5194 Charra
2444 5141 2695 5195 habitaret
2723 5140 3002 5206 Abraham,
3031 5151 3075 5191 et
3102 5141 3154 5192 in
3183 5137 3380 5210 Charm
3408 5140 3650 5210 habitatio
3678 5141 3822 5210 ejus,
3858 5137 3866 5166 ἶ

2221 5223 2265 5264 et
2294 5213 2412 5265 inde
2438 5214 2688 5282 profectio
2711 5228 2729 5264 :
2757 5228 2854 5264 non
2877 5212 3041 5263 solum
3065 5213 3184 5279 quia
3207 5209 3453 5262 Eusebius
3476 5212 3525 5262 in
3551 5209 3826 5264 Chi-anicis

2221 5283 2286 5334 ab
2315 5300 2449 5355 anno
2479 5287 2632 5355 hujus
2665 5283 3014 5355 promissionis
3047 5291 3337 5355 computat,
3373 5291 3417 5333 et
3447 5283 3661 5355 (stent/it
3699 5295 3823 5350 post

2219 5351 2628 5423 quadringentos
2651 5367 2697 5406 et
2721 5354 2928 5426 triginta
2951 5369 3120 5426 annos
3135 5351 3329 5426 exitum
3349 5368 3455 5426 esse
3474 5353 3536 5406 de
3559 5351 3818 5423 gypto,

2221 5430 2425 5492 quando
2454 5427 2538 5480 lea:
2567 5429 2687 5478 data
2718 5424 2826 5486 esti;
2855 5440 3027 5477 verum
3057 5425 3207 5477 etiam
3235 5424 3356 5487 quia
3382 5425 3434 5475 id
3457 5432 3821 5476 commemorat

2220 5497 2492 5566 apostolus
2525 5496 2740 5550 Paulus.
2772 5496 3037 5550 Hactenus
3071 5495 3401 5566 Augustinus
3438 5506 3685 5566 spectans
3726 5494 3820 5548 lo-

2221 5563 2343 5622 cum
2378 5569 2646 5637 Apostoli,
2678 5583 2835 5636 quem
2862 5570 3022 5622 etiam
3057 5567 3185 5619 citat
3223 5565 3486 5620 Eusebius
3510 5609 3524 5632 ,
3572 5565 3658 5619 tibi
3696 5566 3818 5632 ait,
3855 5563 3860 5610 ἰ

2228 5638 2401 5709 legem
2431 5636 2591 5693 latam
2631 5648 2748 5710 post
2779 5639 3200 5710 quadringentos
3228 5650 3398 5710 annos
3431 5637 3500 5710 ab
3531 5636 3621 5690 illo
3650 5643 3820 5691 tesm-

2228 5705 2408 5786 mento
2427 5713 2548 5786 _siv_e
2580 5705 2814 5786 pa’ctopi
2841 5705 3200 5786 promissione
3226 5705 3466 5786 Abrahae
3484 5709 3643 5774 facta,
3672 5722 3821 5765 anno

2229 5783 2402 5854 uitatis
2427 5782 2592 5868 ipsius
2620 5779 3013 5869 septuagesimo
3037 5779 3246 5867 quinto,
3271 5787 3329 5845 ut
3352 5779 3628 5860 Scriptura
3653 5788 3823 5852 tests.
