4000 6186
541 265 653 332 ιιι

1858 259 2142 318 JUANNIS
2179 258 2493 319 CASSIANI

3713 259 3815 324 ικ

545 394 628 451 sic
657 387 859 447 additis
886 395 943 444 et
974 394 1134 444 nocte
1163 399 1287 457 quas
1326 382 1610 455 praecessit
1646 382 1754 437 diei
1806 398 1941 448 autc,
1966 394 2021 438 et
2048 384 2140 438 die
2164 386 2218 446 Α
2242 384 2346 441 nisi
2378 381 2520 452 quod
2553 381 2735 436 inuno
2765 381 2993 438 Domino
3018 381 3148 438 Iesu
3178 380 3399 437 Christo
3426 388 3485 439 et
3504 379 3818 452 posteriori-

547 484 639 554 qui
667 483 989 539 subsecutus
1018 487 1103 533 est
1136 476 1279 533 nocti
1314 490 1447 541 suae,
1478 474 1614 527 nihil
1654 472 1896 529 defuisse
1929 475 2138 543 integro

552 576 787 648 tempori
816 569 1231 639 noscitur,quod
1257 586 1283 620 a
1311 568 1393 623 sui
1425 578 1576 636 parte
1599 567 1878 637 impletur.
1910 569 2136 631 Scatent

560 670 645 725 his
672 668 943 722 rationum
966 662 1232 730 exemplis
1256 661 1549 727 Scriptum
1575 676 1765 725 sacrae,
1794 661 1895 719 sed
1918 661 2139 731 longum

550 770 634 817 est
670 761 922 813 universa
972 768 1297 810 memorare.
1332 753 1423 817 Sic
1461 754 1605 807 enim
1636 753 1849 807 dicente
1889 753 2133 823 psalmo:

550 863 576 891 ⁸
605 851 747 919 Quid
792 859 868 905 est
908 848 1079 911 hanc,
1109 848 1247 917 quod
1278 863 1467 901 inertior
1496 864 1548 901 es
1584 849 1698 918 ejus
1723 846 1894 918 (Psal.
1928 847 2081 918 Vill)?
2106 863 2135 903 a

550 956 709 1017 parte
732 954 901 999 totum
932 942 1274 1012 intelligitur,
1311 941 1443 995 dum
1472 956 1585 995 uno
1613 942 1832 995 homine
1856 957 2133 1011 nuncupa-

550 1049 625 1105 to,
645 1037 922 1108 plenitudo
944 1034 1161 1090 humani
1188 1034 1404 1103 generis
1420 1034 1843 1089 demonstratur.
1863 1033 1953 1089 Sic
1971 1034 2139 1087 etiam

548 1132 681 1189 illud
708 1130 731 1167 δ
764 1130 852 1185 ubi
887 1128 1072 1183 Achab
1103 1118 1367 1197 peccavit,
1402 1141 1657 1195 peccasse
1701 1127 1853 1196 plebs
1900 1126 2133 1193 dicitur;

549 1228 676 1283 dum
707 1223 1059 1279 universitate
1082 1221 1415 1290 appellata,a
1450 1228 1561 1273 toto
1592 1220 1768 1288 portio
1798 1220 2133 1289 designatur.

552 1332 576 1359 ε
598 1320 837 1375 Joannes
861 1330 1077 1386 qirorwe
1092 1328 1391 1382 prmcessor
1414 1311 1646 1378 Domini,
1668 1312 1795 1367 Post
1816 1329 1913 1379 me,
1942 1312 2136 1380 inquit,

548 1411 683 1466 venit
729 1410 804 1462 vir
835 1408 921 1477 qui
966 1416 1083 1459 ante
1114 1421 1191 1458 me
1224 1406 1391 1475 factus
1436 1412 1529 1470 est,
1559 1404 1675 1473 quia
1733 1405 1877 1472 prior
1909 1420 1986 1457 me
2024 1411 2137 1456 erat

556 1500 736 1572 (Joan.
773 1500 836 1560 ti.
873 1497 1153 1569 Quomodo
1188 1496 1348 1565 igitur
1368 1504 1489 1564 post
1521 1509 1579 1547 se
1605 1504 1888 1551 Venturum
1914 1494 2136 1562 indicat,

552 1612 714 1666 quem
747 1602 873 1657 ante
914 1607 975 1646 se
1014 1590 1180 1647 fuisse
1226 1588 1517 1657 designat?
1549 1588 1607 1641 Si
1638 1588 1782 1641 enim
1823 1586 1891 1641 de
1922 1587 2139 1642 homine

550 1687 678 1751 hoc,
710 1685 799 1753 qui
834 1693 1019 1754 postea
1051 1690 1206 1735 natus
1231 1680 1693 1753 est,intclligitur,
1721 1679 1991 1750 quomodo
2014 1689 2139 1734 ante

551 1782 724 1853 ipsum
750 1778 885 1843 fuit?
907 1778 963 1835 Si
984 1777 1052 1834 de
1075 1776 1269 1843 Verbo,
1293 1773 1565 1849 quomodo
1594 1774 1668 1829 vir
1687 1770 1711 1809 ἀ
1732 1784 1844 1845 post
1870 1790 1946 1829 mc
1973 1775 2143 1828 venit?

2241 486 2321 531 tas
2352 475 2605 539 hominis,
2645 484 2701 531 et
2738 476 2900 535 Verbi
2941 474 3234 547 antiquitas
3282 476 3706 531 demmrstratur.
3740 476 3812 531 Ae

2239 569 2318 624 sic
2349 568 2409 624 lit
2437 576 2494 623 ut
2521 584 2658 624 unus
2678 568 2927 637 idemque
2959 570 3218 626 Dominus
3246 577 3372 623 ante
3399 568 3553 623 illum
3583 567 3744 631 fuerit
3768 576 3818 623 et

2240 670 2364 733 post
2412 663 2561 718 illum
2595 664 2829 731 venerit,
2878 665 3003 733 quia
3032 674 3087 720 et
3130 663 3426 719 secundum
3471 679 3694 719 carnem
3742 674 3823 719 est

2239 756 2447 812 Joanne
2474 758 2765 827 posterior,
2796 766 2850 811 et
2875 756 3170 815 secundum
3201 756 3543 817 divinitatem
3570 756 3826 815 omniims

2239 850 2406 921 prior.
2439 850 2506 904 Et
2534 851 2653 906 ideo
2688 851 2781 906 ille
2814 851 2993 905 virum
3026 850 3397 909 tantummodo
3425 852 3740 917 nominans,
3774 859 3829 909 et

2242 946 2513 1000 hominem
2553 944 2968 1011 demonstravit,
3003 955 3057 1000 et
3091 944 3363 1008 Verbum;
3394 946 3516 1014 quia
3548 961 3669 999 eum
3721 944 3827 999 Bo-

2241 1038 2420 1093 minus
2450 1037 2605 1091 Jeeus
2632 1037 2879 1095 Christus
2902 1036 3075 1091 Filius
3101 1036 3217 1100 Dei,
3248 1046 3300 1090 et
3326 1036 3547 1092 homine
3571 1052 3827 1092 cursum.

2247 1136 2422 1183 matus
2446 1128 2625 1193 fuerit,
2659 1137 2713 1184 et
2754 1128 2955 1197 Verbo,
2986 1145 3149 1183 unum
3183 1129 3249 1183 dc
3289 1143 3355 1184 co
3401 1128 3609 1195 dicens,
3645 1128 3825 1183 omnia

2248 1219 2658 1275 demonstravit.
2695 1221 2763 1274 Et
2786 1221 2914 1291 quid
2943 1220 3137 1291 plura?
3171 1220 3293 1275 Dies
3324 1236 3431 1283 me,
3464 1229 3521 1274 ut
3552 1235 3695 1284 reor,
3731 1219 3825 1274 de-

2244 1314 2471 1381 liciat,si
2486 1316 2664 1369 omnia
2691 1330 2809 1385 qua:
2840 1315 2907 1369 de
2938 1316 3039 1370 hoc
3063 1315 3167 1369 dici
3196 1323 3424 1383 possunt
3457 1314 3713 1383 colligere
3741 1320 3831 1367 aut

2244 1420 2502 1475 enarrare
2535 1415 2832 1463 tentavcro.
2857 1408 3066 1461 Etsatis
3093 1406 3367 1481 lucc,qua3
3400 1419 3544 1460 nunc
3575 1405 3829 1469 diximus,

2245 1499 2301 1557 in
2343 1499 2444 1555 hac
2473 1500 2670 1571 negotii
2722 1510 2875 1569 parte
2903 1499 3216 1565 dumtaxat,
3244 1507 3300 1561 et
3339 1497 3404 1554 ad
3448 1497 3680 1568 διαψυιί
3705 1505 3837 1555 sum

2245 1593 2668 1661 expositionem,
2724 1600 2775 1647 et
2831 1592 2899 1646 ad
2944 1605 3120 1647 causae
3180 1588 3438 1659 cilicium,
3492 1598 3547 1645 et
3597 1588 3665 1644 ad
3709 1586 3837 1644 libri

2246 1681 2488 1737 modum.

1632 1864 1814 1919 ALAR
1828 1865 1887 1918 Dl
1930 1865 2161 1922 CAZA‘II
2202 1866 2766 1925 COMMENTARIUS.

626 1974 651 2004 ι
688 1965 802 2019 Duo
832 1961 1077 2031 exempla
1113 1958 1483 2033 synecdoches
1526 1957 1589 2009 ad
1622 1957 1869 2033 homines
1897 1966 2140 2033 spectan-
2173 1962 2222 2023 B
2250 1961 2483 2016 hominis
2514 1960 2735 2033 Filium,
2766 1961 2831 2033 de
2857 1961 3073 2033 Virgine
3096 1971 3301 2025 natum,
3336 1961 3664 2033 passibiiem,
3692 1979 3838 2019 mor-

554 2035 623 2091 tia
654 2054 667 2088 :
703 2036 933 2102 primum
967 2028 1075 2095 ,'in
1120 2028 1225 2097 quo
1256 2044 1375 2102 pars
1409 2044 1503 2098 pro
1546 2037 1658 2080 toto
1707 2028 1943 2102 ponitur,
1982 2029 2142 2085 homo

555 2098 842 2177 singularis
870 2120 967 2174 pro
999 2112 1110 2157 toto
1140 2115 1338 2177 genere
1368 2101 1636 2163 humano;
1670 2098 1921 2177 alterum,
1948 2102 2003 2177 in
2038 2117 2143 2177 quo

556 2170 728 2232 totum
760 2191 855 2245 pro
875 2170 1055 2242 parte,
1092 2170 1318 2245 populus
1349 2185 1445 2239 pro
1480 2180 1628 2233 parte
1670 2170 1850 2245 populi
1884 2170 1995 2245 :_de
2024 2172 2143 2225 aliis

554 2263 683 2303 vero
709 2240 1101 2303 relius‘nullum
1136 2240 1315 2296 attulit
1346 2244 1655 2309 exemplum
1684 2240 1824 2309 quod
1855 2240 1919 2293 ad
1953 2258 2145 2295 secun-

554 2320 675 2373 dam
722 2321 954 2387 speciem
1002 2316 1248 2387 superius
1295 2328 1613 2387 expressam
1657 2312 1948 2387 attineret,
2000 2313 2149 2381 quod

556 2384 861 2458 hujusniodi
909 2388 1153 2453 exempla
1206 2384 1652 2458 frequentissima
1696 2384 1800 2458 sint
1841 2392 1893 2436 ct
1946 2390 2140 2450 passim

553 2455 711 2515 obvia
738 2505 750 2523 ,
784 2460 915 2512 illud
951 2458 1246 2525 praesertim
1276 2470 1382 2525 quo
1419 2455 1656 2525 carovel
1691 2456 1864 2506 anima
1894 2468 1991 2521 pro
2033 2465 2145 2509 toto

554 2530 774 2586 homine
826 2530 1041 2599 ponitur
1091 2524 1489 2597 (Genesium,
1538 2524 1685 2578 Rom.
1748 2539 1804 2576 ιιι
1861 2534 1904 2576 et
1967 2540 2057 2577 xm
2097 2535 2139 2578 et

552 2601 707 2656 Joan.
741 2605 804 2670 I).

630 2672 657 2713 ⁸³
700 2665 887 2729 Achab
936 2672 1195 2739 septimus
1248 2684 1433 2739 rvgnm
1485 2667 1685 2733 Israel,
1720 2666 1769 2719 id
1800 2674 1920 2739 est,
1958 2665 2144 2722 decem

556 2746 813 2806 tribuum,
836 2745 947 2811 qui,
982 2737 1139 2796 ducta
1176 2737 1342 2794 uxore
1374 2739 1769 2800 Jesabrl,'regis
1804 2737 2145 2811 Sidoniorum

555 2818 684 2880 lilia,
717 2817 783 2869 ah
822 2808 885 2869 ea
934 2808 1304 2877 dement-atus,
1358 2810 1494 2863 idola
1546 2813 1779 2876 gentium
1828 2808 2143 2873 introduxit,

553 2886 738 2947 fanum
770 2886 821 2939 in
857 2888 1095 2939 Samaria
1133 2884 1416 2937 :cdilicavit
1440 2924 1453 2942 ,
1489 2881 1657 2931 altare
1692 2880 1815 2939 Baal
1845 2924 1857 2945 ,
1887 2891 1932 2931 et
1966 2880 2143 2932 lucum

552 2959 716 3012 idolis
740 2959 977 3021 dicavit,
1015 2958 1217 3022 primus
1258 2954 1488 3017 denique
1521 2966 1685 3002 nov-as
1738 2951 2149 3022 superstitiones

554 3030 762 3084 invexit
798 3047 810 3081 :
844 3020 983 3081 unde.
1013 3020 1142 3079 illud
1168 3024 1441 3092 vulgatum
1474 3024 1523 3074 in
1557 3022 1830 3089 Scriptura
1861 3038 1871 3071 :
1906 3020 2004 3085 Qui
2031 3038 2145 3091 prc-

556 3104 684 3153 cavit
717 3108 761 3153 et
806 3114 1017 3167 peccare
1043 3098 1159 3167 fecit
1196 3096 1365 3149 Israel
1400 3093 1489 3167 (III
1520 3093 1646 3167 Ii‘cg.
1684 3107 1766 3144 xlv
1792 3100 1839 3143 ct
1866 3094 2006 3167 xvi);
2043 3110 2146 3146 non

561 3174 703 3240 Quod
740 3163 880 3225 totus
925 3163 1251 3235 Israeliticus
1290 3166 1521 3236 populus
1554 3164 1713 3240 hujus
1745 3163 1990 3240 excunplo
2026 3180 2150 3231 pec-

556 3234 712 3311 carit,
739 3254 791 3296 et
822 3243 1022 3295 multum
1054 3241 1163 3293 veri
1191 3234 1639 3311 D‘elideseruerit;
1670 3234 1767 3289 sed
1798 3234 1968 3311 major
1989 3248 2144 3311 pars,

556 3325 614 3369 ut
644 3305 726 3367 hic
757 3313 958 3366 iudicat
997 3311 1222 3365 Auctor.
1269 3308 1397 3362 Nam
1430 3317 1481 3361 et
1521 3317 1761 3374 tempore
1798 3305 1925 3358 Elia:
1965 3305 2149 3358 dereli-

554 3394 732 3456 querat
764 3384 860 3437 sibi
894 3383 1142 3435 Dominus
1186 3382 1239 3432 in
1281 3377 1449 3456 isracl
1480 3388 1667 3446 septem
1698 3376 1860 3456 millia
1894 3377 2138 3456 uirorum,

554 3446 774 3525 quorum
798 3469 966 3522 genua
997 3469 1097 3503 non
1128 3458 1247 3502 sunt
1277 3451 1542 3525 incurvata
1574 3460 1687 3498 ante
1714 3446 1874 3525 Baal,
1910 3446 1972 3525 IV
2009 3446 2138 3517 Iieg.

557 3516 668 3578 itx.
720 3523 775 3576 In
799 3516 909 3576 huc
940 3524 1117 3589 itaque
1148 3518 1397 3589 exemplo
1439 3535 1469 3569 a
1500 3528 1599 3569 toto
1630 3518 1795 3585 portio
1820 3516 2136 3586 designatur,

556 3595 611 3651 id
638 3602 744 3656 est,
776 3602 942 3645 totum
972 3588 1069 3661 pro
1095 3598 1244 3661 parte
1270 3588 1507 3661 punitur.

633 3676 656 3703 ο
700 3664 795 3717 Hic
819 3663 929 3731 jam
964 3656 1201 3716 ostendit
1227 3658 1495 3729 quomodo
1517 3657 1685 3731 etiam
1720 3657 1769 3731 in
1799 3670 2047 3731 sermone
2066 3656 2143 3731 de

556 3736 773 3791 Christo
798 3728 971 3793 locum
1002 3733 1193 3789 habeat
1223 3728 1309 3785 illa
1332 3728 1720 3800 synecdochica
1745 3729 1966 3794 locutio,
1994 3728 2145 3800 cujus

557 3807 802 3874 exempla
837 3804 1195 3873 praecedentia
1232 3817 1262 3857 e
1296 3798 1585 3871 scripturis
1619 3801 1868 3874 prorulit;
1901 3800 2023 3867 quia
2058 3798 2140 3852 ui-

559 3871 753 3934 tuiruni
786 3871 925 3947 quod
955 3876 1170 3947 Christo
1192 3876 1445 3947 convenit
1472 3871 1764 3947 secundum
1791 3872 2024 3947 divinam
2053 3887 2144 3922 na-

559 3960 775 4016 turam,
805 3942 1030 4002 'homini
1075 3946 1357 4009 tribuitur,
1413 3959 1533 3996 cum
1586 3942 1813 4016 (licinius
1839 3942 2144 4016 _homiuem

559 4024 719 4077 istum
739 4011 1156 4084 {demonstrato
1180 4018 1393 4070 Christo
1414 4056 1427 4079 ,
1459 4028 1577 4084 esse
1612 4014 1803 4064 Filium
1830 4011 1957 4084 Dei,
1992 4024 2148 4084 icter-

557 4108 707 4154 nnnt,
741 4082 1188 4160 crnnipotentcm,
1222 4095 1324 4160 etc.
1364 4085 1429 4137 Et
1460 4083 1713 4160 vicissim,
1752 4082 2007 4149 quidquid
2042 4083 2148 4160 lao-

557 4166 690 4219 mini
717 4162 787 4215 illi
811 4153 1063 4215 convenit
1084 4156 1380 4213 secandum
1405 4153 1672 4222 proiiriam
1697 4164 1959 4222 naturam,
1985 4155 2144 4207 etiam

522 4236 671 4301 ',Deo
704 4232 985 4293 tribuitur,
1014 4244 1135 4283 cum
1178 4221 1413 4281 dicimus
1450 4224 1699 4278 eutndem
1729 4221 1997 4281 Christum
2028 4240 2146 4280 esse

569 4351 1506 4376 W—

1070 4673 1297 4737 CAPUT
1340 4675 1630 4743 PRIMUM.

556 4789 986 4859 Adversariorum
1030 4789 1301 4861 calumniis
1338 4806 1677 4861 responsurus
1726 4790 1884 4843 divini
1926 4790 2151 4844 numinis

630 4879 776 4931 opem
801 4861 1041 4932 implorat
1067 4903 1081 4927 ,
1116 4870 1170 4913 ut
1211 4860 1388 4914 doceat
1416 4860 1697 4915 arationem
1738 4862 2152 4931 permittendum

629 4951 737 4988 esse
760 4935 823 4986 ab
851 4932 932 4986 his
962 4933 1051 5003 (μιιὶ
1079 4932 1146 4986 ad
1176 4932 1543 5004 disputandum
1571 4948 1685 4985 cum
1714 4932 1968 4985 Itwreticis
2000 4949 2147 4986 acce-

630 5008 777 5061 dunt

629 5142 783 5213 Quod
809 5141 1035 5198 evenire
1064 5140 1145 5195 his
1174 5139 1316 5195 solet
1359 5139 1450 5210 qui
1480 5153 1603 5192 cum
1636 5136 1859 5207 pelagus
1882 5136 1994 5207 jam
2022 5153 2149 5193 eva-

556 5242 749 5306 serint,
784 5247 875 5295 aut
904 5244 1200 5313 prmteutas
1230 5234 1477 5305 portibus
1506 5240 1706 5304 syrtes,
1740 5240 1829 5299 aut
1859 5231 2033 5293 vicina
2066 5231 2152 5287 lit-

555 5337 765 5393 toribus
812 5349 941 5395 saxa
969 5330 1285 5394 formidant,
1319 5329 1451 5387 mihi
1483 5328 1585 5387 hoc
1616 5326 1907 5389 adnuodurn
1936 5327 2149 5395 accidit,

558 5439 616 5481 ιιι
666 5426 961 5484 reservatis
1003 5423 1069 5480 ad
1117 5422 1369 5478 ultimum
1409 5419 1727 5491 quibusdam
1774 5420 2149 5476 haereticorum

551 5518 874 5583 calumniis,
907 5531 1029 5583 cum
1054 5515 1164 5586 jam
1198 5513 1262 5575 ad
1297 5513 1474 5577 exacti
1505 5513 1706 5573 laboris
1738 5514 2023 5568 terminum
2056 5529 2149 5568 ve-

2250 2041 2422 2099 tuum,
2453 2041 2557 2087 etc.
2596 2032 2711 2099 Qua
2736 2032 2947 2086 ratione
2977 2032 3117 2085 idem
3147 2033 3394 2088 Christus
3419 2043 3478 2089 et
3504 2032 3712 2090 Joanne
3746 2051 3841 2089 an-

2248 2104 2417 2157 terior
2450 2112 2503 2157 et
2530 2106 2796 2171 posterior
2821 2119 2947 2157 vere
2979 2103 3195 2159 dicitur.

2320 2172 2345 2209 ά
2392 2174 2491 2242 Qui
2517 2186 2632 2241 post
2661 2190 2740 2227 me
2769 2177 2916 2228 venit.
2953 2175 3178 2241 Quidam
3208 2184 3476 2244 exponunt
3501 2174 3567 2229 de
3594 2175 3843 2234 adventu

2248 2244 2449 2299 Christi
2483 2260 2579 2314 per
2601 2246 2933 2299 nativitatem
2958 2249 3009 2298 in
3036 2248 3315 2311 rutundum,
3341 2247 3487 2315 quasi
3521 2257 3642 2317 post
3674 2246 3843 2305 Joan-

2250 2332 2373 2370 nem
2406 2319 2616 2369 venisse
2649 2317 2879 2378 dicatur,
2932 2318 3053 2387 quia
3097 2329 3248 2372 sexto
3299 2327 3421 2385 post
3461 2318 3606 2375 illum
3654 2318 3842 2375 mense

2248 2397 2404 2440 natqu
2430 2398 2531 2439 est.
2566 2387 2641 2440 Ita
2670 2386 3002 2457 Epiphanius
3042 2388 3235 2441 hatrcsi
3268 2389 3360 2455 69,
3388 2389 3709 2443 Ambrosius
3741 2391 3838 2444 lib.

2248 2472 2305 2531 r_u
2338 2458 2402 2531 de
2428 2458 2558 2531 Fide
2587 2472 2705 2531 cap.
2736 2461 2797 2531 5,
2820 2459 3110 2531 Gregorius
3135 2460 3352 2513 humilia
3386 2461 3417 2512 7
3446 2459 3499 2513 in
3526 2461 3835 2531 Evangelia.

2249 2528 2317 2581 Et
2345 2529 2635 2583 Cassianus
2660 2529 2756 2582 hoc
2788 2530 2909 2583 loco
2940 2528 3152 2587 videtur
3184 2534 3426 2595 innuere,
3459 2532 3585 2584 dum
3607 2528 3728 2584 ait:
3768 2529 3843 2584 De

2248 2599 2454 2655 homine
2479 2600 2573 2675 hoc
2598 2601 2684 2675 qui
2716 2609 2892 2671 postea
2916 2610 3067 2675 natus
3089 2616 3180 2655 est.
3214 2605 3283 2655 At
3311 2602 3652 2671 participium
3683 2603 3838 2675 ἔρχὸο

2248 2691 2415 2745 μενος,
2449 2673 2534 2740 qui
2566 2672 2720 2737 venit,
2755 2673 3036 2741 praesentis
3070 2674 3329 2742 temporis
3350 2715 3369 2745 .A
3393 2676 3625 2745 positum
3660 2672 3839 2729 tamen

2251 2756 2348 2809 pro
2378 2742 2579 2806 futuro,
2612 2744 2699 2811 qui
2732 2754 2986 2797 venturus
3011 2752 3113 2808 est,
3147 2759 3253 2798 non
3285 2742 3507 2801 videtur
3541 2745 3681 2797 hunc
3707 2752 3839 2799 seu-

2250 2826 2367 2864 sum
2397 2813 2701 2868 admittere.
2753 2814 2871 2868 Jam
2899 2816 3043 2871 enim
3073 2815 3319 2871 Christus
3360 2826 3519 2879 natus
3562 2822 3677 2868 erat
3718 2830 3849 2868 cum

2250 2882 2485 2936 Joannes
2526 2884 2641 2936 lucc
2676 2884 2909 2954 diceret,
2944 2894 2997 2938 et
3028 2894 3206 2942 tamen
3245 2885 3481 2955 loquitur
3516 2886 3583 2940 de
3616 2886 3797 2939 hitur-0
3827 2902 3841 2942 :

2250 2954 2389 3006 sicut
2418 2956 2483 3007 de
2513 2955 2625 3007 Elia
2656 2955 2787 3012 dixit
2820 2954 3053 3011 Matthaci
3085 2972 3198 3011 xvn
3230 2976 3241 3009 :
3277 2954 3421 3011 Elius
3450 2959 3652 3028 quidem
3680 2958 3841 3024 venit,

2251 3038 2349 3090 pro
2375 3066 2388 3089 ,
2422 3035 2676 3081 venturus
2706 3036 2789 3080 est
2813 3067 2826 3087 ,
2863 3036 2919 3080 ut
2950 3037 3135 3081 noster
3157 3029 3317 3082 etiam
3354 3030 3515 3084 vertit
3546 3033 3842 3095 interpres.

2250 3094 2440 3169 Melius
2467 3112 2606 3169 ergo
2644 3095 2721 3169 dc_
2751 3097 2951 3151 Christi
2998 3098 3380 3166 praedicatione
3419 3094 3846 3169 ostensioneque

2252 3165 2587 3243 intelligitur,
2611 3178 2663 3243 ut
2689 3165 3105 3243 Chrysostomus
3128 3181 3178 3225 et
3204 3172 3518 3243 Euthymius
3540 3165 3840 3243 exponunt.

2251 3236 2500 3291 Chrisms
2549 3239 2692 3291 sitim
2740 3236 2862 3308 post
2901 3240 3165 3297 Joannem
3196 3236 3410 3296 venisse
3453 3240 3677 3304 dicitur,
3716 3242 3851 3309 quia

2176 3339 2221 3403 C
2255 3320 2517 3403 testeum
2541 3310 2890 3403 sese‘r'ninrdo
2916 3326 3011 3379 per
3036 3311 3473 3403 praedicationem
3506 3312 3848 3403 etrmiracul‘a

2254 3379 2634 3451 ruanil’cstavit.
2672 3379 2781 3433 Illis
2805 3389 2982 3434 autem
3012 3382 3191 3437 verbis
3221 3400 3233 3436 :
3281 3384 3412 3437 Ante
3449 3398 3530 3435 me
3555 3386 3717 3451 factus
3750 3390 3849 3447 est,

2252 3449 2447 3521 docent
2500 3451 2683 3505 Patres
2729 3451 3017 3518 signiﬁcari
3066 3468 3171 3506 non
3203 3454 3474 3508 Christum
3520 3449 3845 3521 productum

2251 3528 2375 3573 ante
2404 3520 2687 3587 Joannem,
2726 3522 2821 3575 sed
2848 3522 3039 3579 JOanni
3067 3526 3339 3589 praelatum
3371 3535 3420 3578 et
3451 3520 3846 3591 aliiepositum,

2251 3604 2315 3643 ac
2340 3592 2384 3646 si
2410 3592 2646 3647 Joannes
2677 3593 2905 3647 dixisset
2934 3611 2944 3644 :
2972 3594 3074 3661 Qui
3105 3606 3226 3663 post
3253 3610 3340 3651 me
3373 3596 3539 3659 venit,
3563 3596 3735 3663 major
3765 3610 3851 3657 me

2252 3669 2365 3725 est;
2398 3664 2507 3728 vel,
2543 3672 2600 3717 ut
2627 3667 2763 3733 apud
2792 3664 3098 3718 Matthmum
3128 3666 3319 3733 legitur
3345 3683 3356 3719 :
3395 3666 3609 3719 Fortior
3638 3682 3715 3718 me
3748 3673 3847 3731 est,

2254 3734 2401 3807 cujus
2423 3751 2527 3807 non
2551 3750 2661 3807 sum
2683 3736 2870 3803 dignus
2892 3738 3233 3807 calceamenta
3258 3744 3462 3804 portare
3482 3737 3700 3806 (Matth.
3726 3736 3847 3807 tu);

2252 3803 2413 3872 idque
2444 3804 2715 3877 colligitur
2742 3822 2805 3859 ex
2840 3815 3007 3863 teXtu.
3041 3806 3171 3861 Nam
3201 3803 3369 3862 siet-it
3396 3826 3407 3860 ι
3432 3803 3563 3863 Ante
3583 3803 3853 3877 meracius

2249 3887 2346 3948 est,
2372 3875 2489 3943 quia
2515 3877 2653 3943 prior
2676 3892 2754 3929 me
2775 3886 2921 3943 erat;
2946 3877 2996 3931 id
3021 3888 3122 3944 est,
3155 3880 3429 3948 praecessit
3454 3894 3539 3933 me
3560 3875 3851 3946 dignitate,

2251 3947 2373 4013 quia
2409 3950 2685 4019 praecessit
2713 3948 3018 4019 aeternitate
3042 3992 3056 4014 ,
3094 3947 3209 4017 ipSe
3251 3951 3396 4006 enim
3442 3960 3697 4013 internus,
3747 3962 3859 4019 ego

2254 4018 2582 4091 temporalis.
2636 4017 2707 4091 Ita
2754 4018 3085 4091 Augustinus
3128 4028 3357 4081 tractatu
3385 4021 3418 4074 4
3450 4022 3501 4073 in
3533 4017 3808 4075 Joauueni
3836 4036 3851 4072 :

2251 4084 2381 4161 auge
2404 4104 2482 4141 me
2509 4130 2521 4153 ,
2557 4089 2763 4158 inquit,
2795 4084 2959 4161 factus
3000 4100 3071 4147 cst
3096 4131 3111 4157 ,
3143 4093 3262 4158 quia
3293 4094 3538 4161 prwlatus
3577 4101 3649 4145 est
3699 4091 3851 4143 mihi.

2252 4156 2411 4231 Prior
2432 4175 2511 4211 me
2536 4156 2666 4227 erat,
2692 4156 2814 4229 quia
2842 4162 2895 4214 in
2925 4156 3183 4231 principio
3211 4156 3319 4217 erat
3354 4162 3575 4216 Verbum
3595 4202 3611 4228 ,
3636 4170 3686 4218 et
3720 4161 3859 4217 Ver-

2252 4228 2372 4281 bum
2406 4240 2512 4283 erat
2537 4234 2674 4300 apud
2706 4228 2893 4297 Deum,
2928 4228 2982 4287 et
3010 4228 3148 4287 Deus
3175 4244 3284 4291 erat
3319 4233 3561 4291 Verbum.

2466 4360 2777 4373 ————~—

1504 4353 1983 4535 ὗῖιῖιι
2050 4359 3001 4543 δίει)ΤῖιῇΙῖ

2174 4680 2229 4741 D
2254 4681 2447 4744 nerim,
2479 4693 2602 4741 eum
2633 4679 2811 4752 ipsum
2841 4666 3001 4749 linem
3024 4682 3277 4754 incipiam
3307 4692 3573 4753 metuere,
3596 4685 3667 4743 ad
3687 4700 3855 4758 quem

2258 4772 2689 4831 desideraveram
2720 4778 3033 4847 pervenire.
3066 4778 3171 4835 Sed
3202 4789 3260 4835 ut
3287 4778 3558 4849 Propheta
3589 4780 3669 4835 ait
3695 4798 3706 4833 :
3741 4777 3863 4836 Do-

2258 4865 2428 4925 minus
2472 4867 2600 4922 mihi
2644 4870 2855 4941 adjutor
2899 4881 3004 4937 est,
3034 4888 3135 4933 non
3166 4873 3350 4927 timebo
3380 4873 3504 4943 quid
3534 4872 3697 4943 faciat
3720 4872 3861 4926 mihi

2255 4956 2407 5014 homo
2427 4957 2651 5031 (Psalm.
2674 4964 2842 5032 cun)
2866 4980 2882 5018 :
2913 4978 3022 5020 non
3051 4965 3332 5025 timeamus
3359 4974 3649 5035 praetentas
3680 4963 3863 5022 haere-

2258 5050 2492 5108 ticorum
2526 5052 2896 5115 insidiantium
2930 5056 3115 5117 foveas
3142 5068 3198 5114 et
3240 5059 3499 5129 obseptas
3529 5058 3699 5129 spinis
3729 5073 3867 5128 μειερ-

2255 5149 2357 5199 sim
2386 5145 2731 5204 horrentibus
2771 5151 2884 5206 vias
2911 5193 2926 5219 ,
2974 5168 3095 5222 quae
3122 5166 3243 5208 cum
3270 5164 3529 5223 saperent
3552 5152 3723 5225 magis
3769 5153 3865 5208 iti-

2254 5251 2386 5293 nera
2419 5254 2575 5308 quam
2607 5241 2900 5311 claudant,
2948 5242 3017 5300 de
3058 5244 3442 5305 emundatione
3473 5245 3628 5305 nobis
3672 5244 3865 5323 potius

2257 5326 2431 5393 labor,
2460 5346 2620 5401 quam
2650 5333 2720 5390 de
2745 5332 3399 5403 possibilitatelormido.
3434 5336 3573 5406 Quia
3604 5352 3723 5397 cum
3757 5350 3866 5397 no-

2256 5422 2343 5481 bis
2369 5428 2653 5495 agentibus
2680 5437 2891 5484 rectum
2924 5429 3027 5485 iter
3067 5430 3357 5495 infirmiter
3392 5430 3768 5501 seobjiciaut,
3806 5438 3869 5484 et

2260 5524 2286 5552 ι
2318 5517 2575 5573 horreant
2601 5520 3005 5579 ambulantibus
3049 5523 3217 5597 magis
3248 5538 3409 5597 quam
3439 5525 3640 5594 obaslnt,
3673 5524 3699 5564 δ
3733 5523 3865 5595 DIUS

1652 5604 1906 5669 ALABDI
1948 5602 2183 5661 GAZIEI
2218 5602 2792 5675 COMMENTARIUS.

630 5709 653 5737 ⁸
691 5703 745 5760 ld
787 5714 903 5769 est,
949 5702 1177 5757 horrore
1204 5711 1256 5756 et
1300 5716 1495 5768 pavore
1538 5700 1913 5757 concutiuntur
1942 5743 1954 5763 ,
1993 5699 2146 5755 nobis

559 5774 952 5838 ambulantibus
979 5774 1034 5829 in
1061 5771 1143 5826 via
1180 5772 1420 5833 Domini,
1465 5781 1572 5826 etc.
1593 5814 1606 5839 ,
1639 5771 1733 5826 ubi
1762 5770 2142 5825 ambulantibus

2257 5714 2340 5759 est
2361 5705 2624 5767 ablativus
2651 5707 2949 5767 absolutus.

2325 5774 2353 5815 ι’
2393 5774 2505 5831 lico
2533 5788 2636 5843 est,
2663 5779 2839 5848 magis
2867 5780 3229 5844 laborandmn
3262 5784 3418 5841 nobis
3442 5793 3531 5842 est
3550 5782 3623 5843 de
3644 5796 3877 5846 «00h
