4000 6186
510 301 615 368 199

1828 294 2109 354 JOANNIS
2146 294 2459 355 CASSIANI

3682 296 3801 361 200

512 422 703 491 ejectis
743 418 1011 491 quondam
1055 415 1322 473 idolorum
1363 412 1597 469 cultibus
1628 414 2105 483 exterminatisque
2131 415 2187 473 Α
2213 414 2313 469 bus
2342 415 2458 470 haec
2487 414 2589 469 dici
2618 424 2861 485 possunt.
2887 415 3057 472 Nemo
3083 415 3227 472 enim
3253 430 3321 473 ex
3349 415 3435 473 his
3466 417 3798 477 anteriorem

514 514 855 581 simulacris,
900 511 1074 567 fecisti
1104 525 1167 565 ex
1202 507 1339 562 lanis
1368 506 1673 561 daemonum
1704 506 1901 573 templa
1936 507 2108 559 virtu-

466 615 652 695 .,'tum,
688 608 934 660 inserens
961 602 1013 655 in
1045 614 1305 654 cavernas
1334 607 1647 669 serpentum
1675 607 1729 652 et
1760 598 2103 667 scorpionum

514 700 769 770 tulgentis
795 694 1014 751 luminis
1053 693 1258 760 radios,
1287 701 1344 747 et
1369 707 1433 745 ex
1460 692 1731 747 cubilibus
1763 706 2011 746 errorum
2044 706 2106 744 ac

516 788 910 860 turpitudinum
942 785 1136 841 domos
1166 793 1608 839 ornamentorum
1641 798 1704 840 ac
1746 783 2106 854 pulchritudi-

516 896 643 937 num
687 878 990 944 reddidisti,
1022 876 1097 931 ita
1129 876 1382 931 omnibus
1418 892 1646 947 quorum
1702 876 1890 932 oculos
1934 876 2108 946 caligo

514 972 789 1029 haeretica:
833 968 1201 1041 perversitatis
1245 968 1457 1024 obsedit
1496 968 1670 1023 lucem
1721 968 2108 1023 misericordia:

518 1078 621 1123 tua
650 1081 713 1121 ac
743 1065 983 1120 veritatis
1012 1062 1234 1118 infunde
1257 1104 1273 1130 ,
1306 1070 1365 1117 ut
1404 1061 1798 1117 lncarnationis
1846 1070 1953 1115 tua:
1996 1076 2110 1116 ma-

515 1173 677 1231 gnum
704 1172 770 1211 ac
795 1154 1137 1211 salutiferum
1184 1161 1587 1209 sacramentum
1620 1162 1865 1207 reserato
1893 1151 2105 1206 tandem

517 1269 580 1309 ac
608 1267 742 1323 puro
768 1250 973 1305 lumine
996 1257 1338 1312 contuentes,
1370 1247 1444 1301 ita
1474 1255 1527 1303 te
1553 1261 1621 1300 ex
1648 1253 1994 1301 sacrosancto
2019 1244 2109 1299 illo

521 1345 883 1404 immaculata:
908 1342 1148 1413 Virginis
1171 1351 1324 1396 utero
1347 1339 1549 1394 editum
1577 1338 1777 1394 mundo
1802 1353 1987 1392 verum
2012 1336 2111 1390 ho-

521 1443 720 1496 minem
751 1452 872 1493 esse
902 1437 1221 1504 intelligant,
1250 1441 1308 1486 ut
1334 1446 1520 1487 verum
1553 1440 1738 1487 tamen
1769 1430 1937 1486 Deum
1967 1443 2111 1484 sem-

522 1549 621 1605 per
649 1532 816 1588 t'uisse
845 1537 1197 1600 cognoscant.

988 1626 993 1629 ’
1141 1620 1369 1679 CAPUT
1409 1620 1477 1676 ll.

628 1717 873 1774 Dissolvit
904 1716 1237 1785 objectionem
1266 1721 1521 1781 sumptam
1558 1725 1622 1763 ea:
1651 1708 1759 1785 illis
1795 1706 1960 1761 verbis
1983 1720 2003 1759 :

930 1782 1096 1840 Nemo
1126 1786 1434 1838 anteriorem
1464 1798 1517 1835 se
1546 1782 1704 1851 parit.

597 1907 673 1959 Ac
702 1903 1009 1972 priusquam
1030 1898 1095 1954 de
1121 1897 1207 1952 his
1233 1898 1395 1953 rebus
1422 1894 1571 1967 loqui
1595 1894 1795 1962 incipio
1815 1906 1949 1963 quas
1979 1905 2111 1947 nec-

524 1997 651 2053 dum
691 1996 841 2051 libris
871 1992 1241 2063 superioribus
1284 1990 1564 2061 prrelibavi
1587 2031 1601 2054 ,
1634 2002 1846 2058 aequum
1876 1986 2113 2041 arbitror

526 2101 584 2144 ut
621 2088 797 2145 enitar
836 2086 1121 2142 exsolvere
1160 2100 1279 2153 qua:
1314 2085 1425 2153 jam
1466 2092 1590 2137 ante
1631 2081 1894 2151 promisi,
1926 2090 1984 2134 ut
2012 2096 2110 2134 ex-

526 2186 669 2256 pleta
705 2182 920 2254 penitus
949 2180 1243 2249 Sponsione
1266 2220 1280 2243 ,
1314 2176 1539 2233 liberius
1569 2176 1637 2231 de
1683 2176 1899 2229 intactis
1926 2174 2111 2228 dicere

523 2279 726 2347 ordiar,
769 2292 889 2332 cum
931 2275 997 2330 de
1038 2273 1292 2344 pollicitis
1332 2271 1673 2327 satisfecero.
1727 2271 1818 2325 Ait
1867 2284 1998 2339 ergo
2044 2268 2111 2323 ad

525 2372 913 2429 destruendam
946 2383 1117 2423 sacra:
1149 2364 1448 2421 nativitatis
1481 2363 1643 2419 ﬁdem
1673 2363 1901 2419 sibilans
1932 2363 1983 2417 in
2017 2361 2111 2417 Dei

524 2464 765 2520 Ecclesia
798 2477 971 2517 novus
999 2459 1225 2515 coluber
1256 2476 1268 2510 :
1302 2467 1326 2494 α
1359 2457 1530 2513 Nemo
1569 2456 1897 2511 anteriorem
1930 2470 1988 2509 se
2018 2469 2111 2524 pa-

524 2558 615 2613 rit.
664 2557 903 2612 Primum
943 2569 1074 2624 ergo
1114 2561 1169 2608 te
1210 2566 1316 2607 non
1365 2551 1542 2606 solum
1597 2549 1725 2619 quid
1774 2548 1962 2617 dicas,
2013 2548 2110 2603 sed

525 2649 687 2707 etiam
720 2646 861 2703 unde
892 2646 1041 2701 dicas
1061 2687 1073 2711 ,
1106 2645 1316 2700 nescire
1346 2644 1606 2698 arbitror.
1639 2641 1695 2697 Si
1729 2643 1871 2695 enim
1903 2641 2106 2708 scires,

525 2753 619 2798 aut
656 2742 986 2813 intelligeres
1013 2739 1157 2795 unde
1185 2737 1438 2804 diceres,
1473 2751 1814 2806 nequaquam
1847 2734 2106 2803 unigeniti

526 2837 617 2892 Dei
660 2836 992 2891 nativitatem
1036 2832 1284 2888 mortalis
1323 2830 1691 2901 opiniunculaa
1732 2829 1940 2882 ratione
1976 2842 2109 2883 cen-

522 2946 712 2998 seres;
755 2946 929 3000 neque
968 2930 1017 2984 ei
1058 2928 1149 2996 qui
1184 2937 1334 2982 extra
1366 2931 1687 2991 conceptum
1720 2923 1973 2977 humanae
2001 2922 2110 2977 ori-

519 3023 661 3091 ginis
688 3032 842 3077 natus
867 3030 986 3087 est,
1016 3018 1267 3075 humanis
1297 3016 1723 3072 detinitiunculis
1756 3014 2108 3084 prmjudicare

521 3120 799 3180 teutares;
841 3121 935 3166 aut
975 3120 1218 3167 terrenas
1259 3108 1728 3177 impossibilitates
1768 3108 1963 3162 divinae
1990 3123 2107 3162 om-

2210 523 2271 563 se
2301 509 2525 577 gignere
2555 511 2843 578 praevalet,
2876 510 2999 580 quia
3030 526 3093 566 ea
3136 526 3259 581 quae
3297 520 3417 566 orta
3457 513 3565 583 jam
3598 513 3800 569 fuerint

2210 602 2391 657 redire
2422 602 2480 656 in
2513 601 2563 657 id
2596 616 2814 657 rursum
2845 617 2952 657 non
2984 612 3224 673 queunt,
3258 613 3317 657 ut
3344 619 3482 659 nova
3516 604 3795 661 creatione

2209 703 2558 764 generentur.
2604 694 2675 749 Et
2717 694 2839 751 ideo
2885 709 3043 749 nemo
3090 694 3416 750 anteriorem
3462 709 3523 751 se
3568 710 3799 765 parere,

2210 786 2465 856 quoniam
2495 800 2596 841 nec
2625 786 2954 841 anteriorem
2995 786 3217 858 gignere
3256 795 3469 857 potest,
3516 788 3643 857 quia
3688 803 3800 843 non

2211 881 2360 933 venit
2385 893 2548 934 causa
2585 878 2832 948 pariendi
2866 879 2967 934 nisi
2995 894 3060 935 ex
3092 878 3447 946 possibilitate
3476 880 3800 951 generandi.

2212 972 2291 1027 Tn
2321 986 2451 1041 ergo
2482 972 2533 1026 id
2565 972 2619 1026 in
2662 972 2947 1027 nativitate
2978 972 3372 1043 omnipotentis
3402 974 3536 1039 Dei,
3569 974 3713 1045 quod
3746 974 3803 1029 in

2212 1074 2333 1121 ortu
2370 1074 2714 1122 terrenorum
2748 1066 3059 1122 animalium
3102 1067 3558 1123 considerandum
3599 1070 3805 1139 putas?

2212 1166 2268 1212 et
2305 1158 2354 1212 ei
2397 1166 2645 1225 naturam
2672 1157 2922 1212 humana:
2950 1158 3286 1213 conditionis
3319 1159 3518 1226 obiicis
3539 1201 3553 1225 ,
3597 1160 3688 1229 qui
3719 1170 3807 1215 est

2213 1257 2405 1303 auctor
2433 1249 2547 1318 ipse
2576 1250 2826 1306 naturae?
2858 1249 3021 1304 Vides
3047 1264 3181 1321 ergo
3201 1291 3216 1317 ,
3250 1260 3307 1304 ut
3335 1265 3501 1320 supra
3529 1250 3671 1317 dixi,
3706 1268 3804 1307 ne-

2213 1340 2357 1395 scire
2387 1349 2441 1396 te
2471 1340 2613 1395 unde
2644 1350 2736 1395 aut
2765 1340 2833 1396 de
2858 1356 2967 1410 quo
2996 1341 3147 1395 dicas
3169 1382 3185 1409 ,
3215 1342 3308 1411 qui
3340 1341 3578 1397 facturas
3609 1342 3802 1400 factori

2212 1447 2530 1503 comparas,
2577 1444 2632 1488 et
2679 1434 2743 1488 ad
2789 1433 3162 1489 aestimandam
3210 1434 3308 1490 Dei
3347 1436 3802 1506 omnipotentiam

2212 1542 2400 1582 earum
2431 1542 2612 1583 rerum
2641 1527 2890 1596 exemplo
2920 1528 3092 1583 uteris
3113 1569 3129 1595 ,
3162 1543 3285 1598 qua:
3318 1529 3449 1599 ipsa:
3480 1532 3665 1600 utique
3692 1546 3802 1586 non

2214 1629 2399 1675 essent
2417 1661 2432 1687 ,
2464 1621 2569 1675 nisi
2603 1619 2835 1690 idipsum
2864 1635 2929 1674 ex
2957 1619 3070 1675 Deo
3097 1630 3281 1675 essent
3308 1620 3454 1692 quod
3482 1630 3628 1677 sunt.
3662 1623 3805 1679 Deus

2214 1728 2345 1785 ergo
2370 1725 2431 1768 ut.
2459 1712 2667 1779 voluit,
2697 1722 2753 1767 et
2779 1712 2997 1782 quando
3022 1712 3230 1783 voluit,
3274 1721 3329 1768 et
3366 1727 3432 1768 ex
3473 1728 3537 1770 ea
3577 1728 3680 1785 qua
3707 1729 3809 1769 vo—

2139 1803 2190 1865 B
2214 1809 2346 1873 luit,
2374 1808 2613 1862 advenit.
2642 1806 2751 1863 Nec
2777 1815 2989 1876 tempus
3013 1806 3102 1871 ei,
3130 1819 3231 1861 nec
3259 1820 3486 1874 persona
3508 1846 3523 1872 ,
3552 1820 3651 1862 nec
3674 1821 3808 1862 con-

2214 1900 2442 1956 suetudo
2474 1900 2750 1954 hominum
2771 1939 2786 1965 ,
2821 1913 2921 1953 nec
2952 1897 3203 1968 exempla
3246 1913 3431 1953 rerum
3474 1898 3808 1968 praeiudica-

2214 2002 2372 2059 runt;
2404 1994 2529 2062 quia
2559 1993 2823 2047 obsistere
2849 1992 2900 2046 ei
2931 2007 3037 2046 non
3067 1991 3241 2061 potuit
3274 1991 3361 2046 lex
3388 1999 3764 2047 creaturarum
3788 2036 3804 2058 ,

2214 2088 2305 2158 qui
2342 2096 2424 2142 est
2463 2093 2676 2142 creator
2722 2085 2840 2155 ipse
2878 2093 3222 2140 cunctorum.
3266 2083 3334 2139 Et
3376 2096 3534 2151 posse
3564 2083 3612 2138 ei
3654 2084 3807 2154 quod

2216 2181 2387 2235 voluit
2427 2189 2735 2249 promptum
2778 2177 2913 2244 fuit,
2954 2178 3077 2248 quia
3122 2187 3358 2248 potestas
3397 2175 3567 2231 adfuit
3609 2176 3811 2231 volun-

2216 2274 2334 2328 tati.
2366 2272 2457 2328 Vis
2497 2273 2639 2329 scire
2680 2272 3021 2341 aliquatenus
3061 2280 3258 2341 quanta
3302 2271 3373 2325 sit
3415 2271 3810 2338 omnipotentia

2215 2365 2357 2421 Dei?
2384 2380 2485 2435 ego
2512 2365 2563 2419 id
2595 2364 2758 2419 etiam
2788 2363 3079 2418 Dominum
3107 2363 3177 2418 de
3201 2363 3467 2417 creaturis
3491 2361 3604 2416 suis
3628 2361 3811 2419 facere

2215 2472 2374 2528 posse
2398 2457 2596 2523 credo,
2629 2455 2771 2526 quod
2802 2463 2860 2509 tu
2887 2470 3009 2510 eum
3035 2455 3103 2509 de
3129 2468 3189 2509 se
3218 2453 3336 2524 ipso
3365 2452 3543 2508 facere
3571 2454 3810 2522 potuisse

2216 2564 2322 2605 non
2353 2547 2554 2604 credis.
2586 2547 2776 2602 Omnia
2807 2548 2952 2602 enim
2996 2546 3293 2600 animantia
3335 2560 3457 2616 quae
3500 2547 3807 2615 posteriora

2214 2658 2272 2699 se
2294 2642 2592 2715 pariunt,'si
2623 2640 2783 2696 modo
2810 2640 2860 2694 id
2889 2640 3032 2695 Deus
3051 2637 3306 2710 jubeat,b
3334 2639 3609 2694 anteriora
3632 2639 3807 2695 multo

2215 2752 2276 2792 se
2305 2750 2497 2805 parere
2532 2741 2780 2805 possunt.
2824 2732 2956 2787 Nam
2983 2740 3039 2787 et
3064 2731 3169 2787 cibi
3194 2730 3294 2800 ipsi
3336 2738 3390 2785 et
3417 2729 3608 2800 pocula
3628 2771 3643 2797 ,
3670 2732 3715 2785 si
3740 2744 3806 2787 ea

2215 2830 2525 2885 Divinitatis
2564 2828 2820 2884 Voluntas
2856 2827 2961 2895 sit,
3009 2826 3061 2880 in
3102 2832 3403 2894 conceptus
3445 2824 3709 2895 quosdam
3747 2834 3810 2882 et

2213 2923 2499 2993 progenies
2526 2922 2666 2977 verti
2694 2929 2940 2991 possunt.
2990 2918 3160 2988 Aquze
3199 2916 3437 2987 denique
3475 2918 3639 2986 ipsae,
3686 2918 3813 2984 qui-

2212 3014 2315 3071 bus
2341 3014 2409 3069 ab
2439 3012 2662 3069 exordio
2692 3026 2871 3067 rerum
2904 3009 3251 3065 manantibus
3271 3051 3287 3075 ,
3314 3016 3369 3065 et
3393 3009 3586 3080 quibus
3617 3010 3810 3065 admo-

2213 3109 2339 3163 dum
2368 3107 2546 3163 omnia
2570 3106 2867 3160 animantia
2889 3114 3141 3168 utuntur,
3167 3101 3443 3173 eorporari
3464 3143 3478 3168 ,
3503 3101 3546 3156 si
3577 3099 3629 3155 id
3653 3102 3811 3157 Deus

522 3205 832 3278 nipOLentite
871 3203 1174 3274 objiceres,
1216 3202 1260 3258 si
1305 3202 1419 3257 Deo
1452 3200 1789 3271 impossibile
1820 3200 1956 3255 nihil
1986 3214 2107 3256 esse
2136 3186 2183 3251 C
2210 3201 2436 3273 jubeat,
2469 3200 2523 3254 in
2567 3196 2871 3253 visceribus
2910 3203 2965 3250 et
3007 3194 3154 3264 gigni
3196 3202 3441 3263 possunt.
3483 3192 3615 3259 Quis
3652 3194 3809 3249 enim

517 3299 886 3369 cognovisses.
920 3296 1092 3351 Nemo
1117 3309 1281 3363 ergo,
1313 3293 1490 3362 inquis
1512 3332 1527 3357 ,
1560 3292 1895 3347 anteriorem
1926 3306 1986 3348 se
2012 3309 2108 3364 pa-

516 3390 608 3445 rit.
643 3389 739 3444 Dic
769 3387 899 3442 mihi
926 3427 939 3450 ,
967 3400 1152 3455 quaeso
1174 3424 1189 3449 ,
1219 3385 1286 3439 de
1311 3384 1510 3452 quibus
1535 3392 1587 3435 te
1619 3384 1766 3453 loqui
1796 3385 2009 3449 causis,
2041 3384 2109 3440 de

516 3494 745 3552 quorum
772 3477 1123 3530 animantium
1150 3474 1386 3527 aestimas
1411 3471 1641 3526 delinire
1668 3474 1915 3528 naturis?
1940 3474 2109 3529 homi-

516 3571 675 3626 nibus
703 3576 756 3624 te
781 3583 847 3621 an
876 3565 1036 3631 feris,
1061 3564 1251 3618 avibus
1278 3580 1344 3617 an
1377 3562 1673 3631 pecudibus
1702 3564 1872 3634 legem
1906 3581 2108 3633 ponere

515 3660 718 3733 putas?
746 3660 849 3714 Ista
881 3658 1026 3713 enim
1057 3665 1179 3713 sunt
1212 3665 1266 3712 et
1302 3655 1405 3710 alia
1440 3654 1855 3726 hujuscemodi,
1888 3657 1956 3712 de
1986 3660 2106 3729 qui-

2216 3294 2384 3350 sacris
2412 3290 2664 3362 operibus
2695 3287 2914 3343 modum
2955 3293 3192 3351 statuet,
3226 3295 3317 3339 aut
3348 3285 3584 3339 divinam
3618 3286 3809 3353 provi-

2217 3388 2456 3443 dentiam
2487 3381 2939 3439 circumscribet?
2966 3390 3055 3434 aut
3089 3391 3109 3419 ε
3139 3380 3287 3450 quis,
3316 3387 3374 3433 ut
3402 3378 3656 3448 scriptum
3687 3386 3805 3445 est,

2216 3478 2347 3534 dicit
2373 3478 2456 3531 ei:
2492 3474 2629 3541 Quid
2666 3474 2835 3543 fecisti
2868 3470 3068 3542 (Isaiae
3090 3470 3286 3542 xnv)?
3319 3468 3376 3526 Si
3418 3483 3582 3539 negas
3621 3468 3806 3525 omnia

2218 3571 2385 3626 Deum
2418 3582 2577 3639 posse
2599 3611 2612 3636 ,
2648 3582 2781 3636 nega
2810 3566 3135 3620 anteriorem
3166 3564 3313 3618 nasci
3346 3577 3415 3616 ex
3449 3561 3613 3617 Maria
3638 3603 3652 3628 ,
3685 3561 3805 3617 Deo

2218 3670 2472 3717 nascente
2494 3702 2507 3726 ,
2544 3656 2808 3729 potuisse.
2842 3656 2896 3712 Si
2928 3664 3113 3711 autem
3144 3652 3481 3725 impossibile
3512 3652 3623 3709 Deo
3662 3650 3799 3710 nihil

1584 3769 1844 3825 ALARDI
1882 3771 2119 3831 GAZ/EI
2154 3770 2729 3834 COMMENTARIUS.

588 3902 614 3929 ι
653 3890 730 3946 De
768 3887 871 3944 hoc
910 3886 1141 3943 Nestorii
1180 3885 1449 3942 axiomate
1480 3884 1775 3955 aliquoties
1804 3885 2014 3955 egimus
2042 3889 2097 3943 in

519 3960 969 4034 przecedentibus.

588 4033 612 4073 b
638 4031 1080 4105 MagnoAquidetn
1110 4028 1371 4105 miraculo
1402 4026 1453 4081 id
1471 4026 1637 4105 fieret
1658 4067 1672 4090 ,
1694 4026 1924 4105 silieret
1948 4030 2097 4105 quod

518 4097 807 4174 numquam
838 4097 1038 4174 factum
1063 4100 1283 4174 legitur,
1313 4097 1597 4174 utanimal
1621 4097 1890 4174 quoddam
1913 4099 2059 4155 aliud
2080 4142 2096 4169 ,

557 4168 836 4239 uod'prius
863 4170 1102 4236 exstitit,
1131 4169 1329 4240 animal
1355 4168 1421 4219 de
1446 4182 1590 4219 novo
1615 4168 1857 4236 gigneret
1883 4183 1947 4223 ae
1974 4186 2097 4240 pro.

555 4238 739 4302 uceret
771 4241 1115 4314 (quodesset
1162 4238 1404 4292 anterius
1436 4251 1496 4314 s_e
1543 4253 1754 4314 parere,
1797 4238 2097 4314 secundum

518 4317 683 4371 verba
730 4307 1022 4378 Nestorii),
1067 4324 1170 4363 non
1217 4317 1397 4362 tamen
1442 4307 1555 4361 Deo
1598 4309 1949 4377 impossibili,
1995 4330 2093 4370 nec

519 4395 625 4441 tam
658 4381 996 4454 admirabili,
1037 4395 1101 4454 ac
1138 4380 1742 4454 supernaturaliquam-
1768 4389 1853 4434 est
1894 4397 2093 4454 mySte-

516 4458 654 4513 rium
686 4450 1101 4509 lncaruationis.
1138 4451 1321 4505 Potest
1349 4452 1490 4504 enim
1524 4450 1666 4505 Deus
1694 4450 1833 4505 idern
1866 4450 2092 4511 numero

513 4542 711 4595 corpus
752 4526 1113 4595 exstinctum,
1163 4522 1328 4575 immo
1372 4521 1427 4577 in
1471 4536 1579 4595 sua;
1608 4522 1779 4595 prima
1814 4524 2090 4595 principia

513 4593 844 4663 resolutum,
892 4594 1216 4658 restituere,
1262 4601 1320 4647 ut
1361 4602 1506 4649 certa
1554 4593 1657 4647 lide
1699 4593 1978 4651 credimus
2022 4597 2090 4653 de

512 4670 913 4727 resurrectione
944 4664 1243 4721 hominum.
1275 4665 1464 4720 Potest
1493 4673 1546 4719 et
1586 4664 1653 4719 de
1693 4665 1958 4733 lapidibus
1995 4685 2087 4723 su-

512 4742 714 4797 scitare
747 4739 888 4794 lilios
919 4737 1177 4804 Abrahae,
1219 4747 1273 4790 et
1305 4746 1410 4789 tam
1443 4735 1519 4807 de,
1547 4737 1701 4806 aquis
1728 4752 1889 4807 quam
1919 4738 1986 4792 de
2012 4740 2089 4794 ci-

512 4812 597 4868 bis
626 4821 681 4867 et
713 4811 926 4878 potibus
962 4808 1236 4863 hominem
1268 4808 1350 4862 vel
1385 4806 1609 4869 quodvis
1651 4806 1848 4862 animal
1891 4810 2089 4878 produ-

513 4896 675 4947 cere;
703 4872 889 4950 siCque
917 4880 1027 4933 cibi
1057 4878 1157 4949 ipsi
1190 4889 1241 4933 et
1274 4879 1460 4946 pocula
1505 4878 1559 4930 io
1597 4872 1902 4950 conceptus
1923 4897 2087 4949 quos-
2114 4872 2170 4933 D
2195 4882 2273 4936 nit
2304 4872 2361 4937 δῖ
2396 4881 2635 4937 Thomas

511 4952 636 5006 dam
679 4966 741 5005 ac
783 4948 1467 5020 progenies’verterentur,
1517 4958 1574 5020 ut
1622 4948 1707 5003 hic
1753 4950 1970 5005 dicitur.
2021 4952 2089 5006 Et

512 5030 798 5077 vertuntur
826 5019 954 5074 sane
978 5021 1141 5075 etiam
1169 5022 1302 5075 citra
1331 5019 1647 5073 miraculum
1668 5060 1682 5083 ,
1712 5032 1843 5083 etc.,
1874 5021 1998 5074 dum
2033 5023 2087 5078 in

512 5090 866 5149 substantiam
898 5090 1015 5143 aliti
1042 5102 1095 5145 et
1128 5092 1179 5145 in
1215 5091 1493 5145 materiam
1533 5091 1888 5144 sementinam
1933 5104 2088 5147 natu-

511 5164 696 5220 raliter
739 5168 1149 5226 convertuntur,
1201 5164 1343 5217 unde
1392 5161 1531 5215 fetus
1568 5172 1619 5215 et
1660 5162 1948 5231 progenies
1986 5179 2085 5218 na-

509 5243 770 5300 scuntur;
801 5248 901 5302 qua
934 5234 1143 5304 ratione
1173 5233 1230 5304 lit
1257 5245 1314 5288 ut
1346 5233 1539 5297 homo,
1582 5234 1665 5288 vel
1707 5238 2088 5304 quodcumque

511 5307 711 5361 animal
732 5348 748 5369 ,
776 5302 1099 5360 anteriorem
1123 5345 1137 5370 ,
1169 5303 1219 5357 id
1247 5316 1362 5371 est,
1390 5302 1750 5375 antiquiorem
1779 5321 1837 5360 se
1863 5302 2086 5376 gignere

510 5393 574 5433 ac
601 5394 791 5448 parere
814 5376 1213 5446 quodammodo
1237 5376 1505 5442 videatur,
1537 5379 1659 5431 dum
1688 5377 1738 5431 id
1766 5379 1907 5447 quod
1934 5379 2086 5448 prius

510 5450 717 5505 exstitit
768 5449 818 5503 in
865 5449 1021 5503 aliam
1071 5449 1423 5501 substantiam
1472 5452 1716 5519 emergit.
1763 5449 1879 5517 Qua
1924 5452 2086 5504 etiam

511 5521 720 5576 ratione
749 5534 937 5588 aquae,
983 5534 1104 5589 quae
1144 5532 1267 5573 ante
1312 5519 1583 5574 hominem
1629 5524 1988 5580 exstiterunt.
2033 5531 2087 5576 et

510 5592 739 5660 proinde
766 5591 1067 5661 anteriores
1098 5589 1313 5646 homine
1351 5598 1475 5645 sunt
1498 5633 1511 5657 ,
1562 5594 1613 5645 in
1646 5607 1869 5661 corpore
1910 5592 2085 5645 homi-

511 5661 600 5717 nis
624 5664 898 5731 corporari
918 5704 931 5729 ,
961 5660 1014 5714 id
1041 5669 1155 5724 est,
1185 5663 1238 5715 in
1265 5677 1464 5730 corpus
1488 5660 1782 5717 animatum
1810 5661 2084 5718 etl'ormari

511 5743 737 5804 queunt.
787 5734 856 5786 At
898 5731 1174 5804 quomodo
1217 5740 1345 5786 tunc
1379 5748 1515 5799 aqua
1550 5736 1633 5788 vel
1670 5735 1833 5787 homo
1871 5735 2085 5790 dicatur

509 5800 839 5862 interiorem
875 5800 961 5860 vel
1001 5803 1241 5859 anterius
1276 5816 1336 5859 se
1370 5817 1593 5874 parere,
1635 5814 1693 5862 ut
1730 5804 1945 5862 videtur
1973 5808 2083 5863 Au-

2205 3902 2326 3945 ctor
2352 3887 2629 3950 indicare,
2669 3894 2819 3942 certe
2856 3899 2961 3943 non
2999 3884 3192 3950 video,
3236 3885 3337 3940 nisi
3374 3898 3542 3954 aquas
3580 3883 3637 3938 in
3679 3890 3799 3940 tota

2202 3958 2745 4030 specieaccipiamus
2775 3972 2894 4026 quae
2923 3956 3347 4030 ante_homi_nent
3373 3954 3608 4030 condita:
3635 3965 3791 4030 sunt,

2201 4024 2345 4101 quod
2374 4029 2443 4085 de
2470 4024 2604 4085 cibis
2637 4024 2823 4101 itidem
2855 4042 2918 4082 ac
2949 4028 3168 4095 potibus
3196 4027 3303 4083 dici
3335 4034 3535 4101 potest.
3568 4029 3642 4079 At
3673 4024 3799 4082 hinc

2204 4098 2452 4171 exempla
2484 4116 2589 4154 non
2619 4099 2846 4153 multum
2876 4113 3105 4171 urgere,
3136 4102 3270 4171 satis
3294 4098 3641 4171 perspicuum
3670 4107 3796 4171 est;

2202 4169 2383 4244 neque
2420 4172 2579 4227 aliter
2617 4186 2645 4225 a
2686 4171 2944 4225 Cassiano
2982 4170 3431 4244 prolataluisse,
3461 4169 3563 4244 nisi
3598 4179 3659 4222 ut
3687 4169 3799 4244 ali:

2201 4240 2469 4315 quatenus
2508 4249 3096 4315 remexponeret,ret
3133 4241 3307 4296 obiter
3334 4240 3648 4315 ostenderet
3676 4240 3796 4315 ﬁeri

2202 4312 2365 4385 posse
2404 4331 2501 4385 per
2539 4314 2775 4367 divinam
2821 4314 3115 4385 potentiam
3158 4321 3215 4366 ut
3250 4314 3524 4381 posterior
3552 4312 3795 4385 anterio-

2202 4383 2315 4442 rem
2345 4383 2419 4441 se'
2434 4386 2640 4453 pariat,
2669 4394 2857 4438 contra
2886 4383 3119 4438 Nestorii
3148 4384 3357 4437 axioma
3381 4398 3395 4448 ;
3428 4384 3657 4452 proinde
3684 4398 3795 4453 non

2200 4472 2321 4513 esse
2375 4452 2485 4511 Deo
2529 4455 2864 4523 impossibile
2904 4464 2964 4509 ut
3004 4454 3169 4509 Maria
3211 4456 3543 4510 anteriorem
3584 4466 3646 4507 se
3692 4452 3792 4509 Dei

2200 4528 2397 4583 Filium
2429 4530 2718 4597 pepererit,
2735 4536 3026 4582 attestante
3052 4527 3269 4594 angelo,
3289 4525 3413 4597 quia
3439 4539 3542 4577 non
3564 4523 3795 4597 erit‘imo

2201 4594 2444 4668 possibile
2477 4594 2617 4668 apud
2646 4594 2999 4668 Deuonmne
3037 4598 3242 4652 uerbum
3268 4594 3433 4667 (Luc.
3457 4597 3529 4666 ι).
3557 4594 3632 4668 Et
3671 4594 3794 4662 ipso

2196 4666 2479 4725 Salvatore
2514 4666 2774 4724 dicente:
2812 4666 2993 4734 Pater,
3030 4671 3203 4722 omnia
3244 4666 3335 4722 tibi
3376 4666 3645 4737 possibilia
3668 4676 3795 4719 sunt

2196 4740 2391 4812 (Marc.
2434 4738 2581 4807 χεν),
2620 4740 2989 4812 (ιιιωηεοὶιὶεθι
3024 4739 3302 4812 possibilia
3342 4736 3470 4794 sunt
3498 4736 3749 4791 absolute
3773 4777 3790 4801 ,

2196 4810 2292 4866 seu
2327 4826 2445 4879 qum
2487 4825 2590 4865 non
2632 4811 2913 4879 implicant
2950 4810 3480 4876 contradictimiem,
3524 4816 3795 4879 ιιι-διβο-

2675 4877 2863 4963 (Pan;
2894 4898 2932 4965 ξ.
2965 4900 3017 4952 ιι.
3045 4881 3146 4963 25,
3179 4890 3278 4935 art.
3309 4882 3386 5003 ἢ,
3430 4890 3552 4951 post
3580 4877 3644 4932 D.
3676 4878 3794 4932 Au-

2693 4953 2762 5003 de
2792 4952 3025 5003 Ctvttate
3059 4954 3148 5003 Det
3182 4967 3302 5003 can.
3370 4950 3425 5003 0.

2193 4955 2472 5023 gustinum
2501 4953 2598 5007 lib.
2630 4950 2762 5007 vde
2792 4950 3025 5009 Civitate
3059 4954 3148 5007 Dei
3182 4967 3302 5022 cap.
3338 4950 3425 5006 10.

2272 5036 2292 5063 ε
2327 5024 2500 5080 Locus
2530 5034 2617 5079 est
2642 5023 2795 5079 Isaiae
2815 5064 2831 5090 ,
2860 5026 2950 5093 qui
2979 5026 3030 5077 in
3062 5018 3285 5093 Vulgata
3311 5023 3551 5077 editione
3578 5019 3659 5093 sic
3689 5018 3793 5073 ha-

2195 5095 2321 5150 bet:
2360 5095 2625 5166 Numquid
2656 5096 2781 5148 dicit
2821 5090 2986 5148 lutum
3024 5090 3341 5166 ﬁgulosuo,
3373 5093 3511 5159 Quid
3536 5090 3702 5166 facis,
3735 5099 3792 5166 et

2195 5183 2325 5232 opus
2367 5162 2728 5236 tuum'absque
2756 5167 2993 5220 manibus
3023 5162 3141 5221 est?
3176 5164 3265 5219 Va:
3305 5169 3393 5235 qui
3437 5162 3565 5218 dicit
3604 5162 3786 5236 patri,

2200 5238 2335 5306 Quid
2364 5238 2619 5309 generos?
2643 5234 2691 5291 et
2722 5236 3117 5309 mulieri,_Quid
3152 5234 3379 5309 parturit
3402 5238 3555 5309 ?7Cu‘i
3588 5234 3790 5309 similis

2196 5306 2642 5366 locus'Jeremiae
2693 5324 2867 5363 xvut:
2916 5307 3187 5375 Numquid
3232 5313 3363 5361 sicut
3415 5306 3605 5377 ﬁgulus
3642 5306 3792 5377 iste,

2233 5398 2298 5453 ou
2327 5390 2503 5453 potero
2531 5382 2670 5434 vobis
2698 5381 2868 5449 facere
2888 5421 2902 5444 ,
2936 5380 3117 5453 domus
3147 5376 3317 5453 Israel
3337 5378 3362 5431 ?
3383 5375 3469 5453 uit
3498 5375 3790 5431 Dominus.

2233 5398 2298 5434 on
2327 5398 2503 5453 patero
2531 5398 2670 5434 vom:
2698 5398 2868 5449 (acere
2888 5421 2902 5444 ,
2936 5398 3117 5434 aomus
3147 5398 3317 5432 uracr
3337 5398 3360 5431 ί
3390 5398 3463 5431 au
3498 5398 3790 5431 uammus.

2190 5398 2326 5505 ἕστε
2349 5456 2479 5506 sicut
2505 5454 2669 5505 lutum
2694 5454 2750 5505 in
2779 5468 2933 5505 manu
2960 5451 3130 5522 ﬁguli,
3160 5450 3231 5502 sic
3259 5465 3345 5501 vos
3376 5450 3429 5522 in
3452 5464 3609 5522 manu
3641 5461 3788 5522 mea,
3812 5443 3834 5502 Ι

2190 5524 2374 5577 domus
2421 5522 2607 5577 Israel.
2651 5524 2822 5589 Quem
2870 5517 3050 5578 locum
3092 5522 3333 5575 imitatus
3373 5517 3664 5589 Apostolus
3712 5518 3789 5589 art

2190 5591 2463 5650 Romanos
2515 5610 2567 5649 ιχ
2609 5588 2800 5651 scribit
2845 5612 2860 5647 :
2910 5591 3175 5662 Numquid
3225 5592 3349 5644 dicit
3392 5588 3686 5663 figmentum
3736 5588 3791 5642 ei

2188 5668 2278 5735 qui
2309 5683 2361 5720 se
2401 5665 2591 5735 ﬁnxit:
2624 5665 2763 5730 Quid
2794 5681 2873 5719 me
2904 5660 3071 5736 fecisti
3092 5663 3205 5717 sic?
3238 5660 3599 5736 Attnon'ttalget
3627 5668 3787 5736 pote-

2188 5727 2371 5792 atatem
2393 5727 2584 5807 ﬁgulus
2605 5727 2701 5791 luti
2727 5753 2791 5791 ex
2811 5727 2988 5792 eadem
3014 5750 3186 5790 massa
3209 5727 3378 5805 facere
3402 5731 3546 5807 aliud
3566 5727 3788 5803 quidem

2187 5824 2275 5862 vas
2299 5810 2351 5868 is
2380 5806 2623 5870 honorem
2645 5848 2661 5876 ,
2692 5810 2839 5864 aliud
2866 5826 2979 5864 vero
3011 5811 3063 5863 in
3092 5808 3451 5863 contuittelt'am
3469 5806 3495 5860 .9
