4000 6186
453 295 578 356 203-

1791 273 2074 334 JOANNIS
2113 273 2422 332 CASSIANI

456 416 553 472 ima
595 413 780 464 vinum
807 409 874 462 de
899 405 1053 473 aquis
1084 400 1315 467 legimus
1345 397 1364 464 (
1392 393 1584 448 Joaun.
1615 407 1655 446 tt
1685 393 1724 462 ).
1770 390 1867 445 Dic
1906 390 2042 444 mihi
2067 394 2120 454 Α
2147 398 2265 443 tens
2319 389 2459 442 Deus
2515 398 2672 442 natus
2713 399 2841 454 est,
2885 390 3019 444 dicis
3051 408 3061 442 :
3100 391 3465 447 Homoousios
3509 393 3748 462 parient-ﬁ

456 504 728 576 quomodo
757 502 1024 567 disparem
1057 509 1083 544 a
1113 489 1193 545 sui
1227 486 1491 557 qualitate
1526 482 1890 538 subsmntiam
1932 481 2046 536 dis-

455 571 552 666 par
581 603 769 648 natura
799 583 1114 658 generavit?
1147 574 1449 647 praesertim
1491 589 1612 630 cum
1658 573 1710 666 id
1740 571 1896 666 quod
1939 571 2047 666 De-

457 663 667 741 ininicm
709 678 972 735 nativitati
1019 671 1250 726 maxime
1291 667 1581 734 convenit,
1625 665 1910 722 nobilioris
1951 663 2048 718 ad-

454 780 671 836 modum
704 776 782 828 rei
809 780 959 826 ortus
989 785 1054 822 ex
1087 765 1353 820 inferiore
1386 760 1757 832 processerit?
1791 758 1885 814 Dic
1914 757 2045 813 mihi

449 888 582 941 ergo
631 865 902 939 quomodo
945 877 1010 918 ex
1062 861 1149 914 illa
1198 873 1352 928 aquae
1398 854 1745 923 simplicitate
1792 853 2044 924 egregius

452 964 559 1016 vini
610 971 662 1014 et
690 955 1024 1012 admirabilis
1077 967 1239 1020 sapor
1287 958 1446 1004 natus
1496 947 1609 1002 sit?
1655 946 1929 1016 quomodo
1973 946 2046 1000 sit

450 1053 596 1109 aliud
621 1051 896 1112 haustum,
921 1043 1066 1099 aliud
1092 1041 1364 1097 infusum?
1391 1037 1660 1107 Numquid
1691 1039 1927 1093 cisterna
1951 1037 2042 1092 illa

451 1144 533 1198 vel
583 1150 772 1211 puteus
818 1138 956 1191 hanc
1000 1146 1244 1188 naturam
1290 1131 1515 1195 habuit,
1561 1139 1618 1184 ut
1660 1144 1828 1199 aquas
1870 1143 1940 1183 ex
1982 1142 2043 1183 se

447 1247 695 1307 sumptas
734 1236 785 1289 in
829 1232 1029 1301 optima
1062 1228 1181 1282 vina
1216 1226 1488 1282 mutaret?
1520 1229 1626 1278 Aut
1658 1223 1917 1293 numquid
1951 1239 2046 1276 va-

447 1347 630 1388 sorum
661 1328 713 1384 id
745 1325 978 1397 qualitas
999 1364 1012 1386 ,
1047 1331 1142 1376 aut
1174 1319 1549 1375 ministrorum
1581 1317 1691 1388 egit
1733 1316 2042 1372 industria?

449 1423 587 1480 nihil
620 1421 801 1491 utique
833 1419 1047 1472 horum.
1084 1414 1150 1466 Et
1177 1410 1452 1481 quomodo
1491 1407 1621 1464 facti
1661 1410 1798 1464 ratio
1839 1408 2042 1477 cogita-

453 1516 596 1570 tione
625 1511 807 1568 cordis
837 1522 943 1562 non
972 1501 1474 1573 comprehenditur,
1516 1513 1642 1558 cum
1683 1498 1810 1554 facti
1859 1510 2037 1555 tamen

445 1608 647 1663 veritas
674 1601 1025 1659 conscientiae
1051 1597 1311 1653 ﬁrmitate
1337 1593 1628 1649 servetur?
1647 1601 1674 1630 ⁸
1696 1591 1852 1648 Caeco
1878 1606 2042 1662 super

448 1699 637 1754 oculos
669 1696 722 1749 in
757 1691 1058 1760 EVangeiio
1085 1686 1304 1762 (Joanu.
1332 1687 1416 1758 Ix)
1446 1686 1616 1741 lutum
1651 1686 1884 1754 positum
1913 1695 2036 1750 est,

2149 481 2311 537 debet
2339 496 2460 537 esse
2483 482 2734 538 nativitas
2753 500 2779 536 ~:
2801 485 2958 552 quasi
2992 499 3122 539 vero
3152 501 3275 539 cum
3293 485 3541 553 quolibet
3567 486 3744 540 homi-

2150 590 2274 627 num
2301 574 2550 629 humanis
2572 574 2785 645 legibus
2809 590 2962 644 agas,
2983 577 3066 630 cui
3088 577 3572 645 impossibilitatem
3589 593 3746 633 suam

2148 665 2396 736 objicias,
2439 682 2602 738 quem
2637 677 2852 724 terrena
2893 667 3202 724 inﬁrmitate
3240 669 3550 725 concludas.
3581 668 3746 725 Com-

2147 774 2363 813 munem
2413 760 2655 816 omnium
2699 761 2838 816 dicis
2875 762 3243 818 conditionem
3282 777 3404 817 esse
3444 763 3739 829 nascendi,

2146 853 2392 908 eamdem
2419 854 2593 924 legem
2624 869 2746 910 esse
2770 855 3064 924 generandi
3085 871 3104 922 ;
3124 871 3228 912 non
3255 857 3494 926 potuisse
3519 858 3744 927 penitus

2146 942 2198 996 in
2235 945 2590 1002 universitate
2635 951 2854 1014 generis
2905 947 3122 1002 immani
3164 949 3251 1003 uni
3300 958 3501 1002 tantum
3533 949 3741 1004 homini

2144 1039 2486 1109 contingere,
2521 1040 2665 1110 quod
2698 1043 2934 1096 vetuerit
2965 1042 3106 1095 Deus
3135 1040 3394 1095 omnibus
3425 1041 3736 1110 provenire.

2143 1131 2262 1187 Non
2293 1134 2556 1204 intelligis
2580 1133 2649 1189 de
2674 1145 2784 1205 quo
2811 1135 2982 1199 dicas,
3010 1149 3114 1188 non
3145 1133 3294 1187 vides
3316 1132 3385 1187 de
3416 1149 3521 1200 quo
3554 1132 3743 1202 loqua-

2144 1229 2219 1279 ris
2242 1241 2259 1280 :
2289 1227 2416 1296 quia
2435 1238 2626 1282 auctor
2649 1227 2837 1297 utique
2860 1227 3104 1282 omnium
3131 1225 3500 1280 conditionum
3529 1236 3581 1280 et
3607 1241 3740 1281 eun-

2143 1327 2348 1374 ctarum
2383 1320 2472 1375 lex
2499 1329 2814 1376 naturarum
2844 1329 2946 1385 est,
2974 1335 3070 1390 per
3095 1335 3252 1388 quem
3277 1328 3379 1385 est,
3401 1328 3457 1373 et
3481 1319 3738 1389 quidquid
3799 1340 3818 1357 -

2145 1409 2310 1464 homo
2335 1421 2533 1481 potest,
2549 1424 2602 1467 et
2627 1412 2886 1483 quidquid
2905 1427 3009 1466 non
3031 1421 3236 1480 potest;
3255 1413 3378 1482 quia
3405 1413 3520 1476 ipse
3538 1413 3739 1468 utrius-

2143 1516 2248 1568 que
2281 1504 2360 1557 rei
2393 1504 2609 1572 penitus
2646 1504 2862 1560 modum
2899 1504 3114 1570 statuit,
3158 1512 3215 1559 et
3255 1519 3537 1571 usquequo
3581 1520 3739 1560 acce-

2141 1591 2269 1648 dere
2318 1595 2576 1660 facultas,
2623 1605 2679 1650 et
2721 1611 2832 1666 quo
2871 1595 3104 1650 ulterius
3154 1612 3259 1649 non
3316 1597 3739 1667 progrederetur

2142 1684 2449 1739 inﬁrmitas.
2480 1684 2652 1751 Quam
2693 1686 2885 1740 insane
2913 1700 3046 1756 ergo
3076 1694 3131 1738 tu
3159 1685 3207 1739 ei
3243 1687 3735 1755 impossibilitatem

444 1801 497 1847 et
529 1789 668 1844 oculi
699 1787 885 1841 abiutu
920 1784 1025 1835 nati
1073 1790 1224 1834 sunt.
1267 1778 1535 1848 Numquid
1575 1786 1671 1831 aut
1712 1792 1852 1848 aqua
1896 1778 2038 1833 hanc
2067 1779 2117 1840 B
2144 1775 2428 1830 humanam
2458 1777 2672 1847 objicis,
2719 1778 2806 1832 cui
2842 1778 3172 1848 possibilitas
3219 1777 3334 1848 ipsa
3383 1779 3646 1836 debetur?
3673 1782 3737 1840 Si

445 1890 689 1936 naturam
717 1875 902 1930 habuit
923 1883 977 1928 ut
1000 1874 1188 1927 oculos
1211 1872 1458 1942 pareret?
1475 1880 1569 1924 aut
1588 1870 1758 1924 lutum
1783 1881 1840 1925 ut
1862 1870 2037 1924 lucem

444 1972 693 2030 crearet?
727 1969 858 2024 nihil
889 1967 1071 2037 utique
1117 1965 1341 2027 horum,
1392 1964 1691 2032 praesertim
1732 1976 1854 2015 cum
1898 1976 2037 2030 aqua

442 2081 588 2122 caeco
615 2063 746 2118 nihil
786 2059 1067 2124 conferat,
1104 2058 1277 2110 lutum
1319 2066 1498 2109 autem
1532 2054 1840 2108 videntibus
1871 2055 2036 2107 etiam

441 2159 635 2214 obesse
679 2155 866 2224 possit.
918 2151 984 2205 Et
1029 2151 1302 2220 quomodo
1346 2163 1434 2202 res
1477 2147 1707 2201 nocendi
1752 2146 1858 2200 vim
1891 2146 1945 2200 in
1977 2160 2038 2201 se

444 2253 651 2307 habens
680 2249 919 2305 ofﬁcium
953 2242 1181 2301 remedii
1211 2257 1274 2295 ac
1297 2239 1494 2296 salutis
1517 2237 1799 2304 exhibuit;
1832 2249 1886 2293 et
1914 2251 2036 2307 quae

442 2345 634 2400 obesse
686 2341 836 2396 sanis
886 2338 1058 2401 solet,
1111 2335 1264 2404 quasi
1318 2333 1569 2388 ministra
1617 2342 1745 2387 tunc
1792 2333 2040 2386 sanitatis

444 2435 588 2491 iuit?
623 2434 761 2486 Dicis
795 2433 977 2497 itaque
1012 2426 1104 2480 Dei
1140 2426 1280 2479 hanc
1324 2425 1583 2477 tribuisse
1613 2425 1907 2488 virtutem,
1944 2422 2037 2475 Dei

442 2525 760 2597 prmstitisse
789 2518 1110 2574 medicinam
1141 2534 1152 2568 :
1183 2525 1238 2570 et
1267 2515 1449 2568 omnia
1489 2515 1602 2567 haec
1633 2528 1752 2582 qua:
1797 2512 2038 2566 diximus

441 2612 891 2683 omnipotentiam
916 2609 1131 2678 penitus
1157 2605 1409 2663 eil‘ecisse
1435 2607 1694 2671 divinam,
1722 2605 1814 2675 qui
1841 2614 2037 2675 potens

441 2712 512 2768 sit
542 2709 726 2778 utique
755 2716 808 2760 et
839 2721 904 2760 ex
938 2703 1174 2756 insolitis
1206 2715 1350 2755 nova
1380 2701 1619 2754 condere
1642 2739 1656 2762 ,
1697 2709 1755 2753 et
1796 2715 1861 2754 ex
1904 2715 2036 2752 con-

442 2803 622 2859 trariis
653 2799 890 2854 salubria
920 2795 1290 2858 constituere,
1331 2802 1386 2847 et
1425 2808 1486 2846 ea
1527 2807 1648 2861 quae
1685 2793 1736 2846 in
1783 2790 2038 2860 impossi-

439 2896 739 2955 bilitatibus
771 2903 932 2960 atque
979 2889 1032 2943 in
1072 2887 1380 2943 efﬁcientiis
1422 2885 1523 2940 sita
1565 2885 1710 2952 sint,
1757 2885 1808 2938 in
1852 2898 2034 2940 rerum

441 2987 832 3059 possibilitates
864 2981 1201 3049 eilectusque
1233 2985 1468 3032 mutare.

1050 3090 1284 3148 CAPUT
1324 3088 1416 3145 IV.

2142 1885 2428 1938 personam
2459 1869 2672 1925 Domini
2702 1873 2935 1928 terrenis
2959 1870 3366 1927 inﬁrmitatibus
3394 1875 3652 1940 :estimes.
3679 1883 3740 1931 et

2140 1963 2590 2032 omnipotentiam
2631 1962 2725 2018 Dei
2757 1965 3006 2018 humanis
3038 1963 3337 2018 rationibus
3364 1964 3630 2035 metiaris,
3655 1965 3738 2021 ni-

2141 2054 2215 2109 hil
2236 2057 2441 2126 utique,
2459 2055 2600 2124 quod
2623 2056 2917 2110 secundum
2942 2070 3234 2125 corporeas
3265 2055 3426 2126 ipsius
3454 2055 3739 2125 passiones

2141 2148 2254 2203 Deo
2286 2164 2580 2220 congruum
2606 2149 2878 2217 videatur,
2907 2151 3174 2206 invenies.
3197 2150 3253 2206 Si
3276 2151 3416 2205 enim
3438 2149 3736 2207 verisimile

2141 2243 2306 2298 videri
2341 2251 2534 2314 potest,
2571 2253 2629 2297 ut
2677 2243 2841 2297 Maria
2883 2245 3213 2299 anteriorem
3253 2260 3312 2299 se
3342 2244 3504 2300 Deum
3531 2258 3738 2313 parere

2141 2351 2246 2389 non
2272 2337 2532 2403 quiverit,
2565 2335 2839 2406 quomodo
2866 2336 3164 2390 verisimile
3206 2337 3344 2398 erit,
3378 2335 3520 2405 quod
3549 2335 3737 2390 cruci-

2143 2427 2282 2482 fixus
2313 2429 2381 2481 ab
2415 2427 2728 2483 hominibus
2763 2429 2902 2482 Deus
2934 2413 3130 2481 fuerit?
3157 2437 3211 2482 et
3236 2433 3418 2480 tamen
3466 2426 3606 2480 idem
3637 2426 3736 2496 qui

2138 2518 2437 2573 cruciﬁxus
2462 2529 2565 2585 est,
2595 2520 2733 2573 Deus
2765 2519 2880 2588 ipse
2912 2516 3162 2588 praedixit
3194 2533 3209 2571 :
3241 2515 3268 2554 1³
3304 2518 3365 2570 Si
3394 2516 3558 2587 aﬂiget
3582 2517 3734 2572 homo

2138 2613 2307 2666 Deum
2337 2630 2504 2677 suum,
2531 2614 2656 2682 quia
2678 2629 2767 2667 vos
2787 2612 2994 2684 afﬁgitis
3025 2628 3102 2666 me
3123 2609 3381 2681 (Malach.
3408 2609 3504 2682 v)?
3530 2610 3589 2665 Si
3611 2611 3735 2666 ideo

2139 2714 2296 2759 natus
2323 2722 2386 2760 ex
2418 2704 2642 2774 Virgine
2674 2705 2937 2758 Dominus
2969 2721 3072 2757 non
3098 2702 3395 2771 putabitur,
3425 2703 3547 2772 quia
3579 2711 3736 2757 ante-

2137 2799 2249 2853 rior
2283 2797 2512 2866 parienti
2545 2798 2736 2865 fuerit,
2763 2797 2854 2867 qui
2896 2797 3226 2852 nascebatur
3251 2814 3264 2849 :
3293 2796 3566 2866 quomodo
3590 2797 3734 2852 Deus

2135 2893 2452 2960 sanguinem
2484 2891 2738 2947 habuisse
2761 2892 3041 2946 creditur?
3067 2903 3121 2945 et
3149 2900 3324 2945 tamen
3348 2891 3414 2944 ad
3446 2890 3734 2962 presbyte-

2137 3003 2229 3042 ros
2247 2988 2607 3063 Ephesiorum
2639 2987 2874 3042 dicitur:
2901 2985 3085 3057 [legite
3114 2984 3402 3040 Ecclesium
3432 2982 3550 3050 Dei,
3573 2999 3735 3055 quam

2133 3084 2400 3154 acquisivit
2422 3083 2673 3155 sanguine
2701 3099 2797 3136 suo
2817 3082 2958 3152 (Act.
2990 3082 3102 3150 xx).
3129 3065 3431 3141 Postremo,
3459 3077 3733 3144 quomodo

439 3193 604 3248 Deum
634 3192 768 3246 sicut
792 3191 843 3242 in
872 3188 1024 3242 rebus
1046 3185 1244 3241 ωηεν-ξε
1263 3225 1277 3248 ,
1309 3184 1382 3236 ita
1411 3183 1466 3237 in
1495 3181 1769 3251 temporali
1797 3189 1911 3234 ortu
1936 3195 2031 3234 suo
2057 3158 2104 3222 C
2135 3184 2324 3229 auctor
2347 3174 2471 3228 vitae
2517 3174 2760 3242 privatus
2805 3174 2915 3227 vita
2965 3170 3399 3228 existimabitur?
3445 3169 3513 3224 Et
3545 3178 3730 3225 tamen

749 3259 1170 3328 omnipotentiae:
1199 3271 1348 3309 suam
1379 3251 1734 3308 declaravisse.

507 3357 651 3411 idem
684 3367 814 3423 ergo
849 3353 913 3404 de
945 3359 1065 3404 ortu
1098 3347 1273 3416 ipsius
1320 3346 1567 3410 Domini,
1595 3344 1736 3415 quod
1768 3343 1835 3398 de
1869 3345 2031 3399 rebus

434 3449 688 3506 omnibus
719 3444 1004 3496 conﬁtere.
1047 3437 1225 3492 Crede
1275 3437 1444 3491 Deum
1476 3446 1690 3498 natum.
1733 3445 1791 3489 ut
1835 3436 2026 3502 voluit,

435 3553 596 3610 quem
649 3549 758 3587 non
800 3546 962 3598 negas
1003 3527 1248 3597 potuisse
1286 3525 1427 3592 quod
1462 3524 1632 3578 voluit
1671 3540 1688 3578 :
1733 3525 1837 3578 nisi
1885 3525 2029 3580 forte

434 3632 712 3691 virtutem,
739 3639 861 3694 qua:
907 3623 955 3674 ei
997 3621 1064 3675 ad
1096 3617 1201 3672 alia
1231 3616 1412 3671 omnia
1460 3616 1656 3686 adfuit,
1688 3617 1755 3670 ad
1788 3617 2024 3687 seipsum

434 3724 670 3782 aestimas
695 3721 966 3786 defuisse;
994 3726 1050 3775 et
1078 3717 1180 3787 ipsi
1207 3716 1274 3770 ad
1299 3716 1638 3772 nativitatem
1668 3730 1822 3771 suam
1847 3718 2025 3770 omni-

436 3815 677 3888 potentia
721 3830 816 3869 sua
859 3812 1051 3878 defuit,
1079 3825 1199 3880 quae
1239 3809 1308 3864 ab
1337 3824 1405 3864 eo
1437 3808 1733 3878 procedens
1775 3809 2025 3864 universa

433 3910 761 3980 penetravit.
794 3906 873 3960 Tu
915 3906 1046 3961 mihi
1080 3907 1133 3958 in
1185 3903 1463 3957 nativitate
1514 3901 1756 3969 Domini,
1787 3901 2020 3970 obiicis:

435 4003 604 4058 Nemo
630 4001 960 4056 anteriorem
989 4013 1048 4052 se
1075 3996 1246 4066 parit;
1273 4005 1328 4050 et
1349 3996 1406 4051 in
1433 4003 1613 4062 partu,
1641 4009 1752 4063 quo
1771 3995 2028 4064 omnipo-

2136 3264 2365 3334 Petrus,
2393 3267 2687 3329 Auctorem,
2722 3264 2931 3333 inquit,
2975 3265 3093 3319 uiue
3138 3263 3470 3333 interfecisti:
3512 3259 3729 3333 (Actor.

2133 3357 2250 3426 111).
2280 3355 2455 3410 Nemo
2485 3357 2536 3410 in
2570 3355 2730 3411 terris
2761 3357 2929 3426 situs,
2981 3354 3035 3409 in
3079 3355 3231 3409 caelis
3270 3369 3390 3408 es:e
3420 3361 3595 3423 potest
3625 3370 3638 3405 :
3673 3361 3736 3408 et

2132 3447 2407 3516 quomodo
2440 3448 2706 3503 Dominus
2749 3450 2863 3517 ipse
2890 3447 3044 3512 dicit,
3077 3443 3252 3502 Filius
3285 3446 3507 3500 hominis
3531 3445 3623 3516 qui
3652 3454 3734 3500 est

2130 3538 2183 3590 in
2216 3537 2556 3611 caelo(.loan.
2576 3542 2657 3609 Ill)
2675 3540 2701 3594 τ
2723 3539 2782 3596 Si
2805 3541 3041 3609 denique
3065 3538 3185 3592 ideo
3217 3549 3400 3592 natum
3427 3553 3491 3592 ex
3515 3538 3734 3607 Virgine

2136 3628 2305 3684 Deum
2353 3647 2458 3687 non
2512 3641 2690 3702 putas,
2731 3636 2858 3702 quia
2906 3631 3255 3686 bomoousios
3289 3629 3517 3700 parienti
3565 3631 3731 3684 debet

2133 3737 2253 3778 esse
2283 3725 2536 3781 nativitas
2568 3743 2584 3780 :
2626 3725 2902 3796 quomodo
2936 3740 3020 3780 res
3043 3724 3333 3780 dissimiles
3361 3740 3426 3779 ex
3449 3723 3733 3786 dissimili-

2135 3815 2236 3872 bus
2269 3819 2575 3874 crediturus
2602 3835 2662 3874 es
2696 3817 3008 3874 substitisse
3037 3818 3280 3872 naturis?
3310 3819 3452 3887 Ergo
3502 3817 3640 3886 apud
3671 3827 3732 3873 te

2089 3979 2094 3983 _
2133 3922 2234 3962 nec
2261 3909 2571 3965 coturnices
2610 3910 2787 3965 subito
2819 3923 3012 3966 ventus
3044 3911 3239 3974 intulit,
3287 3926 3385 3966 nec
3412 3900 3599 3964 manna
3627 3909 3731 3966 de-

2133 4000 2289 4068 cidit,
2323 4019 2423 4060 nec
2453 4004 2637 4060 vinum
2680 4021 2750 4062 ex
2778 4021 2918 4078 aqua
2962 4006 3187 4078 prodiit,
3235 4020 3337 4062 nec
3360 4003 3524 4059 multa
3552 4001 3728 4064 millia

1504 4103 1764 4161 ALABDI
1801 4101 2036 4164 GAZIEI
2073 4109 2646 4175 COMMENTARIUS.

686 4209 960 4264 Vinumque
977 4204 1110 4264 jussa
1131 4200 1339 4264 fundere

684 4263 891 4316 Mutavit
921 4263 1051 4313 unda
1076 4263 1338 4323 originem.

434 4316 543 4412 Nec
566 4349 986 4423 possumnetiatn
1001 4347 1276 4415 elegantes
1300 4345 1402 4399 hac
1428 4343 1497 4400 de
1520 4357 1580 4398 re
1607 4341 1817 4400 Sedulii
1831 4359 2022 4401 versus

432 4419 709 4497 prazterire
742 4419 936 4492 (Carm.
967 4419 1005 4473 ι.
1039 4427 1158 4486 Ill):

494 4519 656 4568 Prima
679 4528 780 4564 suae
805 4512 1042 4561 Dominus
1070 4508 1293 4559 thalamis
1312 4509 1541 4572 dignatus
1564 4511 1742 4561 adeas

491 4579 695 4630 Virtutis
717 4578 1008 4626 documenta
1029 4573 1188 4630 dedit,
1208 4573 1511 4635 cent-iraque
1532 4585 1752 4635 praesens

492 4643 727 4699 Pascere,
753 4653 847 4688 non
869 4637 994 4700 pasci
1014 4635 1222 4685 veniens
1245 4632 1542 4700 (mirabile),
1557 4632 1690 4700 iusas

494 4704 546 4754 in
573 4697 737 4752 viuum
756 4697 1000 4749 cenv‘ertit
1026 4710 1176 4761 aquas
1201 4710 1224 4761 εΔ
1237 4697 1485 4746 dimittere
1508 4697 1725 4758 gaudent

489 4765 733 4815 Pallorem
758 4764 929 4811 latices
955 4775 966 4809 :
993 4758 1194 4810 mutavit
1213 4758 1329 4809 lassa
1351 4771 1577 4820 saporem

496 4826 630 4877 Unda
655 4840 812 4878 suum.
839 4825 1012 4884 largita
1034 4834 1243 4881 tnerum,
1266 4833 1558 4884 mensasque
1580 4830 1671 4882 per
1693 4832 1867 4870 omnes

491 4888 664 4938 Dulcia
686 4902 780 4935 non
805 4881 1206 4933 naturubuerunt
1233 4881 1399 4942 pocula
1423 4881 1601 4932 musto.

490 4949 718 5008 Implevit
742 4962 829 4995 sex
858 4957 980 5004 ergo
1005 4944 1137 4993 lacus
1160 4946 1252 4993 hoc
1274 4950 1475 5008 nectare
1505 4945 1726 5008 Christus
1748 4958 1761 4994 :

494 5005 685 5072 Quippe
699 5009 859 5072 ierax_
873 5010 954 5069 qui
983 5006 1448 5072 vitis_erat,_virtute
1475 5005 1644 5072 colona

493 5067 664 5138 ῥηιρἱ
691 5067 1163 5138 fructiﬁcaus,_cujus
1183 5067 1276 5116 sub
1298 5069 1520 5138 tegmine
1538 5067 1715 5138 blando

493 5136 623 5186 Mitis
643 5133 920 5184 inocciduas
943 5127 1014 5189 (id
1033 5136 1120 5187 est,
1145 5127 1467 5193 immortales,
1484 5134 1567 5193 aut
1589 5127 1862 5193 perpetuas)
1889 5141 2015 5178 θηιι..

1448 5190 1556 5253 [trit
1577 5192 1830 5254 pampinus
1845 5190 1982 5240 uvas.

501 5289 529 5318 ι
569 5281 819 5349 Plerique
868 5278 1191 5344 interpretes
1239 5275 1549 5349 existimant
1590 5274 1714 5349 ideo
1763 5275 1932 5330 lutum
1969 5290 2014 5349 Aa

429 5351 642 5407 Christo
687 5345 916 5419 positum
968 5361 1130 5419 super
1159 5347 1354 5419 oculos
1383 5347 1514 5419 cmci
1547 5348 1680 5419 nati,
1712 5359 1821 5413 quo
1845 5345 2012 5419 magis

426 5415 711 5492 appareret
742 5423 821 5472 vis
865 5428 918 5471 et
947 5417 1255 5492 magnitudo
1288 5418 1555 5492 miraculi:
1591 5417 1801 5492 Etenim
1834 5415 1882 5492 si
1903 5417 2008 5492 alia

428 5487 486 5548 re
501 5487 683 5547 minus
707 5492 844 5545 visui
866 5487 1133 5562 contraria
1157 5489 1460 5562 curavisset
1485 5487 1676 5562 (Joan.
1700 5487 1803 5562 ιι),
1835 5487 2009 5546 videri

426 5565 692 5633 potuisset
741 5559 1204 5633 non'tlivinatsed
1236 5560 1464 5613 naturali
1493 5559 1881 5633 aliquada'tque
1921 5576 2005 5616 se.

425 5629 569 5687 creta
590 5633 614 5674 -“
633 5633 1004 5686 medicamenti
1056 5629 1257 5684 virtute
1305 5629 1897 5698 curavisse'(Maldon.
1953 5633 2007 5688 in

426 5699 909 5771 Comment.)._(3um
937 5711 1116 5753 autem
1140 5700 1253 5753 luto
1282 5714 1406 5771 cura
1419 5706 1571 5765 verit,
1597 5719 1701 5771 quo
1732 5703 1863 5756 nihil
1893 5719 2005 5755 ma-

423 5784 507 5859 gis
537 5764 866 5840 contrarium
892 5775 1062 5830 oculis
1085 5780 1192 5838 est,
1214 5770 1362 5824 credi
1395 5787 1498 5826 non
1535 5764 1743 5841 peierat
1770 5773 1998 5843 naturali

2128 4207 2222 4281 luti
2250 4210 2469 4277 virtute,
2501 4211 2594 4267 sed
2627 4210 2806 4266 divina
2845 4209 3047 4268 Christi
3079 4211 3340 4281 potentia,
3379 4210 3722 4281 curationem

2127 4277 2295 4334 fuisse
2333 4281 2550 4338 factam.
2581 4283 2730 4338 Solet
2763 4285 2905 4339 Deus
2935 4282 3036 4338 hac
3073 4277 3141 4339 de
3178 4297 3341 4338 causa
3373 4283 3438 4335 ad
3474 4280 3724 4338 facienda

2127 4352 2405 4418 miracula,
2460 4355 2621 4408 rebus
2670 4355 2746 4408 uti
2802 4354 3033 4409 maxime
3072 4352 3381 4408 contrariis.
3423 4350 3567 4406 Nihil
3608 4364 3722 4422 est,

2125 4424 2267 4490 quod
2295 4438 2464 4491 aquas
2502 4425 2674 4495 magis
2703 4441 2915 4480 amaras
2945 4432 3106 4492 atque
3139 4423 3478 4495 impotahiies
3526 4421 3729 4495 reddat

2123 4508 2284 4561 quam
2332 4496 2455 4550 sal:
2499 4492 2622 4565 quis
2651 4497 2796 4551 enim
2847 4497 3082 4550 marinas
3132 4494 3278 4550 bibat
3321 4492 3727 4565 aquastAtqui

2125 4565 2357 4621 Elizaaus
2406 4564 2651 4622 immisso
2698 4570 2749 4622 in
2802 4582 3014 4622 amaras
3060 4581 3227 4636 aquas
3272 4566 3406 4630 sale,
3438 4564 3620 4618 dulces
3647 4577 3730 4622 ac

2043 4652 2096 4710 Ῑ)
2122 4637 2656 4710 potabiles'reddidit
2682 4637 2772 4710 (ιγ
2804 4637 2934 4706 Reg.
2960 4638 3040 4706 tt).
3071 4637 3210 4710 Quid
3249 4649 3353 4691 tam
3379 4637 3720 4710 contrarium

2123 4708 2466 4764 extrahendo
2486 4711 2554 4763 de
2576 4705 2729 4776 aquis
2748 4705 2914 4773 ferro,
2937 4723 3095 4777 quam
3114 4708 3345 4777 lignum;
3369 4705 3513 4776 quod
3537 4708 3722 4775 ipsum

2127 4794 2183 4832 re
2212 4781 2314 4834 alia
2346 4780 2680 4845 extrahatur,
2732 4794 2953 4834 necesse
2982 4779 3101 4833 est?
3135 4780 3361 4833 Elizmus
3388 4787 3590 4839 tamen,
3622 4777 3723 4846 in-_

2117 4849 2264 4921 jecto
2296 4849 2349 4904 in
2376 4850 2595 4904 ﬂuvium
2631 4853 2795 4921 ligno,
2830 4849 2976 4915 fecit,
3010 4851 3280 4921 utfer_ru_m
3307 4848 3719 4921 securis,_qund

2123 4919 2173 4972 in
2207 4919 2405 4975 ﬁumen
2456 4917 2756 4983 ceciderat,
2785 4930 3032 4976 enataret
3071 4918 3170 4990 (iV
3210 4917 3335 4989 Reg.
3359 4920 3482 4990 Δγι).
3523 4917 3613 4990 Sic
3639 4917 3716 4974 Β.

2124 4991 2482 5063 Hieronymus
2511 4993 2563 5048 in
2609 5007 2728 5062 cap.
2762 5008 2963 5047 xxxvnt
3006 4987 3179 5056 isuite,
3210 4987 3313 5063 (ubi
3341 4988 3538 5063 dicitur
3569 4987 3717 5044 Eze-

2123 5063 2271 5116 ehias
2290 5058 2520 5133 jussisse
2540 5064 2651 5118 suis
2668 5058 2942 5118 ulceribus
2964 5062 3219 5133 applicari
3245 5076 3477 5133 massam
3507 5058 3714 5120 ﬁcuum

2123 5135 2205 5188 vel
2238 5131 2458 5188 ficorum
2489 5152 2501 5189 :
2549 5134 2738 5204 Aiunt,
2771 5134 2971 5204 inquit,
3001 5131 3226 5187 Hebraei
3277 5131 3481 5187 verbum
3519 5143 3716 5204 sum,

2121 5203 2255 5265 quod
2284 5207 2655 5276 prmtermisere
2681 5200 3043 5276 Septuaginta,
3067 5205 3211 5258 ulcus
3232 5219 3436 5276 sonare,
3467 5200 3719 5276 non_vul-

2121 5292 2235 5348 nus.
2267 5275 2404 5328 Nam
2441 5284 2492 5332 et
2514 5277 2721 5348 Aquila,
2754 5270 3099 5348 Symmachus
3120 5316 3135 5339 ,
3165 5285 3210 5328 et
3243 5270 3716 5348 Theodotioefho;

2118 5346 2441 5418 interpretati
2463 5345 2602 5412 sunl,
2630 5365 2718 5418 per
2739 5345 2877 5417 quod
2907 5347 3140 5418 morbum
3161 5345 3355 5413 regium
3377 5345 3589 5418 intelligi
3616 5359 3713 5418 υοτ

2116 5414 2269 5473 Ιωιιὲ
2298 5420 2379 5472 cui
2405 5414 2666 5473 contraria
2713 5414 2993 5489 putantur,
3013 5414 3097 5472 vel
3138 5416 3433 5489 sumptajn
3455 5415 3588 5473 cibo.
3617 5416 3713 5489 rei

2114 5489 2351 5560 apposita
2378 5492 2603 5562 corpori,
2633 5481 3320 5562 quebcumquevsuutduleia.
3345 5483 3502 5562 Ergo,
3527 5493 3580 5542 ut
3605 5481 3712 5540 Dei

2109 5556 2336 5630 potentia
2383 5556 2773 5623 monstraretur,
2806 5556 2896 5630 per
2924 5573 3006 5613 res
3033 5556 3217 5613 noxias
3242 5565 3292 5614 et
3317 5556 3580 5622 adversus,
3612 5572 3706 5614 sa-

2113 5629 2254 5704 nitas
2273 5634 2514 5688 restituta
2539 5639 2635 5704 est.
2670 5631 2745 5687 ita
2778 5629 3160 5704 Hieronymus.
3189 5691 3238 5704 μ
3256 5699 3288 5704 __
3510 5694 3557 5704 _.

2142 5699 2211 5827 rb
2238 5703 2572 5827 sententiam
2593 5702 2731 5758 hanc
2761 5703 2883 5759 vide
2901 5695 3151 5774 superius
3179 5695 3321 5774 (Lib.
3350 5715 3415 5772 ιι,
3437 5717 3487 5756 c.
3510 5695 3581 5770 δ’)
3605 5712 3708 5764 ει..

2161 5789 2243 5827 tea
2271 5790 2378 5827 am.

2105 5786 2378 5844 plicatam.
