4000 6186
557 245 662 304 227

1880 227 2166 285 JOANNIS
2201 225 2521 286 CASSIANI

559 309 692 431 quid
735 355 847 413 ait?
887 353 947 412 Si
985 349 1158 410 Filius
1185 348 1284 406 Dei
1328 365 1379 404 es
1403 389 1418 412 ,
1451 347 1536 401 die
1572 355 1631 402 at
1653 343 1851 416 lapides
1888 345 1975 398 isti
2001 358 2158 412 panes
2185 348 2241 408 Α
2265 340 2738 414 perscrutabatur;
2781 339 2851 395 de
2873 335 3104 394 veritate
3132 336 3181 392 ei
3205 343 3329 391 erat
3351 327 3688 396 sollicitudo.
3737 343 3842 387 non

561 454 712 525 ﬁant.
737 449 857 506 Non
885 447 1195 519 ambigebat
1221 444 1406 515 utique
1423 456 1548 498 esse
1570 453 1731 511 posse
1756 437 1899 510 quod
1922 453 1990 493 an
2006 446 2155 494 esset

2262 436 2332 491 de
2363 433 2798 504 impossibilitate
2825 434 3112 491 securitas.

1633 573 1891 632 ALARDI
1927 572 2163 630 GAZEI
2200 569 2768 629 COMMENTARIUS.

558 704 803 761 convertit
836 701 996 754 tertia:
1024 698 1229 770 fraudis
1258 696 1520 765 ingenium
1540 736 1578 770 ,_
1607 693 1901 770 ut_eum._in
1931 708 2045 770 quo.
2073 692 2155 744 di-

557 780 686 831 vina:
711 772 978 845 potestatis
1003 762 1153 843 signa
1179 762 1519 845 cessaverant,
1545 763 1850 819 dominandi
1871 762 2156 845 cupiditate

558 833 804 907 tentaiet,
835 856 884 897 et
913 843 980 895 ad
1023 833 1396 896 v2nerationem
1426 839 1510 891 sui
1535 879 1547 900 ,
1577 852 1737 907 regna
1773 835 1952 888 mundi
1993 833 2153 907 polli-

557 919 737 983 cendo,
766 905 1073 969 traduceret.
1107 912 1211 966 Sed
1232 909 1558 983 prudentiam
1577 905 2021 983 diabolistultam
2036 905 2156 972 fecit

555 977 811 1052 sapientia
867 984 995 1045 Dei;
1046 992 1101 1037 ut
1146 977 1394 1054 superbus
1421 980 1602 1054 Jhostts
1645 978 1899 1054 hominem
1938 977 2152 1054 videns,

555 1047 705 1129 quem
731 1054 1013 1127 aliquando
1050 1047 1379 1129 superaverat
1411 1049 1489 1121 (in
1519 1049 1728 1103 Adamo
1755 1047 2017 1129 scilicet),
2048 1063 2156 1129 non

555 1118 830 1184 metueret'
854 1144 968 1198 eum
999 1118 1234 1198 persequi
1253 1118 1446 1198 ._quent
1467 1136 1578 1198 pro
1628 1118 1861 1198 o.r:ni_bu_s
1890 1119 2155 1198 oportebat

553 1201 742 1254 occidi.
780 1200 904 1254 Hart:
932 1189 1132 1252 S.'Leo
1161 1189 1436 1264 duplicem
1467 1189 1714 1264 indicans
1745 1189 1946 1264 diaboli
1974 1198 2153 1264 tenta-

554 1272 784 1338 tiouem,
819 1272 938 1324 sive
967 1260 1326 1338 duplicem'in
1363 1263 1620 1338 tentando
1654 1262 2046 1338 ittlent_i_unetu,
2077 1260 2156 1312 al-

555 1353 728 1398 teram
756 1332 1084 1411 pi-teripuain
1116 1347 1170 1411 et
1203 1334 1509 1411 primariam
1534 1375 1548 1398 ,
1601 1347 1760 1411 quam
1806 1332 2059 1411 diximus,
2096 1339 2156 1386 ut

553 1401 890 1484 exploraret,
913 1401 1051 1480 quod
1069 1401 1215 1484 scire
1233 1407 1425 1462 avebat
1445 1414 1499 1484 et
1522 1401 1919 1484 suspicabatur,
1942 1401 2154 1484 Deusne

555 1472 703 1540 esset
727 1472 1010 1542 Christus;
1035 1480 1258 1534 alteram
1283 1472 1677 1552 secundariam,
1702 1483 1759 1527 ut
1781 1472 1847 1527 ad
1875 1482 2150 1552 peccatum

554 1557 953 1625 qualecumque
983 1552 1229 1625 alliceret
1259 1566 1271 1600 :
1304 1548 1409 1625 __d_e_
1432 1562 1540 1625 quo
1591 1560 1790 1625 genere
1843 1543 2154 1625 tentationis

553 1613 685 1680 alibi
717 1613 1012 1679 Cassianus
1030 1631 1083 1675 et
1104 1613 1501 1674 Patresihidein
1519 1621 1569 1670 in
1597 1613 1740 1670 uotis
1758 1615 1958 1669 nostris
1978 1613 2149 1670 citati.

560 1697 760 1750 Verum
813 1695 902 1748 hic
938 1702 1142 1761 (lUilfl'el
1173 1692 1368 1757 aliquis
1408 1689 1497 1759 qui
1530 1688 1645 1761 ﬁeri
1680 1688 1920 1761 potuerit
1951 1695 2006 1738 ut
2035 1685 2154 1761 dia-

556 1767 714 1821 bolus
738 1783 805 1821 ex
838 1757 1039 1818 divinis
1072 1761 1341 1816 vaticiniis
1365 1757 1773 1826 et‘prophetiis,
1808 1772 1876 1811 ex
1907 1757 2148 1824 angelica

555 1839 988 1900 annuntiatione,
1019 1849 1083 1887 ex
1116 1844 1270 1898 partu
1300 1831 1538 1890 Virginis
1563 1832 1878 1896 ineorrupto
1901 1835 1955 1881 et
1985 1828 2150 1881 ilitltaa

556 1910 868 1976 virginitate
897 1948 910 1968 ,
937 1920 1025 1976 fex
1080 1903 1394 1976 angelorum
1425 1900 1836 1976 gratulatione,
1874 1913 2148 1976 magorum

555 1968 894 2037 adoratione,
927 1968 1198 2031 Simeonis
1232 1971 1562 2032 testimonio.
1594 1987 1660 2024 ex
1692 1970 1870 2023 verbis
1898 1968 2140 2033 Joanms,

556 2066 626 2107 ex
674 2050 847 2106 Patris
873 2063 1003 2100 voce
1029 2045 1084 2098 in
1116 2045 1386 2114 baptismo
1413 2044 1628 2096 caelitus
1655 2043 1883 2114 emissa,
1917 2040 2146 2107 aliisque

555 2119 962 2175 admit-ubilibus
993 2111 1328 2185 signis,'uon
1358 2114 1686 2168 intellexerit
1707 2111 1990 2185 Christum
2023 2125 2146 2185 esse

557 2193 750 2255 Deum,
773 2193 932 2246 etiam
954 2180 1245 2255 antequam
1273 2185 1337 2238 ad
1358 2200 1476 2237 eum
1501 2184 1809 2255 tentandum
1831 2180 2145 2255 accederet?

558 2253 872 2329 Restiondet
921 2253 1290 2329 Cajetanusiiu
1321 2270 1446 2329 cap:
1474 2270 1524 2329 tv
1555 2255 1730 2329 Luca},
1765 2253 2026 2329 dilationis
2067 2253 2147 2304 iu-

559 2322 859 2397 tellectum,
890 2347 955 2386 ne
979 2322 1030 2382 ἰῖι
1061 2322 1407 2397 intelligeret,
1431 2327 1595 2397 fuisse
1622 2341 1652 2377 a
1673 2324 1783 2378 Deo
1805 2322 2144 2397 impeditum.

557 2405 711 2472 Quod
761 2420 790 2457 a
839 2393 938 2455 suo
985 2400 1244 2472 magisqu
1287 2396 1812 2472 didicitCajetanus.
1861 2393 1955 2472 Sic
2003 2394 2148 2472 enim

558 2465 624 2527 ὗ.
656 2475 894 2528 Thomas
922 2473 1003 2538 (ιιι
1032 2465 1110 2540 ρῖ,
1143 2468 1309 2540 (1.29,
1334 2476 1434 2540 art.
1467 2468 1522 2532 1)
1555 2484 1567 2518 :
1602 2465 1912 2540 Dicendum,
1938 2465 2141 2540 inquit,

558 2544 716 2616 quod,
741 2545 868 2616 sicut
895 2534 1204 2616 Augustinus
1231 2538 1354 2592 dicit
1384 2539 1435 2616 in
1465 2552 1519 2591 ιιι
1554 2542 1614 2590 de
1649 2535 1900 2588 Trinitate
1931 2534 2084 2606 (Cap.

559 2608 607 2668 et
630 2619 708 2684 8),
759 2608 994 2666 diabolus
1016 2611 1177 2662 multa
1201 2618 1361 2684 potest
1383 2610 1564 2684 virtute
1585 2622 1693 2684 sua:
1720 2616 1936 2684 natur-te,
1968 2623 2000 2657 a
2037 2608 2151 2684 qui-

561 2675 863 2740 bus'lamen
921 2684 1215 2749 prohibetur
1275 2682 1457 2733 virtute
1504 2680 1695 2731 divina.
1755 2676 1822 2749 Et
1861 2675 1956 2730 hoc
1999 2678 2154 2730 modo

561 2766 723 2826 potest
747 2756 850 2807 dici
876 2748 1015 2824 quod
1039 2755 1221 2826 virtute
1239 2762 1438 2826 natura:
1456 2765 1567 2803 saw
1589 2748 1824 2800 diabolus
1849 2763 2156 2826 cognoscere

562 2818 762 2895 poterat
791 2818 1002 2878 mairem
1037 2823 1130 2875 Dei
1160 2839 1259 2874 non
1305 2822 1785 2895 fuisse‘corruptam
1807 2858 1820 2880 ,
1872 2819 1960 2870 sed
1993 2818 2153 2895 virgi-

555 2889 709 2962 nem;
740 2895 1133 2970 prohibebatur"
1158 2889 1327 2946 tamen
1372 2909 1402 2943 a
1448 2891 1554 2944 Deo
1589 2889 2156 2970 cognoscerenmodtun

559 2959 750 3038 partus.
776 2968 953 3038 divini.
986 2965 1133 3031 Quod
1167 2962 1691 3038 autentpostmgdum
1717 2977 1830 3013 eum
1852 2959 2156 3038 ‘aliqttaliter

554 3031 795 3110 cognovit
846 3037 1084 3090 diabolus
1131 3052 1237 3110 esse
1261 3031 1479 3110 ‘Filium
1524 3031 1651 3110 Dei,
1683 3048 1784 3084 non
1813 3031 2009 3094 obstat,
2038 3033 2158 3110 quia

559 3103 669 3178 iam
704 3125 899 3180 tempus
933 3118 1040 3161 erat
1072 3117 1127 3160 ut
1147 3104 1379 3161 Christus
1400 3121 1545 3180 suam
1577 3106 1812 3180 virtutem
1836 3112 2016 3180 contra
2045 3103 2158 3154 dia-

560 3173 736 3235 bolum
764 3173 1080 3244 ostenderet,
1115 3188 1160 3231 et
1186 3179 1585 3247 persecutionem
1636 3175 1697 3227 ab
1746 3190 1802 3226 eo
1849 3173 2160 3247 concitatam

561 3264 842 3324 pateretur.
874 3254 980 3306 Sed
1016 3252 1071 3302 in
1103 3245 1323 3324 infantia
1347 3248 1610 3316 Oportebat
1641 3246 1876 3324 impediri
1908 3245 2159 3324 malitiam

564 3313 780 3385 diaboli,
815 3341 876 3375 ne
897 3339 1015 3376 etim
1041 3313 1209 3374 acrius
1245 3313 1650 3388 persequeretur,
1692 3313 1905 3388 quando,
1923 3313 2158 3369 Christus

2264 700 2378 754 est,
2411 690 2535 760 quia
2579 688 2796 744 videbat
2843 685 3089 760 diabolus
3133 687 3188 760 i_n
3225 682 3444 760 Christo
3495 685 3662 740 multa
3692 685 3848 756 signa

2264 757 2592 815 inﬁrmitatis
2623 760 2891 824 humanae,
2916 773 3034 826 qua:
3057 758 3107 812 in
3133 757 3302 811 Deum
3329 757 3528 812 cadere
3549 771 3711 825 posse
3737 772 3848 812 non

2262 834 2512 900 putabat;
2566 845 2667 886 nec
2711 830 2925 885 videbat
2977 828 3169 900 ipsam,
3203 829 3588 882 humanitatem
3641 826 3851 882 Christi

2260 899 2382 957 cum
2418 917 2651 971 persona
2700 901 2850 956 verbi
2907 899 3238 972 hypostatice
3287 912 3409 972 esse
3456 900 3847 966 coniunctam;

2262 972 2362 1028 hoc
2392 967 2534 1029 enim
2579 967 2996 1041 supernatural'e'
3013 979 3129 1025 est:
3161 967 3304 1036 quod
3338 980 3518 1022 autem
3549 984 3709 1035 supra
3746 985 3852 1041 na-

2262 1054 2434 1098 turam
2465 1055 2569 1107 est,
2595 1039 2805 1112 daemon
2831 1053 3023 1112 suopte
3054 1041 3269 1112 ingenio
3297 1053 3492 1108 capere
3515 1041 3722 1109 nequit.
3745 1039 3854 1094 Mi-

2263 1117 2441 1170 racula
2473 1123 2652 1170 autem
2681 1111 2877 1168 Christi
2912 1111 3020 1167 non
3050 1123 3204 1167 erant
3236 1111 3308 1166 ita
3332 1113 3614 1178 perspicua
3643 1120 3702 1165 et
3729 1113 3854 1165 evi-

2261 1185 2480 1249 dentia‘,
2510 1197 2562 1238 ut
2597 1201 2691 1254 per
2715 1200 2774 1240 se
2793 1184 3104 1239 sullicerent
3126 1181 3191 1254 ad
3219 1181 3377 1254 [idem
3400 1191 3607 1254 certam
3630 1181 3698 1235 de
3725 1182 3854 1250 ejus

2261 1255 2471 1311 Deitate
2501 1251 2799 1310 faciendam
2819 1299 2834 1322 ,
2857 1271 2950 1309 seu
2978 1256 3043 1307 ad
3066 1253 3394 1308 credendum
3424 1251 3695 1306 Christum
3719 1267 3852 1309 esse

2265 1327 2456 1382 Filium
2490 1327 2585 1381 Dei
2614 1327 2941 1391 naturalem,
2976 1326 3183 1392 absque
3215 1325 3422 1377 interna
3458 1323 3808 1389 inSpiratione
3831 1367 3848 1388 ,

2261 1398 2621 1452 illustratione
2663 1406 2718 1450 et
2746 1397 2982 1451 motione
3011 1395 3220 1456 divina,
3245 1409 3405 1464 quam
3437 1396 3711 1449 daemones
3735 1398 3847 1451 uti-

2258 1485 2364 1539 que
2411 1486 2516 1522 non
2551 1468 2876 1523 habuerunt.
2927 1466 3162 1521 Proinde
3191 1467 3438 1539 quamvis
3487 1465 3686 1539 scirent
3714 1482 3852 1521 vera

2259 1536 2379 1594 esse
2398 1540 2652 1594 miracula
2673 1579 2686 1603 ,
2716 1549 2894 1593 tamen
2917 1539 3134 1606 propria
3155 1537 3355 1590 malitia
3385 1536 3641 1590 excreeati
3668 1541 3852 1606 suspi-

2258 1611 2518 1665 cabantur
2553 1610 2811 1674 fortasse,
2856 1605 2949 1663 aut
2996 1605 3146 1664 certe
3186 1606 3634 1674 subdubitabant,
3666 1605 3785 1663 hac
3816 1626 3848 1662 a

2259 1679 2372 1735 Deo
2417 1682 2532 1736 lieri
2567 1697 2671 1734 non
2716 1682 2780 1734 ad
2820 1679 3153 1750 probandam
3200 1681 3320 1747 ejus
3347 1676 3715 1743 divinitatem,
3747 1682 3850 1734 sed

2257 1753 2507 1806 eximiam
2526 1766 2669 1808 sanet
2683 1754 2863 1806 italem
2885 1763 2937 1806 et
2960 1751 3233 1820 dignitatis
3253 1751 3685 1818 praerogativam:
3700 1753 3851 1806 unde

2258 1824 2873 1890 colligebantChristum
2902 1838 3024 1876 esse
3055 1822 3273 1890 quidem
3302 1820 3395 1875 Dei
3416 1821 3852 1891 Filium,singu-

2260 1893 2327 1946 lat
2345 1894 2448 1948 iter
2474 1895 2788 1962 adoptatum
2811 1905 2865 1949 et
2891 1899 3049 1948 unice
3071 1894 3470 1956 dilectum,nun
3492 1900 3668 1946 tamen
3688 1904 3850 1947 uatu-

2260 1966 2457 2030 ralem,
2490 1965 2786 2034 genuinum
2818 1981 2879 2018 ac
2910 1962 3348 2034 preprium.Qua
3380 1966 3589 2017 ratione
3620 1978 3852 2032 respon-

2253 2037 2408 2090 detur
2445 2033 3176 2100 deiiionstt'atiouisuperius
3205 2033 3381 2088 facta).
3417 2034 3585 2087 Porro
3619 2037 3853 2090 cet-titu-

2251 2107 2432 2161 dinem
2453 2109 2739 2177 quamdam
2763 2119 2814 2159 et
2849 2106 3624 2177 moralemcognitionem,non
3659 2115 3850 2162 tamen

2251 2175 2620 2233 oinnimotlam
2641 2189 2696 2232 et
2719 2179 2988 2232 indubiam
3009 2179 3074 2230 de
3094 2176 3294 2230 Christi
3317 2175 3588 2230 divinitate
3619 2191 3851 2242 persua-

2251 2251 2458 2304 sionem
2477 2249 2812 2304 darmonibus
2839 2249 3075 2303 tribuunt
3096 2248 3302 2310 Patres,
3321 2257 3515 2314 praeter
3527 2246 3850 2304 Cassianum

2252 2320 2306 2374 in
2340 2324 2438 2374 hoc
2478 2329 2534 2374 et
2571 2320 2815 2388 Sequenti
2846 2335 2967 2386 cap.
3014 2321 3073 2372 Ι).
3106 2320 3463 2388 Hieronymus
3513 2317 3564 2372 in
3582 2334 3715 2388 cap.
3748 2335 3848 2374 vui

2255 2391 2513 2456 Maliltmi,
2545 2392 2609 2444 ad
2643 2386 2771 2445 illud
2813 2409 2825 2443 :
2864 2389 3001 2456 Quid
3031 2391 3172 2443 nobis
3202 2400 3246 2442 et
3271 2386 3390 2451 tibi,
3421 2387 3548 2442 Jesu
3572 2386 3678 2442 Fili
3707 2388 3852 2444 Dei?

2258 2462 2384 2516 Tam
2411 2461 2688 2526 dwmones,
2720 2465 2920 2530 inquit,
2950 2478 3100 2530 quam
3126 2460 3361 2514 diabolus
3394 2459 3476 2529 (id
3505 2471 3608 2530 est,
3641 2460 3850 2530 dueum-

2257 2549 2382 2586 num
2410 2533 2679 2602 princep's)
2707 2528 2970 2600 suspicari
2984 2533 3146 2600 magis
3163 2548 3316 2602 quam
3345 2528 3490 2584 nosse
3516 2528 3713 2585 Filium
3738 2529 3848 2586 Dei

2255 2605 2575 2673 intelligendi
2593 2613 2733 2657 sunt.
2761 2605 3088 2671 Augustinus
3111 2619 3203 2655 seu
3228 2602 3344 2672 quis
3369 2613 3553 2656 auctor
3577 2604 3847 2668 Qutestio-

2258 2691 2384 2729 num
2421 2676 2547 2728 novi
2598 2686 2651 2728 et
2691 2677 2888 2730 veteris
2928 2673 3296 2736 Testamenti,
3341 2689 3370 2726 a
3418 2673 3478 2727 D.
3525 2674 3729 2727 Thema
3758 2676 3845 2728 ci-

2259 2756 2402 2799 tatus
2444 2748 2492 2800 in
2548 2743 2746 2800 Catena
2792 2764 2802 2798 :
2851 2746 3004 2811 Quod
3046 2753 3215 2797 autem
3261 2747 3518 2798 daemones
3574 2747 3797 2798 clamant
3824 2762 3844 2800 :

2257 2818 2382 2885 quid
2431 2819 2572 2870 nobis
2612 2828 2658 2870 et
2704 2816 2823 2881 tibi,
2855 2816 2983 2869 Jesu
3022 2814 3128 2868 Fili
3182 2815 3312 2869 Dei?
3344 2817 3505 2881 magis
3553 2833 3617 2869 ex
3663 2818 3846 2884 suspi-

2260 2888 2407 2940 cione
2447 2905 2597 2953 quant
2639 2904 2703 2941 ex
2749 2890 3038 2958 ceguitione
3085 2887 3275 2958 diagisse
3320 2889 3558 2940 credendi
3597 2897 3736 2945 sunt.
3781 2888 3850 2944 Si

2259 2959 2394 3012 enim
2423 2960 2772 3023 cognovissent
2791 2957 3110 3027 {numquam
3142 2957 3421 3010 Dominum
3460 2959 3637 3027 gloria:
3667 2962 3846 3012 cruci-

2261 3029 2352 3099 ﬁgi
2377 3031 2738 3096 permisissent.
2767 3031 2828 3084 Et
2857 3031 3099 3084 aliolocn
3127 3029 3267 3098 (Lib.
3293 3045 3340 3082 Ix
3369 3031 3430 3082 de
3457 3026 3604 3082 σίιίὶι.
3636 3046 3683 3082 c.
3711 3031 3774 3085 21
3796 3035 3846 3099 );

2262 3097 2401 3171 Ipsi,
2428 3103 2521 3162 ait,
2555 3101 2814 3155 daemones
2835 3102 2986 3155 etiam
3012 3100 3110 3153 hoc
3133 3102 3203 3153 ita
3228 3102 3418 3164 sciunt,
3455 3109 3508 3152 ut
3537 3099 3703 3153 eidem
3734 3097 3854 3154 Do-

2264 3170 2401 3225 mino
2427 3172 2726 3241 inﬁrmitate
2751 3177 2921 3224 carnis
2947 3173 3130 3225 induto
3159 3173 3378 3224 dixerint
3403 3187 3420 3224 :
3452 3172 3586 3235 Quid
3615 3170 3766 3226 nobis
3799 3184 3852 3227 et

2263 3241 2382 3307 tibi,
2407 3243 2438 3296 ,Ι
2447 3261 2535 3297 esu
2563 3242 2872 3296 Nazarene?
2902 3242 3096 3297 Venisti
3121 3252 3241 3297 ante
3259 3254 3454 3309 tempus
3483 3244 3694 3312 perdere
3717 3245 3853 3298 nos?

2265 3314 2476 3368 Clarum
2505 3324 2581 3368 est
2619 3317 2671 3368 in.
2712 3316 2791 3367 his
2817 3314 2978 3368 verbis
3006 3315 3143 3384 quod
3175 3317 3227 3368 in
3255 3316 3327 3368 eis
3367 3325 3414 3368 et
3453 3323 3596 3366 tanta
3635 3315 3851 3368 scientia

567 3411 660 3448 nec
681 3378 786 3462 pati
804 3395 1144 3463 disposuerat,
1177 3378 1265 3463 nec
1286 3378 1523 3463 virtutem
1555 3378 2014 3463 suam'ostendere,
2045 3396 2151 3439 ctc.
2182 3378 2228 3439 C
2260 3397 2394 3463 erat,
2423 3397 2466 3439 et
2498 3387 2723 3463 charitas
2748 3378 3255 3463 non_era‘t‘.'l_’teuam
3279 3386 3464 3463 quippe
3488 3401 3634 3463 suam
3664 3387 3852 3463 [armi-

569 3456 694 3518 Ha‘c
743 3465 802 3519 S.
841 3456 1105 3522 'l‘hoinas;
1155 3462 1244 3528 qui
1287 3461 1429 3524 quod
1469 3460 1534 3511 de
1559 3458 1863 3526 virginitate
1910 3456 2154 3528 Dcipartc

569 3537 878 3600 incorrupta
929 3527 1185 3600 asserit,
1216 3532 1376 3581 etiam
1410 3530 1476 3581 de
1527 3529 1648 3581 aliis
1679 3528 1863 3600 multis
1905 3527 2072 3600 sigan
2103 3537 2157 3581 et

567 3596 1225 3667 indit-iisintelligendum
1282 3600 1530 3665 reliquit,
1568 3614 1634 3650 ex
1662 3598 1856 3665 quibus
1891 3596 2159 3663 potuisset

571 3675 783 3727 daemon
811 3671 1041 3724 naturali
1075 3669 1328 3722 facultate
1359 3683 1412 3722 et
1443 3670 1640 3737 ingenii
1685 3668 2014 3737 perspicacia
2045 3672 2156 3721 col-

573 3745 740 3814 ligere
770 3743 1045 3798 Christum
1073 3754 1194 3795 esse
1218 3756 1402 3814 verum
1434 3741 2036 3814 Mt-ssiavaerumque
2060 3739 2158 3794 Dei

571 3810 788 3879 Filium,
819 3816 914 3869 nisi
945 3831 973 3867 a
1002 3816 1110 3867 Deo
1139 3812 1426 3881 impeditus
1459 3814 1664 3867 luisset.
1692 3810 1862 3865 Favet
1887 3811 2008 3881 huic
2036 3826 2158 3864 sen-

573 3889 832 3943 tentizn'S.
869 3885 1126 3947 Hilarius,
1158 3879 1228 3937 ita
1259 3881 1501 3939 scribens
1533 3881 1688 3954 (Can.
1723 3884 1757 3938 5
1785 3883 1838 3934 in
1887 3879 2104 3954 Matth.)
2142 3899 2154 3934 :

572 3957 659 4012 Ita
688 3959 903 4030 dignum
929 3959 1153 4030 nequitia
1177 3951 1606 4030 tlia_boli_erat,_'ut
1639 3955 1690 4004 in
1721 3968 1802 4016 eo,
1835 3953 1984 4019 cujus
2015 3951 2160 4030 calo-

565 4021 834 4083 mitatibus
866 4021 1218 4099 gloriabatur,
1251 4027 1458 4076 homine
1500 4026 1816 4099 vinceretur,
1847 4032 1893 4074 et
1933 4023 2032 4099 qui
2067 4021 2161 4099 Dei

561 4101 819 4167 :bene/icia
845 4090 1034 4150 Iiomini
1064 4095 1358 4157 invidisset,
1409 4103 1528 4145 ante
1558 4093 1889 4167 tentationem
1925 4090 2080 4167 Deum
2109 4092 2161 4147 in

565 4163 1095 4236 homine-intelligere
1137 4180 1237 4218 non
1266 4175 1466 4236 possel_,
1504 4172 1612 4217 etc.
1642 4163 1795 4236 Si.
1831 4165 2161 4236 Augustinus

566 4243 671 4295 :lih.
697 4258 747 4294 rx
781 4242 848 4292 de
877 4232 1107 4290 Civitate
1139 4250 1257 4300 cap.
1291 4236 1383 4286 ‘21.
1407 4232 1627 4286 Tantunt
1660 4233 1891 4287 Christus
1914 4235 2164 4286 damtoni-

569 4312 671 4363 bus
705 4311 963 4374 innotuit,
1013 4315 1263 4374 quantum
1289 4305 1448 4374 voluit
1476 4319 1495 4357 :
1529 4314 1721 4358 tantum
1759 4313 1928 4356 autem
1967 4305 2157 4368 voluit,

572 4390 825 4444 quantum
853 4373 1100 4445 oportuit,
1130 4385 1233 4430 etc.
1279 4373 1440 4434 Hinc.
1483 4376 1654 4442 inquit
1682 4375 1974 4444 Cajelanus
1999 4419 2030 4446 ,γ
2067 4392 2163 4446 ap-

577 4464 723 4520 paret
772 4449 1086 4503 intellectum
1114 4447 1406 4501 daemonum
1437 4447 1684 4520 ligatum,
1723 4463 1812 4501 seu
1860 4445 2162 4520 impeditum

574 4517 685 4576 esse
711 4537 744 4576 α
777 4521 936 4584 -Deo,
975 4520 1028 4572 in
1067 4534 1264 4587 poenam
1311 4518 1544 4584 peccati;
1590 4517 1661 4570 ita
1687 4523 1822 4588 quod
1849 4534 1948 4570 non
1994 4517 2161 4572 solum

574 4593 1002 4665 potentia‘eorum
1028 4601 1101 4643 est
1125 4591 1304 4656 ligata,
1334 4589 1424 4641 sed
1456 4589 1608 4665 etiam
1639 4588 1946 4665 i_ntellectitta
1969 4589 2070 4655 vis,
2106 4598 2163 4665 ut

480 4659 679 4742 “(non
706 4674 908 4732 possent
937 4676 1236 4733 coynoscere
1290 4675 1404 4742 qua:
1451 4675 1513 4712 ea:
1554 4660 1599 4742 vi
1645 4659 1856 4742 luminis
1905 4661 2162 4742 naturalis

487 4729 555 4801 AL“!
577 4729 881 4804 cognoscere
930 4729 1228 4804 potuissent.
1283 4729 1364 4783 Ea:
1415 4747 1473 4782 eo
1509 4730 1647 4804 enim
1674 4731 1809 4798 quod
1856 4741 1967 4804 post
2010 4734 2160 4785 verba

481 4837 514 4848 ιο
577 4801 829 4860 Gabrielis
856 4806 925 4858 ad
965 4802 1249 4872 Virginem,
1279 4811 1391 4874 post
1414 4801 1565 4854 verba
1610 4804 1781 4874 angeli
1810 4803 1877 4854 ad
1904 4812 2090 4873 pastor.
2112 4820 2160 4866 s,

494 4937 504 4941 _
578 4889 688 4946 post
714 4877 887 4946 verba_
906 4876 970 4928 de
1003 4873 1130 4928 caelo
1156 4873 1507 4946 in_baptism_o
1539 4872 1731 4946 edita,
1781 4872 2019 4946 diabolus
2060 4891 2160 4928 non

580 4941 811 5013 cognovit
854 4944 1031 4998 Iesum
1073 4960 1183 4997 esse
1210 4941 1407 4995 Filium
1456 4941 1590 5006 Dei,
1618 4941 1834 4997 habetur
1872 4944 2009 5012 quod
2060 4961 2162 4997 non

580 5014 832 5068 intellexit
861 5016 1170 5068 testimonia.
1202 5014 1290 5066 Sic
1317 5013 1628 5077 Cajetanus.
1656 5013 1801 5068 Idem
1827 5016 1988 5067 sentit
2016 5018 2162 5067 Abu-

583 5087 748 5140 lensis
777 5085 1012 5138 Matthtei
1045 5101 1094 5138 tv
1140 5084 1437 5153 quaestione
1466 5080 1560 5138 22.

655 5157 902 5209 Secundo
942 5157 1092 5222 dico,
1147 5171 1251 5207 non
1297 5170 1326 5208 a
1381 5154 1616 5220 meipso,
1668 5153 1762 5207 sed
1814 5167 1845 5205 a
1889 5153 2158 5221 Patrihus,

574 5229 858 5284 Christum
917 5228 1197 5280 Dominum
1247 5226 1407 5279 etiam
1441 5235 1559 5291 post
1607 5225 1933 5279 tentationes
1960 5226 2162 5282 diaboli

576 5310 845 5363 casa-atas,
877 5311 926 5353 ιιι
958 5296 1095 5352 infra
1119 5296 1334 5360 dicitur,
1361 5295 1411 5348 id
1433 5306 1537 5359 est,
1566 5305 1864 5362 superatas.
1889 5306 1942 5351 et
1971 5299 2020 5350 in
2045 5313 2166 5351 cas-

582 5388 700 5426 sum
733 5372 988 5436 redditas,
1017 5384 1112 5436 per
1137 5382 1298 5434 Opera
1329 5375 1385 5420 et
1411 5366 1673 5421 miracula
1701 5382 1795 5421 sua
1823 5367 2162 5422 danuouibus

583 5446 757 5512 magis
787 5460 850 5497 ac
894 5443 1062 5511 magis
1092 5441 1424 5512 innotuisse,
1460 5449 1514 5493 et
1552 5440 1737 5491 morali
1778 5440 1970 5512 saltem
1999 5441 2165 5512 certi-

583 5509 772 5569 tuuine
803 5530 897 5582 pro
933 5509 1064 5581 Deo,
1097 5523 1149 5565 et
1181 5512 1272 5563 Dei
1300 5509 1469 5574 Filio,
1503 5525 1735 5582 veroque
1783 5510 1972 5565 Messia
2006 5511 2162 5564 habi-

583 5595 698 5639 tutn
731 5581 924 5650 fuisse;
971 5600 1075 5638 non
1129 5591 1306 5636 tamen
1338 5583 1557 5633 omnino
1583 5581 1762 5634 stabili
1811 5590 1861 5634 et
1891 5584 2045 5636 lirmo
2075 5598 2160 5636 as-

584 5672 747 5710 sensu
771 5674 831 5710 ac
853 5655 1234 5726 persuasione,
1259 5653 1462 5726 absque
1486 5652 1586 5704 ulla
1611 5650 1947 5726 dubitatione
1973 5663 2037 5726 et
2050 5653 2165 5726 lor-

587 5727 786 5784 midine
818 5722 885 5781 de
932 5724 1216 5793 opposito,
1248 5733 1305 5776 ut
1347 5722 1640 5790 loquuntur
1667 5722 1960 5779 dialectici.
2003 5722 2164 5784 Ratio

2259 3457 2449 3528 dabant
2475 3459 2539 3509 ab
2569 3459 2659 3510 illo
2683 3497 2696 3521 ,
2726 3474 2825 3509 non
2853 3458 2906 3509 in
2931 3455 3026 3510 illo
3040 3459 3301 3528 justitiam
3336 3457 3636 3528 diligebant.
3670 3455 3738 3509 Et
3762 3456 3851 3511 in-

2261 3527 2337 3579 fra
2366 3544 2380 3582 ε
2406 3538 2516 3596 post
2564 3529 2708 3580 illaut
2753 3543 2870 3581 vero
2921 3527 3280 3590 tentationem,
3315 3543 3432 3580 cum
3478 3528 3675 3596 angeli,
3707 3528 3851 3581 sicut

2259 3598 2509 3667 scriptum
2531 3610 2602 3650 est
2626 3639 2641 3663 ,
2673 3599 3018 3652 ministrarent
3041 3602 3086 3652 ei
3108 3641 3124 3666 ,
3151 3600 3269 3651 boni
3299 3599 3468 3666 utique
3495 3610 3540 3650 et
3561 3600 3747 3660 sancti,
3777 3615 3848 3651 ac

2261 3685 2351 3738 per
2395 3669 2490 3722 hoc
2531 3670 2792 3739 spiritibus
2837 3670 3115 3723 immundis
3155 3671 3415 3723 metuendi
3461 3679 3510 3722 et
3549 3670 3843 3737 tremendi,

2261 3742 2424 3810 magis
2452 3742 2712 3810 magisque
2739 3742 3079 3795 innotescebat
3102 3740 3416 3794 (immanibus
3442 3749 3664 3809 quantus
3686 3749 3848 3808 esset,

2262 3820 2318 3862 ut
2343 3813 2903 3883 eijubenti,quamvis
2939 3813 2989 3865 in
3021 3814 3113 3868 illo
3152 3812 3542 3883 contemptibilis
3563 3810 3851 3883 _videretur

2263 3882 2432 3934 carnis
2469 3882 2775 3944 inﬁrmitas,
2807 3885 3042 3936 resistere
3080 3882 3253 3935 nullus
3283 3881 3518 3938 auderet.
3563 3881 3851 3950 Remigius

2262 3953 2402 4020 apud
2443 3951 2696 4005 eumdem
2746 3953 3056 4008 Thomam:
3103 3954 3540 4023 Quotiescumque
3584 3955 3696 4020 eius
3739 3953 3854 4007 vir-

2265 4032 2369 4094 tute
2391 4023 2777 4092 torquebantur,
2803 4036 2848 4076 et
2879 4025 3027 4094 signa
3057 4023 3376 4094 etntiracula
3396 4025 3668 4093 facientem
3697 4025 3851 4078 vide-

2264 4092 2383 4145 bant
2403 4133 2416 4153 ,
2442 4093 2757 4147 wallmabanl
2781 4111 2896 4147 eum
2934 4092 3048 4149 esse
3078 4093 3124 4148 F
3129 4096 3273 4147 ilium
3302 4092 3433 4162 Dei;
3465 4103 3728 4163 postquam
3761 4097 3853 4150 vi-

2263 4163 2451 4236 debant
2475 4180 2591 4216 eum
2633 4167 2827 4219 esurire
2849 4209 2862 4232 ,
2914 4168 3088 4236 sitire,
3115 4177 3164 4220 et
3193 4167 3270 4218 his
3308 4167 3496 4220 similia
3526 4167 3660 4236 pati,
3693 4166 3856 4220 dubi—

2265 4233 2436 4308 labant
2463 4247 2508 4288 et
2536 4236 2802 4290 credebant
2823 4233 3084 4292 hominem
3101 4253 3310 4308 parum.
3339 4233 3628 4308 Gregorius
3656 4235 3782 4291 Job.
3810 4254 3855 4294 ιι

2266 4303 2427 4378 (Vide
2458 4308 2693 4359 eumdem
2732 4308 2824 4361 lib.
2873 4324 3040 4362 χχχιιι
3071 4303 3263 4362 Μοναι.
3304 4325 3351 4364 c.
3383 4303 3508 4378 7)_:
3541 4307 3812 4377 Malignus
3833 4351 3852 4375 ,

2265 4376 2472 4442 inquit,
2497 4378 2707 4449 spiritus
2726 4421 2740 4443 ,
2766 4395 2880 4431 cum
2912 4380 3304 4442 Redemptorem
3325 4376 3558 4435 nostrum
3581 4376 3855 4435 miraculis

2266 4462 2534 4520 coruscare
2560 4451 2810 4520 causpicit
2828 4491 2842 4510 ,
2876 4449 3065 4502 clamat
3089 4467 3107 4505 :
3137 4449 3344 4505 Scimus
3368 4451 3502 4520 quod
3524 4451 3592 4520 sis
3613 4449 3854 4506 Sanctus

2266 4516 2516 4592 Dei,iqui
2550 4518 2658 4572 haec
2688 4516 2878 4592 dicens
2925 4522 3277 4592 cognoscendo
3310 4516 3404 4576 Dei
3455 4517 3650 4573 Filium
3681 4523 3853 4589 perti-

2266 4588 2588 4663 mescit.Sed
2625 4599 2790 4643 tamen
2813 4591 2915 4644 vim
2941 4588 3175 4656 supernae
3196 4593 3395 4658 pietatis
3416 4588 3697 4663 ignorans,
3721 4594 3854 4663 dum

2265 4662 2559 4728 passibilem
2579 4663 2902 4733 considerat,
2927 4662 3180 4718 hominem
3203 4679 3389 4731 purum
3411 4662 3583 4733 putat,
3609 4672 3714 4717 etc.
3744 4662 3856 4717 Be—

2267 4734 2330 4806 tla
2367 4733 2522 4806 Luth
2553 4749 2600 4784 tv
2629 4750 2642 4786 :
2677 4733 2843 4798 Quem
2871 4731 3070 4787 dierum
3106 4733 3176 4789 40
3194 4731 3699 4806 jejuniorfatigatum
3732 4734 3874 4787 dia-.

2268 4802 2691 4876 Dolttsjtttmlttem
2718 4815 3044 4876 cognoverat,
3086 4820 3177 4858 nec
3196 4802 3450 4859 tentando
3480 4802 3676 4858 valebat
3699 4821 3767 4858 an
3800 4816 3853 4858 et

2273 4873 2364 4926 Dei
2395 4870 2581 4947 Filius
2603 4885 2729 4947 esset
2759 4870 3007 4942 eiperiri,
3035 4870 3150 4947 jam
3180 4892 3316 4930 nunc
3349 4891 3438 4943 per
3462 4877 3724 4944 signorum
3755 4893 3855 4947 go-

2267 4947 2479 5017 tentiam
2507 4944 2581 5000 vel
2605 4946 2875 5008 intellexit,
2897 4948 2974 5000 vel
3007 4943 3173 5013 potius
3194 4949 3489 5017 suspicatus
3512 4943 3589 5000 est
3617 4962 3722 5000 esse
3751 4943 3855 5017 Ei-

2266 5014 2394 5068 liunt
2425 5014 2538 5073 Dei.
2575 5019 2808 5086 Itemque
2837 5019 2890 5073 S.
2923 5017 3160 5071 Thomas
3188 5014 3379 5086 (ttt'p.,
3401 5034 3454 5087 q.
3485 5019 3587 5079 M,
3621 5027 3719 5069 art.
3755 5016 3804 5086 Ι)
3833 5035 3850 5072 :

2271 5088 2479 5138 lla'mon
2500 5128 2512 5150 ,
2545 5090 2664 5142 visis
2695 5087 2959 5158 miraculis
2978 5133 2989 5148 ,
3015 5105 3077 5141 ex
3102 5088 3326 5158 quadam
3353 5089 3694 5158 suspicatione
3726 5104 3853 5140 con-

2255 5161 2565 5229 jecturavit,
2594 5177 2710 5213 eum
2756 5176 2862 5212 esse
2891 5155 3090 5211 Filium
3114 5155 3236 5212 'Dei.
3276 5161 3350 5216 Ex
3386 5155 3469 5212 his
3502 5168 3644 5226 patet
3665 5199 3679 5221 ,
3707 5173 3850 5228 quo-

2271 5228 2432 5282 tnotlo
2484 5230 2887 5297 intelligendum
2921 5230 2986 5282 sit
3019 5231 3144 5283 illiti!
3173 5231 3314 5299 quod
3355 5231 3406 5283 in
3439 5231 3730 5297 Evangelio
3770 5232 3852 5283 le-

2269 5302 2410 5368 gi'ur
2441 5300 2634 5367 (Marc.
2669 5316 2682 5353 I
2708 5309 2754 5354 et
2785 5299 2910 5352 Luc.
2935 5301 3012 5366 tv)
3042 5319 3052 5351 :
3077 5300 3199 5354 Non
3227 5301 3425 5355 sinebat
3449 5317 3509 5354 ea
3542 5303 3698 5369 loqui,
3721 5317 3853 5370 quo-

2271 5373 2408 5424 niam
2435 5373 2519 5424 vel
2551 5373 2673 5442 quia
2698 5371 2921 5426 sciebant
2950 5373 3116 5437 ipsum
3152 5389 3256 5425 esse
3281 5372 3562 5426 Christum.
3595 5372 3862 5428 Sciebant

2270 5442 2411 5495 enim
2445 5459 2549 5494 nun
2566 5441 2721 5496 certa
2749 5453 2804 5496 et
2837 5441 3066 5496 evidenti
3091 5443 3428 5511 cognitione,
3461 5445 3556 5496 scd
3582 5441 3858 5511 probabili

2270 5513 2576 5580 conjectura
2618 5521 2672 5566 et
2709 5512 3020 5568 vehementi
3060 5515 3392 5580 suspicione.
3424 5527 3482 5570 ut
3511 5514 3712 5568 dictum
3747 5521 3853 5568 est.

2270 5584 2601 5653 Quamquam
2631 5584 2722 5636 alii
2747 5586 2904 5638 aliter
2932 5594 3209 5650 exponunt
3229 5585 3472 5651 quoniam
3499 5587 3579 5639 vel
3610 5586 3736 5654 quia
3757 5599 3860 5652 pro

2269 5657 2408 5724 quod
2449 5656 2680 5723 positum
2728 5670 2873 5715 esse.
2909 5664 2966 5708 ut
2993 5669 3182 5708 sensus
3215 5659 3323 5709 sit:
3363 5672 3468 5710 non
3500 5657 3713 5710 sinebat
3743 5656 3856 5708 Do-

2270 5728 2447 5782 minus
2496 5725 2772 5782 diBmODCS
2810 5725 2913 5781 hoc
2957 5725 3174 5796 dicere,
3205 5727 3413 5784 scilicet
3452 5726 3596 5797 quod
3647 5729 3859 5788 scirent
