4000 6186
254 199 337 261 ns
1224 193 1315 254 DE
1351 182 1864 254 INCARNATIONE
1903 190 2179 250 CHRISTI
2216 178 2353 249 LlB.‘
2392 192 2499 249 vn.

3381 200 3488 263 234

253 317 402 375 monia
433 322 603 381 utens,
646 313 770 383 quia
802 310 988 367 Filium
1013 310 1110 367 Dei
1163 312 1282 368 sine
1326 323 1499 370 matre
1548 311 1748 369 asseris
1776 356 1790 379 ,
1821 312 1875 372 Α
1898 310 2120 365 vitalem
2141 310 2390 380 corporis
2416 307 2520 365 sibi
2545 309 2658 379 ipse
2682 309 2891 368 sulleeit
2936 310 3058 369 sine
3110 325 3287 385 patre.
3317 318 3483 393 Ergo,

253 412 383 467 etiam
402 409 505 464 sine
518 414 671 477 patre
692 419 815 461 esse
834 403 1194 473 blasphemes.
1223 404 1389 461 Vides
1412 419 1541 476 ergo
1566 418 1792 474 perver-

253 504 397 557 sitatis
426 517 482 556 ac
507 498 759 569 nequitiae
788 506 893 553 tute
918 496 1117 565 studio,
1152 497 1207 552 in
1246 498 1395 568 quod
1425 508 1478 553 te
1505 497 1796 568 impietatis

252 604 536 665 praeruptum
557 591 760 661 jeceris
786 607 801 645 :
830 598 891 646 ut
922 590 1064 659 quod
1093 606 1253 647 nemo
1285 591 1462 645 adhuc
1504 606 1531 645 a
1562 590 1793 660 saeculis,

254 687 343 741 nisi
369 687 557 740 insanus
585 683 841 751 fortasse,
870 682 1026 751 dixit,
1067 683 1192 739 dum
1220 683 1416 739 Filium
1442 685 1537 739 Dei
1570 692 1796 739 matrem

252 793 343 833 non
371 778 597 834 habuisse
625 776 781 845 dicis,
813 777 978 832 etiam
1006 785 1213 847 patrem
1246 778 1417 847 ipsius
1440 776 1696 847 deneges.
1730 774 1800 830 Et

252 871 337 925 hoc
359 880 512 927 tamen
541 871 728 926 nescio
750 870 1028 941 impietate
1056 870 1245 939 majori
1280 884 1350 925 an
1393 870 1630 940 ineptia;
1675 869 1794 939 quia

248 964 351 1036 quid
372 966 597 1033 stultius,
627 966 753 1036 quid
784 965 1042 1036 ineptius,
1066 980 1225 1036 quam
1254 964 1349 1020 ﬁlii
1373 980 1571 1021 nomen
1595 979 1798 1036 ponere

246 1067 290 1114 et
315 1062 459 1130 patris
487 1075 682 1115 nomen
713 1059 852 1115 velle
881 1060 1154 1115 reticere?
1187 1059 1292 1115 Sed
1315 1058 1448 1114 dicis
1475 1078 1489 1113 :
1519 1057 1639 1114 Non
1665 1058 1798 1114 reti-

244 1166 348 1213 ceo.
373 1167 465 1206 non
482 1167 636 1222 nego.
669 1151 737 1206 Et
763 1152 884 1222 quis
914 1166 1043 1221 ergo
1072 1160 1124 1207 te
1153 1150 1304 1206 furor
1329 1150 1613 1221 compulit,
1646 1150 1802 1205 testi-

244 1247 455 1299 monium
500 1245 628 1300 illud
682 1259 907 1314 ponere,
940 1244 1032 1298 ubi
1059 1243 1206 1299 .dum
1243 1252 1476 1298 matrem
1526 1258 1648 1297 eum
1692 1256 1800 1297 non

244 1336 465 1394 habuisse
490 1338 649 1407 dicis,
684 1338 846 1393 etiam
874 1347 1085 1408 patrem
1114 1337 1232 1407 ejus
1260 1350 1489 1407 negasse
1515 1336 1751 1391 videaris
1778 1336 1800 1390 τ

239 1428 352 1485 Nam
380 1446 490 1487 cum
523 1431 581 1486 in
607 1429 804 1486 eodem
832 1430 1166 1498 testimonio,
1195 1430 1334 1486 sicut
1356 1429 1472 1485 sine
1497 1439 1696 1495 matre,
1728 1428 1800 1483 ita

237 1522 373 1578 etiam
401 1524 511 1581 sine
545 1532 708 1593 patre
736 1538 857 1579 esse
878 1522 1112 1589 dicatur,
1146 1535 1368 1577 necesse
1396 1528 1480 1576 est
1503 1528 1563 1576 ut
1592 1521 1639 1575 si
1683 1520 1803 1575 sine

236 1626 381 1674 matre
407 1619 473 1675 ibi
501 1618 741 1689 intelligi
775 1626 954 1688 potest
996 1618 1186 1673 eodem
1216 1617 1378 1672 modo
1408 1632 1515 1687 quo
1545 1617 1664 1671 sine
1684 1630 1801 1670 ma-

1901 402 2072 473 inquit
2093 404 2412 475 Apostolus,
2436 405 2547 459 sine
2574 416 2757 471 matre,
2806 408 2917 462 sine
2943 408 3265 482 genealogia.

2504 519 2733 577 CAPUT
2770 520 2886 577 XV.

1905 610 2175 677 Quomodo
2206 610 2445 683 Christus
2466 611 2921 738 sinedgeqealogia
2944 618 3008 671 ab
3037 617 3285 689 Apostolo
3329 623 3495 693 fuisse

2609 700 2688 738 ica
2716 703 2801 738 ur.

2609 700 2801 740 scatur.

1974 774 2257 843 Quomodo
2299 777 2418 833 sine
2439 778 2752 849 genealogis
2783 780 3072 839 Dominum
3126 786 3291 842 fuisse
3340 788 3491 857 dicit,

1902 877 2022 920 cum
2075 867 2427 937 Evangelium
2478 869 2715 926 Matthtei
2744 874 2990 943 evangeli
3027 892 3096 931 tte
3122 892 3150 930 a
3181 882 3497 950 genealogis

1901 959 2128 1026 cmperit
2164 958 2486 1025 Salvatoris,
2538 962 2763 1020 dicens:
2808 964 2961 1020 Liber
2987 971 3329 1040 generationis
3370 971 3498 1027 Jesu

1904 1050 2118 1117 Christi,
2143 1052 2243 1120 ﬁlii
2267 1052 2456 1121 David,
2482 1056 2582 1123 ﬁlii
2602 1058 2899 1114 Abraham?
2924 1061 3065 1132 Ergo
3087 1072 3141 1118 et
3150 1065 3309 1135 juxta
3335 1080 3498 1120 evan-

1901 1144 2152 1215 gelistam
2210 1147 2374 1203 habet
2416 1151 2809 1221 genealogiam,
2870 1163 2924 1207 et
2971 1154 3125 1224 juxta
3173 1158 3496 1226 Apostolum

1904 1252 2009 1293 non
2044 1238 2208 1294 habet
2236 1258 2246 1292 :
2282 1242 2405 1310 quia
2434 1241 2588 1311 juxta
2616 1242 2971 1313 Evangelium
2996 1262 3061 1301 ex
3092 1258 3267 1303 matre
3310 1250 3492 1317 habet,

1897 1329 2052 1400 juxta
2078 1332 2401 1400 Apostolum
2429 1349 2495 1388 ex
2541 1345 2693 1404 patre
2734 1350 2842 1391 non
2888 1336 3072 1392 habet.
3108 1340 3177 1393 Et
3207 1342 3328 1395 ideo
3360 1342 3499 1399 bene

1905 1425 2196 1494 Apostolus
2222 1426 2429 1492 dicens,
2472 1428 2601 1482 Sine
2629 1439 2795 1498 patre,
2827 1430 2939 1486 sine
2967 1440 3149 1501 matre,
3182 1436 3294 1489 sine
3312 1453 3498 1504 genea-

1906 1516 2083 1588 logia;
2107 1520 2197 1574 ubi
2225 1535 2349 1575 eum
2373 1520 2493 1576 sine
2523 1531 2698 1578 matre
2725 1523 2965 1593 genitum
2996 1540 3117 1581 esse
3174 1530 3373 1597 posuit,
3423 1530 3498 1585 ibi

1908 1610 2071 1665 etiam
2098 1611 2217 1668 sine
2247 1613 2562 1685 genealogia
2592 1629 2713 1669 esse
2771 1619 3108 1673 memoravit.
3166 1618 3243 1675 Ac
3270 1636 3365 1690 per
3394 1620 3498 1677 hoc

236 1718 302 1765 tre
325 1725 431 1767 esse
458 1712 532 1767 ibi
561 1687 905 1781 intelligitur,
940 1711 1103 1765 etiam
1126 1710 1245 1765 sine
1274 1718 1430 1779 patre
1460 1723 1583 1764 esse
1607 1708 1799 1765 creda—
1827 1687 1877 1749 Β
1904 1702 1958 1758 in
2008 1712 2236 1774 utraQue
2286 1707 2500 1761 Domini
2554 1708 2861 1775 nativitate,
2890 1720 2945 1766 et
2974 1687 3286 1783 evangelica
3309 1716 3411 1769 sibi
3442 1723 3499 1771 es

234 1812 320 1857 tur.
336 1804 425 1859 Sed
450 1806 558 1862 hoc
586 1812 857 1877 praerupta
887 1803 977 1858 illa
996 1802 1061 1857 ad
1080 1802 1385 1872 negandum
1406 1802 1572 1857 Deum
1588 1801 1797 1857 insania

230 1910 318 1950 non
339 1897 638 1961 intellexit;
672 1911 793 1965 quae
823 1910 943 1951 cum
966 1895 1018 1949 id
1052 1902 1356 1949 truncatum
1376 1903 1628 1964 poneret,
1654 1890 1796 1963 quod

230 1988 459 2059 integrum
490 1989 758 2058 scriptum
791 1998 891 2053 est,
918 2002 1027 2042 non
1050 1987 1183 2042 vidit
1206 1995 1446 2041 reserata
1476 1985 1621 2040 sacri
1641 1986 1799 2041 volu-

225 2083 360 2137 minis
386 2086 527 2141 serie
550 2082 806 2152 redargui
829 2082 1116 2152 impudens
1142 2092 1304 2152 atque
1335 2090 1587 2151 apertum
1636 2095 1798 2150 posse

223 2176 561 2232 mendacium.
624 2174 668 2230 Ο
714 2174 873 2229 stulta
908 2174 1244 2243 blaSphemia
1276 2182 1330 2228 et
1361 2173 1635 2228 amentia!
1678 2187 1798 2242 qum

218 2266 327 2322 dum
352 2270 459 2339 ipsa
500 2284 614 2323 non
642 2267 788 2322 videt
841 2267 969 2337 quid
1016 2267 1171 2336 sequi
1219 2266 1434 2333 debeat,
1468 2266 1627 2321 etiam
1663 2265 1797 2320 illud

217 2376 311 2416 non
339 2365 514 2435 sapuit
544 2363 673 2433 quid
705 2360 810 2432 legi
841 2362 1044 2431 possit;
1091 2361 1242 2431 quasi
1273 2376 1407 2415 vero
1434 2359 1555 2429 quia
1589 2368 1613 2396 α
1640 2359 1796 2414 aule~

210 2456 358 2509 rebat
402 2458 503 2511 sibi
542 2456 980 2525 intelligentiam,
1041 2453 1255 2508 auferre
1305 2459 1489 2522 posset
1544 2451 1796 2506 omnibus

211 2546 528 2605 lectionem:
558 2559 643 2603 aut
684 2550 804 2603 ideo
832 2546 1113 2616 ‘perdituri
1144 2559 1337 2601 omnes
1382 2545 1451 2600 ad
1502 2544 1792 2615 legendum

209 2638 398 2693 oculos
421 2640 606 2708 capitis
626 2641 702 2694 sui
732 2650 939 2705 essent,
967 2638 1094 2709 quia
1119 2639 1233 2707 ipse
1250 2637 1361 2707 jam
1389 2638 1582 2691 mentis
1605 2637 1793 2691 oculos

207 2730 545 2799 perdidisset.
576 2731 715 2787 Audi
756 2747 904 2801 ergo,
949 2730 1222 2799 hmretice,
1267 2730 1410 2800 quod
1442 2728 1650 2785 furatus
1690 2746 1790 2797 es;

182 2823 315 2877 .audi
351 2826 514 2894 plena
545 2839 598 2882 et
629 2830 860 2897 integra,
911 2841 1032 2895 quae
1080 2824 1279 2880 debilia
1312 2840 1375 2879 ac
1424 2834 1668 2880 truncata
1699 2839 1793 2893 po-

203 2916 366 2971 suisti.
400 2919 700 2988 Apostolus
724 2918 991 2987 duplicem
1026 2918 1119 2972 Dei
1143 2918 1486 2973 nativitatem
1515 2918 1792 2972 insinuare

204 3010 436 3065 omnibus
465 3013 715 3081 cupiens,
750 3019 809 3065 ut
835 3019 892 3065 et
940 3011 993 3064 in
1032 3010 1243 3065 Deitate
1268 3018 1453 3063 natum
1499 3008 1793 3063 Dominum

1903 1796 2207 1865 apostolica
2258 1798 2420 1852 simul
2457 1800 2658 1869 scripta
2690 1803 3047 1859 conveniunt.
3096 1805 3231 1872 Quia
3266 1817 3321 1863 et
3343 1808 3498 1877 juxta

1901 1891 2288 1959 evangelistam
2320 1890 2485 1947 habet
2514 1893 2889 1963 genealogiam
2920 1897 3037 1951 sine
3064 1909 3219 1967 patre
3250 1899 3302 1955 in
3333 1915 3499 1958 carne

1902 1990 2099 2047 natus;
2129 1992 2185 2037 et
2231 1985 2382 2053 juxta
2430 1984 2751 2054 Apostolum
2782 2002 2887 2041 non
2919 1987 3102 2057 habet,
3154 1990 3276 2046 sine
3324 2001 3500 2048 matre

1902 2073 2166 2129 Dominus
2190 2076 2243 2129 in
2263 2076 2474 2132 Deitate
2495 2088 2805 2148 generatus,
2831 2080 2969 2136 Isaia
2991 2083 3206 2139 dicente
3233 2103 3246 2138 :
3277 2083 3305 2123 ι)
3334 2083 3499 2143 Gens-

1899 2166 2151 2221 rationem
2180 2177 2348 2222 autem
2386 2171 2497 2239 ejus
2525 2172 2637 2245 quis
2663 2172 2927 2226 enarrabit
2954 2172 3057 2246 (Is.
3089 2174 3207 2246 Lm)
3238 2177 3261 2229 τ

2500 2284 2727 2340 CAPUT
2770 2286 2908 2342 XVI.

1898 2376 1983 2430 Ad
2004 2377 2455 2452 _instar_da:monis
2498 2378 2760 2434 Christum
2788 2384 3054 2452 tentantis,
3088 2387 3309 2439 ostendit
3338 2387 3497 2445 hare.

1975 2449 2103 2501 ticos
2161 2447 2490 2519 Scripturam
2534 2467 2732 2505 sacrant
2782 2462 3021 2509 truncare
3043 2447 3098 2509 et
3120 2469 3423 2527 pervertere.

1972 2541 2082 2595 Cur
2105 2558 2252 2613 ergo,
2300 2542 2577 2611 hmretice,
2609 2561 2714 2600 non
2749 2547 2850 2602 hoc
2895 2550 3060 2604 modo
3111 2566 3230 2620 quae
3288 2553 3498 2623 legeras

1900 2631 2111 2704 integra
2141 2644 2195 2689 et
2216 2636 2525 2705 incorrupta
2554 2637 2831 2706 posuisti?
2862 2638 3024 2693 Vides
3050 2642 3230 2711 itaque
3259 2647 3497 2711 Aposto-

1897 2723 2008 2779 lum
2037 2725 2138 2779 hac
2188 2727 2400 2781 ratione
2452 2742 2554 2797 qua
2606 2738 2791 2781 natum
2846 2729 3135 2784 Dominum
3183 2732 3301 2786 sine
3348 2743 3500 2800 patre

1899 2819 2103 2887 posuit,
2135 2818 2234 2873 hac
2254 2820 2417 2873 etiam
2465 2819 2582 2875 sine
2614 2831 2789 2874 matre
2842 2824 3127 2890 posuisse;
3187 2834 3245 2876 ut
3293 2832 3349 2877 et
3395 2840 3500 2894 qua

1903 2911 2114 2966 ratione
2137 2912 2526 2981 intelligeretur
2546 2927 2671 2968 esse
2699 2912 2819 2966 sine
2846 2922 3018 2981 patre,
3054 2915 3156 2968 hac
3180 2924 3499 2973 nosceretur

1904 3019 2025 3059 esse
2052 3006 2171 3060 sine
2201 3015 2396 3060 matre.
2429 3006 2497 3059 Et
2525 3006 2666 3060 sicut
2695 3021 2805 3061 non
2838 3008 3008 3075 possit
3033 3008 3224 3077 utique
3252 3009 3370 3063 sine
3400 3027 3499 3081 pa-

200 3109 244 3152 ct
283 3100 332 3155 in
361 3118 426 3157 ca
440 3118 545 3157 rne
572 3109 926 3165 monstraret,
958 3100 1056 3165 ait,
1092 3100 1217 3155 Sine
1250 3106 1416 3169 patre,
1448 3098 1558 3151 sine
1585 3107 1793 3162 matre;
1823 3074 1871 3136 CI
1902 3106 1983 3152 tre
2004 3098 2179 3162 credi,
2212 3100 2285 3152 ita
2316 3099 2434 3152 sine
2465 3107 2637 3152 matre
2666 3115 2884 3168 quoque
2907 3115 3014 3154 non
3044 3102 3217 3170 possit
3244 3104 3495 3176 intelligi.

199 3191 417 3250 alterum
478 3194 627 3247 enim
693 3190 973 3261 proprium
1027 3200 1111 3244 est
1158 3188 1461 3242 divinitatis
1505 3186 1794 3252 nativitati,

196 3283 417 3340 alterum
466 3282 673 3336 carnis.
707 3280 843 3345 Quia
874 3280 1013 3332 sicut
1040 3278 1095 3332 in
1130 3279 1343 3332 Deitate
1369 3284 1453 3330 est
1477 3277 1597 3331 sine
1624 3284 1799 3331 matre

196 3383 515 3445 generatus,
544 3373 617 3427 ita
644 3372 698 3427 in
730 3386 961 3441 corpore
990 3380 1075 3426 est
1103 3372 1223 3426 sine
1253 3382 1405 3441 patre
1434 3390 1446 3424 :
1480 3386 1544 3427 ac
1570 3373 1649 3426 sic
1673 3386 1794 3427 cum

196 3484 277 3525 nec
314 3470 451 3525 sine
504 3477 678 3536 patre,
729 3479 832 3520 nec
860 3464 977 3519 sine
1016 3470 1187 3519 matre
1236 3463 1327 3532 sit,
1386 3471 1441 3519 et
1494 3464 1615 3520 sine
1642 3473 1796 3534 patre

199 3570 360 3618 tamen
404 3570 469 3615 et
503 3560 623 3614 sine
667 3568 843 3613 matre
870 3556 1173 3614 credendus
1202 3566 1306 3612 est.
1340 3556 1473 3624 Quia
1502 3555 1549 3611 si
1573 3556 1699 3612 dum
1725 3572 1791 3613 ex

202 3665 334 3720 patre
370 3651 649 3717 nascitur,
679 3650 929 3718 respicis,
964 3651 1083 3705 sine
1112 3661 1288 3705 matre
1310 3666 1462 3717 esse;
1496 3651 1540 3706 si
1568 3650 1694 3705 dum
1725 3666 1792 3706 ex

206 3755 380 3815 matre,
416 3746 548 3800 sine
578 3754 749 3814 patre.
784 3743 863 3797 Ac
909 3741 986 3796 sic
1036 3742 1091 3796 in
1144 3742 1371 3813 singulis
1424 3744 1792 3800 nativitatibus

208 3838 421 3894 alterum
455 3837 691 3900 habens,
733 3834 964 3890 alterum
1018 3834 1072 3889 in
1118 3844 1349 3904 utroque
1401 3850 1508 3891 non
1563 3835 1790 3903 habuit;

210 3931 312 3997 quia
341 3946 445 3987 nec
476 3927 782 3984 divinitatis
810 3925 1062 3981 nativitas
1084 3934 1257 3981 matre
1279 3927 1449 3997 eguit,
1483 3935 1538 3983 et
1560 3927 1625 3982 ad
1648 3929 1793 3985 nati-

1901 3189 2012 3244 Cur
2043 3204 2194 3258 ergo,
2228 3189 2505 3254 hmretice,
2539 3204 2645 3243 non
2685 3191 2790 3245 hoc
2818 3192 2980 3245 modo
3007 3209 3125 3262 quae
3154 3194 3205 3248 in
3235 3197 3498 3265 Apostolo

1902 3280 2114 3350 legeras
2138 3279 2430 3334 incolumia
2452 3280 2778 3337 etinviolata
2802 3283 3028 3352 posuisti
3054 3286 3077 3337 ἲ
3106 3287 3200 3341 sed
3234 3298 3255 3325 ο
3289 3298 3497 3356 partem

1899 3372 2127 3443 ingeris,
2156 3381 2363 3442 partem
2386 3371 2689 3437 subtrahis;
2726 3382 2781 3427 et
2807 3386 2857 3429 ut
2893 3386 3145 3432 astruere
3206 3376 3494 3435 falsitatem

1900 3482 1999 3538 per
2026 3466 2203 3522 scelus
2251 3466 2453 3535 possis,
2502 3466 2747 3522 veritatis
2797 3471 2966 3523 verba
3001 3470 3220 3528 iuraris.
3256 3473 3424 3530 Video
3466 3490 3499 3534 a

1896 3572 2006 3629 quo
2025 3557 2216 3613 doctus
2233 3571 2313 3612 es.
2339 3556 2489 3612 Illius
2519 3557 2661 3613 enim
2689 3559 2889 3615 habere
2912 3563 3219 3618 credendus
3248 3580 3305 3618 es
3330 3565 3496 3621 insti-

1896 3651 2185 3715 tutionem,
2202 3651 2356 3720 cujus
2370 3653 2614 3720 sequeris
2628 3655 2960 3723 exemplum.
2979 3655 3070 3711 Sic
3082 3660 3226 3711 enim
3243 3659 3498 3715 diabolus

1896 3742 1951 3798 in
1973 3742 2273 3811 Evangelio
2302 3751 2518 3797 tentans
2549 3744 2736 3797 Deum:
2756 3745 2815 3798 Si
2840 3744 3036 3811 Filius,
3066 3750 3258 3817 inquit,
3287 3750 3384 3805 Dei
3415 3770 3489 3819 es,

1897 3838 2041 3889 mitte
2061 3845 2108 3890 te
2123 3835 2381 3889 deorsum.
2440 3833 2708 3901 Scriptum
2732 3844 2805 3887 est
2830 3836 2965 3887 enim
2993 3838 3116 3901 quia
3146 3844 3345 3907 angelis
3384 3846 3498 3898 suis

1898 3928 2160 3981 mandavit
2182 3926 2245 3980 de
2259 3936 2328 3993 te,
2346 3933 2402 3979 ut
2418 3925 2709 3978 custodiant
2728 3934 2776 3981 te
2798 3925 2850 3979 in
2865 3926 3100 3981 omnibus
3112 3929 3205 3982 viis
3219 3931 3321 3985 tuis
3338 3932 3493 4002 (Luc.

1260 4044 1521 4101 ALARDI
1560 4046 1796 4103 GAZIEI
1834 4042 2406 4104 COMMENTARIUS.

272 4154 293 4181 ⁸
330 4144 385 4198 ld
409 4151 518 4205 est,
560 4138 782 4193 nolebat
806 4137 1109 4207 intelligere
1148 4136 1287 4207 quod
1314 4137 1547 4206 legebat.
1582 4137 1657 4191 De
1687 4154 1794 4204 quo

214 4214 477 4269 Psalmista
507 4230 524 4266 :
569 4209 749 4263 Noluit
787 4209 1090 4280 intelligere,
1121 4219 1174 4260 ut
1206 4209 1327 4280 bene
1357 4216 1552 4280 ageret.
1588 4210 1662 4263 Dc
1690 4210 1795 4264 Ne-

214 4288 361 4339 storio
391 4282 646 4354 proprie,
681 4288 741 4354 ut
780 4280 927 4354 bene
948 4278 1175 4354 sentiret
1197 4286 1251 4333 et
1280 4278 1610 4354 loqueretur.

271 4355 295 4393 ὶ)
332 4349 460 4410 Πάθη
502 4349 685 4405 ’γετϋδ
718 4349 867 4403 Isaia:
898 4349 964 4403 de
1013 4350 1194 4403 divina
1241 4356 1296 4403 et
1338 4358 1539 4405 aeterna
1592 4349 1793 4407 Christi

215 4427 564 4493 generatione
602 4438 631 4475 a
679 4420 838 4475 Patre
886 4419 1271 4493 interpretatur
1297 4422 1477 4493 etiam
1512 4422 1575 4475 D.
1602 4422 1796 4493 Hiero-

220 4488 390 4563 nymus
415 4495 679 4551 scribens
709 4493 760 4546 in
785 4506 905 4559 cap.
934 4506 951 4543 1
982 4490 1211 4544 Matthaei
1238 4508 1249 4543 :
1287 4488 1352 4544 In
1382 4490 1573 4563 Isaia,_
1601 4492 1790 4561 inquit,

1900 4140 1971 4192 tio
1999 4154 2061 4211 ex
2086 4135 2340 4211 _Virgine.
2371 4135 2493 4202 Ipse
2522 4134 2686 4211 etiam
2714 4136 3076 4211 Hieronymus
3121 4141 3172 4195 in
3205 4141 3496 4203 Commen.

1898 4208 2053 4290 tariis
2084 4206 2233 4290 [sane
2259 4208 2453 4290 latetur
2477 4206 2669 4290 eadem
2696 4206 3182 4290 verba'd'upliciter
3223 4217 3480 4290 intelligi,

1896 4289 1987 4335 aut
2017 4281 2088 4355 de
2110 4278 2398 4355 divinitate,
2430 4287 2519 4331 aut
2565 4279 2628 4355 de
2657 4292 2817 4355 partu
2836 4280 3105 4355 Virginis.
3132 4278 3491 4355 Apertissline

1898 4366 2029 4423 vero
2056 4348 2262 4423 D._Leo
2293 4364 2547 4423 sermone
2576 4351 2609 4403 3
2637 4351 2703 4423 de
2728 4348 3017 4409 Nntivitate
3041 4372 3053 4406 :
3086 4348 3207 4409 Non
3227 4360 3382 4423 enim,
3412 4348 3495 4419 in;

1897 4422 2031 4496 quit,
2076 4418 2144 4471 ad
2188 4418 2322 4496 illud
2363 4421 2728 4496 tantummodo
2756 4436 3287 4496 sacramentum,_quo
3318 4418 3493 4487 Filius

1899 4490 1995 4543 Dei
2024 4490 2461 4557 consempiternus
2483 4498 2557 4540 est
2577 4488 2747 4555 Patri,
2781 4492 2872 4543 sed
2893 4495 3047 4546 etiam
3067 4497 3135 4544 ad
3156 4488 3291 4548 hunc
3318 4508 3493 4554 ortum

218 4548 889 4638 legimussiGenerationem
915 4563 1167 4638 eiusquis
1185 4563 1445 4615 enarrabit
1468 4563 1493 4613 ?
1521 4548 1645 4638 [Van
1675 4548 1795 4633 ergo
1824 4548 1875 4607 Ι)
1899 4575 1998 4638 quo
2030 4548 2254 4611 Verbum
2270 4573 2399 4638 caro
2433 4565 2623 4637 factum
2648 4548 2745 4638 est,
2776 4563 3029 4638 credimus
3049 4548 3336 4638 pertinere,
3354 4548 3493 4635 quod

216 4631 430 4704 putemus
474 4634 849 4704 evangelistam
893 4632 1150 4704 prophetae
1192 4646 1298 4704 esse
1342 4631 1698 4704 contrarium,
1736 4631 1797 4682 'nt

216 4701 340 4777 quod
370 4712 453 4764 ille
478 4701 805 4778 impossibile
819 4701 953 4778 dixit
978 4701 1159 4778 eﬂ'atu,
1196 4702 1289 4778 hic
1310 4717 1523 4778 narrare
1543 4701 1796 4778 incipiat;

215 4772 325 4847 quia
343 4783 411 4835 ibi
432 4784 496 4836 de
539 4772 875 4849 generatione
900 4772 1319 4849 diuinitatis,_hic
1343 4773 1406 4825 de
1440 4772 1799 4849 incarnatione

220 4842 283 4903 est
306 4854 520 4906 dictum.
539 4842 596 4904 Ἇ
621 4848 873 4903 Matthaao
896 4844 1121 4907 scilicet,
1147 4842 1239 4913 qui
1260 4858 1416 4913 suum
1440 4843 1797 4911 Evangelium

221 4922 287 4976 sic
314 4938 547 4978 exnrsns
575 4930 661 4973 est
687 4937 699 4972 :
725 4917 878 4971 Liber
904 4912 1255 4987 generationis
1265 4912 1423 4987 Δ,Μίδα
1456 4913 1661 4973 Christi
1696 4913 1800 4987 ﬁlii

222 4991 374 5063 David
423 4994 657 5063 (Matth.
683 4992 777 5063 ι),
810 4984 921 5043 etc:
965 4984 1168 5039 Verum
1210 4984 1298 5039 alii
1341 4984 1526 5063 P_atres
1552 4984 1799 5063 eumdem

224 5062 380 5119 laeum
406 5054 578 5119 etiam
634 5054 988 5116 de'humana
1014 5064 1069 5111 et
1117 5054 1404 5125 temporali
1456 5057 1804 5124 generatione

222 5145 267 5186 et
290 5137 573 5191 nativitate
594 5132 794 5187 Christi
840 5145 903 5184 ex
944 5127 1165 5196 Virgine
1192 5135 1489 5196 exponunt.
1521 5125 1806 5196 Tertullia-

226 5220 311 5260 mis
343 5208 437 5262 lib.
477 5206 744 5259 adversus
781 5200 996 5255 Judaeos
1025 5195 1143 5267 cap.
1202 5195 1286 5259 l5,
1322 5196 1556 5268 Cyrillus
1602 5195 1639 5268 l.
1670 5212 1703 5250 v
1750 5199 1803 5250 in

224 5273 469 5333 Joannem
517 5292 572 5331 c.
602 5276 658 5341 Ξ,
688 5266 1117 5341 Chrysostomus
1138 5266 1564 5341 hgnilia'deﬁ.
1595 5266 1803 5341 Joanne

223 5345 469 5416 Baptista,
522 5338 862 5416 Ambrosius
892 5341 987 5396 lib.
1043 5356 1061 5394 ι
1091 5340 1158 5397 de
1188 5338 1339 5405 Fide,
1373 5339 1439 5416 ad
1464 5338 1802 5416 Gratianum,

224 5430 274 5489 c_._
292 5409 348 5479 '5.
372 5409 490 5489 ubi,
514 5432 637 5472 cum
662 5417 819 5489 prius
831 5412 901 5489 de
931 5420 1132 5467 aeterna
1161 5409 1758 5489 generationedixisset
1782 5427 1795 5461 :

225 5484 343 5545 Mihi
369 5481 582 5561 quidem
605 5481 921 5561 impossibile
952 5493 1045 5561 est
1088 5483 1430 5555 generationis
1459 5481 1590 5535 scire
1635 5496 1801 5561 secre-

225 5568 317 5614 tum
335 5580 353 5616 :
381 5553 540 5615 'mens
580 5553 779 5626 deﬁcit,
799 5571 897 5610 vox
920 5554 1057 5626 silet,
1090 5553 1192 5626 non
1222 5569 1334 5626 mea
1362 5562 1597 5626 tantum,_
1622 5553 1725 5626 sed
1753 5562 1800 5607 et

225 5636 534 5705 angelorum.
568 5622 761 5705 subdit
793 5625 1018 5705 inferius
1044 5641 1065 5705 :_
1091 5622 1220 5705 on.
1243 5624 1359 5705 sola
1380 5624 1700 5705 admirabilis
1738 5639 1800 5675 ea:

226 5696 370 5762 Patre
396 5700 660 5761 aeneratio
680 5698 894 5765 Christi,
928 5696 1246 5751 admirabilis
1273 5697 1425 5749 etiam
1457 5697 1569 5766 ejus
1589 5708 1803 5764 genera-

497 5798 775 5858 Pa'rnon.
820 5793 895 5854 L.

1901 4631 2191 4710 dictum-est
2215 4627 2652 4710 .‘nGenerationem
2676 4633 2787 4710 ejus
2816 4632 2930 4710 quis
2951 4632 3204 4710 enarrabit
3229 4636 3253 4686 Ρ
3280 4636 3347 4689 Ει
3365 4627 3493 4692 ser-

1902 4713 2062 4754 mane
2093 4699 2155 4750 l0
2180 4714 2192 4747 :
2226 4695 2511 4751 Saluatoris
2544 4695 2709 4750 nostri
2727 4699 2966 4753 nativitas
2993 4718 3095 4755 non
3122 4703 3289 4757 solum
3308 4722 3494 4763 secun-

1902 4771 2025 4823 dum
2055 4767 2303 4820 Deitatem
2333 4768 2396 4820 de
2444 4764 2623 4831 Patre,
2665 4770 2754 4821 sed
2782 4772 2934 4823 etiam
2974 4773 3257 4827 secundum
3285 4792 3493 4834 carnem

1903 4842 1965 4895 de
1991 4848 2184 4918 matre,
2234 4838 2307 4890 ita
2359 4837 2662 4918 facultatem
2700 4836 2920 4918 humani
2946 4844 3140 4918 ercedit
3192 4844 3402 4918 eloquii,
3437 4860 3495 4904 ut

1904 4912 2088 4985 merito
2117 4910 2184 4963 ad
2210 4919 2482 4985 utrumque
2505 4914 2760 4985 referatur
2783 4913 3154 4985 quodjdictum
3198 4910 3297 4985 est,
3322 4910 3491 4977 Gene-

1904 4984 2152 5037 rationem
2180 4982 2291 5049 ejus
2317 4984 2431 5052 quis
2456 4982 2715 5035 enarrabit
2732 4983 2758 5036 ?
2783 4991 2887 5037 etc.
2922 4983 2987 5037 D.
3020 4984 3253 5043 Thomas
3279 4982 3491 5047 utram-

1904 5052 2361 5130 gueﬁsententiam
2385 5053 2668 5130 explicans
2690 5061 2743 5130 et
2764 5054 3055 5130 concilians
3080 5059 3135 5127 (3
3162 5077 3236 5126 ιλ,
3263 5081 3312 5130 q.
3332 5061 3488 5129 5t,a.

1905 5125 1983 5202 §)_:
2001 5123 2315 5202 Dicendum:
2329 5125 2823 5202 iii_quit,quod,sicut
2841 5126 3027 5180 dicitH
3033 5123 3326 5202 ieronymus
3337 5123 3491 5202 super

1908 5194 2251 5271 blatthazum,
2282 5194 2452 5249 Isaias
2482 5196 2709 5265 loquitur
2735 5195 2798 5249 de
2824 5198 3151 5271 generatione
3179 5194 3489 5271 divinitaiis,

1908 5266 2185 5320 Matthwus
2206 5276 2374 5319 autem
2401 5278 2604 5338 enarrat
2617 5266 2993 5338 generationem
3010 5266 3491 5338 Christisecundum

1909 5337 2283 5390 humanitatem
2308 5351 2326 5388 :
2356 5352 2455 5389 non
2482 5337 2686 5406 quidem
2708 5337 2974 5403 explicans
3000 5337 3210 5391 modum
3241 5339 3490 5398 lncarna~

1909 5408 2086 5469 tionis,
2109 5407 2230 5482 quia
2253 5406 2521 5482 hoc_etiam
2548 5417 2622 5460 est
2650 5406 2929 5482 ineffabile,
2954 5408 3045 5462 sed
3069 5426 3371 5467 enumerans
3391 5432 3490 5482 pa-

1910 5487 2011 5531 tres
2032 5492 2096 5550 e_x
2120 5474 2302 5550 quibus
2331 5474 2567 5531 Christus
2603 5478 2887 5550 secundum
2926 5496 3133 5534 carnem
3174 5474 3440 5550 processit.

1985 5560 2006 5587 ε
2040 5548 2117 5602 De
2155 5547 2253 5619 hac
2285 5549 2659 5619 haereticorum
2691 5549 2954 5619 pravitate
2996 5552 3048 5605 in
3096 5547 3407 5614 tru’ncandis
3431 5565 3491 5617 et

1909 5618 2275 5677 dilacerandis
2303 5617 2601 5689 Scripturis
2632 5617 2879 5689 superius
2903 5622 3105 5679 dictum
3138 5634 3242 5681 est.

2936 5788 2981 5850 8
