4000 6186
512 260 625 319 235

1837 250 2120 313 JOANNIS
2153 245 2469 313 CASSIANI

3682 248 3784 309 236

512 397 590 447 Iv,
618 396 699 453 ps.
727 376 850 449 xc).
884 376 954 434 Et
980 391 1103 435 cum
1124 375 1231 432 hoc
1256 371 1505 439 dixisset,
1531 368 1863 430 eobcrentia
1887 383 1946 431 et
1972 372 2103 430 sub-
2127 374 2180 438 Δ
2206 375 2379 446 elegit,
2424 390 2515 446 per
2556 372 2811 441 Spiritum
2853 380 3082 426 sanctum
3119 370 3346 426 elevatus
3386 375 3459 427 est
3492 370 3687 444 (Actor.
3728 374 3791 444 t).

514 477 657 545 jecta
688 472 982 536 subtraxit,
1033 469 1087 525 id
1112 478 1218 538 est,
1249 466 1419 537 Super
1470 465 1702 538 aspidem
1742 476 1789 520 et
1814 467 2107 520 basiliscum

520 566 809 621 ambulabis
829 606 842 629 ,
870 574 917 619 et
936 558 1263 617 conculcabis
1293 560 1487 616 leonem
1510 568 1560 614 et
1582 559 1878 615 draconem.
1905 558 2109 615 Callide

516 662 706 729 utique
756 656 1037 725 superiora
1092 653 1289 723 posuit,
1348 652 1604 708 interiora
1635 653 1944 718 subtraxit;
1977 652 2109 707 illud

517 753 664 810 enim
694 750 871 819 posuit
899 756 956 801 ut
992 744 1489 812 circumscriberet,
1522 754 1548 783 ι
1580 745 1685 800 hoc
1713 745 1929 800 reticuit
1955 760 2023 800 ne
2050 759 2110 800 se

518 846 639 915 ipse
681 844 983 898 damnaret.
1010 839 1231 898 Sciebat
1270 841 1413 895 enim
1445 854 1505 894 se
1533 838 1775 908 aspidem
1804 848 1858 895 et
1900 839 2113 895 basilis-

518 947 667 1000 cum,
708 950 770 992 se
810 936 1023 991 leonem
1058 940 1115 989 et
1162 933 1455 989 draconem
1494 931 1813 1001 prophetica
1863 947 1995 988 voce
2038 934 2112 987 si-

516 1031 696 1104 gnari.
742 1030 819 1086 Ita
868 1042 998 1099 ergo
1025 1036 1082 1085 et
1111 1034 1167 1083 tu
1195 1036 1399 1099 partem
1437 1026 1723 1096 objiciens,
1755 1037 1961 1097 partem
1983 1028 2113 1082 sub-

520 1124 771 1191 trahens,
795 1123 930 1179 illud
955 1122 1165 1178 scilicet
1206 1122 1364 1190 ponis
1417 1128 1474 1173 ut
1524 1120 1948 1187 circumvenias,
2008 1119 2111 1175 hoc

519 1218 800 1275 subtrahis
824 1233 893 1274 ne
921 1216 968 1272 si
999 1225 1169 1271 totum
1197 1214 1383 1284 utique
1434 1213 1704 1283 posueris,
1732 1213 2114 1283 circumscrip-

520 1310 726 1367 tionem
767 1318 911 1365 tuam
952 1306 1069 1376 ipse
1092 1305 1447 1361 condemnes.
1496 1304 1605 1360 Sed
1638 1314 1847 1373 tempus
1897 1303 2113 1359 tandem

523 1412 607 1462 est
634 1404 701 1459 ad
741 1402 1000 1458 ulteriora
1033 1400 1302 1465 transire;
1332 1396 1492 1453 nimis
1512 1399 1656 1453 enim
1687 1397 1777 1452 diu
1807 1397 1862 1451 in
1888 1398 2113 1466 singulis

524 1506 951 1556 commorantes,
982 1488 1110 1546 dum
1136 1488 1335 1545 aﬂ‘ectu
1365 1488 1599 1556 comosa:
1622 1488 1995 1557 responsionis
2015 1485 2114 1543 du-

521 1588 718 1652 cimur,
746 1585 967 1641 modum
996 1582 1121 1639 libri
1142 1583 1306 1638 etiam
1332 1580 1597 1652 longioris
1629 1581 1967 1636 excedimus.

1096 1737 1330 1797 CAPUT
1370 1738 1537 1795 XVII.

524 1859 722 1915 Christi
760 1858 977 1927 gloriam
1014 1863 1064 1910 et
1099 1855 1405 1925 dignitatem
1447 1870 1560 1927 non
1579 1855 1649 1905 ita
1687 1852 1908 1921 Spiritui
1937 1862 2113 1908 sancto

598 1925 953 1985 ascrib'endam
989 1943 1119 1991 esse,
1158 1938 1213 1979 ut
1249 1928 1313 1979 ob
1348 1926 1464 1994 ipse
1499 1925 1702 1979 Christo
1744 1936 1952 1995 negetur
1990 1940 2114 1995 pro-

596 2007 752 2073 fecta,
787 2000 935 2073 quasi
958 1999 1121 2073 omnis
1147 2013 1263 2073 qua:
1289 1998 1342 2073 in
1373 1996 1465 2050 illo
1492 1999 1589 2067 fuit
1620 1996 1919 2051 excellentia
1945 1996 2115 2050 aliena

598 2068 645 2126 et
673 2068 883 2128 aliunde
909 2070 1138 2141 profecta
1167 2068 1341 2139 fuerit.

596 2234 690 2289 Ais
728 2244 856 2300 ergo
892 2230 943 2282 in
987 2226 1094 2282 alia
1137 2225 1525 2295 disputatione,
1558 2224 1723 2279 immo
1750 2225 1803 2280 in
1835 2223 1937 2279 alia
1968 2224 2115 2280 blas-

523 2326 741 2396 phemia
776 2331 887 2388 tua,
918 2329 971 2375 ct
999 2319 1263 2388 Spiritum
1303 2315 1371 2371 de
1405 2314 1589 2371 divina
1620 2326 1807 2371 natura
1835 2331 2113 2386 separatis,

521 2418 615 2486 qui
644 2416 1031 2468 humanitatem
1063 2411 1183 2480 ejus
1209 2410 1435 2463 creavit.
1467 2406 1495 2448 δ
1524 2408 1617 2463 Αἱι
1641 2410 1783 2463 enim
1810 2411 1933 2479 quia
1967 2410 2117 2476 Quod

524 2526 591 2564 ea:
622 2510 783 2562 Maria
826 2515 1003 2560 natum
1036 2514 1135 2569 est,
1166 2506 1229 2559 de
1259 2504 1461 2571 Spiritu
1494 2515 1669 2559 sancto
1702 2514 1775 2559 est
1812 2503 2023 2574 (Matth.
2050 2507 2113 2565 II.

521 2599 627 2667 Qui
654 2606 708 2653 et
730 2598 939 2666 iustitia
967 2596 1216 2666 replevit,
1246 2598 1387 2664 quod
1419 2604 1666 2652 creatum
1690 2606 1791 2651 est.
1816 2597 1907 2651 Ait
1932 2598 2115 2656 enim:

522 2691 777 2763 Apparuit
800 2691 851 2742 in
871 2689 1371 2760 carne,justiﬁcatus
1392 2700 1466 2743 est
1489 2690 1543 2742 in
1567 2687 1769 2760 Spiritu
1791 2689 1830 2761 (Ι
1856 2689 1987 2743 Tim.
2008 2691 2113 2763 ιιι).

521 2783 680 2850 Item,
714 2783 804 2853 qui
847 2798 968 2837 eum
1010 2780 1137 2836 fecit
1179 2791 1236 2837 et
1277 2781 1558 2836 daemoniis
1591 2784 1959 2837 metuendum.
2004 2781 2118 2856 Ego

523 2878 691 2943 enim,
724 2876 820 2943 ait,
861 2876 915 2929 in
958 2875 1161 2945 Spiritu
1206 2873 1300 2928 Dei
1340 2874 1490 2946 ejicio
1516 2874 1771 2929 daemonia
1803 2873 1963 2945 (Luc.
2004 2876 2115 2945 χι).

522 2969 624 3035 Qui
658 2975 711 3021 et
745 2974 963 3021 carnem
998 2966 1114 3033 ejus
1141 2963 1269 3021 fecit
1299 2963 1582 3034 templum.
1627 2963 1741 3019 Vidi
1771 2968 1917 3021 enim
1950 2966 2118 3039 Spiri-

522 3069 631 3113 tum
671 3064 779 3134 ejus
821 3059 1210 3113 descendentem
1237 3058 1384 3130 quasi
1417 3057 1724 3125 columbam,
1754 3068 1800 3112 et
1828 3070 2114 3115 manentem

2212 470 2369 526 Hunc
2403 471 2636 539 denique
2671 468 2759 539 qui
2799 477 2999 523 tantam
3038 467 3267 537 gloriam
3307 466 3526 522 Christo
3556 468 3791 524 donavit.

2209 562 2399 618 Omnis
2429 576 2560 631 ergo
2594 562 2646 615 in
2675 560 2760 615 his
2788 559 3116 628 blasphemia
3148 568 3237 613 tua
3270 559 3389 614 haec
3418 569 3525 628 est,
3567 569 3631 616 ut
3664 560 3798 617 nihil

2210 655 2461 710 Christus
2503 670 2600 723 per
2635 668 2695 709 se
2735 653 3020 717 habuerit;
3063 652 3155 706 sed
3196 668 3294 706 nec
3339 654 3477 721 ipse,
3520 662 3578 707 ut
3607 662 3662 707 tu
3696 654 3795 721 nis,

2210 746 2484 802 solitarius
2517 747 2679 801 homo
2708 744 2911 813 aliquid
2942 759 2973 798 a
3003 742 3205 810 Verbo,
3246 744 3299 798 id
3343 756 3446 809 est,
3478 760 3508 799 a
3542 745 3680 800 Filio
3710 746 3801 801 Dei

2211 838 2503 907 acceperit,
2546 836 2645 894 sed
2686 846 2857 893 t0tum
2897 837 2952 891 in
2993 850 3059 891 eo
3096 836 3295 890 donum
3336 836 3576 907 Spiritus
3616 837 3801 891 fuerit.

2213 932 2270 988 Si
2302 948 2435 1002 ergo
2464 947 2629 988 omne
2660 932 2713 986 id
2752 931 2898 999 quod
2937 942 2996 986 tu
3036 930 3101 985 ad
3143 930 3409 999 Spiritum
3446 932 3637 995 refers,
3680 943 3808 984 esse

2212 1018 2381 1095 ipsius
2421 1024 2955 1091 demonstrabimus,
2997 1025 3127 1096 quid
3160 1026 3430 1094 reliquum
3469 1032 3572 1091 est,
3605 1024 3712 1078 nisi
3750 1033 3808 1078 ut

2212 1134 2373 1190 quem
2415 1130 2470 1174 tu
2512 1117 2635 1174 ideo
2680 1118 2957 1174 hominem
3001 1118 3084 1173 vis
3124 1118 3373 1186 intelligi,
3407 1118 3554 1187 quia,
3598 1128 3658 1172 ut
3704 1119 3803 1187 ais,

2213 1216 2388 1266 totum
2419 1208 2674 1264 habuerit
2704 1209 2960 1275 alienum,
2997 1224 3098 1264 nos
3134 1208 3259 1265 ideo
3292 1208 3585 1277 probemus
3613 1208 3805 1277 Deum,

2212 1304 2339 1374 quia
2370 1302 2619 1358 habuerit
2648 1313 2813 1358 totum
2846 1303 3044 1357 suum?
3074 1301 3144 1357 Et
3177 1302 3397 1373 quidem
3427 1302 3531 1358 hoc
3558 1320 3664 1359 non
3701 1304 3808 1360 dis-

2213 1395 2588 1466 putationibus
2615 1404 2845 1460 tantum,
2867 1403 2963 1449 aut
2982 1397 3343 1465 argumentis,
3366 1396 3461 1451 sed
3486 1412 3619 1452 voce
3638 1398 3809 1467 ipsius

2216 1484 2531 1544 Divinitatis
2577 1488 2947 1558 probavimus,
2996 1489 3121 1558 quia
3168 1488 3313 1543 nulla
3353 1488 3422 1542 de
3464 1489 3575 1544 Deo
3603 1491 3809 1545 rectius

2214 1596 2377 1651 quam
2407 1580 2587 1634 divina
2616 1589 2902 1634 testantur.
2936 1581 3003 1634 Et
3029 1581 3155 1650 quia
3182 1582 3328 1635 nulla
3352 1596 3412 1635 se
3433 1582 3628 1636 melius
3652 1598 3807 1653 quam

2216 1674 2331 1744 ipsa
2370 1671 2625 1741 Majestas
2668 1672 2763 1726 Dei
2799 1672 2970 1737 novit,
3004 1672 3170 1726 nullis
3201 1673 3266 1727 de
3306 1672 3414 1727 Deo
3446 1672 3665 1743 dignius
3691 1691 3809 1731 cre-

2146 1760 2191 1821 B
2219 1764 2366 1821 ditur
2396 1780 2553 1833 quam
2590 1762 2673 1818 Itis
2710 1763 2763 1818 in
2802 1764 2995 1832 quibus
3026 1764 3168 1819 Deus
3198 1765 3315 1833 ipse
3343 1773 3431 1819 est
3466 1767 3624 1821 testis
3658 1782 3804 1823 suus.

2218 1852 2464 1911 Primum
2495 1870 2625 1925 ergo
2651 1853 2793 1924 quod
2828 1856 2929 1923 ais,
2962 1855 3083 1924 quia
3119 1855 3507 1911 humanitatem
3535 1856 3657 1926 ejus
3685 1856 3807 1927 Spi-

2218 1948 2355 2003 ritus
2400 1958 2618 2003 sanctus
2658 1946 2878 2013 crearit,
2925 1962 3209 2016 possemus
3253 1947 3305 2001 id
3355 1963 3454 2002 nos
3494 1950 3810 2019 simpliciter

2218 2041 2543 2109 intelligere,
2588 2040 2633 2094 si
2678 2054 3103 2109 agnosceremus
3154 2048 3206 2094 te
3254 2040 3307 2094 id
3359 2056 3466 2096 non
3515 2042 3810 2099 inﬁdeliter

2218 2133 2531 2204 protulisse.
2579 2131 2763 2201 Neque
2808 2131 2955 2186 enim
2997 2145 3097 2185 nos
3143 2141 3461 2201 conceptam
3493 2148 3556 2187 ex
3599 2132 3811 2203 Spiritu

2216 2232 2405 2280 sancto
2435 2223 2647 2278 Domini
2671 2238 2890 2278 carnem
2920 2237 3208 2293 negamus;
3242 2224 3337 2279 sed
3368 2227 3440 2279 ita
3468 2234 3651 2281 tamen
3681 2240 3812 2282 con-

2217 2327 2436 2387 ceptum
2485 2332 2686 2387 corpus
2736 2326 3067 2387 cooperante
3118 2317 3319 2387 Spiritu
3372 2320 3626 2387 dicimus,
3684 2333 3706 2360 °
3755 2332 3812 2377 ut

2216 2420 2458 2467 creatum
2492 2418 2672 2464 tamen
2701 2409 2800 2464 sibi
2832 2425 2861 2463 a
2892 2408 3031 2464 Filio
3064 2410 3159 2464 Dei
3190 2411 3463 2465 hominem
3499 2427 3658 2468 suum
3693 2429 3812 2470 esse

2216 2500 2488 2567 dicamus,
2520 2501 2734 2557 dicente
2764 2502 2882 2571 ipso
2913 2502 2965 2555 in
2991 2502 3223 2572 Scriptis
3254 2505 3427 2558 sacris
3449 2504 3657 2574 Spiritu
3689 2522 3810 2562 san-

2217 2605 2332 2665 cto,
2359 2608 2520 2667 atque
2548 2604 2777 2650 testante
2800 2612 2814 2649 :
2837 2594 2863 2631 ἀ
2898 2594 3169 2666 Sapientia
3190 2596 3465 2665 aediﬁcavit
3487 2599 3581 2652 sibi
3603 2601 3810 2653 domum

2217 2688 2401 2765 (Prov.
2426 2690 2525 2759 tx).
2548 2688 2712 2744 Vides
2738 2704 2867 2759 ergo
2898 2688 3037 2757 quod
3065 2687 3115 2742 id
3144 2687 3283 2756 quod
3317 2699 3650 2760 conceptum
3676 2701 3755 2746 est
3777 2707 3805 2745 a

2217 2781 2422 2853 Spiritu
2453 2794 2661 2848 saneto,
2695 2780 3023 2835 aediﬁcatum
3061 2796 3089 2834 a
3134 2780 3272 2836 FIIIO
3315 2781 3409 2837 Dei
3438 2795 3601 2853 atque
3638 2784 3804 2855 perie-

2216 2883 2358 2929 etum
2390 2873 2504 2927 est?
2527 2888 2631 2927 non
2663 2874 2785 2943 quia
2811 2873 2958 2927 aliud
2987 2888 3123 2943 opus
3146 2871 3271 2928 Filii
3306 2874 3423 2939 Dei,
3455 2877 3605 2932 aliud
3641 2878 3807 2948 Spiri-

2217 2977 2307 3023 tus
2334 2968 2536 3033 sancti;
2570 2965 2669 3021 sed
2700 2967 2823 3035 quia
2858 2982 2949 3035 per
2979 2967 3243 3021 unitatem
3273 2968 3573 3024 divinitatis
3602 2986 3672 3026 ac
3698 2986 3810 3025 ma-

2216 3059 2459 3131 iestatis,
2485 3067 2540 3113 et
2563 3059 2809 3128 operatio
2840 3059 3076 3130 Spiritus
3108 3059 3392 3115 :edilicatio
3432 3061 3550 3115 Filii
3582 3062 3681 3116 Dei
3710 3064 3809 3129 sit,

524 3173 673 3225 super
694 3173 809 3210 eum
836 3154 1014 3223 (Joan.
1041 3154 1106 3224 ι).
1136 3153 1291 3220 Item,
1317 3154 1407 3225 qui
1429 3154 1479 3210 ei
1510 3154 1731 3209 donavit
1756 3155 2113 3212 elevationem
2142 3138 2187 3202 Ο
2218 3164 2274 3211 et
2299 3151 2589 3209 aediﬁcatio
2618 3152 2737 3206 Filii
2762 3148 2881 3218 Dei,
2912 3154 3227 3222 cooperatio
3254 3155 3479 3223 Spiritus
3510 3157 3717 3209 sancti.
3746 3154 3814 3211 Et

521 3248 577 3303 in
608 3249 828 3303 coelum.
864 3248 953 3302 Ait
984 3248 1129 3303 enim
1160 3264 1174 3301 :
1206 3246 1351 3302 Dans
1379 3248 1679 3303 mandatum
1707 3248 1955 3317 apostolis
1988 3267 2113 3321 quos

2219 3248 2343 3304 ideo
2369 3256 2393 3284 θ
2418 3262 2525 3301 non
2548 3244 2722 3301 solum
2745 3243 2983 3315 Spiritus
3005 3260 3059 3300 sa
3071 3253 3228 3301 nctus
3254 3246 3305 3300 in
3328 3243 3597 3316 Virginem
3625 3263 3811 3318 super-

1575 3382 1834 3438 ALARDI
1874 3383 2102 3439 GAZAEI
2141 3382 2708 3441 COMMENTARIUS.

599 3487 623 3513 tl
656 3478 802 3531 Scite
829 3475 891 3528 D.
919 3473 1338 3545 Cltrysqstomus
1363 3473 1611 3545 (Hom.75
1640 3472 1796 3543 Oper.
1825 3474 2073 3545 Imperf.)
2099 3494 2113 3534 ;

527 3549 574 3602 0
596 3546 819 3611 diabole,
842 3540 1084 3611 quoniam
1106 3540 1277 3615 Filius
1298 3541 1647 3615 Deimanibus
1672 3540 2091 3615 portatur-legisti

524 3590 574 3671 It
596 3590 907 3686 ἷιὶιῖἷιᾮῖἠσέῖ
918 3590 1750 3686 ’άέςῇξᾶὶῖιίέῖῇἇδὲὶίέἐῖιῆἷεἰὶιὲἇέ
1769 3590 1887 3668 Et};
1911 3590 2119 3686 ἱέὸἐὲίῖἒ

523 3686 632 3745 Sed
663 3684 795 3738 illud
808 3684 1033 3753 quidem
1073 3684 1361 3755 exemplum
1392 3685 1589 3753 profers
1624 3692 1679 3738 ut
1718 3684 1987 3755 superbus,
2019 3687 2115 3743 hoc

523 3766 695 3813 autem
724 3764 858 3828 tqces
894 3766 949 3809 ut
988 3765 1203 3810 astutus.
1243 3754 1305 3809 Ι).
1350 3756 1708 3828 Hieronymus
1740 3760 1791 3810 in
1823 3758 2115 3813 Commen-

524 3829 664 3884 tario
696 3847 707 3880 :
736 3826 881 3900 Hoc,
925 3828 1114 3900 inquit,
1159 3828 1213 3900 in
1256 3826 1583 3900 nonagesimo
1623 3828 1820 3897 psalmo
1865 3830 2116 3900 legimus;

524 3916 699 3954 verum
730 3898 797 3951 ibi
828 3914 928 3952 non
957 3898 1019 3951 de
1044 3896 1269 3961 Christo,
1300 3897 1390 3950 sed
1421 3899 1483 3950 de
1512 3896 1822 3953 virosancto
1846 3896 2119 3970 prophetia

526 3983 620 4025 est.
656 3971 797 4023 Male
822 3986 941 4041 ergo
970 3971 1333 4041 interpretatur
1358 3970 1655 4038 Scripturas
1678 3970 1933 4023 diabolus.
1972 3970 2119 4025 Certe

524 4043 569 4096 si
598 4058 710 4094 vere
739 4041 801 4092 de
826 4040 1097 4094 salvatore
1120 4040 1370 4104 scriptum
1398 4048 1624 4100 noverat,
1650 4041 1894 4092 debuerat
1914 4050 1963 4094 et
1986 4042 2119 4096 illud

524 4114 693 4166 dicere
722 4111 857 4179 quod
879 4113 934 4163 in
954 4110 1129 4181 eodem
1153 4108 1346 4181 psalmo
1369 4119 1544 4181 contra
1573 4126 1628 4161 se
1655 4112 1915 4178 sequitur:
1947 4112 2117 4181 Super

527 4185 761 4250 aspidem
784 4192 830 4231 et
854 4180 1146 4250 basiliscum
1171 4178 1553 4250 ambulabis,et
1579 4181 1900 4233 conculcubis
1923 4178 2117 4237 leonem

526 4264 575 4307 et
595 4248 902 4305 draconem.
939 4248 1013 4300 De
1034 4250 1332 4319 angelorum
1356 4249 1551 4302 auxilio
1576 4252 1724 4319 quasi
1754 4252 1820 4303 ad
1852 4253 2116 4318 inﬁrmant

526 4322 774 4387 loquitur,
807 4319 869 4371 de
889 4335 982 4371 sua
1009 4316 1391 4370 conculcatione
1410 4321 1555 4388 quasi
1581 4316 1937 4388 tergiversator
1963 4333 2114 4379 taret.

526 4340 774 4387 loquitur,
807 4340 869 4371 ac
889 4340 982 4371 sua
1009 4340 1391 4370 ευηειιιεαιτοηε
1410 4340 1555 4388 quast
1581 4340 1655 4372 ter
1690 4340 1937 4375 mersatur
1963 4340 2112 4379 taret.

524 4391 598 4448 Et
632 4392 691 4442 Ι).
724 4390 1025 4449 Βετιιτιιιιιιε
1052 4404 1300 4461 sermone
1332 4390 1393 4443 Ii
1432 4396 1482 4444 in
1519 4340 1765 4445 eumgcm
1800 4395 2065 4461 psalmum
2101 4414 2112 4449 :

527 4462 936 4517 Animadvertite
966 4470 1011 4514 et
1041 4460 1485 4533 videtequomodo
1517 4462 1764 4516 subticuit
1793 4460 2047 4533 malignus
2070 4478 2117 4522 et

528 4534 918 4602 fraudulentus,
949 4530 1085 4595 quod
1110 4532 1449 4601 malignitatis
1479 4550 1587 4586 sum
1608 4546 1894 4587 commenta
1919 4530 2114 4591 dissol-

528 4614 681 4657 veret.
712 4604 849 4677 Quid
877 4606 1010 4656 enim
1034 4603 1338 4677 mandavit?
1368 4620 1546 4677 nempe
1572 4607 1710 4675 quod
1733 4606 1785 4658 in
1812 4605 2012 4677 psitlmo
2032 4626 2114 4663 se-

527 4678 702 4744 quitur
741 4692 759 4729 .'
801 4675 867 4727 Ut
898 4675 1187 4728 custodiant
1219 4685 1264 4727 te
1296 4674 1347 4726 in
1389 4674 1618 4729 omnibus
1656 4678 1748 4730 viis
1776 4674 1896 4731 tuis.
1941 4678 2114 4732 Num-

527 4749 651 4815 quid
700 4749 753 4800 in
812 4746 1151 4815 prtecipitiis?
1196 4744 1377 4809 Qualis
1420 4747 1501 4799 ria
1547 4750 1676 4813 hare,
1724 4749 1787 4801 de
1836 4750 2115 4817 pinnaculo

530 4820 709 4885 templi
742 4819 939 4871 mittere
964 4833 1015 4870 se
1038 4816 1311 4887 deorsum?
1339 4832 1439 4869 non
1461 4826 1534 4870 est
1554 4819 1632 4871 via
1661 4820 1789 4887 hwc,
1817 4816 1905 4873 sed
1934 4824 2116 4887 ruina;

524 4899 569 4939 rt
616 4890 659 4939 si
701 4890 805 4947 via,
834 4898 922 4940 tua
955 4898 1047 4949 est,
1079 4904 1179 4939 non
1209 4886 1371 4940 illius.
1414 4888 1549 4954 Quid
1594 4904 1707 4942 vero
1744 4886 1877 4942 taces
1909 4900 1955 4943 et
1986 4886 2119 4945 illud

522 4961 663 5024 quod
694 4960 917 5030 sequitur
936 4975 954 5011 :
983 4959 1150 5030 Super
1176 4958 1403 5028 aspidem
1426 4972 1469 5010 et
1493 4959 1788 5030 basiliscum
1810 4961 2117 5030 ambulabis,

527 5030 667 5080 ctc.'.’
704 5026 773 5080 Te
807 5028 942 5080 enim
980 5026 1090 5081 tm
1119 5026 1364 5095 parabola
1395 5030 1576 5099 tangit.
1611 5028 1939 5083 Monstrttosa
1970 5026 2120 5087 mali;

528 5099 699 5167 gnitus
730 5100 1062 5152 monstruosis
1092 5100 1516 5169 appellationibus
1556 5100 1906 5154 conculcanda
1938 5102 2115 5173 signa-

529 5180 636 5237 tur,
672 5180 776 5223 etc.

603 5238 629 5277 δ
663 5240 1015 5294 Proleruntur
1052 5238 1140 5293 hic
1181 5254 1369 5295 rursus
1407 5243 1571 5297 verba
1615 5241 1873 5307 Nestorii,
1914 5244 2003 5310 qui
2049 5260 2114 5301 ex

526 5311 699 5367 sacris
730 5311 922 5365 litteris
954 5312 1181 5380 probare
1208 5314 1586 5379 contendebat,
1620 5313 1893 5369 Christum
1926 5316 2056 5370 nihil
2087 5334 2116 5371 ιι

526 5395 592 5436 se
625 5380 844 5456 habere,
883 5383 977 5437 sed
1007 5383 1187 5437 omnia
1218 5398 1246 5436 a
1276 5384 1478 5452 Spiritu
1507 5396 1718 5449 sancto,
1748 5387 1897 5456 quasi
1926 5388 2033 5442 alio
2062 5396 2118 5444 et

529 5455 766 5576 gratuito
818 5455 1078 5507 donatore
1132 5465 1186 5508 et
1240 5456 1527 5524 collatore,
1579 5455 1869 5528 accepisse,
1924 5474 2117 5528 nempe

576 5527 923 5576 umanitatem
962 5526 1150 5576 ipsam.
1186 5527 1619 5576 uenerationem-
1653 5529 2109 5576 inslilicatinnmn-

576 5527 923 5601 umanitatem
962 5526 1150 5592 ipsam,
1186 5527 1620 5601 generationem,
1647 5526 2111 5601 juStiﬂcationeth,

528 5595 1036 5669 sanctiﬁcationem,
1081 5598 1393 5664 potentiam,
1441 5595 1845 5666 exultationem,
1899 5611 1953 5655 et
2001 5595 2117 5669 glo-

529 5662 689 5727 riam,
708 5682 771 5719 ac
795 5666 1137 5738 proindenon
1161 5682 1282 5721 esse
1294 5662 1482 5722 verum
1506 5670 1698 5738 Deum,
1725 5662 2111 5727 sedbomiuem

530 5745 730 5797 purum
755 5744 809 5792 et
832 5735 1158 5806 solitarium,
1188 5740 1264 5796 uti
1290 5739 1537 5800 vocabat.
1566 5735 1695 5811 Quae
1722 5740 1943 5814 quidem
1968 5742 2113 5801 dicta

2221 3477 2433 3547 singula
2465 3476 2690 3530 totidem
2717 3477 2998 3532 continent
3032 3485 3215 3531 contra
3250 3476 3451 3533 Christi
3475 3477 3808 3535 divinitatem

2219 3547 2603 3617 blasphemias.
2638 3548 2947 3615 Legendnm
2993 3548 3154 3617 igitur
3195 3548 3281 3601 hic
3318 3551 3555 3605 secundo
3597 3552 3723 3607 loco
3757 3562 3809 3606 et

2220 3619 2575 3688 sequentibus
2628 3637 2638 3670 :
2689 3621 2775 3671 Ait
2806 3620 2957 3684 enim,
3001 3634 3191 3688 nempe
3223 3621 3530 3687 Scriptura;
3573 3639 3707 3689 non,
3736 3624 3811 3677 ait

2220 3692 2374 3754 enim,
2416 3697 2474 3742 ttt
2509 3689 2663 3743 initio
2699 3692 2910 3758 capitis,
2943 3692 3084 3761 quod
3128 3692 3178 3744 in
3220 3692 3540 3760 pra-cedenti
3576 3697 3809 3751 editione

2224 3777 2326 3814 non
2363 3762 2728 3813 observatum.
2764 3761 3001 3830 Singulis
3029 3766 3171 3815 enim
3204 3764 3315 3815 suis
3345 3764 3500 3819 dictis
3528 3764 3809 3821 Nestorius

2221 3834 2460 3900 singulas
2485 3832 2781 3899 Scripturte
2815 3834 3164 3888 auctoritates
3194 3849 3357 3903 prave
3387 3835 3699 3893 intellectas
3724 3837 3813 3893 ad-

2221 3903 2465 3964 hibebat,
2499 3911 2555 3955 ut
2586 3904 2673 3956 hic
2703 3905 2888 3957 videre
2915 3912 3016 3956 est.

2295 3984 2318 4013 ο
2372 3974 2651 4027 Hominem
2707 3987 2882 4038 suum,
2936 3976 2987 4027 id
3033 3983 3134 4038 est,
3185 3972 3577 4031 humanitatem
3627 3993 3808 4043 suam;

2220 4044 2492 4112 quomodo
2520 4045 2707 4098 Patres
2731 4061 2873 4112 saepe
2902 4046 3208 4110 loquuntur,
3238 4056 3297 4099 ut
3319 4048 3453 4099 alias
3474 4048 3678 4102 dictum
3709 4060 3809 4103 est.

2221 4116 2410 4195 Suam,
2445 4116 2683 4195 inquam,
2711 4117 3095 4195 humanitatem
3124 4116 3237 4182 ipse
3256 4117 3356 4195 λ)θί
3382 4118 3554 4173 Filius
3584 4122 3807 4195 creavit,

2260 4187 2471 4260 ueniam
2490 4186 2709 4260 AlitipSO
2747 4202 2863 4241 com
2885 4187 3117 4260 cptionis
3150 4186 3448 4260 momento,
3482 4206 3683 4260 corpus
3712 4191 3810 4245 sibi

2258 4272 2287 4330 e
2309 4257 2611 4325 purissimis
2644 4258 3001 4312 immaculata:
3031 4257 3262 4323 Virginis
3286 4257 3639 4327 sattgttittiltt'ts
3661 4272 3809 4330 apta-

2219 4327 2316 4392 vit,
2356 4339 2409 4382 et
2454 4330 2813 4382 licatis~imatn
2848 4344 2997 4381 suam
3027 4331 3259 4381 animam
3303 4331 3478 4385 eidem
3512 4327 3728 4397 inludil,
3760 4342 3809 4386 et

2220 4398 2573 4471 divinitatem
2605 4415 2754 4453 suam
2806 4400 2991 4471 utigue
3045 4401 3379 4470 ltypostalice
3434 4406 3602 4455 univit
3653 4416 3811 4471 atque

2219 4470 2515 4541 cuttjunxit.
2547 4470 2701 4535 Quod
2730 4471 2788 4525 S.
2820 4461 3146 4525 Aﬂ'tanasi'us
3176 4472 3225 4524 in
3257 4486 3354 4526 suo
3382 4472 3627 4541 symbolo
3661 4461 3812 4530 luctt-

2219 4540 2395 4594 lenter
2420 4542 2707 4607 expressit.

2291 4607 2317 4648 ά
2352 4612 2731 4681 Hieronymus,
2765 4613 2845 4667 vel
2881 4614 3056 4679 potius
3102 4610 3244 4666 Beda
3294 4612 3348 4668 in
3393 4614 3537 4669 hunc
3578 4613 3760 4670 locum
3795 4634 3807 4670 :

2221 4682 2487 4755 Sapientia
2514 4683 2787 4751 wdiﬁcavit
2816 4684 2908 4735 sibi
2934 4684 3141 4736 domum
3172 4701 3189 4738 :
3214 4686 3335 4755 quia
3359 4688 3615 4740 hominem
3645 4686 3810 4741 Filius

2146 4783 2197 4843 Ι)
2224 4752 2344 4843 Dei,
2383 4754 2629 4843 .quet‘nin
2677 4752 3335 4843 unitatemsuat-persome
3371 4760 3674 4843 susciperet,
3710 4760 3811 4830 ipse

2226 4825 2435 4899 creavit.
2472 4822 2578 4899 Ubi
2602 4823 2872 4879 hominem
2907 4822 3162 4883 similiter
3191 4842 3288 4897 pro
3316 4822 3594 4899 assumpta
3624 4822 3810 4885 huma-

2227 4895 2396 4948 nitate
2430 4894 2629 4962 posuit.

2299 4973 2345 5043 εὴ
2362 4964 2451 5020 Sic
2496 4974 2548 5043 et
2593 4964 3011 5043 Chrysostomus
3040 4968 3425 5043 interpretatur
3457 4969 3687 5043 (Homil.
3718 4970 3806 5043 I9,

2225 5035 2277 5088 in
2304 5034 2562 5111 Cen._tv),
2603 5034 2859 5111 virtutem
2892 5037 3152 5094 Altissitni
3185 5034 3221 5093 'a
3263 5034 3496 5111 Spiritus
3522 5043 3691 5098 sancti
3719 5042 3811 5093 ob-

2223 5107 2567 5162 umbratione
2598 5109 3043 5179 distinguens,et
3073 5107 3323 5166 virtutem
3355 5113 3618 5167 Altissimi
3660 5111 3811 5167 Chri-

2224 5185 2365 5251 stum
2398 5180 2570 5251 ipsum
2598 5181 2878 5251 appellans
2913 5198 2924 5231 :
2958 5178 3182 5251 Insuper
3212 5200 3227 5236 :
3256 5182 3350 5248 ait,
3380 5193 3428 5237 et
3455 5186 3615 5238 uirtus
3658 5183 3812 5237 Altis-

2223 5249 2338 5301 simi
2379 5249 2697 5323 obumbrabit
2738 5250 2848 5305 tibi.
2892 5249 3145 5323 Altissimi
3189 5254 3342 5323 Regis
3380 5255 3539 5309 virtus
3580 5254 3811 5309 Christus

2224 5327 2318 5393 est,
2353 5321 2437 5393 qui
2464 5338 2552 5383 per
2581 5323 2850 5375 adventum
2884 5322 3109 5393 Spiritus
3139 5321 3302 5379 sancti
3326 5329 3580 5393 formatur
3609 5326 3660 5378 in
3699 5323 3811 5377 Vir-

2222 5392 2358 5465 gine.
2388 5392 2452 5465 Et
2479 5392 2769 5460 Gregorius
2801 5392 2933 5448 xvut
2959 5393 3146 5449 Moral.
3174 5412 3291 5465 cap.
3320 5392 3355 5449 2
3384 5414 3397 5451 :
3429 5394 3651 5463 PrOpter
3674 5411 3812 5449 meu-

2223 5462 2286 5514 tis
2324 5463 2653 5532 refrigt'riuttt
2693 5464 2885 5518 caelitus
2926 5468 3099 5519 datum
3138 5462 3325 5521 Maria:
3365 5462 3599 5521 dicitur:
3636 5466 3811 5520 Virtus

2222 5531 2472 5608 Altissimi
2515 5535 2832 5608 obumbrabit
2861 5536 2968 5589 tibi.
3005 5536 3243 5602 Quamvis
3275 5538 3372 5608 hac
3414 5540 3472 5592 in
3513 5553 3567 5591 re
3604 5556 3695 5608 per
3720 5538 3810 5608 ob-

2222 5605 2560 5679 umbrationis
2589 5609 2906 5679 vocabulum,
2939 5608 3242 5679 incarnandi
3277 5606 3372 5663 Dei
3405 5605 3619 5678 utraque
3649 5606 3812 5679 potuit

2222 5686 2407 5729 natura
2424 5677 2653 5756 signari.
2688 5676 2880 5732 Umbra
2897 5678 3030 5731 enim
3052 5696 3084 5756 ρ
3115 5679 3308 5756 lumine
3337 5676 3593 5749 formatur
3620 5676 3672 5733 et
3697 5694 3811 5756 car:

2220 5760 2375 5815 pore;
2412 5744 2669 5803 Dominus
2704 5755 2881 5804 autem
2911 5763 3001 5819 per
3027 5744 3353 5810 divinitatem
3379 5752 3555 5813 tum»
3587 5758 3695 5822 ut.
3727 5747 3816 5817 8⁸⁵
