4000 6186
259 246 354 326 ὶδτ

1254 253 1347 313 DE
1388 240 1901 313 tNCAitNA’nONE
1938 235 2216 311 tamen
2253 254 2382 312 LIB.
2424 254 2517 312 vn

3446 248 3554 321 158

271 379 459 437 venisse
482 420 499 445 ,
557 374 659 433 sed
714 375 881 431 etiam
938 374 1112 431 virtus
1161 362 1427 431 Altissimi
1492 368 1855 431 obumbrasse
1883 375 1937 436 Α
1964 374 2247 445 templum,
2291 381 2349 430 et
2387 376 2529 445 quod
2558 390 2587 429 a
2624 360 2830 445 Spiritu
2856 366 3107 433 elevatus
3137 366 3212 433 sit
3235 374 3298 432 in
3324 378 3549 451 etaim,

269 456 538 544 Virginem
566 470 810 540 legitur;
842 478 903 523 ut
941 468 1066 539 quia
1103 469 1375 539 sapientia
1416 467 1533 538 ipsa
1577 466 1856 539 plenitudo

272 554 567 625 Dii-irritatis
622 575 727 631 est,
786 563 1084 635 Sapientia:
1131 566 1237 620 sibi
1290 565 1514 620 dotnum
1567 563 1855 619 aedificanti

271 665 472 716 omnem
529 658 834 713 divinitatis
889 657 1282 728 plenitudinem
1336 672 1499 713 nemo
1552 658 1858 727 ambigeret

277 755 491 812 affuisse.
520 751 631 809 Sed
659 751 852 807 infelix
884 751 1298 821 blasphemandi
1321 752 1585 819 amentia,
1612 750 1739 805 dum
1772 764 1857 806 se-

274 864 444 921 parare
484 846 772 903 Christum
812 861 843 900 a
884 844 1024 902 Filio
1068 845 1164 901 Dei
1202 846 1421 912 nititur,
1462 860 1569 900 non
1610 844 1757 901 videt
1797 860 1856 901 se

270 945 416 1014 ipsam
442 957 473 995 a
498 957 562 996 se
586 941 895 995 Divinitatis
919 943 1139 1010 penitus
1164 956 1421 1009 reparare
1445 952 1715 995 naturam.
1740 940 1854 996 Nisi

270 1035 389 1091 forte
425 1034 606 1089 credit
642 1031 788 1103 quod
831 1031 958 1087 ideo
988 1032 1255 1087 aediﬁcata
1285 1034 1333 1088 ei
1362 1048 1393 1087 a
1426 1032 1634 1102 Spiritu
1664 1041 1855 1089 sancto

269 1114 448 1183 domus
494 1127 588 1195 sit,
638 1126 768 1196 quia
817 1124 1047 1181 idoneus
1094 1140 1158 1180 ac
1194 1126 1390 1196 potens
1432 1125 1710 1182 aedificare
1750 1126 1855 1182 sibi

270 1222 475 1276 domum
504 1220 619 1289 ipse
646 1234 755 1273 non
786 1217 969 1274 fuerit.
1004 1217 1112 1275 Sed
1138 1218 1245 1274 hoc
1271 1234 1432 1291 quam
1463 1221 1714 1275 insanum
1746 1229 1851 1285 est,

266 1314 368 1368 tam
406 1311 733 1378 ridiculum;
779 1320 838 1366 ttt
870 1313 964 1383 qui
1012 1321 1145 1367 nutu
1187 1328 1400 1368 omnem
1438 1313 1747 1369 caelestium
1789 1328 1856 1369 ac

268 1406 593 1462 terrestrium
623 1406 1043 1461 universitatem
1067 1421 1283 1461 creasse
1303 1405 1562 1475 creditur,
1591 1406 1855 1464 adiﬁcare

263 1499 353 1555 sibi
389 1512 601 1569 corpus
640 1515 749 1554 non
793 1501 1036 1569 potuisse
1068 1498 1359 1554 credatur?
1388 1501 1694 1571 praesertim
1726 1515 1852 1557 cum

261 1595 411 1649 virtus
443 1594 627 1649 sancti
668 1582 904 1662 Spiritus
941 1592 1116 1647 virtus
1144 1594 1264 1662 ejus
1294 1594 1391 1647 sit:
1434 1603 1490 1649 et
1531 1603 1554 1631 ι
1599 1595 1672 1649 ita
1703 1594 1855 1651 unita

260 1688 351 1745 sibi
387 1698 563 1757 atque
600 1685 986 1756 inseparabilis
1017 1685 1273 1741 divinitas
1313 1686 1386 1741 sit
1436 1682 1723 1743 Trinitatis
1773 1696 1855 1742 at-

261 1784 351 1851 que
379 1778 672 1850 maiestas,
705 1787 765 1831 ut
796 1777 931 1831 nihil
961 1776 1189 1832 omnino
1229 1780 1284 1831 in
1329 1794 1431 1831 una
1478 1778 1700 1834 Deitatis
1732 1795 1855 1850 per-

257 1880 375 1929 sona
412 1873 604 1945 possit
646 1871 876 1940 intelligi
919 1870 1060 1941 quod
1102 1884 1132 1925 a
1178 1870 1516 1941 plenitudine
1554 1871 1857 1927 divinitatis

257 1967 416 2021 valeat
449 1961 730 2032 separari.
764 1962 907 2030 Ergo
936 1962 1043 2017 hoc
1068 1962 1247 2033 posito
1273 1970 1333 2017 et
1356 1962 1658 2027 intellecto,
1688 1963 1849 2034 quod,

255 2059 393 2129 juxta
427 2058 605 2113 fidem
636 2054 932 2125 Scripturae
962 2070 1155 2123 sacrm,
1198 2055 1402 2125 Spiritu
1444 2065 1635 2111 sancto
1665 2070 1857 2125 super-

254 2153 529 2217 veniente,
560 2156 618 2205 et
646 2148 841 2203 virtute
867 2148 1137 2203 Altissimi
1161 2146 1545 2214 obumbrante,
1579 2148 1853 2219 Sapientia

254 2244 348 2299 sibi
370 2246 601 2299 domum
630 2240 1006 2308 aediﬁcaverit,
1038 2242 1263 2311 reliqua:
1284 2242 1679 2297 calumniarum
1707 2243 1855 2298 blas-

1959 469 2225 538 sacrilega
2265 477 2322 523 et
2363 468 2564 523 furiosa
2603 477 2727 522 sunt
2768 460 2945 524 o‘tnnia
2982 472 3005 527 ':
3050 480 3160 525 non
3202 470 3327 541 quia
3368 472 3425 526 in
3467 469 3555 529 his

1959 562 2214 617 omnibus
2244 576 2364 631 quae
2394 560 2510 631 ipse
2530 560 2659 616 fecit
2685 562 2861 617 unitas
2885 566 2941 617 et
2967 564 3282 633 C’Oop'er'atio
3309 561 3550 635 Spiritus

1958 654 2202 711 defuisse
2231 654 2502 711 credenda
2542 654 2635 722 sit,
2666 662 2853 725 utpote
2881 670 3004 711 cum
3031 664 3324 728 numquam
3362 656 3551 717 Deitas

1958 761 1989 801 a
2027 762 2087 802 se
2115 746 2279 813 desit,
2323 756 2379 801 et
2407 746 2461 801 in
2488 746 2746 815 oneribus
2783 746 3083 803 Salvatoris
3122 760 3338 819 semper
3375 752 3551 808 virtus

1954 839 2126 896 fuerit
2155 839 2473 906 Trinitatis;
2509 839 2603 895 sed
2636 840 2760 911 quia
2804 850 2858 895 tu
2900 841 3125 896 Domino
3153 840 3286 899 Jesu
3309 842 3575 912 Christo”

1958 932 2113 1002 quasi
2166 932 2316 1000 inopi
2367 938 2422 985 et
2468 928 2749 985 imbecillo
2797 930 3122 1000 opitulatum
3166 933 3247 988 vis
3292 933 3550 1003 Spiritum

1956 1028 2231 1087 'sanctum,
2263 1023 2353 1091 qui
2390 1034 2453 1078 ea
2490 1021 2570 1077 illi
2610 1021 2799 1093 utique
2829 1023 3105 1091 tribuerit,
3137 1039 3259 1096 qua:
3285 1036 3551 1097 prtestarc

1956 1116 2058 1172 sibi
2086 1118 2190 1186 ipsi
2215 1126 2324 1171 non
2354 1116 2605 1186 quiverit.
2634 1115 2795 1172 Disce
2821 1117 3002 1187 itaque
3022 1122 3089 1174 ei
3110 1121 3281 1175 sacris
3306 1121 3555 1176 testimo-

1956 1209 2061 1265 niis
2090 1209 2258 1265 Deu‘m
2291 1206 2539 1275 credere,
2570 1212 2625 1264 et
2664 1206 2958 1265 falsitatem
2986 1211 3209 1267 Veritati
3244 1228 3348 1267 non
3380 1213 3553 1268 admi-

1952 1304 2136 1366 ‘sbere,
2167 1301 2293 1372 quia
2320 1316 2410 1357 res
2434 1314 2545 1356 non
2575 1301 2792 1372 recipit,
2818 1310 2872 1357 et
2896 1303 3036 1358 ratio
3065 1304 3465 1375 perhorrescit,
3491 1313 3553 1362 ut

1958 1394 2156 1452 divinis
2203 1395 2530 1453 testimoniis
2572 1396 2892 1454 daemoniaci
2928 1399 3154 1470 spiritus
3195 1400 3552 1473 intelligentia

1957 1490 2268 1548 misceatur.

2523 1604 2755 1665 CAPUT
2795 1605 2986 1664 XVIII.

1883 1763 1931 1823 Β
1958 1735 2107 1793 Illud
2146 1739 2382 1821 Apostoli
2422 1739 2680 1823 quomodo
2706 1741 3216 1823 rintelliqendunttsit
3244 1758 3264 1797 :
3294 1742 3551 1815 Apparuit

2179 1810 2237 1863 in
2264 1826 2436 1879 carne,
2456 1810 2778 1882 justiﬁcatus
2803 1810 2951 1867 estin
2977 1813 3201 1885 Spiritu,
3226 1824 3332 1870 etc.

2030 1966 2150 2021 Jam
2195 1965 2435 2035 primum
2472 1965 2617 2022 enim
2664 1966 2769 2022 hoc
2803 1966 2832 2006 δ
2878 1968 3020 2039 quod
3051 1970 3149 2036 ais,
3184 1972 3305 2041 quia
3344 1972 3550 2042 jnstitia

1958 2058 2252 2129 repleverit
2290 2059 2434 2127 quod
2476 2067 2718 2115 creatum
2757 2069 2871 2127 est;
2912 2072 2964 2117 et
2996 2062 3098 2118 hoc
3129 2062 3443 2133 Apostolico
3472 2066 3553 2121 vis

1956 2152 2274 2207 testimonio
2297 2153 2676 2223 comprobare,
2703 2155 2844 2225 quod
2864 2155 3028 2220 dicat,
3053 2159 3293 2229 apparuit
3306 2159 3358 2211 in
3376 2176 3550 2225 carne,

1953 2249 2274 2320 justiﬁcatus
2298 2258 2371 2303 est
2404 2249 2456 2302 in
2492 2248 2695 2320 Spiritu
2722 2267 2740 2304 :
2774 2261 3059 2321 utrumque
3085 2252 3277 2308 insano
3308 2268 3472 2309 sensu
3502 2263 3557 2308 et

251 2339 493 2408 pbemiae
536 2336 668 2390 nihil
711 2347 860 2389 sunt.
900 2333 1089 2405 Neque
1135 2336 1276 2390 enim
1321 2334 1542 2389 dubium
1588 2344 1673 2391 est
1712 2336 1856 2406 quod

252 2429 373 2502 ipse
417 2448 521 2500 per
562 2446 622 2485 se
658 2439 819 2499 atque
856 2430 907 2483 in
950 2443 1011 2483 se
1055 2430 1309 2483 universa
1350 2429 1563 2496 fecerit,
1607 2430 1661 2484 in
1702 2430 1857 2501 cujus

255 2526 487 2579 nomine
528 2539 589 2578 ac
632 2524 737 2578 fide
779 2525 943 2578 etiam
992 2514 1329 2577 credentium
1376 2523 1512 2578 fides
1560 2524 1704 2578 nulla
1747 2542 1855 2580 non

255 2618 462 2686 potuit.
504 2615 681 2685 Neque
720 2617 862 2671 enim
902 2615 993 2669 ille
1021 2616 1229 2670 auxilio
1262 2616 1492 2670 alterius
1523 2617 1689 2685 eguit,
1733 2630 1854 2673 cum

246 2724 322 2766 ne
354 2711 440 2765 illi
468 2710 686 2780 quidem
729 2710 1001 2780 eguerint,
1034 2710 1124 2780 qui
1156 2710 1209 2765 in
1241 2710 1442 2764 virtute
1478 2712 1647 2782 ipsius
1677 2712 1857 2767 credi-

242 2802 470 2859 derunt.
509 2808 685 2873 Atque
714 2802 837 2857 ideo
863 2813 919 2857 et
948 2802 1104 2868 illud,
1133 2804 1276 2873 quod
1305 2804 1406 2867 ais,
1439 2804 1562 2872 quia
1592 2821 1621 2857 a
1651 2805 1855 2873 Spiritu

239 2898 581 2968 justiﬁeatus
612 2898 708 2967 sit,
739 2906 794 2952 et
820 2896 966 2967 quod
995 2898 1348 2953 metuendum
1372 2913 1493 2953 eum
1519 2899 1858 2953 daamonibus

241 2991 485 3047 Sub-itus
518 2994 732 3059 fecerit,
761 3003 816 3048 et
841 2990 990 3062 quod
1017 3006 1149 3048 caro
1176 2992 1293 3061 ejus
1323 3008 1352 3046 a
1381 2993 1589 3063 Spiritu
1616 2993 1754 3048 facta
1789 2993 1857 3047 sit

1352 3129 1611 3183 ALARDI
1651 3127 1885 3183 GAZ/FJ
1925 3123 2489 3180 COMMENTARIUS.

232 3225 523 3280 mediante
549 3230 726 3275 unum!
748 3229 801 3275 nt
826 3235 938 3292 ejus
967 3231 1108 3276 utero
1136 3222 1249 3290 ﬁeri
1275 3222 1518 3292 dignatus
1546 3229 1620 3272 est
1647 3219 1859 3292 per‘htt-
1891 3219 1935 3277 C
1971 3217 2088 3292 _Dei,
2133 3217 2203 3269 ita
2255 3226 2314 3268 et
2361 3215 2535 3292 virtus
2580 3216 2673 3269 Dei
2712 3216 2919 3292 eadem
2950 3217 3310 3292 similitudine
3351 3227 3556 3283 vocari.

227 3299 569 3351 inanitatem
608 3307 813 3357 corpus.
848 3284 1004 3365 'Quia
1036 3284 1156 3360 ergo
1185 3284 1376 3365 tamen
1416 3284 1773 3359 incorporeum
1812 3290 1863 3342 in
1969 3287 2130 3365 Lucae
2173 3303 2296 3365 xlxtv
2325 3304 2347 3365 ε.
2368 3284 2473 3338 Vos
2496 3295 2667 3365 autem
2706 3288 2875 3365 sedete
2902 3288 2955 3342 θη
2981 3290 3202 3356 είυίταιον
3232 3295 3561 3365 ηυοαάυδηυι

224 3370 354 3435 eius
381 3370 512 3435 erat
539 3370 689 3415 utero
714 3358 1116 3435 corporandum,
1149 3361 1195 3414 ei
1222 3377 1335 3435 qua:
1360 3358 1721 3435 incorporeum
1746 3377 1868 3435 cou-
1966 3359 2262 3412 induamini
2297 3358 2483 3435 virtute
2514 3360 2738 3435 exalto.
2776 3362 3031 3435 Actorum
3064 3377 3079 3415 ι
3115 3380 3130 3417 :
3157 3358 3427 3434 Accipietis
3456 3358 3561 3423 vir-

227 3430 378 3501 cepit
414 3433 503 3488 ad
529 3449 734 3504 corpus.
767 3433 960 3486 dicitur
991 3448 1012 3487 :
1048 3431 1232 3504 Virtus,
1263 3433 1515 3486 Altissimi
1540 3430 1865 3504 robumbrabit
1966 3430 2548 3504 tutemsupervenientis
2586 3430 2755 3504 iuvas
2795 3430 3022 3504 Spiritus
3047 3437 3232 3490 sancti.

231 3509 349 3572 tibi,
386 3508 473 3582 id
494 3514 589 3569 est,
618 3500 818 3582 corpus
844 3505 922 3582 in_
946 3515 992 3558 te
1005 3503 1597 3582 ⁵Ιζιιιζιςζηὶιαιίεέιειτὶρὶιξι
1624 3504 1864 3582 incorpp-
2007 3572 2017 3582 _
2041 3511 2065 3537 ’¹
2101 3500 2399 3582 Νιίηυιηαηέ
2429 3501 2677 3582 "fimi?"
2705 3500 2904 3582 δυηῑτέῗρ
2927 3504 3119 3582 insin"-
3144 3505 3179 3559 5
3204 3508 3268 3561 de
3298 3507 3558 3582 Ρεητεσ).

232 3569 390 3633 reum
450 3577 634 3629 lumen
661 3569 967 3629 divinitatis.
1000 3576 1266 3631 Similiter
1291 3586 1343 3628 et
1368 3575 1732 3629 Damascenus
1768 3574 1859 3625 lib.
1964 3572 2029 3625 ab
2054 3574 2425 3641 omnipotentia
2454 3569 2647 3631 Patris,
2670 3581 2715 3625 et
2746 3571 2895 3633 Filii,
2919 3574 3150 3642 Spiritus
3167 3582 3331 3633 sancti
3353 3592 3428 3636 est
3450 3569 3563 3638 dis;

236 3666 294 3707 tu
331 3666 477 3719 cap.
522 3646 582 3709 2.
614 3646 773 3719 Beda
787 3656 841 3700 et
870 3646 1308 3717 Theophylactus
1336 3647 1386 3701 in
1416 3645 1859 3719 Commentariis.
1965 3652 2104 3697 creta
2150 3646 2425 3719 majestas;
2470 3653 2517 3696 et
2559 3645 2810 3719 quidquid
2855 3648 2909 3698 in
2953 3650 3287 3716 dispositione
3331 3657 3562 3711 omnium

238 3721 317 3776 Ex
358 3714 583 3790 quibus
629 3717 968 3792 D.‘Thomas
1016 3714 1130 3792 lucc
1167 3718 1507 3792 summatim,
1550 3731 1700 3792 more
1740 3731 1861 3782 suo,
1966 3730 2138 3792 rerum
2168 3724 2273 3792 agn
2304 3714 2477 3792 divin-tt
2504 3716 2813 3792 moderatio,
2842 3732 2906 3792 ea:
2936 3714 3092 3792 totius
3121 3724 3255 3774 venit
3283 3727 3560 3792 providen-

234 3782 480 3865 eolligit,
509 3803 663 3865 Δ(ζηςιῑ
693 3789 830 3865 huic
861 3792 1001 3865 loco
1033 3790 1364 3865 elucidando
1400 3782 1695 3865 commode
1744 3802 1866 3865 ser:
1968 3785 2040 3837 tia
2092 3784 2377 3865 Trinitatis.
2428 3782 2549 3865 qua
2592 3793 2664 3835 est
2836 3786 3118 3865 benignitas
3168 3782 3555 3865 misericordia,

240 3853 400 3918 via":
436 3853 470 3915 ἔκ
496 3853 814 3936 piendum.
859 3862 1031 3925 inquit
1067 3860 1161 3931 (ιη
1182 3878 1271 3936 Δρ),
1308 3878 1360 3931 ᾳ.
1398 3861 1491 3922 52,
1522 3860 1633 3936 ιζ’-1
1662 3856 1866 3936 j._quqd
1966 3871 2075 3936 una
2092 3871 2307 3936 censura
2323 3853 2566 3936 justitia,
2593 3870 2682 3936 nec
2706 3854 2909 3936 aliquid
2929 3853 3002 3909 est
3025 3859 3077 3912 in
3103 3853 3557 3936 actionedtvisum;

236 3950 366 4005 opus
405 3932 775 4001 conceptionis
801 3926 1328 4005 commune'_quident'
1350 3940 1423 3986 est
1450 3932 1554 4005 toti
1580 3927 1866 4005 Trinitati;
1967 3926 2056 4005 ubi
2085 3926 2218 4005 nihil
2248 3936 2319 3979 est
2350 3927 2402 3979 in
2426 3926 2689 4005 voluntate
2715 3927 2995 4005 diversum,
3028 3938 3132 4005 etc.

240 4000 546 4059 secundum
585 4000 753 4074 tamen
771 4003 1005 4074 _modum
1047 4002 1276 4074 aliquem
1316 4002 1618 4055 attribuitur
1645 4000 1865 4069 singulis

240 4076 510 4145 personis.
553 4072 715 4145 Alvum
763 4072 910 4126 Patri
954 4072 1252 4127 attribuitur
1300 4075 1581 4145 auctoritas
1629 4080 1866 4145 respectu

240 4141 489 4217 persona:
540 4141 693 4217 itii,
736 4146 825 4214 qui
868 4162 956 4211 per
996 4145 1299 4217 hujusmpdi
1339 4144 1720 4217 conceptionem
1769 4142 1867 4217 sibi

244 4212 541 4287 assumpsit
579 4212 857 4268 humanam
887 4212 1149 4270 naturam.
1185 4212 1328 4269 Filio
1370 4212 1540 4268 autem
1567 4213 1868 4287 attribuitur

242 4288 355 4357 ipsa
398 4284 599 4342 carnis
632 4288 930 4360 assumptio.
967 4288 1073 4343 Sed
1110 4288 1336 4360 Spiritui
1363 4296 1540 4360 salicto
1566 4284 1868 4360 attribuitur

244 4355 499 4428 formatio
541 4359 800 4424 corporis,
841 4360 979 4427 quod
1022 4355 1297 4412 assumitur
1326 4376 1358 4413 a
1394 4355 1557 4411 Filio.
1596 4356 1734 4410 Nam
1759 4357 1868 4428 ipse

1960 2338 2167 2396 furioso
2195 2341 2387 2411 spiritu
2419 2342 2678 2413 loqueris.
2710 2342 2846 2412 Quia
2878 2355 2931 2400 et
2960 2344 3063 2399 hoc
3093 2344 3237 2413 quod
3279 2362 3308 2402 a
3349 2347 3556 2417 Spiritu

1962 2436 2044 2491 vis
2074 2452 2195 2491 eum
2226 2436 2495 2506 repletum
2532 2451 2655 2492 esse
2681 2436 2915 2507 justitia,
2952 2438 3073 2495 ideo
3100 2439 3256 2510 ponis
3286 2449 3345 2496 ut
3373 2451 3557 2497 osten-

1960 2527 2060 2582 das
2089 2528 2209 2595 ejus
2236 2526 2585 2594 vacuitatem,
2617 2528 2700 2581 cui
2726 2532 3020 2597 praestitam
3051 2547 3177 2587 esse
3202 2547 3417 2588 asseras
3442 2540 3558 2601 jus-

1961 2620 2094 2675 titia:
2116 2620 2587 2687 adimpletionem.
2616 2620 2682 2674 Et
2710 2620 2812 2677 hoc
2844 2622 2986 2691 quod
3017 2639 3180 2693 super
3203 2624 3303 2680 hac
3326 2642 3385 2681 re
3413 2626 3559 2696 Apo-

1960 2714 2158 2770 stolico
2190 2715 2498 2769 testimonio
2530 2714 2721 2781 uteris,
2769 2715 2936 2770 divini
2978 2718 3275 2771 testimonii
3309 2717 3556 2775 ordinem

1960 2806 2338 2875 rationemque
2367 2806 2586 2859 iuraris.
2620 2804 2737 2858 Non
2767 2807 2913 2860 enim
2958 2806 3029 2859 ita
3065 2807 3134 2860 ab
3170 2808 3431 2875 Apostolo
3460 2824 3559 2877 po-

1960 2900 2124 2953 situm
2156 2906 2259 2962 est,
2296 2907 2351 2950 ut
2389 2906 2447 2950 tu
2490 2896 2542 2949 id
2586 2905 2890 2949 truncatum
2920 2896 3275 2967 vitiatumque
3307 2898 3554 2967 posuisti.

1964 2990 2103 3058 Quid
2135 2989 2277 3045 enim
2313 2988 2607 3057 Apostolus
2636 2988 2748 3041 ait?
2778 2986 2845 3040 Et
2874 2989 3144 3059 nsanifcste
3169 2999 3190 3027 ο
3216 3006 3457 3061 magnum
3482 3004 3559 3047 est

2042 3999 2071 4073 ιξ
2110 3999 2269 4073 Quia,
2300 4013 2397 4065 pro
2424 3996 2577 4065 quod,
2606 3997 2814 4073 justitia
2836 3998 3102 4073 repleverit
3127 4000 3363 4071 (scilicet
3392 4005 3563 4073 Spiri-

1973 4069 2083 4140 tus)
2110 4070 2247 4143 quod
2276 4080 2503 4143 creatum
2534 4079 2647 4143 est,
2667 4068 2716 4122 id
2756 4078 2859 4143 e_s_t,
2890 4068 3186 4143 Christum,
3215 4088 3376 4143 quem
3407 4068 3555 4134 c'reao

1969 4139 2070 4196 vit.
2106 4142 2216 4196 Hoc
2243 4141 2385 4194 enim
2416 4151 2495 4192 es:
2530 4142 2743 4193 tertium
2772 4139 3006 4196 NestOrii
3038 4139 3264 4209 dictum,
3293 4161 3386 4200 seu
3412 4149 3558 4206 blas-

1968 4212 2206 4286 phemia.
2254 4214 2392 4264 inter
2432 4212 2578 4286 alias
2621 4214 2868 4286 superius
2920 4211 3072 4285 (Cap.
3112 4216 3197 4286 17)
3228 4233 3557 4286 expressas:

1974 4284 2076 4349 Qui
2099 4295 2145 4336 et
2160 4286 2364 4352 justitia
2390 4284 2602 4351 replevit
2628 4284 2767 4351 quod
2792 4284 3246 4344 creatunteaLCut
3280 4284 3414 4346 infra
3448 4311 3561 4350 res-

1970 4354 2314 4423 pendi-bitur.

2049 4436 2071 4461 ο
2113 4423 2306 4497 ϐηρςρ
2332 4423 2523 4497 legitur
2560 4438 2573 4475 :
2602 4427 2689 4478 Ital
2718 4424 3127 4497 ὁμολογουμένως
3162 4430 3184 4494 (
3208 4432 3256 4484 id
3313 4444 3411 4489 est.
3439 4453 3561 4488 om-

1974 4494 2121 4547 nintn
2176 4492 2540 4553 ctutfessione,
2597 4504 2654 4547 ut
2703 4492 3017 4547 Ainbrbsius
3054 4492 3232 4559 vertit,
3278 4504 3359 4554 vel
3409 4515 3558 4557 exim

1973 4561 2423 4644 controvers‘iattt,
2458 4570 2513 4613 ut
2536 4561 2648 4644 alii)
2672 4566 2804 4644 μέγα
2832 4565 3029 4644 tia-riga
3057 4574 3148 4644 τῆς
3174 4571 3434 4631 εὐσεϐείας
3460 4596 3564 4644 μυ.

1972 4638 2193 4711 ᾳςιςήριον,
2212 4633 2333 4711 ego;
2364 4633 2643 4705 ἐφανερώθη
2668 4633 2907 4711 ἐνιάᾳρκὶ,
2930 4634 3190 4711 ἐδικαςώθη
3218 4633 3557 4711 ἐννΠνεύμὰτι.

1977 4705 2073 4759 Ubi
2108 4704 2446 4756 manifestum
2476 4704 2558 4754 est
2588 4718 2692 4755 non
2725 4705 2906 4758 haberi
2948 4708 3108 4769 quod,
3161 4719 3215 4761 ut
3268 4710 3318 4762 in
3376 4704 3561 4769 nostro

1976 4773 2268 4845 textutsed
2300 4788 2397 4842 pro
2418 4788 2505 4839 eo,
2535 4774 2678 4836 Θεὸς,
2707 4774 2757 4828 id
2783 4784 2885 4837 est,
2922 4775 3067 4830 Deus
3098 4778 3177 4845 (ut
3208 4782 3343 4834 scite
3373 4785 3562 4838 obser-

1973 4848 2119 4901 vavit
2138 4844 2453 4927 Cagneins),
2492 4854 2546 4900 ut
2574 4847 2675 4900 hoc
2705 4863 2947 4927 magnum
2990 4844 3189 4927 pietatis
3218 4861 3265 4927 et
3294 4854 3561 4927 religionis

1973 4920 2290 4989 mysterium,
2322 4919 2425 4971 sive
2451 4918 3209 4989 sacramentum,intelligatur
3238 4926 3377 4981 Deus
3394 4918 3561 4982 Chri-

1976 4999 2116 5055 stus,
2148 4990 2238 5057 qui
2269 4990 2640 5044 manifestatus
2666 4999 2752 5044 est
2782 4991 2835 5043 in
2866 5005 3057 5055 carne;
3090 4995 3178 5061 qui
3207 4998 3350 5052 enim
3402 5012 3563 5054 antea

1983 5063 2229 5136 homines
2261 5061 2546 5136 latebat_in_
2566 5062 2867 5136 divinitate,
2899 5078 2991 5136 per
3021 5068 3198 5136 carnis
3234 5071 3564 5136 assumptio-

1982 5149 2102 5189 nem
2134 5134 2243 5187 illis
2274 5134 2503 5205 innotuit
2531 5132 2585 5205 in
2616 5148 2711 5205 sua
2744 5133 3097 5189 humanitate.
3126 5132 3457 5205 Justiﬁcatus
3486 5150 3565 5195 est

1978 5205 2031 5259 in
2056 5204 2289 5277 Spiritu;
2321 5203 2462 5273 quod
2491 5203 2711 5277 iudubie
2739 5205 3034 5259 secundum
3065 5203 3456 5265 humanitatem
3483 5212 3564 5266 in-

1981 5274 2145 5345 telligi
2192 5278 2372 5351 debet,
2430 5274 2725 5351 set-uadum
2777 5292 2936 5351 quam
2988 5277 3313 5351 jnstificatus
3338 5280 3560 5351 dicitur,

1980 5344 2253 5417 quomodo
2296 5356 2349 5399 et
2403 5344 2787 5412 sanctificatns,
2820 5346 3045 5417 .loan_nis
3090 5362 3122 5400 κ
3156 5365 3168 5400 :
3201 5350 3363 5415 Quem
3403 5344 3565 5409 Pater

1982 5414 2320 5483 s'anctiﬁravit
2339 5426 2386 5467 et
2412 5417 2548 5469 misit
2577 5418 2628 5468 in
2649 5417 2915 5470 mundum.
2940 5414 3268 5485 Justi/icatus
3289 5432 3459 5477 autem
3489 5434 3564 5480 est

1984 5489 2208 5557 Spiritu,
2242 5488 2290 5540 id
2323 5496 2426 5549 est,
2460 5502 2555 5550 per
2584 5488 2843 5555 Spiritum
2891 5500 3134 5542 sanctum
3178 5500 3232 5543 et
3274 5494 3565 5556 plenitudi-

1981 5576 2105 5635 nem
2136 5563 2360 5635 gratiae;
2392 5560 2476 5635 vel
2501 5558 2823 5628 jttstiﬁcatus
2854 5571 2950 5625 est,
2981 5558 3033 5613 id
3064 5572 3167 5635 est,
3193 5562 3368 5627 jttsms
3398 5582 3561 5635 appa-

1981 5633 2111 5687 ruit.
2142 5632 2271 5684 Nam
2304 5631 2403 5683 etsi
2439 5639 2772 5683 eomessator
2798 5642 2851 5685 et
2879 5640 3089 5697 potator
3118 5632 3250 5700 vini,
3284 5644 3337 5689 et
3358 5631 3561 5692 (la-nio.

1984 5704 2129 5756 nium
2182 5702 2403 5759 habens.
2453 5718 2480 5754 a
2537 5701 2735 5756 iudicis
2786 5702 3015 5767 audiret,
3070 5704 3246 5770 justus
3287 5717 3460 5761 tamen
3494 5710 3563 5763 ab

1986 5775 2237 5835 omnibus
2264 5775 2477 5844 agnitus
2497 5783 2605 5844 est,
2627 5782 2684 5833 et
2698 5775 2933 5847 amplius
2956 5787 3285 5846 agnoscetur
3313 5795 3437 5835 cum
3458 5779 3562 5834 Ju—

252 4427 493 4502 Spiritus
555 4442 770 4502 sanctus
806 4441 877 4481 est
928 4432 1154 4502 Spiritus
1200 4428 1347 4502 Iiilii,
1405 4428 1684 4502 secundum
1734 4427 1870 4478 illud

249 4499 367 4556 Gal.
404 4518 460 4556 tv
494 4520 507 4555 :
554 4498 700 4552 Misit
738 4500 873 4553 Deus
915 4497 1170 4568 Spiritum
1210 4497 1343 4555 Filii
1382 4503 1481 4554 sui.
1521 4498 1671 4554 Sicut
1696 4508 1867 4568 autem

246 4572 410 4627 virtus
447 4573 675 4631 animae,
716 4588 829 4640 qua:
867 4567 1037 4625 estin
1072 4575 1282 4637 semine,
1320 4588 1409 4640 per
1435 4570 1673 4635 spiritum
1691 4568 1785 4640 Aqui
1814 4567 1867 4617 in

248 4646 445 4725 femine
466 4638 773 4697 includitur
793 4645 983 4725 [οι-ηιμ
1007 4660 1193 4712 corpus
1221 4645 1271 4695 in
1294 4638 1622 4725 generatione
1646 4638 1866 4725 aliorum

253 4711 533 4767 hominum
552 4728 576 4778 ;
595 4718 685 4784 _ita
714 4707 873 4767 virtus
910 4714 1024 4778 Dei,
1052 4707 1169 4784 quin
1195 4722 1267 4767 est
1295 4707 1403 4782 ipse
1437 4707 1610 4784 Filius
1650 4709 1667 4774 (
1687 4723 1869 4784 sfcun-

252 4784 381 4839 dum
405 4784 559 4839 illud
591 4782 610 4837 Ι
642 4785 766 4837 Cor.
796 4800 808 4837 ι
837 4802 850 4837 :
895 4778 1155 4837 Christum
1187 4785 1278 4836 Dei
1299 4778 1556 4851 virtutem)
1587 4796 1677 4851 per
1696 4778 1871 4851 Spiri-

256 4862 363 4909 tum
396 4866 653 4909 sanctum
681 4871 868 4918 corpus
902 4858 1142 4924 formarit
1178 4855 1315 4923 quod
1355 4848 1752 4924 assumpsitLEt
1777 4850 1871 4924 hoc

256 4928 411 4981 etiam
455 4925 620 4981 verba
662 4928 836 4996 angeli
867 4920 1297 4987 commonstrant,
1329 4924 1543 4977 dicentis
1585 4938 1602 4975 :
1644 4920 1871 4996 Spiritus

260 5010 469 5052 sanctus
518 4994 844 5067 superveniet
884 4998 936 5050 in
986 5005 1053 5059 te,
1102 4998 1249 5067 quasi
1294 4996 1363 5050 ad
1407 4994 1874 5067 prazparandamet

261 5063 610 5137 {armandam
640 5074 907 5122 materiam
937 5063 1169 5138 corporis
1200 5063 1421 5132 Christi;
1450 5075 1495 5120 et
1514 5063 1681 5118 virtus
1709 5064 1868 5138 Altis-

259 5136 397 5202 simi,
446 5142 508 5193 id
550 5150 644 5206 est,
697 5138 952 5205 Christus,
993 5136 1309 5193 obumbrnbit
1354 5139 1465 5203 tibi,
1504 5152 1687 5206 corpus
1730 5136 1782 5187 in
1828 5144 1875 5187 te

260 5208 621 5283 humanitatis
678 5212 898 5283 accipiet
942 5211 1301 5283 incorporeum
1344 5210 1516 5264 lumen
1566 5206 1868 5283 divinitatis.

262 5276 467 5336 Umbra
509 5282 653 5334 enim
690 5298 723 5336 a
765 5276 958 5354 lumine
995 5276 1248 5354 formatur
1285 5292 1331 5337 et
1369 5295 1604 5354 corpore,
1647 5277 1875 5354 utCre-

252 5354 447 5421 uarius
479 5354 614 5407 dicit
654 5368 783 5407 xvttt
811 5349 1023 5416 Murali,
1052 5353 1345 5409 Altissimus
1372 5349 1543 5407 autem
1568 5349 1874 5421 intellig'tur

265 5420 451 5496 fater,
482 5426 643 5495 cujus
674 5427 834 5478 virtus
868 5434 940 5479 est
964 5423 1174 5496 Filius.
1205 5427 1494 5496 Hucusqne
1525 5424 1581 5479 S.
1614 5422 1871 5496 Thomas,

260 5489 441 5567 farto
468 5489 803 5567 Etithymius
829 5507 877 5550 et
907 5495 993 5550 alii
1024 5512 1119 5564 pro
1141 5498 1330 5553 eodem
1359 5489 1630 5565 accipiunt
1650 5502 1704 5548 et
1732 5493 1870 5567 quod

256 5564 515 5638 Spiritus
542 5563 774 5638 sanctus
802 5563 1177 5635 supervenerit
1224 5573 1276 5623 in
1320 5563 1616 5638 Virginem,
1646 5577 1699 5638 et
1730 5563 1871 5638 quod

256 5637 445 5691 Virtus
497 5636 766 5693 Altissimi
816 5654 933 5693 eam
983 5641 1352 5704 obumbrarit;
1405 5636 1461 5693 tit
1514 5640 1586 5692 sit
1632 5636 1873 5704 ejusdem

261 5710 577 5779 putentia:
618 5710 717 5762 sub
747 5710 869 5763 aliis
906 5712 1087 5765 verbis
1131 5712 1403 5774 repetitio,
1435 5726 1553 5779 qua:
1585 5708 1876 5779 Scripturis

257 5773 543 5859 Mens
568 5789 675 5837 est.
712 5780 787 5837 Et
826 5780 1221 5855 soletSpiritus
1247 5773 1488 5847 sanctus,
1520 5779 1658 5834 sicut
1679 5776 1882 5848 digitus
