  <div class='ocr_page' id='page_1' title='image "/cluster/home/n/w/nwhite01/storage/ocr_20150623/50/uva.x000827094/128.png"; bbox 0 0 4000 6186; ppageno 0'>
   <div class='ocr_carea' id='block_1_1' title="bbox 256 225 2522 294">
    <p class='ocr_par' dir='ltr' id='par_1_1' title="bbox 256 225 2522 294">
     <span class='ocr_line' id='line_1_1' title="bbox 256 225 2522 294; baseline -0.002 -9"><span class='ocrx_word' id='word_1_1' title='bbox 256 235 332 294; x_wconf 71' lang='lat' dir='ltr'><strong>2M</strong></span> <span class='ocrx_word' id='word_1_2' title='bbox 1245 227 1335 284; x_wconf 87' lang='lat' dir='ltr'><strong>DE</strong></span> <span class='ocrx_word' id='word_1_3' title='bbox 1375 225 1889 284; x_wconf 78' lang='lat' dir='ltr'><strong>INCARNA&#39;I&#39;IONE</strong></span> <span class='ocrx_word' id='word_1_4' title='bbox 1926 225 2201 282; x_wconf 78' lang='lat' dir='ltr'><strong>CHRISTI</strong></span> <span class='ocrx_word' id='word_1_5' title='bbox 2236 226 2369 282; x_wconf 85' lang='lat' dir='ltr'><strong>LIB.</strong></span> <span class='ocrx_word' id='word_1_6' title='bbox 2412 226 2522 283; x_wconf 79' lang='lat' dir='ltr'><strong>VII.</strong></span> 
     </span>
    </p>
   </div>
   <div class='ocr_carea' id='block_1_2' title="bbox 3419 228 3549 294">
    <p class='ocr_par' dir='ltr' id='par_1_2' title="bbox 3419 228 3549 294">
     <span class='ocr_line' id='line_1_2' title="bbox 3419 228 3549 294; baseline -0.008 -2"><span class='ocrx_word' id='word_1_7' title='bbox 3419 233 3524 294; x_wconf 68' lang='grc'><strong>282</strong></span> <span class='ocrx_word' id='word_1_8' title='bbox 3544 228 3549 233; x_wconf 67' lang='grc'><strong>’</strong></span> 
     </span>
    </p>
   </div>
   <div class='ocr_carea' id='block_1_3' title="bbox 260 344 3523 420">
    <p class='ocr_par' dir='ltr' id='par_1_3' title="bbox 260 344 3523 420">
     <span class='ocr_line' id='line_1_3' title="bbox 260 344 3523 420; baseline 0 -13"><span class='ocrx_word' id='word_1_9' title='bbox 260 353 899 420; x_wconf 82' lang='lat' dir='ltr'><strong>acceperunt,numquam</strong></span> <span class='ocrx_word' id='word_1_10' title='bbox 933 351 1199 415; x_wconf 87' lang='lat' dir='ltr'><strong>potestate</strong></span> <span class='ocrx_word' id='word_1_11' title='bbox 1220 345 1335 414; x_wconf 88' lang='lat' dir='ltr'><strong>ipsa</strong></span> <span class='ocrx_word' id='word_1_12' title='bbox 1358 353 1416 399; x_wconf 92' lang='lat' dir='ltr'><strong>ut</strong></span> <span class='ocrx_word' id='word_1_13' title='bbox 1446 359 1541 398; x_wconf 91' lang='lat' dir='ltr'><strong>sua</strong></span> <span class='ocrx_word' id='word_1_14' title='bbox 1569 344 1652 399; x_wconf 89' lang='lat' dir='ltr'><strong>usi</strong></span> <span class='ocrx_word' id='word_1_15' title='bbox 1683 352 1829 412; x_wconf 89' lang='lat' dir='ltr'><strong>sunt,</strong></span> <span class='ocrx_word' id='word_1_16' title='bbox 1858 347 1913 407; x_wconf 74' lang='grc' dir='ltr'><strong>Α</strong></span> <span class='ocrx_word' id='word_1_17' title='bbox 1937 346 2206 415; x_wconf 79' lang='lat' dir='ltr'><strong>mundule,</strong></span> <span class='ocrx_word' id='word_1_18' title='bbox 2237 347 2492 401; x_wconf 75' lang='lat' dir='ltr'><strong>dwmones</strong></span> <span class='ocrx_word' id='word_1_19' title='bbox 2520 347 3003 420; x_wconf 79' lang='lat' dir='ltr'><strong>ejicitc(Matth.x).</strong></span> <span class='ocrx_word' id='word_1_20' title='bbox 3037 346 3105 405; x_wconf 85' lang='lat' dir='ltr'><strong>Et</strong></span> <span class='ocrx_word' id='word_1_21' title='bbox 3131 348 3324 406; x_wconf 78' lang='lat' dir='ltr'><strong>iterum</strong></span> <span class='ocrx_word' id='word_1_22' title='bbox 3357 371 3369 405; x_wconf 91' lang='lat'>:</span> <span class='ocrx_word' id='word_1_23' title='bbox 3399 353 3427 392; x_wconf 72' lang='grc' dir='ltr'><strong>ιι</strong></span> <span class='ocrx_word' id='word_1_24' title='bbox 3456 355 3523 410; x_wconf 87' lang='lat' dir='ltr'><strong>In</strong></span> 
     </span>
    </p>
   </div>
   <div class='ocr_carea' id='block_1_4' title="bbox 260 438 1832 512">
    <p class='ocr_par' dir='ltr' id='par_1_4' title="bbox 260 438 1832 512">
     <span class='ocr_line' id='line_1_4' title="bbox 260 438 1832 512; baseline -0.006 -12"><span class='ocrx_word' id='word_1_25' title='bbox 260 444 336 500; x_wconf 86' lang='lat' dir='ltr'><strong>sed</strong></span> <span class='ocrx_word' id='word_1_26' title='bbox 354 446 681 512; x_wconf 86' lang='lat' dir='ltr'><strong>potestatem</strong></span> <span class='ocrx_word' id='word_1_27' title='bbox 713 438 885 506; x_wconf 85' lang='lat' dir='ltr'><strong>ipsam</strong></span> <span class='ocrx_word' id='word_1_28' title='bbox 908 438 975 491; x_wconf 90' lang='lat' dir='ltr'><strong>ad</strong></span> <span class='ocrx_word' id='word_1_29' title='bbox 1003 452 1123 492; x_wconf 91' lang='lat' dir='ltr'><strong>eum</strong></span> <span class='ocrx_word' id='word_1_30' title='bbox 1154 452 1184 489; x_wconf 89' lang='lat' dir='ltr'><strong>a</strong></span> <span class='ocrx_word' id='word_1_31' title='bbox 1212 452 1319 507; x_wconf 91' lang='lat' dir='ltr'><strong>quo</strong></span> <span class='ocrx_word' id='word_1_32' title='bbox 1342 447 1664 506; x_wconf 90' lang='lat' dir='ltr'><strong>acceperant</strong></span> <span class='ocrx_word' id='word_1_33' title='bbox 1688 445 1832 491; x_wconf 82' lang='lat' dir='ltr'><strong>retu-</strong></span> 
     </span>
    </p>
   </div>
   <div class='ocr_carea' id='block_1_5' title="bbox 263 531 1832 603">
    <p class='ocr_par' dir='ltr' id='par_1_5' title="bbox 263 531 1832 603">
     <span class='ocr_line' id='line_1_5' title="bbox 263 531 1832 603; baseline -0.006 -11"><span class='ocrx_word' id='word_1_34' title='bbox 263 539 421 593; x_wconf 86' lang='lat' dir='ltr'><strong>lerunt</strong></span> <span class='ocrx_word' id='word_1_35' title='bbox 451 551 468 588; x_wconf 80' lang='lat'><strong>-.</strong></span> <span class='ocrx_word' id='word_1_36' title='bbox 500 534 623 603; x_wconf 86' lang='lat' dir='ltr'><strong>quia</strong></span> <span class='ocrx_word' id='word_1_37' title='bbox 655 547 758 587; x_wconf 91' lang='lat' dir='ltr'><strong>nec</strong></span> <span class='ocrx_word' id='word_1_38' title='bbox 806 540 1043 601; x_wconf 75' lang='lat' dir='ltr'><strong>potestas</strong></span> <span class='ocrx_word' id='word_1_39' title='bbox 1073 531 1191 600; x_wconf 89' lang='lat' dir='ltr'><strong>ipsa</strong></span> <span class='ocrx_word' id='word_1_40' title='bbox 1239 531 1346 584; x_wconf 91' lang='lat' dir='ltr'><strong>vim</strong></span> <span class='ocrx_word' id='word_1_41' title='bbox 1383 531 1544 585; x_wconf 80' lang='lat' dir='ltr'><strong>ullam</strong></span> <span class='ocrx_word' id='word_1_42' title='bbox 1578 544 1832 599; x_wconf 84' lang='lat' dir='ltr'><strong>umquam</strong></span> 
     </span>
    </p>
   </div>
   <div class='ocr_carea' id='block_1_6' title="bbox 268 620 1836 697">
    <p class='ocr_par' dir='ltr' id='par_1_6' title="bbox 268 620 1836 697">
     <span class='ocr_line' id='line_1_6' title="bbox 268 620 1836 697; baseline -0.005 -13"><span class='ocrx_word' id='word_1_43' title='bbox 268 631 449 685; x_wconf 87' lang='lat' dir='ltr'><strong>habere</strong></span> <span class='ocrx_word' id='word_1_44' title='bbox 477 626 674 697; x_wconf 87' lang='lat' dir='ltr'><strong>potuit,</strong></span> <span class='ocrx_word' id='word_1_45' title='bbox 706 625 811 679; x_wconf 87' lang='lat' dir='ltr'><strong>nisi</strong></span> <span class='ocrx_word' id='word_1_46' title='bbox 841 640 936 695; x_wconf 90' lang='lat' dir='ltr'><strong>per</strong></span> <span class='ocrx_word' id='word_1_47' title='bbox 965 639 1164 680; x_wconf 89' lang='lat' dir='ltr'><strong>nomen</strong></span> <span class='ocrx_word' id='word_1_48' title='bbox 1191 623 1356 693; x_wconf 87' lang='lat' dir='ltr'><strong>ipsius</strong></span> <span class='ocrx_word' id='word_1_49' title='bbox 1377 624 1467 693; x_wconf 90' lang='lat' dir='ltr'><strong>qui</strong></span> <span class='ocrx_word' id='word_1_50' title='bbox 1494 622 1661 678; x_wconf 81' lang='lat' dir='ltr'><strong>dedit.</strong></span> <span class='ocrx_word' id='word_1_51' title='bbox 1683 620 1836 677; x_wconf 85' lang='lat' dir='ltr'><strong>Ideo-</strong></span> 
     </span>
    </p>
   </div>
   <div class='ocr_carea' id='block_1_7' title="bbox 269 714 1837 792">
    <p class='ocr_par' dir='ltr' id='par_1_7' title="bbox 269 714 1837 792">
     <span class='ocr_line' id='line_1_7' title="bbox 269 714 1837 792; baseline -0.004 -17"><span class='ocrx_word' id='word_1_52' title='bbox 269 737 357 792; x_wconf 87' lang='lat' dir='ltr'><strong>que</strong></span> <span class='ocrx_word' id='word_1_53' title='bbox 382 730 431 775; x_wconf 89' lang='lat' dir='ltr'><strong>et</strong></span> <span class='ocrx_word' id='word_1_54' title='bbox 460 719 694 789; x_wconf 82' lang='lat' dir='ltr'><strong>apostoli</strong></span> <span class='ocrx_word' id='word_1_55' title='bbox 731 727 788 773; x_wconf 91' lang='lat' dir='ltr'><strong>et</strong></span> <span class='ocrx_word' id='word_1_56' title='bbox 824 731 1016 772; x_wconf 90' lang='lat' dir='ltr'><strong>omnes</strong></span> <span class='ocrx_word' id='word_1_57' title='bbox 1057 716 1289 770; x_wconf 85' lang='lat' dir='ltr'><strong>ministri</strong></span> <span class='ocrx_word' id='word_1_58' title='bbox 1328 716 1424 770; x_wconf 87' lang='lat' dir='ltr'><strong>Dei</strong></span> <span class='ocrx_word' id='word_1_59' title='bbox 1451 714 1583 770; x_wconf 87' lang='lat' dir='ltr'><strong>nihil</strong></span> <span class='ocrx_word' id='word_1_60' title='bbox 1634 716 1688 770; x_wconf 91' lang='lat' dir='ltr'><strong>in</strong></span> <span class='ocrx_word' id='word_1_61' title='bbox 1737 728 1837 770; x_wconf 90' lang='lat' dir='ltr'><strong>suo</strong></span> 
     </span>
    </p>
   </div>
   <div class='ocr_carea' id='block_1_8' title="bbox 268 809 1838 880">
    <p class='ocr_par' dir='ltr' id='par_1_8' title="bbox 268 809 1838 880">
     <span class='ocr_line' id='line_1_8' title="bbox 268 809 1838 880; baseline 0 -14"><span class='ocrx_word' id='word_1_62' title='bbox 268 825 520 879; x_wconf 87' lang='lat' dir='ltr'><strong>umquam,</strong></span> <span class='ocrx_word' id='word_1_63' title='bbox 570 809 669 864; x_wconf 89' lang='lat' dir='ltr'><strong>sed</strong></span> <span class='ocrx_word' id='word_1_64' title='bbox 720 811 778 864; x_wconf 88' lang='lat' dir='ltr'><strong>in</strong></span> <span class='ocrx_word' id='word_1_65' title='bbox 828 810 1031 865; x_wconf 82' lang='lat' dir='ltr'><strong>Christi</strong></span> <span class='ocrx_word' id='word_1_66' title='bbox 1063 810 1283 866; x_wconf 89' lang='lat' dir='ltr'><strong>nomine</strong></span> <span class='ocrx_word' id='word_1_67' title='bbox 1314 821 1473 880; x_wconf 90' lang='lat' dir='ltr'><strong>atque</strong></span> <span class='ocrx_word' id='word_1_68' title='bbox 1502 810 1838 866; x_wconf 79' lang='lat' dir='ltr'><strong>invocatione</strong></span> 
     </span>
    </p>
   </div>
   <div class='ocr_carea' id='block_1_9' title="bbox 266 900 1835 972">
    <p class='ocr_par' dir='ltr' id='par_1_9' title="bbox 266 900 1835 972">
     <span class='ocr_line' id='line_1_9' title="bbox 266 900 1835 972; baseline -0.003 -15"><span class='ocrx_word' id='word_1_69' title='bbox 266 902 520 966; x_wconf 85' lang='lat' dir='ltr'><strong>fecerunt;</strong></span> <span class='ocrx_word' id='word_1_70' title='bbox 547 900 673 970; x_wconf 86' lang='lat' dir='ltr'><strong>quia</strong></span> <span class='ocrx_word' id='word_1_71' title='bbox 697 909 933 970; x_wconf 80' lang='lat' dir='ltr'><strong>potestas</strong></span> <span class='ocrx_word' id='word_1_72' title='bbox 956 901 1070 972; x_wconf 90' lang='lat' dir='ltr'><strong>ipsa</strong></span> <span class='ocrx_word' id='word_1_73' title='bbox 1101 901 1228 957; x_wconf 89' lang='lat' dir='ltr'><strong>inde</strong></span> <span class='ocrx_word' id='word_1_74' title='bbox 1246 900 1540 969; x_wconf 90' lang='lat' dir='ltr'><strong>accipiebat</strong></span> <span class='ocrx_word' id='word_1_75' title='bbox 1560 900 1835 967; x_wconf 83' lang='lat' dir='ltr'><strong>virtutem,</strong></span> 
     </span>
    </p>
   </div>
   <div class='ocr_carea' id='block_1_10' title="bbox 260 994 1838 1065">
    <p class='ocr_par' dir='ltr' id='par_1_10' title="bbox 260 994 1838 1065">
     <span class='ocr_line' id='line_1_10' title="bbox 260 994 1838 1065; baseline 0 -14"><span class='ocrx_word' id='word_1_76' title='bbox 260 996 382 1051; x_wconf 85' lang='lat' dir='ltr'><strong>unde</strong></span> <span class='ocrx_word' id='word_1_77' title='bbox 412 994 652 1049; x_wconf 84' lang='lat' dir='ltr'><strong>habebat</strong></span> <span class='ocrx_word' id='word_1_78' title='bbox 683 995 997 1060; x_wconf 82' lang='lat' dir='ltr'><strong>exordium;</strong></span> <span class='ocrx_word' id='word_1_79' title='bbox 1031 1004 1086 1050; x_wconf 87' lang='lat' dir='ltr'><strong>et</strong></span> <span class='ocrx_word' id='word_1_80' title='bbox 1113 995 1228 1049; x_wconf 91' lang='lat' dir='ltr'><strong>dari</strong></span> <span class='ocrx_word' id='word_1_81' title='bbox 1278 1010 1373 1065; x_wconf 90' lang='lat' dir='ltr'><strong>per</strong></span> <span class='ocrx_word' id='word_1_82' title='bbox 1418 997 1699 1051; x_wconf 91' lang='lat' dir='ltr'><strong>ministros</strong></span> <span class='ocrx_word' id='word_1_83' title='bbox 1740 1011 1838 1051; x_wconf 81' lang='lat' dir='ltr'><strong>ne-</strong></span> 
     </span>
    </p>
   </div>
   <div class='ocr_carea' id='block_1_11' title="bbox 260 1088 1836 1162">
    <p class='ocr_par' dir='ltr' id='par_1_11' title="bbox 260 1088 1836 1162">
     <span class='ocr_line' id='line_1_11' title="bbox 260 1088 1836 1162; baseline 0.003 -20"><span class='ocrx_word' id='word_1_84' title='bbox 260 1102 513 1158; x_wconf 83' lang='lat' dir='ltr'><strong>quaquam</strong></span> <span class='ocrx_word' id='word_1_85' title='bbox 548 1094 784 1155; x_wconf 85' lang='lat' dir='ltr'><strong>poterat,</strong></span> <span class='ocrx_word' id='word_1_86' title='bbox 812 1088 913 1142; x_wconf 90' lang='lat' dir='ltr'><strong>nisi</strong></span> <span class='ocrx_word' id='word_1_87' title='bbox 946 1088 1015 1141; x_wconf 89' lang='lat' dir='ltr'><strong>ab</strong></span> <span class='ocrx_word' id='word_1_88' title='bbox 1044 1098 1264 1143; x_wconf 88' lang='lat' dir='ltr'><strong>auctore</strong></span> <span class='ocrx_word' id='word_1_89' title='bbox 1284 1090 1543 1145; x_wconf 87' lang='lat' dir='ltr'><strong>venisset.</strong></span> <span class='ocrx_word' id='word_1_90' title='bbox 1574 1092 1656 1145; x_wconf 87' lang='lat' dir='ltr'><strong>Tu</strong></span> <span class='ocrx_word' id='word_1_91' title='bbox 1687 1106 1836 1162; x_wconf 86' lang='lat' dir='ltr'><strong>ergo,</strong></span> 
     </span>
    </p>
   </div>
   <div class='ocr_carea' id='block_1_12' title="bbox 260 1178 1839 1250">
    <p class='ocr_par' dir='ltr' id='par_1_12' title="bbox 260 1178 1839 1250">
     <span class='ocr_line' id='line_1_12' title="bbox 260 1178 1839 1250; baseline 0.003 -17"><span class='ocrx_word' id='word_1_92' title='bbox 260 1180 344 1250; x_wconf 84' lang='lat' dir='ltr'><strong>qui</strong></span> <span class='ocrx_word' id='word_1_93' title='bbox 367 1180 509 1234; x_wconf 90' lang='lat' dir='ltr'><strong>idem</strong></span> <span class='ocrx_word' id='word_1_94' title='bbox 537 1178 825 1233; x_wconf 91' lang='lat' dir='ltr'><strong>Dominum</strong></span> <span class='ocrx_word' id='word_1_95' title='bbox 859 1178 1025 1234; x_wconf 89' lang='lat' dir='ltr'><strong>fuisse</strong></span> <span class='ocrx_word' id='word_1_96' title='bbox 1046 1179 1181 1235; x_wconf 90' lang='lat' dir='ltr'><strong>dicis</strong></span> <span class='ocrx_word' id='word_1_97' title='bbox 1207 1180 1351 1249; x_wconf 91' lang='lat' dir='ltr'><strong>quod</strong></span> <span class='ocrx_word' id='word_1_98' title='bbox 1380 1198 1543 1236; x_wconf 91' lang='lat' dir='ltr'><strong>unum</strong></span> <span class='ocrx_word' id='word_1_99' title='bbox 1573 1198 1640 1237; x_wconf 82' lang='lat' dir='ltr'><strong>ex</strong></span> <span class='ocrx_word' id='word_1_100' title='bbox 1670 1184 1839 1238; x_wconf 87' lang='lat' dir='ltr'><strong>servis</strong></span> 
     </span>
    </p>
   </div>
   <div class='ocr_carea' id='block_1_13' title="bbox 265 1272 1840 1345">
    <p class='ocr_par' dir='ltr' id='par_1_13' title="bbox 265 1272 1840 1345">
     <span class='ocr_line' id='line_1_13' title="bbox 265 1272 1840 1345; baseline 0.004 -19"><span class='ocrx_word' id='word_1_101' title='bbox 265 1274 395 1336; x_wconf 83' lang='lat' dir='ltr'><strong>suis;</strong></span> <span class='ocrx_word' id='word_1_102' title='bbox 431 1272 557 1343; x_wconf 89' lang='lat' dir='ltr'><strong>quia</strong></span> <span class='ocrx_word' id='word_1_103' title='bbox 587 1272 727 1327; x_wconf 83' lang='lat' dir='ltr'><strong>sicut</strong></span> <span class='ocrx_word' id='word_1_104' title='bbox 753 1273 986 1340; x_wconf 85' lang='lat' dir='ltr'><strong>apostoli</strong></span> <span class='ocrx_word' id='word_1_105' title='bbox 1013 1274 1147 1328; x_wconf 83' lang='lat' dir='ltr'><strong>nihil</strong></span> <span class='ocrx_word' id='word_1_106' title='bbox 1176 1274 1359 1345; x_wconf 87' lang='lat' dir='ltr'><strong>utique</strong></span> <span class='ocrx_word' id='word_1_107' title='bbox 1386 1274 1705 1342; x_wconf 87' lang='lat' dir='ltr'><strong>habuerant,</strong></span> <span class='ocrx_word' id='word_1_108' title='bbox 1737 1278 1840 1332; x_wconf 88' lang='lat' dir='ltr'><strong>nisi</strong></span> 
     </span>
    </p>
   </div>
   <div class='ocr_carea' id='block_1_14' title="bbox 260 1363 1840 1434">
    <p class='ocr_par' dir='ltr' id='par_1_14' title="bbox 260 1363 1840 1434">
     <span class='ocr_line' id='line_1_14' title="bbox 260 1363 1840 1434; baseline 0.003 -15"><span class='ocrx_word' id='word_1_109' title='bbox 260 1380 288 1419; x_wconf 86' lang='lat' dir='ltr'><strong>a</strong></span> <span class='ocrx_word' id='word_1_110' title='bbox 311 1363 534 1418; x_wconf 88' lang='lat' dir='ltr'><strong>Domino</strong></span> <span class='ocrx_word' id='word_1_111' title='bbox 558 1379 659 1417; x_wconf 91' lang='lat' dir='ltr'><strong>suo</strong></span> <span class='ocrx_word' id='word_1_112' title='bbox 686 1365 1046 1434; x_wconf 87' lang='lat' dir='ltr'><strong>accepissent,</strong></span> <span class='ocrx_word' id='word_1_113' title='bbox 1073 1365 1145 1418; x_wconf 90' lang='lat' dir='ltr'><strong>ita</strong></span> <span class='ocrx_word' id='word_1_114' title='bbox 1176 1376 1230 1420; x_wconf 91' lang='lat' dir='ltr'><strong>tu</strong></span> <span class='ocrx_word' id='word_1_115' title='bbox 1264 1365 1395 1420; x_wconf 90' lang='lat' dir='ltr'><strong>nihil</strong></span> <span class='ocrx_word' id='word_1_116' title='bbox 1424 1369 1507 1423; x_wconf 91' lang='lat' dir='ltr'><strong>vis</strong></span> <span class='ocrx_word' id='word_1_117' title='bbox 1550 1368 1840 1423; x_wconf 90' lang='lat' dir='ltr'><strong>Dominum</strong></span> 
     </span>
    </p>
   </div>
   <div class='ocr_carea' id='block_1_15' title="bbox 259 1454 1842 1530">
    <p class='ocr_par' dir='ltr' id='par_1_15' title="bbox 259 1454 1842 1530">
     <span class='ocr_line' id='line_1_15' title="bbox 259 1454 1842 1530; baseline 0.005 -22"><span class='ocrx_word' id='word_1_118' title='bbox 259 1454 410 1525; x_wconf 87' lang='lat' dir='ltr'><strong>ipsum</strong></span> <span class='ocrx_word' id='word_1_119' title='bbox 430 1455 827 1523; x_wconf 88' lang='lat' dir='ltr'><strong>habuisse,nisi</strong></span> <span class='ocrx_word' id='word_1_120' title='bbox 843 1456 984 1526; x_wconf 89' lang='lat' dir='ltr'><strong>quod</strong></span> <span class='ocrx_word' id='word_1_121' title='bbox 998 1472 1028 1510; x_wconf 88' lang='lat' dir='ltr'><strong>a</strong></span> <span class='ocrx_word' id='word_1_122' title='bbox 1041 1458 1241 1527; x_wconf 88' lang='lat' dir='ltr'><strong>Spiritu</strong></span> <span class='ocrx_word' id='word_1_123' title='bbox 1258 1460 1616 1530; x_wconf 85' lang='lat' dir='ltr'><strong>acceperit,ac</strong></span> <span class='ocrx_word' id='word_1_124' title='bbox 1630 1476 1727 1529; x_wconf 88' lang='lat' dir='ltr'><strong>per</strong></span> <span class='ocrx_word' id='word_1_125' title='bbox 1741 1462 1842 1517; x_wconf 91' lang='lat' dir='ltr'><strong>hoc</strong></span> 
     </span>
    </p>
   </div>
   <div class='ocr_carea' id='block_1_16' title="bbox 256 1548 1837 1622">
    <p class='ocr_par' dir='ltr' id='par_1_16' title="bbox 256 1548 1837 1622">
     <span class='ocr_line' id='line_1_16' title="bbox 256 1548 1837 1622; baseline 0.003 -19"><span class='ocrx_word' id='word_1_126' title='bbox 256 1555 301 1603; x_wconf 85' lang='lat' dir='ltr'><strong>et</strong></span> <span class='ocrx_word' id='word_1_127' title='bbox 318 1548 495 1619; x_wconf 89' lang='lat' dir='ltr'><strong>ipsum</strong></span> <span class='ocrx_word' id='word_1_128' title='bbox 524 1548 672 1619; x_wconf 89' lang='lat' dir='ltr'><strong>quod</strong></span> <span class='ocrx_word' id='word_1_129' title='bbox 699 1548 904 1613; x_wconf 88' lang='lat' dir='ltr'><strong>habuit,</strong></span> <span class='ocrx_word' id='word_1_130' title='bbox 923 1565 1030 1605; x_wconf 93' lang='lat' dir='ltr'><strong>non</strong></span> <span class='ocrx_word' id='word_1_131' title='bbox 1054 1561 1111 1604; x_wconf 91' lang='lat' dir='ltr'><strong>ut</strong></span> <span class='ocrx_word' id='word_1_132' title='bbox 1138 1551 1421 1606; x_wconf 92' lang='lat' dir='ltr'><strong>Dominum</strong></span> <span class='ocrx_word' id='word_1_133' title='bbox 1454 1554 1535 1607; x_wconf 91' lang='lat' dir='ltr'><strong>vis</strong></span> <span class='ocrx_word' id='word_1_134' title='bbox 1564 1554 1837 1622; x_wconf 88' lang='lat' dir='ltr'><strong>habuisse,</strong></span> 
     </span>
    </p>
   </div>
   <div class='ocr_carea' id='block_1_17' title="bbox 256 1640 1842 1718">
    <p class='ocr_par' dir='ltr' id='par_1_17' title="bbox 256 1640 1842 1718">
     <span class='ocr_line' id='line_1_17' title="bbox 256 1640 1842 1718; baseline 0.006 -23"><span class='ocrx_word' id='word_1_135' title='bbox 256 1640 337 1696; x_wconf 88' lang='lat' dir='ltr'><strong>sed</strong></span> <span class='ocrx_word' id='word_1_136' title='bbox 363 1652 419 1696; x_wconf 92' lang='lat' dir='ltr'><strong>ut</strong></span> <span class='ocrx_word' id='word_1_137' title='bbox 445 1656 673 1697; x_wconf 90' lang='lat' dir='ltr'><strong>servum</strong></span> <span class='ocrx_word' id='word_1_138' title='bbox 700 1644 1008 1714; x_wconf 87' lang='lat' dir='ltr'><strong>accepisse:</strong></span> <span class='ocrx_word' id='word_1_139' title='bbox 1042 1644 1129 1699; x_wconf 91' lang='lat' dir='ltr'><strong>dic</strong></span> <span class='ocrx_word' id='word_1_140' title='bbox 1146 1646 1275 1700; x_wconf 91' lang='lat' dir='ltr'><strong>mihi</strong></span> <span class='ocrx_word' id='word_1_141' title='bbox 1303 1662 1432 1717; x_wconf 86' lang='lat' dir='ltr'><strong>ergo</strong></span> <span class='ocrx_word' id='word_1_142' title='bbox 1457 1650 1729 1718; x_wconf 91' lang='lat' dir='ltr'><strong>quomodo</strong></span> <span class='ocrx_word' id='word_1_143' title='bbox 1752 1650 1842 1706; x_wconf 91' lang='lat' dir='ltr'><strong>ille</strong></span> 
     </span>
    </p>
   </div>
   <div class='ocr_carea' id='block_1_18' title="bbox 1936 439 3519 517">
    <p class='ocr_par' dir='ltr' id='par_1_18' title="bbox 1936 439 3519 517">
     <span class='ocr_line' id='line_1_18' title="bbox 1936 439 3519 517; baseline 0.005 -24"><span class='ocrx_word' id='word_1_144' title='bbox 1936 441 2161 505; x_wconf 77' lang='lat' dir='ltr'><strong>nomine,</strong></span> <span class='ocrx_word' id='word_1_145' title='bbox 2210 439 2405 509; x_wconf 90' lang='lat' dir='ltr'><strong>inquit,</strong></span> <span class='ocrx_word' id='word_1_146' title='bbox 2447 456 2556 492; x_wconf 88' lang='lat' dir='ltr'><strong>meo</strong></span> <span class='ocrx_word' id='word_1_147' title='bbox 2604 441 2861 494; x_wconf 75' lang='lat' dir='ltr'><strong>dwmonia</strong></span> <span class='ocrx_word' id='word_1_148' title='bbox 2909 442 3122 512; x_wconf 86' lang='lat' dir='ltr'><strong>ejicietis</strong></span> <span class='ocrx_word' id='word_1_149' title='bbox 3156 441 3347 512; x_wconf 81' lang='lat' dir='ltr'><strong>(Marc.</strong></span> <span class='ocrx_word' id='word_1_150' title='bbox 3378 446 3519 517; x_wconf 78' lang='lat' dir='ltr'><strong>xvi).</strong></span> 
     </span>
    </p>
   </div>
   <div class='ocr_carea' id='block_1_19' title="bbox 1937 530 3523 602">
    <p class='ocr_par' dir='ltr' id='par_1_19' title="bbox 1937 530 3523 602">
     <span class='ocr_line' id='line_1_19' title="bbox 1937 530 3523 602; baseline 0.003 -15"><span class='ocrx_word' id='word_1_151' title='bbox 1937 530 2207 602; x_wconf 87' lang='lat' dir='ltr'><strong>Numquid</strong></span> <span class='ocrx_word' id='word_1_152' title='bbox 2228 530 2291 585; x_wconf 91' lang='lat' dir='ltr'><strong>ad</strong></span> <span class='ocrx_word' id='word_1_153' title='bbox 2318 540 2634 600; x_wconf 89' lang='lat' dir='ltr'><strong>potestatem</strong></span> <span class='ocrx_word' id='word_1_154' title='bbox 2666 533 3020 588; x_wconf 82' lang='lat' dir='ltr'><strong>exercendam</strong></span> <span class='ocrx_word' id='word_1_155' title='bbox 3050 534 3271 590; x_wconf 84' lang='lat' dir='ltr'><strong>alterius</strong></span> <span class='ocrx_word' id='word_1_156' title='bbox 3300 538 3523 593; x_wconf 85' lang='lat' dir='ltr'><strong>nomine</strong></span> 
     </span>
    </p>
   </div>
   <div class='ocr_carea' id='block_1_20' title="bbox 1941 624 3523 695">
    <p class='ocr_par' dir='ltr' id='par_1_20' title="bbox 1941 624 3523 695">
     <span class='ocr_line' id='line_1_20' title="bbox 1941 624 3523 695; baseline 0.001 -14"><span class='ocrx_word' id='word_1_157' title='bbox 1941 624 2105 694; x_wconf 82' lang='lat' dir='ltr'><strong>eguit,</strong></span> <span class='ocrx_word' id='word_1_158' title='bbox 2135 624 2225 694; x_wconf 89' lang='lat' dir='ltr'><strong>qui</strong></span> <span class='ocrx_word' id='word_1_159' title='bbox 2259 626 2433 694; x_wconf 91' lang='lat' dir='ltr'><strong>ipsum</strong></span> <span class='ocrx_word' id='word_1_160' title='bbox 2465 640 2663 680; x_wconf 91' lang='lat' dir='ltr'><strong>nomen</strong></span> <span class='ocrx_word' id='word_1_161' title='bbox 2695 641 2850 680; x_wconf 91' lang='lat' dir='ltr'><strong>suum</strong></span> <span class='ocrx_word' id='word_1_162' title='bbox 2870 634 3189 695; x_wconf 88' lang='lat' dir='ltr'><strong>potestatem</strong></span> <span class='ocrx_word' id='word_1_163' title='bbox 3213 642 3333 682; x_wconf 89' lang='lat' dir='ltr'><strong>esse</strong></span> <span class='ocrx_word' id='word_1_164' title='bbox 3360 627 3523 683; x_wconf 86' lang='lat' dir='ltr'><strong>fecit?</strong></span> 
     </span>
    </p>
   </div>
   <div class='ocr_carea' id='block_1_21' title="bbox 1938 714 3524 790">
    <p class='ocr_par' dir='ltr' id='par_1_21' title="bbox 1938 714 3524 790">
     <span class='ocr_line' id='line_1_21' title="bbox 1938 714 3524 790; baseline 0 -17"><span class='ocrx_word' id='word_1_165' title='bbox 1938 716 2045 773; x_wconf 85' lang='lat' dir='ltr'><strong>Sed</strong></span> <span class='ocrx_word' id='word_1_166' title='bbox 2073 716 2201 787; x_wconf 91' lang='lat' dir='ltr'><strong>quid</strong></span> <span class='ocrx_word' id='word_1_167' title='bbox 2230 715 2408 770; x_wconf 87' lang='lat' dir='ltr'><strong>adhuc</strong></span> <span class='ocrx_word' id='word_1_168' title='bbox 2438 714 2652 771; x_wconf 83' lang='lat' dir='ltr'><strong>additur</strong></span> <span class='ocrx_word' id='word_1_169' title='bbox 2678 736 2690 770; x_wconf 93' lang='lat'>:</span> <span class='ocrx_word' id='word_1_170' title='bbox 2717 717 2871 785; x_wconf 83' lang='lat' dir='ltr'><strong>Ecce,</strong></span> <span class='ocrx_word' id='word_1_171' title='bbox 2900 717 3091 787; x_wconf 88' lang='lat' dir='ltr'><strong>inquit,</strong></span> <span class='ocrx_word' id='word_1_172' title='bbox 3122 718 3243 771; x_wconf 89' lang='lat' dir='ltr'><strong>dedi</strong></span> <span class='ocrx_word' id='word_1_173' title='bbox 3270 718 3407 773; x_wconf 80' lang='lat' dir='ltr'><strong>vobis</strong></span> <span class='ocrx_word' id='word_1_174' title='bbox 3431 736 3524 790; x_wconf 78' lang='lat' dir='ltr'><strong>po-</strong></span> 
     </span>
    </p>
   </div>
   <div class='ocr_carea' id='block_1_22' title="bbox 1943 808 3528 882">
    <p class='ocr_par' dir='ltr' id='par_1_22' title="bbox 1943 808 3528 882">
     <span class='ocr_line' id='line_1_22' title="bbox 1943 808 3528 882; baseline 0.001 -18"><span class='ocrx_word' id='word_1_175' title='bbox 1943 817 2172 864; x_wconf 89' lang='lat' dir='ltr'><strong>testatem</strong></span> <span class='ocrx_word' id='word_1_176' title='bbox 2194 808 2433 862; x_wconf 86' lang='lat' dir='ltr'><strong>calcandi</strong></span> <span class='ocrx_word' id='word_1_177' title='bbox 2452 826 2606 878; x_wconf 80' lang='lat' dir='ltr'><strong>super</strong></span> <span class='ocrx_word' id='word_1_178' title='bbox 2630 818 2891 879; x_wconf 76' lang='lat' dir='ltr'><strong>serpentes</strong></span> <span class='ocrx_word' id='word_1_179' title='bbox 2917 820 2964 865; x_wconf 90' lang='lat' dir='ltr'><strong>et</strong></span> <span class='ocrx_word' id='word_1_180' title='bbox 2988 811 3283 875; x_wconf 80' lang='lat' dir='ltr'><strong>scorpiones</strong></span> <span class='ocrx_word' id='word_1_181' title='bbox 3304 821 3352 864; x_wconf 86' lang='lat' dir='ltr'><strong>et</strong></span> <span class='ocrx_word' id='word_1_182' title='bbox 3372 828 3528 882; x_wconf 83' lang='lat' dir='ltr'><strong>super</strong></span> 
     </span>
    </p>
   </div>
   <div class='ocr_carea' id='block_1_23' title="bbox 1942 902 3524 976">
    <p class='ocr_par' dir='ltr' id='par_1_23' title="bbox 1942 902 3524 976">
     <span class='ocr_line' id='line_1_23' title="bbox 1942 902 3524 976; baseline 0.002 -17"><span class='ocrx_word' id='word_1_183' title='bbox 1942 920 2141 959; x_wconf 89' lang='lat' dir='ltr'><strong>omnem</strong></span> <span class='ocrx_word' id='word_1_184' title='bbox 2164 905 2398 957; x_wconf 84' lang='lat' dir='ltr'><strong>uirtutem</strong></span> <span class='ocrx_word' id='word_1_185' title='bbox 2440 904 2638 957; x_wconf 87' lang='lat' dir='ltr'><strong>inimici</strong></span> <span class='ocrx_word' id='word_1_186' title='bbox 2680 903 2858 976; x_wconf 73' lang='lat' dir='ltr'><strong>(Lacte</strong></span> <span class='ocrx_word' id='word_1_187' title='bbox 2898 902 2973 976; x_wconf 74' lang='grc' dir='ltr'><strong>χ).</strong></span> <span class='ocrx_word' id='word_1_188' title='bbox 3004 904 3123 975; x_wconf 90' lang='lat' dir='ltr'><strong>Ipse</strong></span> <span class='ocrx_word' id='word_1_189' title='bbox 3149 914 3297 960; x_wconf 91' lang='lat' dir='ltr'><strong>certe</strong></span> <span class='ocrx_word' id='word_1_190' title='bbox 3318 908 3524 974; x_wconf 90' lang='lat' dir='ltr'><strong>mitem,</strong></span> 
     </span>
    </p>
   </div>
   <div class='ocr_carea' id='block_1_24' title="bbox 1942 995 3520 1071">
    <p class='ocr_par' dir='ltr' id='par_1_24' title="bbox 1942 995 3520 1071">
     <span class='ocr_line' id='line_1_24' title="bbox 1942 995 3520 1071; baseline 0.003 -20"><span class='ocrx_word' id='word_1_191' title='bbox 1942 1004 2000 1051; x_wconf 91' lang='lat' dir='ltr'><strong>ut</strong></span> <span class='ocrx_word' id='word_1_192' title='bbox 2023 1012 2150 1053; x_wconf 90' lang='lat' dir='ltr'><strong>vere</strong></span> <span class='ocrx_word' id='word_1_193' title='bbox 2177 1004 2313 1062; x_wconf 90' lang='lat' dir='ltr'><strong>erat,</strong></span> <span class='ocrx_word' id='word_1_194' title='bbox 2338 1004 2393 1051; x_wconf 89' lang='lat' dir='ltr'><strong>et</strong></span> <span class='ocrx_word' id='word_1_195' title='bbox 2416 995 2675 1051; x_wconf 90' lang='lat' dir='ltr'><strong>humilem</strong></span> <span class='ocrx_word' id='word_1_196' title='bbox 2714 997 2879 1053; x_wconf 90' lang='lat' dir='ltr'><strong>corde</strong></span> <span class='ocrx_word' id='word_1_197' title='bbox 2919 1012 2979 1053; x_wconf 92' lang='lat' dir='ltr'><strong>se</strong></span> <span class='ocrx_word' id='word_1_198' title='bbox 3007 1013 3128 1055; x_wconf 91' lang='lat' dir='ltr'><strong>esse</strong></span> <span class='ocrx_word' id='word_1_199' title='bbox 3148 1000 3277 1054; x_wconf 90' lang='lat' dir='ltr'><strong>dicit</strong></span> <span class='ocrx_word' id='word_1_200' title='bbox 3308 1000 3520 1071; x_wconf 79' lang='lat' dir='ltr'><strong>(Matth.</strong></span> 
     </span>
    </p>
   </div>
   <div class='ocr_carea' id='block_1_25' title="bbox 1940 1087 3529 1160">
    <p class='ocr_par' dir='ltr' id='par_1_25' title="bbox 1940 1087 3529 1160">
     <span class='ocr_line' id='line_1_25' title="bbox 1940 1087 3529 1160; baseline 0.002 -17"><span class='ocrx_word' id='word_1_201' title='bbox 1940 1087 2038 1158; x_wconf 72' lang='grc' dir='ltr'><strong>χι).</strong></span> <span class='ocrx_word' id='word_1_202' title='bbox 2092 1088 2157 1142; x_wconf 85' lang='lat' dir='ltr'><strong>Et</strong></span> <span class='ocrx_word' id='word_1_203' title='bbox 2212 1087 2505 1157; x_wconf 90' lang='lat' dir='ltr'><strong>quomodo,</strong></span> <span class='ocrx_word' id='word_1_204' title='bbox 2538 1103 2637 1157; x_wconf 89' lang='lat' dir='ltr'><strong>pro</strong></span> <span class='ocrx_word' id='word_1_205' title='bbox 2664 1104 2873 1142; x_wconf 90' lang='lat' dir='ltr'><strong>summa</strong></span> <span class='ocrx_word' id='word_1_206' title='bbox 2905 1090 3092 1160; x_wconf 87' lang='lat' dir='ltr'><strong>utique</strong></span> <span class='ocrx_word' id='word_1_207' title='bbox 3134 1100 3422 1159; x_wconf 85' lang='lat' dir='ltr'><strong>potestate,</strong></span> <span class='ocrx_word' id='word_1_208' title='bbox 3473 1092 3529 1146; x_wconf 89' lang='lat' dir='ltr'><strong>in</strong></span> 
     </span>
    </p>
   </div>
   <div class='ocr_carea' id='block_1_26' title="bbox 1941 1179 3531 1252">
    <p class='ocr_par' dir='ltr' id='par_1_26' title="bbox 1941 1179 3531 1252">
     <span class='ocr_line' id='line_1_26' title="bbox 1941 1179 3531 1252; baseline 0.003 -18"><span class='ocrx_word' id='word_1_209' title='bbox 1941 1180 2160 1235; x_wconf 91' lang='lat' dir='ltr'><strong>nomine</strong></span> <span class='ocrx_word' id='word_1_210' title='bbox 2187 1194 2288 1235; x_wconf 89' lang='lat' dir='ltr'><strong>suo</strong></span> <span class='ocrx_word' id='word_1_211' title='bbox 2310 1179 2523 1249; x_wconf 83' lang='lat' dir='ltr'><strong>eperari</strong></span> <span class='ocrx_word' id='word_1_212' title='bbox 2553 1180 2689 1234; x_wconf 89' lang='lat' dir='ltr'><strong>alios</strong></span> <span class='ocrx_word' id='word_1_213' title='bbox 2719 1180 2984 1250; x_wconf 59' lang='lat' dir='ltr'><strong>praecipit,</strong></span> <span class='ocrx_word' id='word_1_214' title='bbox 3015 1183 3059 1236; x_wconf 90' lang='lat' dir='ltr'><strong>si</strong></span> <span class='ocrx_word' id='word_1_215' title='bbox 3088 1183 3203 1252; x_wconf 88' lang='lat' dir='ltr'><strong>ipse</strong></span> <span class='ocrx_word' id='word_1_216' title='bbox 3231 1184 3283 1238; x_wconf 89' lang='lat' dir='ltr'><strong>in</strong></span> <span class='ocrx_word' id='word_1_217' title='bbox 3314 1183 3531 1238; x_wconf 84' lang='lat' dir='ltr'><strong>nomine</strong></span> 
     </span>
    </p>
   </div>
   <div class='ocr_carea' id='block_1_27' title="bbox 1942 1272 3533 1346">
    <p class='ocr_par' dir='ltr' id='par_1_27' title="bbox 1942 1272 3533 1346">
     <span class='ocr_line' id='line_1_27' title="bbox 1942 1272 3533 1346; baseline 0.002 -19"><span class='ocrx_word' id='word_1_218' title='bbox 1942 1274 2266 1343; x_wconf 84' lang='lat' dir='ltr'><strong>operabatur</strong></span> <span class='ocrx_word' id='word_1_219' title='bbox 2291 1273 2505 1327; x_wconf 86' lang='lat' dir='ltr'><strong>alieno?</strong></span> <span class='ocrx_word' id='word_1_220' title='bbox 2536 1280 2628 1326; x_wconf 91' lang='lat' dir='ltr'><strong>aut</strong></span> <span class='ocrx_word' id='word_1_221' title='bbox 2650 1272 2770 1326; x_wconf 92' lang='lat' dir='ltr'><strong>aliis</strong></span> <span class='ocrx_word' id='word_1_222' title='bbox 2799 1272 2958 1327; x_wconf 90' lang='lat' dir='ltr'><strong>dabat</strong></span> <span class='ocrx_word' id='word_1_223' title='bbox 2985 1275 3137 1343; x_wconf 91' lang='lat' dir='ltr'><strong>quasi</strong></span> <span class='ocrx_word' id='word_1_224' title='bbox 3181 1292 3361 1344; x_wconf 90' lang='lat' dir='ltr'><strong>suum,</strong></span> <span class='ocrx_word' id='word_1_225' title='bbox 3388 1275 3533 1346; x_wconf 80' lang='lat' dir='ltr'><strong>quod</strong></span> 
     </span>
    </p>
   </div>
   <div class='ocr_carea' id='block_1_28' title="bbox 1942 1363 3533 1436">
    <p class='ocr_par' dir='ltr' id='par_1_28' title="bbox 1942 1363 3533 1436">
     <span class='ocr_line' id='line_1_28' title="bbox 1942 1363 3533 1436; baseline 0.001 -15"><span class='ocrx_word' id='word_1_226' title='bbox 1942 1366 2080 1436; x_wconf 89' lang='lat' dir='ltr'><strong>ipse,</strong></span> <span class='ocrx_word' id='word_1_227' title='bbox 2114 1376 2172 1421; x_wconf 92' lang='lat' dir='ltr'><strong>ut</strong></span> <span class='ocrx_word' id='word_1_228' title='bbox 2203 1373 2255 1421; x_wconf 93' lang='lat' dir='ltr'><strong>tu</strong></span> <span class='ocrx_word' id='word_1_229' title='bbox 2310 1366 2412 1430; x_wconf 90' lang='lat' dir='ltr'><strong>ais,</strong></span> <span class='ocrx_word' id='word_1_230' title='bbox 2443 1379 2550 1419; x_wconf 92' lang='lat' dir='ltr'><strong>non</strong></span> <span class='ocrx_word' id='word_1_231' title='bbox 2581 1363 2863 1430; x_wconf 88' lang='lat' dir='ltr'><strong>habuerat,</strong></span> <span class='ocrx_word' id='word_1_232' title='bbox 2896 1364 3001 1419; x_wconf 79' lang='lat' dir='ltr'><strong>nisi</strong></span> <span class='ocrx_word' id='word_1_233' title='bbox 3049 1367 3351 1436; x_wconf 86' lang='lat' dir='ltr'><strong>accepisset</strong></span> <span class='ocrx_word' id='word_1_234' title='bbox 3395 1368 3533 1423; x_wconf 90' lang='lat' dir='ltr'><strong>alie-</strong></span> 
     </span>
    </p>
   </div>
   <div class='ocr_carea' id='block_1_29' title="bbox 1942 1460 3532 1535">
    <p class='ocr_par' dir='ltr' id='par_1_29' title="bbox 1942 1460 3532 1535">
     <span class='ocr_line' id='line_1_29' title="bbox 1942 1460 3532 1535; baseline 0.005 -22"><span class='ocrx_word' id='word_1_235' title='bbox 1942 1460 2106 1514; x_wconf 87' lang='lat' dir='ltr'><strong>num?</strong></span> <span class='ocrx_word' id='word_1_236' title='bbox 2134 1460 2232 1515; x_wconf 91' lang='lat' dir='ltr'><strong>Dic</strong></span> <span class='ocrx_word' id='word_1_237' title='bbox 2264 1461 2394 1515; x_wconf 93' lang='lat' dir='ltr'><strong>mihi</strong></span> <span class='ocrx_word' id='word_1_238' title='bbox 2436 1471 2637 1529; x_wconf 91' lang='lat' dir='ltr'><strong>autem,</strong></span> <span class='ocrx_word' id='word_1_239' title='bbox 2671 1464 2761 1533; x_wconf 93' lang='lat' dir='ltr'><strong>qui</strong></span> <span class='ocrx_word' id='word_1_240' title='bbox 2791 1474 3103 1519; x_wconf 88' lang='lat' dir='ltr'><strong>sanctorum</strong></span> <span class='ocrx_word' id='word_1_241' title='bbox 3135 1474 3457 1535; x_wconf 89' lang='lat' dir='ltr'><strong>potestatem</strong></span> <span class='ocrx_word' id='word_1_242' title='bbox 3501 1481 3532 1521; x_wconf 84' lang='lat' dir='ltr'><strong>a</strong></span> 
     </span>
    </p>
   </div>
   <div class='ocr_carea' id='block_1_30' title="bbox 1942 1552 3531 1624">
    <p class='ocr_par' dir='ltr' id='par_1_30' title="bbox 1942 1552 3531 1624">
     <span class='ocr_line' id='line_1_30' title="bbox 1942 1552 3531 1624; baseline 0.001 -15"><span class='ocrx_word' id='word_1_243' title='bbox 1942 1552 2054 1609; x_wconf 84' lang='lat' dir='ltr'><strong>Deo</strong></span> <span class='ocrx_word' id='word_1_244' title='bbox 2088 1553 2413 1622; x_wconf 87' lang='lat' dir='ltr'><strong>accipientes</strong></span> <span class='ocrx_word' id='word_1_245' title='bbox 2440 1554 2517 1609; x_wconf 90' lang='lat' dir='ltr'><strong>sic</strong></span> <span class='ocrx_word' id='word_1_246' title='bbox 2568 1556 2774 1624; x_wconf 91' lang='lat' dir='ltr'><strong>operati</strong></span> <span class='ocrx_word' id='word_1_247' title='bbox 2826 1556 2983 1610; x_wconf 91' lang='lat' dir='ltr'><strong>sunt?</strong></span> <span class='ocrx_word' id='word_1_248' title='bbox 3011 1566 3104 1610; x_wconf 91' lang='lat' dir='ltr'><strong>aut</strong></span> <span class='ocrx_word' id='word_1_249' title='bbox 3131 1556 3389 1623; x_wconf 91' lang='lat' dir='ltr'><strong>numquid</strong></span> <span class='ocrx_word' id='word_1_250' title='bbox 3424 1572 3531 1611; x_wconf 90' lang='lat' dir='ltr'><strong>non</strong></span> 
     </span>
    </p>
   </div>
   <div class='ocr_carea' id='block_1_31' title="bbox 1942 1646 3529 1715">
    <p class='ocr_par' dir='ltr' id='par_1_31' title="bbox 1942 1646 3529 1715">
     <span class='ocr_line' id='line_1_31' title="bbox 1942 1646 3529 1715; baseline 0.001 -14"><span class='ocrx_word' id='word_1_251' title='bbox 1942 1647 2165 1702; x_wconf 90' lang='lat' dir='ltr'><strong>insanus</strong></span> <span class='ocrx_word' id='word_1_252' title='bbox 2188 1646 2379 1702; x_wconf 89' lang='lat' dir='ltr'><strong>Petrus</strong></span> <span class='ocrx_word' id='word_1_253' title='bbox 2400 1648 2636 1706; x_wconf 87' lang='lat' dir='ltr'><strong>creditus</strong></span> <span class='ocrx_word' id='word_1_254' title='bbox 2663 1648 2854 1715; x_wconf 84' lang='lat' dir='ltr'><strong>fuerat,</strong></span> <span class='ocrx_word' id='word_1_255' title='bbox 2890 1658 2984 1704; x_wconf 90' lang='lat' dir='ltr'><strong>aut</strong></span> <span class='ocrx_word' id='word_1_256' title='bbox 3011 1649 3247 1704; x_wconf 79' lang='lat' dir='ltr'><strong>furiosus</strong></span> <span class='ocrx_word' id='word_1_257' title='bbox 3268 1648 3529 1715; x_wconf 86' lang='lat' dir='ltr'><strong>Joannes,</strong></span> 
     </span>
    </p>
   </div>
   <div class='ocr_carea' id='block_1_32' title="bbox 256 1728 3527 1812">
    <p class='ocr_par' dir='ltr' id='par_1_32' title="bbox 256 1728 3527 1812">
     <span class='ocr_line' id='line_1_32' title="bbox 256 1728 3527 1812; baseline 0.002 -24"><span class='ocrx_word' id='word_1_258' title='bbox 256 1745 523 1805; x_wconf 80' lang='lat' dir='ltr'><strong>potestate</strong></span> <span class='ocrx_word' id='word_1_259' title='bbox 568 1736 710 1806; x_wconf 86' lang='lat' dir='ltr'><strong>ipsa,</strong></span> <span class='ocrx_word' id='word_1_260' title='bbox 745 1745 803 1791; x_wconf 87' lang='lat' dir='ltr'><strong>ut</strong></span> <span class='ocrx_word' id='word_1_261' title='bbox 858 1752 976 1802; x_wconf 86' lang='lat' dir='ltr'><strong>sua,</strong></span> <span class='ocrx_word' id='word_1_262' title='bbox 1030 1753 1135 1791; x_wconf 94' lang='lat' dir='ltr'><strong>non</strong></span> <span class='ocrx_word' id='word_1_263' title='bbox 1182 1746 1244 1793; x_wconf 91' lang='lat' dir='ltr'><strong>ut</strong></span> <span class='ocrx_word' id='word_1_264' title='bbox 1271 1749 1510 1810; x_wconf 84' lang='lat' dir='ltr'><strong>accepta,</strong></span> <span class='ocrx_word' id='word_1_265' title='bbox 1561 1742 1846 1798; x_wconf 71' lang='lat' dir='ltr'><strong>utebatur?</strong></span> <span class='ocrx_word' id='word_1_266' title='bbox 1875 1728 1924 1789; x_wconf 89' lang='lat' dir='ltr'><strong>B</strong></span> <span class='ocrx_word' id='word_1_267' title='bbox 1950 1749 2041 1792; x_wconf 91' lang='lat' dir='ltr'><strong>aut</strong></span> <span class='ocrx_word' id='word_1_268' title='bbox 2067 1753 2256 1793; x_wconf 90' lang='lat' dir='ltr'><strong>amens</strong></span> <span class='ocrx_word' id='word_1_269' title='bbox 2284 1739 2504 1807; x_wconf 90' lang='lat' dir='ltr'><strong>Paulus,</strong></span> <span class='ocrx_word' id='word_1_270' title='bbox 2526 1741 2571 1794; x_wconf 91' lang='lat' dir='ltr'><strong>si</strong></span> <span class='ocrx_word' id='word_1_271' title='bbox 2600 1741 3035 1812; x_wconf 89' lang='lat' dir='ltr'><strong>quibuscumque</strong></span> <span class='ocrx_word' id='word_1_272' title='bbox 3057 1750 3147 1796; x_wconf 93' lang='lat' dir='ltr'><strong>aut</strong></span> <span class='ocrx_word' id='word_1_273' title='bbox 3175 1741 3331 1812; x_wconf 83' lang='lat' dir='ltr'><strong>aegris</strong></span> <span class='ocrx_word' id='word_1_274' title='bbox 3357 1742 3527 1796; x_wconf 78' lang='lat' dir='ltr'><strong>dixis-</strong></span> 
     </span>
    </p>
   </div>
   <div class='ocr_carea' id='block_1_33' title="bbox 257 1828 1840 1903">
    <p class='ocr_par' dir='ltr' id='par_1_33' title="bbox 257 1828 1840 1903">
     <span class='ocr_line' id='line_1_33' title="bbox 257 1828 1840 1903; baseline 0.006 -22"><span class='ocrx_word' id='word_1_275' title='bbox 257 1828 376 1896; x_wconf 85' lang='lat' dir='ltr'><strong>Quid</strong></span> <span class='ocrx_word' id='word_1_276' title='bbox 397 1830 560 1884; x_wconf 87' lang='lat' dir='ltr'><strong>enim</strong></span> <span class='ocrx_word' id='word_1_277' title='bbox 590 1828 658 1883; x_wconf 87' lang='lat' dir='ltr'><strong>de</strong></span> <span class='ocrx_word' id='word_1_278' title='bbox 684 1844 750 1883; x_wconf 90' lang='lat' dir='ltr'><strong>eo</strong></span> <span class='ocrx_word' id='word_1_279' title='bbox 771 1828 1032 1898; x_wconf 88' lang='lat' dir='ltr'><strong>legimus?</strong></span> <span class='ocrx_word' id='word_1_280' title='bbox 1065 1829 1255 1901; x_wconf 86' lang='lat' dir='ltr'><strong>Surge,</strong></span> <span class='ocrx_word' id='word_1_281' title='bbox 1305 1832 1480 1901; x_wconf 87' lang='lat' dir='ltr'><strong>inquit</strong></span> <span class='ocrx_word' id='word_1_282' title='bbox 1524 1834 1840 1903; x_wconf 86' lang='lat' dir='ltr'><strong>paralytico,</strong></span> 
     </span>
    </p>
   </div>
   <div class='ocr_carea' id='block_1_34' title="bbox 255 1923 1840 2001">
    <p class='ocr_par' dir='ltr' id='par_1_34' title="bbox 255 1923 1840 2001">
     <span class='ocr_line' id='line_1_34' title="bbox 255 1923 1840 2001; baseline 0.005 -26"><span class='ocrx_word' id='word_1_283' title='bbox 255 1923 363 1977; x_wconf 86' lang='lat' dir='ltr'><strong>tolle</strong></span> <span class='ocrx_word' id='word_1_284' title='bbox 385 1924 677 1997; x_wconf 82' lang='lat' dir='ltr'><strong>grabatum</strong></span> <span class='ocrx_word' id='word_1_285' title='bbox 704 1932 867 1989; x_wconf 88' lang='lat' dir='ltr'><strong>tuum,</strong></span> <span class='ocrx_word' id='word_1_286' title='bbox 920 1933 968 1976; x_wconf 88' lang='lat' dir='ltr'><strong>et</strong></span> <span class='ocrx_word' id='word_1_287' title='bbox 998 1923 1126 1978; x_wconf 84' lang='lat' dir='ltr'><strong>vade</strong></span> <span class='ocrx_word' id='word_1_288' title='bbox 1152 1926 1207 1978; x_wconf 87' lang='lat' dir='ltr'><strong>in</strong></span> <span class='ocrx_word' id='word_1_289' title='bbox 1234 1926 1439 1979; x_wconf 85' lang='lat' dir='ltr'><strong>domum</strong></span> <span class='ocrx_word' id='word_1_290' title='bbox 1468 1935 1603 1981; x_wconf 64' lang='lat' dir='ltr'><strong>tuan;</strong></span> <span class='ocrx_word' id='word_1_291' title='bbox 1630 1927 1840 2001; x_wconf 81' lang='lat' dir='ltr'><strong>(Matth.</strong></span> 
     </span>
    </p>
   </div>
   <div class='ocr_carea' id='block_1_35' title="bbox 258 2016 1844 2087">
    <p class='ocr_par' dir='ltr' id='par_1_35' title="bbox 258 2016 1844 2087">
     <span class='ocr_line' id='line_1_35' title="bbox 258 2016 1844 2087; baseline 0.003 -18"><span class='ocrx_word' id='word_1_292' title='bbox 258 2017 342 2085; x_wconf 75' lang='grc' dir='ltr'>ιι).</span> <span class='ocrx_word' id='word_1_293' title='bbox 373 2017 443 2071; x_wconf 84' lang='lat' dir='ltr'><strong>Et</strong></span> <span class='ocrx_word' id='word_1_294' title='bbox 499 2016 696 2070; x_wconf 89' lang='lat' dir='ltr'><strong>iterum</strong></span> <span class='ocrx_word' id='word_1_295' title='bbox 733 2016 1053 2085; x_wconf 88' lang='lat' dir='ltr'><strong>supplicanti</strong></span> <span class='ocrx_word' id='word_1_296' title='bbox 1081 2033 1179 2086; x_wconf 90' lang='lat' dir='ltr'><strong>pro</strong></span> <span class='ocrx_word' id='word_1_297' title='bbox 1207 2017 1318 2071; x_wconf 80' lang='lat' dir='ltr'><strong>filio</strong></span> <span class='ocrx_word' id='word_1_298' title='bbox 1343 2020 1479 2087; x_wconf 88' lang='lat' dir='ltr'><strong>patri</strong></span> <span class='ocrx_word' id='word_1_299' title='bbox 1514 2037 1527 2073; x_wconf 88' lang='lat'><strong>:</strong></span> <span class='ocrx_word' id='word_1_300' title='bbox 1566 2018 1723 2086; x_wconf 85' lang='lat' dir='ltr'><strong>Vade,</strong></span> <span class='ocrx_word' id='word_1_301' title='bbox 1758 2020 1844 2075; x_wconf 79' lang='lat' dir='ltr'><strong>in-</strong></span> 
     </span>
    </p>
   </div>
   <div class='ocr_carea' id='block_1_36' title="bbox 253 2108 1845 2180">
    <p class='ocr_par' dir='ltr' id='par_1_36' title="bbox 253 2108 1845 2180">
     <span class='ocr_line' id='line_1_36' title="bbox 253 2108 1845 2180; baseline 0.002 -16"><span class='ocrx_word' id='word_1_302' title='bbox 253 2110 379 2178; x_wconf 86' lang='lat' dir='ltr'><strong>quit,</strong></span> <span class='ocrx_word' id='word_1_303' title='bbox 422 2110 577 2180; x_wconf 80' lang='lat' dir='ltr'><strong>ﬁlius</strong></span> <span class='ocrx_word' id='word_1_304' title='bbox 603 2119 721 2161; x_wconf 87' lang='lat' dir='ltr'><strong>tuus</strong></span> <span class='ocrx_word' id='word_1_305' title='bbox 742 2109 859 2161; x_wconf 84' lang='lat' dir='ltr'><strong>vivit</strong></span> <span class='ocrx_word' id='word_1_306' title='bbox 888 2108 1067 2177; x_wconf 83' lang='lat' dir='ltr'><strong>(Joan.</strong></span> <span class='ocrx_word' id='word_1_307' title='bbox 1102 2109 1196 2179; x_wconf 88' lang='lat' dir='ltr'><strong>Iv).</strong></span> <span class='ocrx_word' id='word_1_308' title='bbox 1250 2109 1317 2164; x_wconf 87' lang='lat' dir='ltr'><strong>Et</strong></span> <span class='ocrx_word' id='word_1_309' title='bbox 1344 2110 1476 2165; x_wconf 91' lang='lat' dir='ltr'><strong>illud</strong></span> <span class='ocrx_word' id='word_1_310' title='bbox 1527 2111 1616 2165; x_wconf 90' lang='lat' dir='ltr'><strong>ubi</strong></span> <span class='ocrx_word' id='word_1_311' title='bbox 1658 2112 1845 2167; x_wconf 89' lang='lat' dir='ltr'><strong>unicus</strong></span> 
     </span>
    </p>
   </div>
   <div class='ocr_carea' id='block_1_37' title="bbox 253 2200 1846 2270">
    <p class='ocr_par' dir='ltr' id='par_1_37' title="bbox 253 2200 1846 2270">
     <span class='ocr_line' id='line_1_37' title="bbox 253 2200 1846 2270; baseline 0.002 -15"><span class='ocrx_word' id='word_1_312' title='bbox 253 2204 431 2258; x_wconf 84' lang='lat' dir='ltr'><strong>matris</strong></span> <span class='ocrx_word' id='word_1_313' title='bbox 457 2201 535 2256; x_wconf 85' lang='lat' dir='ltr'><strong>ad</strong></span> <span class='ocrx_word' id='word_1_314' title='bbox 564 2201 872 2270; x_wconf 89' lang='lat' dir='ltr'><strong>sepulcrum</strong></span> <span class='ocrx_word' id='word_1_315' title='bbox 902 2200 1250 2257; x_wconf 79' lang='lat' dir='ltr'><strong>deferebatur</strong></span> <span class='ocrx_word' id='word_1_316' title='bbox 1284 2220 1294 2254; x_wconf 94' lang='lat'><strong>:</strong></span> <span class='ocrx_word' id='word_1_317' title='bbox 1333 2211 1358 2240; x_wconf 79' lang='grc' dir='ltr'><strong>ιι</strong></span> <span class='ocrx_word' id='word_1_318' title='bbox 1400 2202 1733 2269; x_wconf 82' lang='lat' dir='ltr'><strong>Adolescens,</strong></span> <span class='ocrx_word' id='word_1_319' title='bbox 1765 2204 1846 2258; x_wconf 84' lang='lat' dir='ltr'><strong>in-</strong></span> 
     </span>
    </p>
   </div>
   <div class='ocr_carea' id='block_1_38' title="bbox 252 2292 1848 2367">
    <p class='ocr_par' dir='ltr' id='par_1_38' title="bbox 252 2292 1848 2367">
     <span class='ocr_line' id='line_1_38' title="bbox 252 2292 1848 2367; baseline 0.002 -19"><span class='ocrx_word' id='word_1_320' title='bbox 252 2294 381 2365; x_wconf 85' lang='lat' dir='ltr'><strong>quit,</strong></span> <span class='ocrx_word' id='word_1_321' title='bbox 436 2293 538 2347; x_wconf 82' lang='lat' dir='ltr'><strong>tibi</strong></span> <span class='ocrx_word' id='word_1_322' title='bbox 582 2294 716 2360; x_wconf 86' lang='lat' dir='ltr'><strong>dico,</strong></span> <span class='ocrx_word' id='word_1_323' title='bbox 761 2311 911 2364; x_wconf 82' lang='lat' dir='ltr'><strong>surge</strong></span> <span class='ocrx_word' id='word_1_324' title='bbox 957 2292 1141 2366; x_wconf 79' lang='lat' dir='ltr'><strong>(Luca:</strong></span> <span class='ocrx_word' id='word_1_325' title='bbox 1164 2294 1284 2363; x_wconf 85' lang='lat' dir='ltr'><strong>vn).</strong></span> <span class='ocrx_word' id='word_1_326' title='bbox 1316 2294 1581 2365; x_wconf 88' lang='lat' dir='ltr'><strong>Numquid</strong></span> <span class='ocrx_word' id='word_1_327' title='bbox 1610 2311 1757 2367; x_wconf 86' lang='lat' dir='ltr'><strong>ergo,</strong></span> <span class='ocrx_word' id='word_1_328' title='bbox 1788 2303 1848 2351; x_wconf 86' lang='lat' dir='ltr'><strong>ut</strong></span> 
     </span>
    </p>
   </div>
   <div class='ocr_carea' id='block_1_39' title="bbox 252 2386 1847 2459">
    <p class='ocr_par' dir='ltr' id='par_1_39' title="bbox 252 2386 1847 2459">
     <span class='ocr_line' id='line_1_39' title="bbox 252 2386 1847 2459; baseline 0.003 -20"><span class='ocrx_word' id='word_1_329' title='bbox 252 2400 368 2440; x_wconf 71' lang='lat' dir='ltr'><strong>unos</strong></span> <span class='ocrx_word' id='word_1_330' title='bbox 396 2401 594 2441; x_wconf 88' lang='lat' dir='ltr'><strong>eorum</strong></span> <span class='ocrx_word' id='word_1_331' title='bbox 623 2386 714 2456; x_wconf 92' lang='lat' dir='ltr'><strong>qui</strong></span> <span class='ocrx_word' id='word_1_332' title='bbox 748 2394 1067 2455; x_wconf 88' lang='lat' dir='ltr'><strong>potestatem</strong></span> <span class='ocrx_word' id='word_1_333' title='bbox 1099 2404 1129 2441; x_wconf 92' lang='lat' dir='ltr'><strong>a</strong></span> <span class='ocrx_word' id='word_1_334' title='bbox 1162 2388 1274 2442; x_wconf 91' lang='lat' dir='ltr'><strong>Deo</strong></span> <span class='ocrx_word' id='word_1_335' title='bbox 1303 2389 1659 2458; x_wconf 86' lang='lat' dir='ltr'><strong>accipiebant,</strong></span> <span class='ocrx_word' id='word_1_336' title='bbox 1693 2398 1847 2459; x_wconf 90' lang='lat' dir='ltr'><strong>pote-</strong></span> 
     </span>
    </p>
   </div>
   <div class='ocr_carea' id='block_1_40' title="bbox 255 2478 1848 2548">
    <p class='ocr_par' dir='ltr' id='par_1_40' title="bbox 255 2478 1848 2548">
     <span class='ocr_line' id='line_1_40' title="bbox 255 2478 1848 2548; baseline 0.003 -17"><span class='ocrx_word' id='word_1_337' title='bbox 255 2484 453 2531; x_wconf 85' lang='lat' dir='ltr'><strong>statem</strong></span> <span class='ocrx_word' id='word_1_338' title='bbox 489 2492 698 2548; x_wconf 90' lang='lat' dir='ltr'><strong>quoque</strong></span> <span class='ocrx_word' id='word_1_339' title='bbox 749 2478 841 2533; x_wconf 90' lang='lat' dir='ltr'><strong>ille</strong></span> <span class='ocrx_word' id='word_1_340' title='bbox 872 2478 988 2533; x_wconf 86' lang='lat' dir='ltr'><strong>dari</strong></span> <span class='ocrx_word' id='word_1_341' title='bbox 1016 2479 1119 2534; x_wconf 90' lang='lat' dir='ltr'><strong>sibi</strong></span> <span class='ocrx_word' id='word_1_342' title='bbox 1148 2479 1214 2533; x_wconf 91' lang='lat' dir='ltr'><strong>ad</strong></span> <span class='ocrx_word' id='word_1_343' title='bbox 1246 2480 1585 2537; x_wconf 84' lang='lat' dir='ltr'><strong>efﬁciendum</strong></span> <span class='ocrx_word' id='word_1_344' title='bbox 1631 2482 1848 2537; x_wconf 88' lang='lat' dir='ltr'><strong>invoca-</strong></span> 
     </span>
    </p>
   </div>
   <div class='ocr_carea' id='block_1_41' title="bbox 264 2568 1845 2645">
    <p class='ocr_par' dir='ltr' id='par_1_41' title="bbox 264 2568 1845 2645">
     <span class='ocr_line' id='line_1_41' title="bbox 264 2568 1845 2645; baseline 0.005 -24"><span class='ocrx_word' id='word_1_345' title='bbox 264 2568 414 2625; x_wconf 89' lang='lat' dir='ltr'><strong>tione</strong></span> <span class='ocrx_word' id='word_1_346' title='bbox 443 2569 607 2624; x_wconf 83' lang='lat' dir='ltr'><strong>divini</strong></span> <span class='ocrx_word' id='word_1_347' title='bbox 630 2572 867 2625; x_wconf 88' lang='lat' dir='ltr'><strong>nominis</strong></span> <span class='ocrx_word' id='word_1_348' title='bbox 894 2572 1233 2640; x_wconf 86' lang='lat' dir='ltr'><strong>postulabat?</strong></span> <span class='ocrx_word' id='word_1_349' title='bbox 1256 2571 1363 2627; x_wconf 89' lang='lat' dir='ltr'><strong>Cur</strong></span> <span class='ocrx_word' id='word_1_350' title='bbox 1389 2589 1494 2628; x_wconf 91' lang='lat' dir='ltr'><strong>non</strong></span> <span class='ocrx_word' id='word_1_351' title='bbox 1545 2574 1685 2629; x_wconf 90' lang='lat' dir='ltr'><strong>sicut</strong></span> <span class='ocrx_word' id='word_1_352' title='bbox 1712 2590 1845 2645; x_wconf 90' lang='lat' dir='ltr'><strong>apo-</strong></span> 
     </span>
    </p>
   </div>
   <div class='ocr_carea' id='block_1_42' title="bbox 256 2661 1849 2736">
    <p class='ocr_par' dir='ltr' id='par_1_42' title="bbox 256 2661 1849 2736">
     <span class='ocr_line' id='line_1_42' title="bbox 256 2661 1849 2736; baseline 0.006 -20"><span class='ocrx_word' id='word_1_353' title='bbox 256 2661 386 2716; x_wconf 87' lang='lat' dir='ltr'><strong>stoli</strong></span> <span class='ocrx_word' id='word_1_354' title='bbox 414 2662 471 2716; x_wconf 91' lang='lat' dir='ltr'><strong>in</strong></span> <span class='ocrx_word' id='word_1_355' title='bbox 503 2664 715 2719; x_wconf 83' lang='lat' dir='ltr'><strong>nomine</strong></span> <span class='ocrx_word' id='word_1_356' title='bbox 745 2662 938 2733; x_wconf 87' lang='lat' dir='ltr'><strong>ipsius,</strong></span> <span class='ocrx_word' id='word_1_357' title='bbox 996 2663 1066 2718; x_wconf 85' lang='lat' dir='ltr'><strong>ita</strong></span> <span class='ocrx_word' id='word_1_358' title='bbox 1114 2664 1233 2734; x_wconf 88' lang='lat' dir='ltr'><strong>ipse</strong></span> <span class='ocrx_word' id='word_1_359' title='bbox 1272 2682 1485 2736; x_wconf 87' lang='lat' dir='ltr'><strong>quoque</strong></span> <span class='ocrx_word' id='word_1_360' title='bbox 1530 2666 1585 2720; x_wconf 91' lang='lat' dir='ltr'><strong>in</strong></span> <span class='ocrx_word' id='word_1_361' title='bbox 1634 2668 1849 2725; x_wconf 86' lang='lat' dir='ltr'><strong>nomine</strong></span> 
     </span>
    </p>
   </div>
   <div class='ocr_carea' id='block_1_43' title="bbox 253 2751 1851 2832">
    <p class='ocr_par' dir='ltr' id='par_1_43' title="bbox 253 2751 1851 2832">
     <span class='ocr_line' id='line_1_43' title="bbox 253 2751 1851 2832; baseline 0.006 -25"><span class='ocrx_word' id='word_1_362' title='bbox 253 2751 497 2821; x_wconf 87' lang='lat' dir='ltr'><strong>Spiritus</strong></span> <span class='ocrx_word' id='word_1_363' title='bbox 530 2756 889 2824; x_wconf 85' lang='lat' dir='ltr'><strong>operabatur?</strong></span> <span class='ocrx_word' id='word_1_364' title='bbox 913 2756 1154 2826; x_wconf 88' lang='lat' dir='ltr'><strong>Denique</strong></span> <span class='ocrx_word' id='word_1_365' title='bbox 1184 2759 1309 2827; x_wconf 87' lang='lat' dir='ltr'><strong>quid</strong></span> <span class='ocrx_word' id='word_1_366' title='bbox 1342 2759 1408 2814; x_wconf 92' lang='lat' dir='ltr'><strong>de</strong></span> <span class='ocrx_word' id='word_1_367' title='bbox 1457 2760 1578 2829; x_wconf 89' lang='lat' dir='ltr'><strong>ipso</strong></span> <span class='ocrx_word' id='word_1_368' title='bbox 1608 2760 1851 2832; x_wconf 80' lang='lat' dir='ltr'><strong>Evange-</strong></span> 
     </span>
    </p>
   </div>
   <div class='ocr_carea' id='block_1_44' title="bbox 252 2844 1852 2924">
    <p class='ocr_par' dir='ltr' id='par_1_44' title="bbox 252 2844 1852 2924">
     <span class='ocr_line' id='line_1_44' title="bbox 252 2844 1852 2924; baseline 0.006 -25"><span class='ocrx_word' id='word_1_369' title='bbox 252 2844 381 2899; x_wconf 90' lang='lat' dir='ltr'><strong>lium</strong></span> <span class='ocrx_word' id='word_1_370' title='bbox 413 2848 785 2916; x_wconf 88' lang='lat' dir='ltr'><strong>protestatur?</strong></span> <span class='ocrx_word' id='word_1_371' title='bbox 819 2845 970 2915; x_wconf 86' lang='lat' dir='ltr'><strong>Erat,</strong></span> <span class='ocrx_word' id='word_1_372' title='bbox 1003 2848 1194 2918; x_wconf 90' lang='lat' dir='ltr'><strong>inquit,</strong></span> <span class='ocrx_word' id='word_1_373' title='bbox 1223 2851 1409 2905; x_wconf 82' lang='lat' dir='ltr'><strong>docens</strong></span> <span class='ocrx_word' id='word_1_374' title='bbox 1440 2868 1523 2906; x_wconf 88' lang='lat' dir='ltr'><strong>eos</strong></span> <span class='ocrx_word' id='word_1_375' title='bbox 1553 2854 1682 2907; x_wconf 80' lang='lat' dir='ltr'><strong>sicut</strong></span> <span class='ocrx_word' id='word_1_376' title='bbox 1709 2864 1852 2924; x_wconf 86' lang='lat' dir='ltr'><strong>pote-</strong></span> 
     </span>
    </p>
   </div>
   <div class='ocr_carea' id='block_1_45' title="bbox 249 2942 1850 3018">
    <p class='ocr_par' dir='ltr' id='par_1_45' title="bbox 249 2942 1850 3018">
     <span class='ocr_line' id='line_1_45' title="bbox 249 2942 1850 3018; baseline 0.005 -26"><span class='ocrx_word' id='word_1_377' title='bbox 249 2947 436 2993; x_wconf 86' lang='lat' dir='ltr'><strong>statem</strong></span> <span class='ocrx_word' id='word_1_378' title='bbox 468 2942 680 3007; x_wconf 83' lang='lat' dir='ltr'><strong>habens,</strong></span> <span class='ocrx_word' id='word_1_379' title='bbox 711 2958 816 2996; x_wconf 89' lang='lat' dir='ltr'><strong>non</strong></span> <span class='ocrx_word' id='word_1_380' title='bbox 839 2943 971 2996; x_wconf 87' lang='lat' dir='ltr'><strong>sicut</strong></span> <span class='ocrx_word' id='word_1_381' title='bbox 1014 2942 1208 2997; x_wconf 78' lang='lat' dir='ltr'><strong>Scriba:</strong></span> <span class='ocrx_word' id='word_1_382' title='bbox 1228 2954 1293 3013; x_wconf 28' lang='lat' dir='ltr'><strong>‘et</strong></span> <span class='ocrx_word' id='word_1_383' title='bbox 1344 2944 1600 3000; x_wconf 78' lang='lat' dir='ltr'><strong>Pharisazi</strong></span> <span class='ocrx_word' id='word_1_384' title='bbox 1632 2946 1850 3018; x_wconf 85' lang='lat' dir='ltr'><strong>(Matth.</strong></span> 
     </span>
    </p>
   </div>
   <div class='ocr_carea' id='block_1_46' title="bbox 249 3031 1850 3106">
    <p class='ocr_par' dir='ltr' id='par_1_46' title="bbox 249 3031 1850 3106">
     <span class='ocr_line' id='line_1_46' title="bbox 249 3031 1850 3106; baseline 0.004 -21"><span class='ocrx_word' id='word_1_385' title='bbox 249 3031 365 3101; x_wconf 81' lang='lat' dir='ltr'><strong>vn).</strong></span> <span class='ocrx_word' id='word_1_386' title='bbox 394 3034 512 3087; x_wconf 82' lang='lat' dir='ltr'><strong>Aut</strong></span> <span class='ocrx_word' id='word_1_387' title='bbox 539 3034 832 3103; x_wconf 89' lang='lat' dir='ltr'><strong>superbum</strong></span> <span class='ocrx_word' id='word_1_388' title='bbox 856 3043 911 3088; x_wconf 92' lang='lat' dir='ltr'><strong>et</strong></span> <span class='ocrx_word' id='word_1_389' title='bbox 931 3047 1271 3105; x_wconf 80' lang='lat' dir='ltr'><strong>arrogantem</strong></span> <span class='ocrx_word' id='word_1_390' title='bbox 1299 3036 1526 3091; x_wconf 83' lang='lat' dir='ltr'><strong>forsitan</strong></span> <span class='ocrx_word' id='word_1_391' title='bbox 1554 3038 1636 3091; x_wconf 92' lang='lat' dir='ltr'><strong>vis</strong></span> <span class='ocrx_word' id='word_1_392' title='bbox 1662 3038 1850 3106; x_wconf 90' lang='lat' dir='ltr'><strong>fuisse,</strong></span> 
     </span>
    </p>
   </div>
   <div class='ocr_carea' id='block_1_47' title="bbox 246 3110 1929 3197">
    <p class='ocr_par' dir='ltr' id='par_1_47' title="bbox 246 3110 1929 3197">
     <span class='ocr_line' id='line_1_47' title="bbox 246 3110 1929 3197; baseline 0.002 -19"><span class='ocrx_word' id='word_1_393' title='bbox 246 3125 334 3194; x_wconf 90' lang='lat' dir='ltr'><strong>qui</strong></span> <span class='ocrx_word' id='word_1_394' title='bbox 368 3135 705 3195; x_wconf 85' lang='lat' dir='ltr'><strong>potestatem</strong></span> <span class='ocrx_word' id='word_1_395' title='bbox 743 3141 901 3194; x_wconf 90' lang='lat' dir='ltr'><strong>quam</strong></span> <span class='ocrx_word' id='word_1_396' title='bbox 928 3141 956 3179; x_wconf 90' lang='lat' dir='ltr'><strong>a</strong></span> <span class='ocrx_word' id='word_1_397' title='bbox 986 3127 1119 3191; x_wconf 90' lang='lat' dir='ltr'><strong>Deo,</strong></span> <span class='ocrx_word' id='word_1_398' title='bbox 1148 3138 1205 3181; x_wconf 91' lang='lat' dir='ltr'><strong>ut</strong></span> <span class='ocrx_word' id='word_1_399' title='bbox 1245 3127 1347 3193; x_wconf 89' lang='lat' dir='ltr'><strong>ais,</strong></span> <span class='ocrx_word' id='word_1_400' title='bbox 1395 3128 1717 3197; x_wconf 88' lang='lat' dir='ltr'><strong>accepisset,</strong></span> <span class='ocrx_word' id='word_1_401' title='bbox 1745 3142 1857 3182; x_wconf 66' lang='lat' dir='ltr'><strong>suae</strong></span> <span class='ocrx_word' id='word_1_402' title='bbox 1880 3110 1929 3172; x_wconf 68' lang='grc' dir='ltr'>Ο</span> 
     </span>
    </p>
   </div>
   <div class='ocr_carea' id='block_1_48' title="bbox 240 3215 1859 3285">
    <p class='ocr_par' dir='ltr' id='par_1_48' title="bbox 240 3215 1859 3285">
     <span class='ocr_line' id='line_1_48' title="bbox 240 3215 1859 3285; baseline -0.001 -13"><span class='ocrx_word' id='word_1_403' title='bbox 240 3218 522 3285; x_wconf 74' lang='lat' dir='ltr'><strong>potentiae</strong></span> <span class='ocrx_word' id='word_1_404' title='bbox 548 3215 867 3281; x_wconf 83' lang='lat' dir='ltr'><strong>deputaret?</strong></span> <span class='ocrx_word' id='word_1_405' title='bbox 895 3216 1000 3269; x_wconf 91' lang='lat' dir='ltr'><strong>Sed</strong></span> <span class='ocrx_word' id='word_1_406' title='bbox 1029 3216 1154 3284; x_wconf 90' lang='lat' dir='ltr'><strong>quid</strong></span> <span class='ocrx_word' id='word_1_407' title='bbox 1189 3217 1414 3270; x_wconf 83' lang='lat' dir='ltr'><strong>facimus</strong></span> <span class='ocrx_word' id='word_1_408' title='bbox 1444 3216 1587 3282; x_wconf 89' lang='lat' dir='ltr'><strong>quod</strong></span> <span class='ocrx_word' id='word_1_409' title='bbox 1620 3225 1859 3285; x_wconf 87' lang='lat' dir='ltr'><strong>potestas</strong></span> 
     </span>
    </p>
   </div>
   <div class='ocr_carea' id='block_1_49' title="bbox 234 3306 1861 3378">
    <p class='ocr_par' dir='ltr' id='par_1_49' title="bbox 234 3306 1861 3378">
     <span class='ocr_line' id='line_1_49' title="bbox 234 3306 1861 3378; baseline 0 -14"><span class='ocrx_word' id='word_1_410' title='bbox 234 3322 569 3377; x_wconf 87' lang='lat' dir='ltr'><strong>numquam</strong></span> <span class='ocrx_word' id='word_1_411' title='bbox 594 3316 677 3361; x_wconf 85' lang='lat' dir='ltr'><strong>est</strong></span> <span class='ocrx_word' id='word_1_412' title='bbox 704 3308 954 3360; x_wconf 86' lang='lat' dir='ltr'><strong>obsecuta</strong></span> <span class='ocrx_word' id='word_1_413' title='bbox 988 3306 1223 3373; x_wconf 80' lang='lat' dir='ltr'><strong>famulis,</strong></span> <span class='ocrx_word' id='word_1_414' title='bbox 1251 3308 1357 3361; x_wconf 88' lang='lat' dir='ltr'><strong>nisi</strong></span> <span class='ocrx_word' id='word_1_415' title='bbox 1399 3324 1495 3378; x_wconf 91' lang='lat' dir='ltr'><strong>per</strong></span> <span class='ocrx_word' id='word_1_416' title='bbox 1518 3323 1710 3362; x_wconf 88' lang='lat' dir='ltr'><strong>nomen</strong></span> <span class='ocrx_word' id='word_1_417' title='bbox 1734 3324 1861 3364; x_wconf 87' lang='lat' dir='ltr'><strong>auc-</strong></span> 
     </span>
    </p>
   </div>
   <div class='ocr_carea' id='block_1_50' title="bbox 233 3398 1859 3472">
    <p class='ocr_par' dir='ltr' id='par_1_50' title="bbox 233 3398 1859 3472">
     <span class='ocr_line' id='line_1_50' title="bbox 233 3398 1859 3472; baseline 0.001 -16"><span class='ocrx_word' id='word_1_418' title='bbox 233 3400 431 3465; x_wconf 84' lang='lat' dir='ltr'><strong>toris;</strong></span> <span class='ocrx_word' id='word_1_419' title='bbox 472 3414 572 3453; x_wconf 90' lang='lat' dir='ltr'><strong>nec</strong></span> <span class='ocrx_word' id='word_1_420' title='bbox 599 3398 799 3454; x_wconf 89' lang='lat' dir='ltr'><strong>habere</strong></span> <span class='ocrx_word' id='word_1_421' title='bbox 828 3399 1173 3456; x_wconf 82' lang='lat' dir='ltr'><strong>efﬁcientiam</strong></span> <span class='ocrx_word' id='word_1_422' title='bbox 1220 3400 1416 3471; x_wconf 88' lang='lat' dir='ltr'><strong>potuit,</strong></span> <span class='ocrx_word' id='word_1_423' title='bbox 1450 3402 1495 3455; x_wconf 93' lang='lat' dir='ltr'><strong>si</strong></span> <span class='ocrx_word' id='word_1_424' title='bbox 1527 3401 1726 3472; x_wconf 87' lang='lat' dir='ltr'><strong>aliquid</strong></span> <span class='ocrx_word' id='word_1_425' title='bbox 1755 3402 1859 3458; x_wconf 90' lang='lat' dir='ltr'><strong>sibi</strong></span> 
     </span>
    </p>
   </div>
   <div class='ocr_carea' id='block_1_51' title="bbox 242 3491 1009 3563">
    <p class='ocr_par' dir='ltr' id='par_1_51' title="bbox 242 3491 1009 3563">
     <span class='ocr_line' id='line_1_51' title="bbox 242 3491 1009 3563; baseline -0.007 -11"><span class='ocrx_word' id='word_1_426' title='bbox 242 3512 309 3552; x_wconf 83' lang='lat' dir='ltr'><strong>ex</strong></span> <span class='ocrx_word' id='word_1_427' title='bbox 344 3508 420 3550; x_wconf 83' lang='lat' dir='ltr'><strong>ea</strong></span> <span class='ocrx_word' id='word_1_428' title='bbox 455 3491 668 3548; x_wconf 85' lang='lat' dir='ltr'><strong>faciens</strong></span> <span class='ocrx_word' id='word_1_429' title='bbox 709 3493 1009 3563; x_wconf 86' lang='lat' dir='ltr'><strong>deputavit.</strong></span> 
     </span>
    </p>
   </div>
   <div class='ocr_carea' id='block_1_52' title="bbox 884 3607 1271 3664">
    <p class='ocr_par' dir='ltr' id='par_1_52' title="bbox 884 3607 1271 3664">
     <span class='ocr_line' id='line_1_52' title="bbox 884 3607 1271 3664; baseline 0 -1"><span class='ocrx_word' id='word_1_430' title='bbox 884 3607 1115 3664; x_wconf 83' lang='lat' dir='ltr'><strong>CAPUT</strong></span> <span class='ocrx_word' id='word_1_431' title='bbox 1150 3608 1271 3663; x_wconf 78' lang='lat' dir='ltr'><strong>XX.</strong></span> 
     </span>
    </p>
   </div>
   <div class='ocr_carea' id='block_1_53' title="bbox 280 3699 1819 3771">
    <p class='ocr_par' dir='ltr' id='par_1_53' title="bbox 280 3699 1819 3771">
     <span class='ocr_line' id='line_1_53' title="bbox 280 3699 1819 3771; baseline -0.002 -14"><span class='ocrx_word' id='word_1_432' title='bbox 280 3699 639 3757; x_wconf 85' lang='lat' dir='ltr'><strong>Grauioribus</strong></span> <span class='ocrx_word' id='word_1_433' title='bbox 664 3700 1145 3771; x_wconf 79' lang='lat' dir='ltr'><strong>urgentioribusque</strong></span> <span class='ocrx_word' id='word_1_434' title='bbox 1173 3702 1491 3771; x_wconf 85' lang='lat' dir='ltr'><strong>argumentis</strong></span> <span class='ocrx_word' id='word_1_435' title='bbox 1519 3703 1819 3756; x_wconf 88' lang='lat' dir='ltr'><strong>sententiam</strong></span> 
     </span>
    </p>
   </div>
   <div class='ocr_carea' id='block_1_54' title="bbox 701 3772 1428 3828">
    <p class='ocr_par' dir='ltr' id='par_1_54' title="bbox 701 3772 1428 3828">
     <span class='ocr_line' id='line_1_54' title="bbox 701 3772 1428 3828; baseline 0.004 -3"><span class='ocrx_word' id='word_1_436' title='bbox 701 3772 848 3825; x_wconf 88' lang='lat' dir='ltr'><strong>illam</strong></span> <span class='ocrx_word' id='word_1_437' title='bbox 880 3773 1164 3826; x_wconf 87' lang='lat' dir='ltr'><strong>invalidare</strong></span> <span class='ocrx_word' id='word_1_438' title='bbox 1193 3781 1428 3828; x_wconf 86' lang='lat' dir='ltr'><strong>conatur.</strong></span> 
     </span>
    </p>
   </div>
   <div class='ocr_carea' id='block_1_55' title="bbox 319 3864 1853 3935">
    <p class='ocr_par' dir='ltr' id='par_1_55' title="bbox 319 3864 1853 3935">
     <span class='ocr_line' id='line_1_55' title="bbox 319 3864 1853 3935; baseline -0.003 -14"><span class='ocrx_word' id='word_1_439' title='bbox 319 3865 434 3921; x_wconf 88' lang='lat' dir='ltr'><strong>Sed</strong></span> <span class='ocrx_word' id='word_1_440' title='bbox 468 3864 605 3935; x_wconf 90' lang='lat' dir='ltr'><strong>quid</strong></span> <span class='ocrx_word' id='word_1_441' title='bbox 634 3864 837 3918; x_wconf 89' lang='lat' dir='ltr'><strong>tamdiu</strong></span> <span class='ocrx_word' id='word_1_442' title='bbox 860 3864 1205 3919; x_wconf 88' lang='lat' dir='ltr'><strong>evidentibus</strong></span> <span class='ocrx_word' id='word_1_443' title='bbox 1242 3864 1479 3934; x_wconf 89' lang='lat' dir='ltr'><strong>quidem,</strong></span> <span class='ocrx_word' id='word_1_444' title='bbox 1534 3866 1629 3920; x_wconf 90' lang='lat' dir='ltr'><strong>sed</strong></span> <span class='ocrx_word' id='word_1_445' title='bbox 1678 3874 1853 3919; x_wconf 89' lang='lat' dir='ltr'><strong>tamen</strong></span> 
     </span>
    </p>
   </div>
   <div class='ocr_carea' id='block_1_56' title="bbox 252 3956 1854 4027">
    <p class='ocr_par' dir='ltr' id='par_1_56' title="bbox 252 3956 1854 4027">
     <span class='ocr_line' id='line_1_56' title="bbox 252 3956 1854 4027; baseline -0.001 -14"><span class='ocrx_word' id='word_1_446' title='bbox 252 3959 569 4014; x_wconf 88' lang='lat' dir='ltr'><strong>minoribus</strong></span> <span class='ocrx_word' id='word_1_447' title='bbox 595 3957 926 4026; x_wconf 84' lang='lat' dir='ltr'><strong>argumentis</strong></span> <span class='ocrx_word' id='word_1_448' title='bbox 952 3965 1139 4012; x_wconf 86' lang='lat' dir='ltr'><strong>contra</strong></span> <span class='ocrx_word' id='word_1_449' title='bbox 1167 3956 1434 4012; x_wconf 85' lang='lat' dir='ltr'><strong>furentem</strong></span> <span class='ocrx_word' id='word_1_450' title='bbox 1460 3957 1854 4027; x_wconf 81' lang='lat' dir='ltr'><strong>blaSphemiam</strong></span> 
     </span>
    </p>
   </div>
   <div class='ocr_carea' id='block_1_57' title="bbox 254 4049 1855 4122">
    <p class='ocr_par' dir='ltr' id='par_1_57' title="bbox 254 4049 1855 4122">
     <span class='ocr_line' id='line_1_57' title="bbox 254 4049 1855 4122; baseline 0 -18"><span class='ocrx_word' id='word_1_451' title='bbox 254 4050 513 4122; x_wconf 83' lang='lat' dir='ltr'><strong>agimus?</strong></span> <span class='ocrx_word' id='word_1_452' title='bbox 542 4049 833 4104; x_wconf 84' lang='lat' dir='ltr'><strong>Audiamus</strong></span> <span class='ocrx_word' id='word_1_453' title='bbox 882 4051 1057 4117; x_wconf 91' lang='lat' dir='ltr'><strong>ipsum</strong></span> <span class='ocrx_word' id='word_1_454' title='bbox 1090 4050 1154 4104; x_wconf 91' lang='lat' dir='ltr'><strong>ad</strong></span> <span class='ocrx_word' id='word_1_455' title='bbox 1195 4050 1493 4119; x_wconf 83' lang='lat' dir='ltr'><strong>discipulos</strong></span> <span class='ocrx_word' id='word_1_456' title='bbox 1542 4051 1855 4121; x_wconf 78' lang='lat' dir='ltr'><strong>laquentem</strong></span> 
     </span>
    </p>
   </div>
   <div class='ocr_carea' id='block_1_58' title="bbox 258 4141 1855 4213">
    <p class='ocr_par' dir='ltr' id='par_1_58' title="bbox 258 4141 1855 4213">
     <span class='ocr_line' id='line_1_58' title="bbox 258 4141 1855 4213; baseline 0 -15"><span class='ocrx_word' id='word_1_457' title='bbox 258 4144 421 4201; x_wconf 88' lang='lat' dir='ltr'><strong>Deum</strong></span> <span class='ocrx_word' id='word_1_458' title='bbox 462 4162 476 4197; x_wconf 86' lang='lat'>:</span> <span class='ocrx_word' id='word_1_459' title='bbox 516 4141 766 4211; x_wconf 78' lang='lat' dir='ltr'><strong>Inﬁrmos</strong></span> <span class='ocrx_word' id='word_1_460' title='bbox 812 4152 1008 4208; x_wconf 87' lang='lat' dir='ltr'><strong>curate,</strong></span> <span class='ocrx_word' id='word_1_461' title='bbox 1063 4153 1290 4199; x_wconf 87' lang='lat' dir='ltr'><strong>mortuos</strong></span> <span class='ocrx_word' id='word_1_462' title='bbox 1332 4142 1594 4211; x_wconf 74' lang='lat' dir='ltr'><strong>suscitata,</strong></span> <span class='ocrx_word' id='word_1_463' title='bbox 1626 4145 1855 4213; x_wconf 86' lang='lat' dir='ltr'><strong>leprosos</strong></span> 
     </span>
    </p>
   </div>
   <div class='ocr_carea' id='block_1_59' title="bbox 1948 1831 3535 1905">
    <p class='ocr_par' dir='ltr' id='par_1_59' title="bbox 1948 1831 3535 1905">
     <span class='ocr_line' id='line_1_59' title="bbox 1948 1831 3535 1905; baseline 0.003 -20"><span class='ocrx_word' id='word_1_464' title='bbox 1948 1841 2069 1885; x_wconf 87' lang='lat' dir='ltr'><strong>sent</strong></span> <span class='ocrx_word' id='word_1_465' title='bbox 2103 1847 2117 1884; x_wconf 92' lang='lat'>:</span> <span class='ocrx_word' id='word_1_466' title='bbox 2148 1831 2203 1885; x_wconf 92' lang='lat' dir='ltr'><strong>In</strong></span> <span class='ocrx_word' id='word_1_467' title='bbox 2233 1833 2450 1887; x_wconf 88' lang='lat' dir='ltr'><strong>nomine</strong></span> <span class='ocrx_word' id='word_1_468' title='bbox 2477 1842 2665 1887; x_wconf 89' lang='lat' dir='ltr'><strong>nostro</strong></span> <span class='ocrx_word' id='word_1_469' title='bbox 2692 1836 2923 1905; x_wconf 81' lang='lat' dir='ltr'><strong>surgite;</strong></span> <span class='ocrx_word' id='word_1_470' title='bbox 2952 1845 3041 1888; x_wconf 89' lang='lat' dir='ltr'><strong>aut</strong></span> <span class='ocrx_word' id='word_1_471' title='bbox 3070 1835 3278 1891; x_wconf 90' lang='lat' dir='ltr'><strong>claudis</strong></span> <span class='ocrx_word' id='word_1_472' title='bbox 3310 1853 3323 1890; x_wconf 90' lang='lat'><strong>:</strong></span> <span class='ocrx_word' id='word_1_473' title='bbox 3352 1837 3410 1890; x_wconf 94' lang='lat' dir='ltr'><strong>In</strong></span> <span class='ocrx_word' id='word_1_474' title='bbox 3438 1849 3535 1890; x_wconf 85' lang='lat' dir='ltr'><strong>no-</strong></span> 
     </span>
    </p>
   </div>
   <div class='ocr_carea' id='block_1_60' title="bbox 1949 1924 3536 1989">
    <p class='ocr_par' dir='ltr' id='par_1_60' title="bbox 1949 1924 3536 1989">
     <span class='ocr_line' id='line_1_60' title="bbox 1949 1924 3536 1989; baseline 0.003 -12"><span class='ocrx_word' id='word_1_475' title='bbox 1949 1924 2095 1978; x_wconf 89' lang='lat' dir='ltr'><strong>mine</strong></span> <span class='ocrx_word' id='word_1_476' title='bbox 2120 1932 2307 1977; x_wconf 91' lang='lat' dir='ltr'><strong>nostro</strong></span> <span class='ocrx_word' id='word_1_477' title='bbox 2336 1924 2642 1989; x_wconf 90' lang='lat' dir='ltr'><strong>ambulate;</strong></span> <span class='ocrx_word' id='word_1_478' title='bbox 2672 1933 2764 1978; x_wconf 88' lang='lat' dir='ltr'><strong>aut</strong></span> <span class='ocrx_word' id='word_1_479' title='bbox 2790 1928 3017 1981; x_wconf 90' lang='lat' dir='ltr'><strong>mortuis</strong></span> <span class='ocrx_word' id='word_1_480' title='bbox 3048 1927 3139 1980; x_wconf 87' lang='lat' dir='ltr'><strong>:In</strong></span> <span class='ocrx_word' id='word_1_481' title='bbox 3181 1926 3398 1982; x_wconf 88' lang='lat' dir='ltr'><strong>nomine</strong></span> <span class='ocrx_word' id='word_1_482' title='bbox 3437 1943 3536 1981; x_wconf 84' lang='lat' dir='ltr'><strong>no-</strong></span> 
     </span>
    </p>
   </div>
   <div class='ocr_carea' id='block_1_61' title="bbox 1949 2014 3537 2088">
    <p class='ocr_par' dir='ltr' id='par_1_61' title="bbox 1949 2014 3537 2088">
     <span class='ocr_line' id='line_1_61' title="bbox 1949 2014 3537 2088; baseline 0.003 -20"><span class='ocrx_word' id='word_1_483' title='bbox 1949 2022 2064 2068; x_wconf 91' lang='lat' dir='ltr'><strong>stro</strong></span> <span class='ocrx_word' id='word_1_484' title='bbox 2086 2014 2284 2079; x_wconf 90' lang='lat' dir='ltr'><strong>vivite;</strong></span> <span class='ocrx_word' id='word_1_485' title='bbox 2314 2023 2407 2068; x_wconf 90' lang='lat' dir='ltr'><strong>aut</strong></span> <span class='ocrx_word' id='word_1_486' title='bbox 2437 2014 2565 2069; x_wconf 84' lang='lat' dir='ltr'><strong>illud</strong></span> <span class='ocrx_word' id='word_1_487' title='bbox 2597 2014 2664 2069; x_wconf 89' lang='lat' dir='ltr'><strong>ad</strong></span> <span class='ocrx_word' id='word_1_488' title='bbox 2695 2016 2905 2086; x_wconf 90' lang='lat' dir='ltr'><strong>aliquos</strong></span> <span class='ocrx_word' id='word_1_489' title='bbox 2934 2035 2945 2069; x_wconf 93' lang='lat'>:</span> <span class='ocrx_word' id='word_1_490' title='bbox 2981 2018 3181 2072; x_wconf 89' lang='lat' dir='ltr'><strong>Damus</strong></span> <span class='ocrx_word' id='word_1_491' title='bbox 3209 2018 3361 2073; x_wconf 88' lang='lat' dir='ltr'><strong>vobis</strong></span> <span class='ocrx_word' id='word_1_492' title='bbox 3384 2028 3537 2088; x_wconf 86' lang='lat' dir='ltr'><strong>pote-</strong></span> 
     </span>
    </p>
   </div>
   <div class='ocr_carea' id='block_1_62' title="bbox 1948 2105 3539 2178">
    <p class='ocr_par' dir='ltr' id='par_1_62' title="bbox 1948 2105 3539 2178">
     <span class='ocr_line' id='line_1_62' title="bbox 1948 2105 3539 2178; baseline 0.003 -18"><span class='ocrx_word' id='word_1_493' title='bbox 1948 2113 2141 2160; x_wconf 91' lang='lat' dir='ltr'><strong>statem</strong></span> <span class='ocrx_word' id='word_1_494' title='bbox 2193 2105 2437 2160; x_wconf 85' lang='lat' dir='ltr'><strong>calcandi</strong></span> <span class='ocrx_word' id='word_1_495' title='bbox 2487 2121 2651 2176; x_wconf 90' lang='lat' dir='ltr'><strong>super</strong></span> <span class='ocrx_word' id='word_1_496' title='bbox 2691 2116 2995 2176; x_wconf 88' lang='lat' dir='ltr'><strong>serpentes,</strong></span> <span class='ocrx_word' id='word_1_497' title='bbox 3025 2118 3078 2163; x_wconf 90' lang='lat' dir='ltr'><strong>et</strong></span> <span class='ocrx_word' id='word_1_498' title='bbox 3108 2110 3446 2178; x_wconf 88' lang='lat' dir='ltr'><strong>scorpiones,</strong></span> <span class='ocrx_word' id='word_1_499' title='bbox 3483 2117 3539 2164; x_wconf 90' lang='lat' dir='ltr'><strong>et</strong></span> 
     </span>
    </p>
   </div>
   <div class='ocr_carea' id='block_1_63' title="bbox 1948 2197 3541 2269">
    <p class='ocr_par' dir='ltr' id='par_1_63' title="bbox 1948 2197 3541 2269">
     <span class='ocr_line' id='line_1_63' title="bbox 1948 2197 3541 2269; baseline 0.003 -19"><span class='ocrx_word' id='word_1_500' title='bbox 1948 2210 2111 2265; x_wconf 88' lang='lat' dir='ltr'><strong>super</strong></span> <span class='ocrx_word' id='word_1_501' title='bbox 2135 2211 2349 2250; x_wconf 90' lang='lat' dir='ltr'><strong>omnem</strong></span> <span class='ocrx_word' id='word_1_502' title='bbox 2382 2204 2705 2266; x_wconf 88' lang='lat' dir='ltr'><strong>potestatem</strong></span> <span class='ocrx_word' id='word_1_503' title='bbox 2737 2197 2977 2253; x_wconf 83' lang='lat' dir='ltr'><strong>inimici?</strong></span> <span class='ocrx_word' id='word_1_504' title='bbox 3006 2198 3268 2268; x_wconf 82' lang='lat' dir='ltr'><strong>Intelligis</strong></span> <span class='ocrx_word' id='word_1_505' title='bbox 3298 2213 3428 2269; x_wconf 84' lang='lat' dir='ltr'><strong>ergo</strong></span> <span class='ocrx_word' id='word_1_506' title='bbox 3471 2214 3541 2255; x_wconf 75' lang='lat' dir='ltr'><strong>ex</strong></span> 
     </span>
    </p>
   </div>
   <div class='ocr_carea' id='block_1_64' title="bbox 1950 2286 3542 2360">
    <p class='ocr_par' dir='ltr' id='par_1_64' title="bbox 1950 2286 3542 2360">
     <span class='ocr_line' id='line_1_64' title="bbox 1950 2286 3542 2360; baseline 0.003 -19"><span class='ocrx_word' id='word_1_507' title='bbox 1950 2286 2053 2343; x_wconf 89' lang='lat' dir='ltr'><strong>hoc</strong></span> <span class='ocrx_word' id='word_1_508' title='bbox 2102 2288 2220 2355; x_wconf 91' lang='lat' dir='ltr'><strong>ipso</strong></span> <span class='ocrx_word' id='word_1_509' title='bbox 2251 2289 2514 2343; x_wconf 89' lang='lat' dir='ltr'><strong>insaniam</strong></span> <span class='ocrx_word' id='word_1_510' title='bbox 2548 2298 2695 2344; x_wconf 90' lang='lat' dir='ltr'><strong>tuam</strong></span> <span class='ocrx_word' id='word_1_511' title='bbox 2723 2308 2735 2342; x_wconf 93' lang='lat'><strong>:</strong></span> <span class='ocrx_word' id='word_1_512' title='bbox 2766 2292 2889 2360; x_wconf 89' lang='lat' dir='ltr'><strong>quia</strong></span> <span class='ocrx_word' id='word_1_513' title='bbox 2916 2291 3058 2347; x_wconf 87' lang='lat' dir='ltr'><strong>sicut</strong></span> <span class='ocrx_word' id='word_1_514' title='bbox 3096 2291 3215 2347; x_wconf 62' lang='lat' dir='ltr'><strong>haec</strong></span> <span class='ocrx_word' id='word_1_515' title='bbox 3241 2291 3406 2348; x_wconf 90' lang='lat' dir='ltr'><strong>verba</strong></span> <span class='ocrx_word' id='word_1_516' title='bbox 3457 2292 3542 2347; x_wconf 83' lang='lat' dir='ltr'><strong>in-</strong></span> 
     </span>
    </p>
   </div>
   <div class='ocr_carea' id='block_1_65' title="bbox 1950 2382 3542 2454">
    <p class='ocr_par' dir='ltr' id='par_1_65' title="bbox 1950 2382 3542 2454">
     <span class='ocr_line' id='line_1_65' title="bbox 1950 2382 3542 2454; baseline 0.002 -18"><span class='ocrx_word' id='word_1_517' title='bbox 1950 2394 2080 2436; x_wconf 89' lang='lat' dir='ltr'><strong>sana</strong></span> <span class='ocrx_word' id='word_1_518' title='bbox 2103 2390 2247 2448; x_wconf 89' lang='lat' dir='ltr'><strong>sunt,</strong></span> <span class='ocrx_word' id='word_1_519' title='bbox 2280 2382 2327 2436; x_wconf 90' lang='lat' dir='ltr'><strong>si</strong></span> <span class='ocrx_word' id='word_1_520' title='bbox 2350 2382 2458 2437; x_wconf 90' lang='lat' dir='ltr'><strong>sint</strong></span> <span class='ocrx_word' id='word_1_521' title='bbox 2484 2382 2732 2438; x_wconf 72' lang='lat' dir='ltr'><strong>humana:</strong></span> <span class='ocrx_word' id='word_1_522' title='bbox 2761 2384 3202 2454; x_wconf 85' lang='lat' dir='ltr'><strong>praesumptionis</strong></span> <span class='ocrx_word' id='word_1_523' title='bbox 3225 2426 3239 2452; x_wconf 94' lang='lat'><strong>,</strong></span> <span class='ocrx_word' id='word_1_524' title='bbox 3268 2386 3340 2438; x_wconf 92' lang='lat' dir='ltr'><strong>ita</strong></span> <span class='ocrx_word' id='word_1_525' title='bbox 3375 2393 3429 2438; x_wconf 92' lang='lat' dir='ltr'><strong>tu</strong></span> <span class='ocrx_word' id='word_1_526' title='bbox 3459 2384 3542 2439; x_wconf 91' lang='lat' dir='ltr'><strong>in-</strong></span> 
     </span>
    </p>
   </div>
   <div class='ocr_carea' id='block_1_66' title="bbox 1950 2476 3537 2550">
    <p class='ocr_par' dir='ltr' id='par_1_66' title="bbox 1950 2476 3537 2550">
     <span class='ocr_line' id='line_1_66' title="bbox 1950 2476 3537 2550; baseline 0.001 -21"><span class='ocrx_word' id='word_1_527' title='bbox 1950 2476 2287 2542; x_wconf 90' lang='lat' dir='ltr'><strong>sanissimus,</strong></span> <span class='ocrx_word' id='word_1_528' title='bbox 2318 2476 2407 2547; x_wconf 90' lang='lat' dir='ltr'><strong>qui</strong></span> <span class='ocrx_word' id='word_1_529' title='bbox 2434 2476 2632 2531; x_wconf 73' lang='lat' dir='ltr'><strong>divina:</strong></span> <span class='ocrx_word' id='word_1_530' title='bbox 2660 2476 2773 2533; x_wconf 66' lang='lat' dir='ltr'><strong>haec</strong></span> <span class='ocrx_word' id='word_1_531' title='bbox 2802 2494 2910 2533; x_wconf 90' lang='lat' dir='ltr'><strong>non</strong></span> <span class='ocrx_word' id='word_1_532' title='bbox 2938 2478 3197 2549; x_wconf 85' lang='lat' dir='ltr'><strong>intelligis</strong></span> <span class='ocrx_word' id='word_1_533' title='bbox 3228 2478 3537 2550; x_wconf 89' lang='lat' dir='ltr'><strong>potestatis.</strong></span> 
     </span>
    </p>
   </div>
   <div class='ocr_carea' id='block_1_67' title="bbox 1952 2567 3543 2639">
    <p class='ocr_par' dir='ltr' id='par_1_67' title="bbox 1952 2567 3543 2639">
     <span class='ocr_line' id='line_1_67' title="bbox 1952 2567 3543 2639; baseline 0.003 -18"><span class='ocrx_word' id='word_1_534' title='bbox 1952 2567 2035 2622; x_wconf 82' lang='lat' dir='ltr'><strong>Ex</strong></span> <span class='ocrx_word' id='word_1_535' title='bbox 2067 2569 2276 2624; x_wconf 90' lang='lat' dir='ltr'><strong>duobus</strong></span> <span class='ocrx_word' id='word_1_536' title='bbox 2305 2570 2447 2625; x_wconf 91' lang='lat' dir='ltr'><strong>enim</strong></span> <span class='ocrx_word' id='word_1_537' title='bbox 2478 2571 2706 2626; x_wconf 90' lang='lat' dir='ltr'><strong>alterum</strong></span> <span class='ocrx_word' id='word_1_538' title='bbox 2730 2572 3039 2628; x_wconf 84' lang='lat' dir='ltr'><strong>conﬁtearis</strong></span> <span class='ocrx_word' id='word_1_539' title='bbox 3069 2587 3295 2629; x_wconf 87' lang='lat' dir='ltr'><strong>necesse</strong></span> <span class='ocrx_word' id='word_1_540' title='bbox 3317 2579 3425 2639; x_wconf 88' lang='lat' dir='ltr'><strong>est,</strong></span> <span class='ocrx_word' id='word_1_541' title='bbox 3450 2578 3543 2626; x_wconf 83' lang='lat' dir='ltr'><strong>aut</strong></span> 
     </span>
    </p>
   </div>
   <div class='ocr_carea' id='block_1_68' title="bbox 1954 2660 3542 2732">
    <p class='ocr_par' dir='ltr' id='par_1_68' title="bbox 1954 2660 3542 2732">
     <span class='ocr_line' id='line_1_68' title="bbox 1954 2660 3542 2732; baseline 0.002 -18"><span class='ocrx_word' id='word_1_542' title='bbox 1954 2674 2113 2729; x_wconf 91' lang='lat' dir='ltr'><strong>posse</strong></span> <span class='ocrx_word' id='word_1_543' title='bbox 2142 2660 2415 2717; x_wconf 91' lang='lat' dir='ltr'><strong>hominem</strong></span> <span class='ocrx_word' id='word_1_544' title='bbox 2441 2660 2677 2717; x_wconf 88' lang='lat' dir='ltr'><strong>divinam</strong></span> <span class='ocrx_word' id='word_1_545' title='bbox 2705 2671 3030 2732; x_wconf 90' lang='lat' dir='ltr'><strong>potestatem</strong></span> <span class='ocrx_word' id='word_1_546' title='bbox 3060 2672 3116 2720; x_wconf 90' lang='lat' dir='ltr'><strong>et</strong></span> <span class='ocrx_word' id='word_1_547' title='bbox 3137 2665 3339 2720; x_wconf 90' lang='lat' dir='ltr'><strong>habere</strong></span> <span class='ocrx_word' id='word_1_548' title='bbox 3361 2674 3417 2718; x_wconf 91' lang='lat' dir='ltr'><strong>et</strong></span> <span class='ocrx_word' id='word_1_549' title='bbox 3440 2662 3542 2718; x_wconf 80' lang='lat' dir='ltr'><strong>da—</strong></span> 
     </span>
    </p>
   </div>
   <div class='ocr_carea' id='block_1_69' title="bbox 1954 2755 3541 2824">
    <p class='ocr_par' dir='ltr' id='par_1_69' title="bbox 1954 2755 3541 2824">
     <span class='ocr_line' id='line_1_69' title="bbox 1954 2755 3541 2824; baseline 0.001 -16"><span class='ocrx_word' id='word_1_550' title='bbox 1954 2769 2047 2820; x_wconf 90' lang='lat' dir='ltr'><strong>re;</strong></span> <span class='ocrx_word' id='word_1_551' title='bbox 2100 2764 2191 2810; x_wconf 89' lang='lat' dir='ltr'><strong>aut</strong></span> <span class='ocrx_word' id='word_1_552' title='bbox 2242 2763 2391 2810; x_wconf 89' lang='lat' dir='ltr'><strong>certe</strong></span> <span class='ocrx_word' id='word_1_553' title='bbox 2420 2756 2466 2811; x_wconf 92' lang='lat' dir='ltr'><strong>si</strong></span> <span class='ocrx_word' id='word_1_554' title='bbox 2498 2756 2680 2811; x_wconf 90' lang='lat' dir='ltr'><strong>nullus</strong></span> <span class='ocrx_word' id='word_1_555' title='bbox 2709 2759 2930 2813; x_wconf 91' lang='lat' dir='ltr'><strong>omnino</strong></span> <span class='ocrx_word' id='word_1_556' title='bbox 2952 2758 3232 2812; x_wconf 90' lang='lat' dir='ltr'><strong>hominum</strong></span> <span class='ocrx_word' id='word_1_557' title='bbox 3258 2755 3315 2811; x_wconf 91' lang='lat' dir='ltr'><strong>id</strong></span> <span class='ocrx_word' id='word_1_558' title='bbox 3340 2763 3541 2824; x_wconf 86' lang='lat' dir='ltr'><strong>potest,</strong></span> 
     </span>
    </p>
   </div>
   <div class='ocr_carea' id='block_1_70' title="bbox 1956 2847 3544 2919">
    <p class='ocr_par' dir='ltr' id='par_1_70' title="bbox 1956 2847 3544 2919">
     <span class='ocr_line' id='line_1_70' title="bbox 1956 2847 3544 2919; baseline 0 -17"><span class='ocrx_word' id='word_1_559' title='bbox 1956 2848 2126 2903; x_wconf 91' lang='lat' dir='ltr'><strong>Deum</strong></span> <span class='ocrx_word' id='word_1_560' title='bbox 2147 2848 2312 2903; x_wconf 85' lang='lat' dir='ltr'><strong>fuisse</strong></span> <span class='ocrx_word' id='word_1_561' title='bbox 2336 2850 2426 2918; x_wconf 90' lang='lat' dir='ltr'><strong>qui</strong></span> <span class='ocrx_word' id='word_1_562' title='bbox 2458 2851 2653 2919; x_wconf 90' lang='lat' dir='ltr'><strong>potuit.</strong></span> <span class='ocrx_word' id='word_1_563' title='bbox 2673 2849 2841 2905; x_wconf 88' lang='lat' dir='ltr'><strong>Nemo</strong></span> <span class='ocrx_word' id='word_1_564' title='bbox 2862 2851 3007 2906; x_wconf 92' lang='lat' dir='ltr'><strong>enim</strong></span> <span class='ocrx_word' id='word_1_565' title='bbox 3030 2848 3267 2903; x_wconf 90' lang='lat' dir='ltr'><strong>divinam</strong></span> <span class='ocrx_word' id='word_1_566' title='bbox 3289 2847 3544 2902; x_wconf 80' lang='lat' dir='ltr'><strong>virtutem</strong></span> 
     </span>
    </p>
   </div>
   <div class='ocr_carea' id='block_1_71' title="bbox 1957 2937 3545 3011">
    <p class='ocr_par' dir='ltr' id='par_1_71' title="bbox 1957 2937 3545 3011">
     <span class='ocr_line' id='line_1_71' title="bbox 1957 2937 3545 3011; baseline 0.001 -18"><span class='ocrx_word' id='word_1_567' title='bbox 1957 2948 2140 3009; x_wconf 88' lang='lat' dir='ltr'><strong>potest</strong></span> <span class='ocrx_word' id='word_1_568' title='bbox 2172 2940 2409 2995; x_wconf 89' lang='lat' dir='ltr'><strong>tribuere</strong></span> <span class='ocrx_word' id='word_1_569' title='bbox 2438 2940 2491 2995; x_wconf 88' lang='lat' dir='ltr'><strong>in</strong></span> <span class='ocrx_word' id='word_1_570' title='bbox 2519 2941 2910 3011; x_wconf 86' lang='lat' dir='ltr'><strong>munificentia,</strong></span> <span class='ocrx_word' id='word_1_571' title='bbox 2941 2940 3049 2996; x_wconf 91' lang='lat' dir='ltr'><strong>nisi</strong></span> <span class='ocrx_word' id='word_1_572' title='bbox 3074 2938 3166 3008; x_wconf 90' lang='lat' dir='ltr'><strong>qui</strong></span> <span class='ocrx_word' id='word_1_573' title='bbox 3198 2937 3449 2994; x_wconf 85' lang='lat' dir='ltr'><strong>habuerit</strong></span> <span class='ocrx_word' id='word_1_574' title='bbox 3490 2939 3545 2996; x_wconf 91' lang='lat' dir='ltr'><strong>in</strong></span> 
     </span>
    </p>
   </div>
   <div class='ocr_carea' id='block_1_72' title="bbox 1961 3042 2173 3086">
    <p class='ocr_par' dir='ltr' id='par_1_72' title="bbox 1961 3042 2173 3086">
     <span class='ocr_line' id='line_1_72' title="bbox 1961 3042 2173 3086; baseline -0.005 0"><span class='ocrx_word' id='word_1_575' title='bbox 1961 3042 2173 3086; x_wconf 90' lang='lat' dir='ltr'><strong>natura.</strong></span> 
     </span>
    </p>
   </div>
   <div class='ocr_carea' id='block_1_73' title="bbox 2557 3145 2964 3201">
    <p class='ocr_par' dir='ltr' id='par_1_73' title="bbox 2557 3145 2964 3201">
     <span class='ocr_line' id='line_1_73' title="bbox 2557 3145 2964 3201; baseline -0.002 -1"><span class='ocrx_word' id='word_1_576' title='bbox 2557 3145 2784 3201; x_wconf 83' lang='lat' dir='ltr'><strong>CAPUT</strong></span> <span class='ocrx_word' id='word_1_577' title='bbox 2822 3145 2964 3201; x_wconf 76' lang='lat' dir='ltr'><strong>XXI.</strong></span> 
     </span>
    </p>
   </div>
   <div class='ocr_carea' id='block_1_74' title="bbox 1965 3283 3549 3357">
    <p class='ocr_par' dir='ltr' id='par_1_74' title="bbox 1965 3283 3549 3357">
     <span class='ocr_line' id='line_1_74' title="bbox 1965 3283 3549 3357; baseline 0.003 -18"><span class='ocrx_word' id='word_1_578' title='bbox 1965 3284 2170 3340; x_wconf 77' lang='lat' dir='ltr'><strong>Christo</strong></span> <span class='ocrx_word' id='word_1_579' title='bbox 2216 3283 2430 3357; x_wconf 80' lang='lat' dir='ltr'><strong>perinde</strong></span> <span class='ocrx_word' id='word_1_580' title='bbox 2489 3290 2639 3354; x_wconf 85' lang='lat' dir='ltr'><strong>atque</strong></span> <span class='ocrx_word' id='word_1_581' title='bbox 2691 3285 2916 3355; x_wconf 86' lang='lat' dir='ltr'><strong>Spiritui</strong></span> <span class='ocrx_word' id='word_1_582' title='bbox 2968 3291 3147 3340; x_wconf 85' lang='lat' dir='ltr'><strong>saneto</strong></span> <span class='ocrx_word' id='word_1_583' title='bbox 3195 3285 3549 3344; x_wconf 84' lang='lat' dir='ltr'><strong>ascribendum</strong></span> 
     </span>
    </p>
   </div>
   <div class='ocr_carea' id='block_1_75' title="bbox 2034 3355 3549 3498">
    <p class='ocr_par' dir='ltr' id='par_1_75' title="bbox 2034 3355 3549 3498">
     <span class='ocr_line' id='line_1_75' title="bbox 2034 3355 3549 3498; baseline 0.004 -89"><span class='ocrx_word' id='word_1_584' title='bbox 2034 3373 2163 3498; x_wconf 52' lang='lat' dir='ltr'><strong>isse,</strong></span> <span class='ocrx_word' id='word_1_585' title='bbox 2214 3355 2353 3439; x_wconf 62' lang='lat' dir='ltr'><strong>quod</strong></span> <span class='ocrx_word' id='word_1_586' title='bbox 2409 3370 2532 3409; x_wconf 85' lang='lat' dir='ltr'><strong>caro</strong></span> <span class='ocrx_word' id='word_1_587' title='bbox 2581 3366 2629 3408; x_wconf 89' lang='lat' dir='ltr'><strong>et</strong></span> <span class='ocrx_word' id='word_1_588' title='bbox 2671 3357 2964 3411; x_wconf 84' lang='lat' dir='ltr'><strong>humanitas</strong></span> <span class='ocrx_word' id='word_1_589' title='bbox 3011 3359 3125 3428; x_wconf 80' lang='lat' dir='ltr'><strong>ejus</strong></span> <span class='ocrx_word' id='word_1_590' title='bbox 3167 3358 3414 3427; x_wconf 87' lang='lat' dir='ltr'><strong>templum</strong></span> <span class='ocrx_word' id='word_1_591' title='bbox 3456 3361 3549 3416; x_wconf 76' lang='lat' dir='ltr'><strong>Dei</strong></span> 
     </span>
     <span class='ocr_line' id='line_1_76' title="bbox 2060 3438 2296 3481; baseline -0.004 0"><span class='ocrx_word' id='word_1_592' title='bbox 2060 3438 2174 3481; x_wconf 87' lang='lat' dir='ltr'><strong>acta</strong></span> <span class='ocrx_word' id='word_1_593' title='bbox 2205 3438 2296 3481; x_wconf 81' lang='lat' dir='ltr'><strong>sit.</strong></span> 
     </span>
    </p>
   </div>
   <div class='ocr_carea' id='block_1_76' title="bbox 2060 3438 2296 3481">
    <p class='ocr_par' dir='ltr' id='par_1_76' title="bbox 2060 3438 2296 3481">
     <span class='ocr_line' id='line_1_77' title="bbox 2060 3438 2296 3481; baseline -0.004 0"><span class='ocrx_word' id='word_1_594' title='bbox 2060 3438 2174 3481; x_wconf 80' lang='lat' dir='ltr'><strong>&#39;acta</strong></span> <span class='ocrx_word' id='word_1_595' title='bbox 2205 3438 2296 3481; x_wconf 83' lang='lat' dir='ltr'><strong>sit.</strong></span> 
     </span>
    </p>
   </div>
   <div class='ocr_carea' id='block_1_77' title="bbox 2031 3585 3552 3663">
    <p class='ocr_par' dir='ltr' id='par_1_77' title="bbox 2031 3585 3552 3663">
     <span class='ocr_line' id='line_1_78' title="bbox 2031 3585 3552 3663; baseline 0.005 -21"><span class='ocrx_word' id='word_1_596' title='bbox 2031 3585 2287 3656; x_wconf 87' lang='lat' dir='ltr'><strong>Sequitur</strong></span> <span class='ocrx_word' id='word_1_597' title='bbox 2314 3597 2491 3644; x_wconf 90' lang='lat' dir='ltr'><strong>autem</strong></span> <span class='ocrx_word' id='word_1_598' title='bbox 2520 3589 2572 3643; x_wconf 91' lang='lat' dir='ltr'><strong>in</strong></span> <span class='ocrx_word' id='word_1_599' title='bbox 2596 3589 2933 3659; x_wconf 88' lang='lat' dir='ltr'><strong>blasphemia</strong></span> <span class='ocrx_word' id='word_1_600' title='bbox 2965 3599 3078 3658; x_wconf 87' lang='lat' dir='ltr'><strong>tua,</strong></span> <span class='ocrx_word' id='word_1_601' title='bbox 3106 3590 3252 3661; x_wconf 89' lang='lat' dir='ltr'><strong>quod</strong></span> <span class='ocrx_word' id='word_1_602' title='bbox 3276 3606 3407 3647; x_wconf 90' lang='lat' dir='ltr'><strong>caro</strong></span> <span class='ocrx_word' id='word_1_603' title='bbox 3435 3592 3552 3663; x_wconf 84' lang='lat' dir='ltr'><strong>ejus</strong></span> 
     </span>
    </p>
   </div>
   <div class='ocr_carea' id='block_1_78' title="bbox 1960 3680 3551 3753">
    <p class='ocr_par' dir='ltr' id='par_1_78' title="bbox 1960 3680 3551 3753">
     <span class='ocr_line' id='line_1_79' title="bbox 1960 3680 3551 3753; baseline 0.006 -21"><span class='ocrx_word' id='word_1_604' title='bbox 1960 3680 2218 3749; x_wconf 87' lang='lat' dir='ltr'><strong>templum</strong></span> <span class='ocrx_word' id='word_1_605' title='bbox 2251 3696 2281 3735; x_wconf 89' lang='lat' dir='ltr'><strong>a</strong></span> <span class='ocrx_word' id='word_1_606' title='bbox 2301 3681 2504 3750; x_wconf 91' lang='lat' dir='ltr'><strong>Spiritu</strong></span> <span class='ocrx_word' id='word_1_607' title='bbox 2534 3681 2675 3736; x_wconf 90' lang='lat' dir='ltr'><strong>facta</strong></span> <span class='ocrx_word' id='word_1_608' title='bbox 2705 3683 2797 3747; x_wconf 90' lang='lat' dir='ltr'><strong>sit,</strong></span> <span class='ocrx_word' id='word_1_609' title='bbox 2827 3684 2954 3739; x_wconf 91' lang='lat' dir='ltr'><strong>ideo</strong></span> <span class='ocrx_word' id='word_1_610' title='bbox 2984 3684 3110 3753; x_wconf 87' lang='lat' dir='ltr'><strong>quia</strong></span> <span class='ocrx_word' id='word_1_611' title='bbox 3136 3685 3377 3741; x_wconf 84' lang='lat' dir='ltr'><strong>Joannes</strong></span> <span class='ocrx_word' id='word_1_612' title='bbox 3401 3685 3551 3741; x_wconf 78' lang='lat' dir='ltr'><strong>dixe-</strong></span> 
     </span>
    </p>
   </div>
   <div class='ocr_carea' id='block_1_79' title="bbox 1959 3770 3552 3842">
    <p class='ocr_par' dir='ltr' id='par_1_79' title="bbox 1959 3770 3552 3842">
     <span class='ocr_line' id='line_1_80' title="bbox 1959 3770 3552 3842; baseline 0.003 -16"><span class='ocrx_word' id='word_1_613' title='bbox 1959 3772 2066 3826; x_wconf 87' lang='lat' dir='ltr'><strong>rit:</strong></span> <span class='ocrx_word' id='word_1_614' title='bbox 2109 3770 2228 3824; x_wconf 88' lang='lat' dir='ltr'><strong>Vidi</strong></span> <span class='ocrx_word' id='word_1_615' title='bbox 2265 3773 2408 3825; x_wconf 88' lang='lat' dir='ltr'><strong>enim</strong></span> <span class='ocrx_word' id='word_1_616' title='bbox 2461 3771 2719 3839; x_wconf 86' lang='lat' dir='ltr'><strong>Spiritum</strong></span> <span class='ocrx_word' id='word_1_617' title='bbox 2769 3773 3151 3828; x_wconf 89' lang='lat' dir='ltr'><strong>descendentem</strong></span> <span class='ocrx_word' id='word_1_618' title='bbox 3199 3777 3264 3828; x_wconf 86' lang='lat' dir='ltr'><strong>de</strong></span> <span class='ocrx_word' id='word_1_619' title='bbox 3310 3778 3456 3842; x_wconf 73' lang='lat' dir='ltr'><strong>cmlo,</strong></span> <span class='ocrx_word' id='word_1_620' title='bbox 3504 3788 3552 3832; x_wconf 87' lang='lat' dir='ltr'><strong>et</strong></span> 
     </span>
    </p>
   </div>
   <div class='ocr_carea' id='block_1_80' title="bbox 1960 3861 3551 3934">
    <p class='ocr_par' dir='ltr' id='par_1_80' title="bbox 1960 3861 3551 3934">
     <span class='ocr_line' id='line_1_81' title="bbox 1960 3861 3551 3934; baseline 0.004 -19"><span class='ocrx_word' id='word_1_621' title='bbox 1960 3872 2249 3917; x_wconf 85' lang='lat' dir='ltr'><strong>manentem</strong></span> <span class='ocrx_word' id='word_1_622' title='bbox 2280 3879 2434 3933; x_wconf 86' lang='lat' dir='ltr'><strong>super</strong></span> <span class='ocrx_word' id='word_1_623' title='bbox 2455 3879 2572 3915; x_wconf 89' lang='lat' dir='ltr'><strong>eum</strong></span> <span class='ocrx_word' id='word_1_624' title='bbox 2603 3862 2781 3933; x_wconf 86' lang='lat' dir='ltr'><strong>(Joan.</strong></span> <span class='ocrx_word' id='word_1_625' title='bbox 2815 3861 2885 3934; x_wconf 84' lang='grc' dir='ltr'><strong>ι).</strong></span> <span class='ocrx_word' id='word_1_626' title='bbox 2916 3863 3053 3929; x_wconf 82' lang='lat' dir='ltr'><strong>Quia</strong></span> <span class='ocrx_word' id='word_1_627' title='bbox 3085 3865 3345 3921; x_wconf 87' lang='lat' dir='ltr'><strong>furiosam</strong></span> <span class='ocrx_word' id='word_1_628' title='bbox 3370 3882 3551 3922; x_wconf 87' lang='lat' dir='ltr'><strong>asser-</strong></span> 
     </span>
    </p>
   </div>
   <div class='ocr_carea' id='block_1_81' title="bbox 1961 3954 3552 4015">
    <p class='ocr_par' dir='ltr' id='par_1_81' title="bbox 1961 3954 3552 4015">
     <span class='ocr_line' id='line_1_82' title="bbox 1961 3954 3552 4015; baseline 0.003 -5"><span class='ocrx_word' id='word_1_629' title='bbox 1961 3957 2165 4011; x_wconf 90' lang='lat' dir='ltr'><strong>tionem</strong></span> <span class='ocrx_word' id='word_1_630' title='bbox 2207 3966 2351 4010; x_wconf 89' lang='lat' dir='ltr'><strong>tuam</strong></span> <span class='ocrx_word' id='word_1_631' title='bbox 2399 3956 2561 4011; x_wconf 90' lang='lat' dir='ltr'><strong>etiam</strong></span> <span class='ocrx_word' id='word_1_632' title='bbox 2612 3954 2810 4010; x_wconf 90' lang='lat' dir='ltr'><strong>divinis</strong></span> <span class='ocrx_word' id='word_1_633' title='bbox 2860 3954 3185 4011; x_wconf 88' lang='lat' dir='ltr'><strong>testimoniis</strong></span> <span class='ocrx_word' id='word_1_634' title='bbox 3228 3957 3552 4015; x_wconf 85' lang='lat' dir='ltr'><strong>confirmare</strong></span> 
     </span>
    </p>
   </div>
   <div class='ocr_carea' id='block_1_82' title="bbox 1961 4048 3552 4122">
    <p class='ocr_par' dir='ltr' id='par_1_82' title="bbox 1961 4048 3552 4122">
     <span class='ocr_line' id='line_1_83' title="bbox 1961 4048 3552 4122; baseline 0.002 -17"><span class='ocrx_word' id='word_1_635' title='bbox 1961 4051 2175 4105; x_wconf 90' lang='lat' dir='ltr'><strong>conaris</strong></span> <span class='ocrx_word' id='word_1_636' title='bbox 2210 4067 2224 4103; x_wconf 87' lang='lat'><strong>:</strong></span> <span class='ocrx_word' id='word_1_637' title='bbox 2254 4065 2415 4120; x_wconf 91' lang='lat' dir='ltr'><strong>quam</strong></span> <span class='ocrx_word' id='word_1_638' title='bbox 2447 4050 2518 4105; x_wconf 89' lang='lat' dir='ltr'><strong>ob</strong></span> <span class='ocrx_word' id='word_1_639' title='bbox 2544 4063 2762 4104; x_wconf 90' lang='lat' dir='ltr'><strong>causam</strong></span> <span class='ocrx_word' id='word_1_640' title='bbox 2808 4048 3090 4105; x_wconf 90' lang='lat' dir='ltr'><strong>videamus</strong></span> <span class='ocrx_word' id='word_1_641' title='bbox 3129 4065 3196 4105; x_wconf 91' lang='lat' dir='ltr'><strong>an</strong></span> <span class='ocrx_word' id='word_1_642' title='bbox 3243 4049 3367 4117; x_wconf 89' lang='lat' dir='ltr'><strong>hoc,</strong></span> <span class='ocrx_word' id='word_1_643' title='bbox 3409 4053 3552 4122; x_wconf 87' lang='lat' dir='ltr'><strong>quod</strong></span> 
     </span>
    </p>
   </div>
   <div class='ocr_carea' id='block_1_83' title="bbox 1958 4141 3551 4211">
    <p class='ocr_par' dir='ltr' id='par_1_83' title="bbox 1958 4141 3551 4211">
     <span class='ocr_line' id='line_1_84' title="bbox 1958 4141 3551 4211; baseline 0.002 -14"><span class='ocrx_word' id='word_1_644' title='bbox 1958 4153 2016 4199; x_wconf 87' lang='lat' dir='ltr'><strong>tu</strong></span> <span class='ocrx_word' id='word_1_645' title='bbox 2048 4144 2151 4210; x_wconf 89' lang='lat' dir='ltr'><strong>ais,</strong></span> <span class='ocrx_word' id='word_1_646' title='bbox 2184 4144 2553 4200; x_wconf 90' lang='lat' dir='ltr'><strong>testimonium</strong></span> <span class='ocrx_word' id='word_1_647' title='bbox 2582 4157 2797 4199; x_wconf 91' lang='lat' dir='ltr'><strong>sacrum</strong></span> <span class='ocrx_word' id='word_1_648' title='bbox 2817 4143 3036 4200; x_wconf 83' lang='lat' dir='ltr'><strong>dixerit.</strong></span> <span class='ocrx_word' id='word_1_649' title='bbox 3067 4153 3089 4182; x_wconf 83' lang='grc' dir='ltr'><strong>ο</strong></span> <span class='ocrx_word' id='word_1_650' title='bbox 3121 4141 3242 4198; x_wconf 84' lang='lat' dir='ltr'><strong>Vidi</strong></span> <span class='ocrx_word' id='word_1_651' title='bbox 3267 4143 3432 4211; x_wconf 90' lang='lat' dir='ltr'><strong>enim,</strong></span> <span class='ocrx_word' id='word_1_652' title='bbox 3464 4145 3551 4200; x_wconf 85' lang='lat' dir='ltr'><strong>in-</strong></span> 
     </span>
    </p>
   </div>
   <div class='ocr_carea' id='block_1_84' title="bbox 1333 4279 2467 4338">
    <p class='ocr_par' dir='ltr' id='par_1_84' title="bbox 1333 4279 2467 4338">
     <span class='ocr_line' id='line_1_85' title="bbox 1333 4279 2467 4338; baseline -0.004 0"><span class='ocrx_word' id='word_1_653' title='bbox 1333 4282 1591 4338; x_wconf 79' lang='lat' dir='ltr'><strong>ALARDI</strong></span> <span class='ocrx_word' id='word_1_654' title='bbox 1630 4281 1863 4338; x_wconf 70' lang='lat' dir='ltr'><strong>GAZASI</strong></span> <span class='ocrx_word' id='word_1_655' title='bbox 1901 4279 2467 4337; x_wconf 83' lang='lat' dir='ltr'><strong>COMMENTARIUS.</strong></span> 
     </span>
    </p>
   </div>
   <div class='ocr_carea' id='block_1_85' title="bbox 323 4391 3543 4479">
    <p class='ocr_par' dir='ltr' id='par_1_85' title="bbox 323 4391 3543 4479">
     <span class='ocr_line' id='line_1_86' title="bbox 323 4391 3543 4479; baseline 0.001 -28"><span class='ocrx_word' id='word_1_656' title='bbox 323 4399 349 4426; x_wconf 80' lang='grc'><strong>⁸</strong></span> <span class='ocrx_word' id='word_1_657' title='bbox 388 4397 645 4479; x_wconf 74' lang='lat' dir='ltr'><strong>Observa</strong></span> <span class='ocrx_word' id='word_1_658' title='bbox 675 4394 759 4449; x_wconf 91' lang='lat' dir='ltr'><strong>hic</strong></span> <span class='ocrx_word' id='word_1_659' title='bbox 786 4393 1074 4475; x_wconf 84' lang='lat' dir='ltr'><strong>discrimen</strong></span> <span class='ocrx_word' id='word_1_660' title='bbox 1099 4392 1616 4479; x_wconf 35' lang='lat' dir='ltr'><strong>interiChristumIet</strong></span> <span class='ocrx_word' id='word_1_661' title='bbox 1636 4402 1849 4479; x_wconf 52' lang='lat' dir='ltr'><strong>a&#39;posto-</strong></span> <span class='ocrx_word' id='word_1_662' title='bbox 1876 4394 1927 4452; x_wconf 91' lang='lat' dir='ltr'><strong>D</strong></span> <span class='ocrx_word' id='word_1_663' title='bbox 1953 4391 2541 4479; x_wconf 13' lang='lat' dir='ltr'><strong>gPdIrTIIXI‘tEUSIPib.</strong></span> <span class='ocrx_word' id='word_1_664' title='bbox 2570 4394 2634 4479; x_wconf 72' lang='lat' dir='ltr'><strong>de</strong></span> <span class='ocrx_word' id='word_1_665' title='bbox 2659 4393 2895 4478; x_wconf 57' lang='lat' dir='ltr'><strong>Daemon:</strong></span> <span class='ocrx_word' id='word_1_666' title='bbox 2924 4413 2971 4450; x_wconf 91' lang='lat' dir='ltr'><strong>c.</strong></span> <span class='ocrx_word' id='word_1_667' title='bbox 2990 4396 3157 4479; x_wconf 57' lang='grc' dir='ltr'><strong>⁹ξιιιι],</strong></span> <span class='ocrx_word' id='word_1_668' title='bbox 3183 4413 3290 4479; x_wconf 85' lang='lat' dir='ltr'><strong>n_on</strong></span> <span class='ocrx_word' id='word_1_669' title='bbox 3332 4398 3543 4479; x_wconf 69' lang='lat' dir='ltr'><strong>video),</strong></span> 
     </span>
    </p>
   </div>
   <div class='ocr_carea' id='block_1_86' title="bbox 259 4465 1849 4535">
    <p class='ocr_par' dir='ltr' id='par_1_86' title="bbox 259 4465 1849 4535">
     <span class='ocr_line' id='line_1_87' title="bbox 259 4465 1849 4535; baseline -0.003 -15"><span class='ocrx_word' id='word_1_670' title='bbox 259 4467 337 4521; x_wconf 83' lang='lat' dir='ltr'><strong>los</strong></span> <span class='ocrx_word' id='word_1_671' title='bbox 365 4477 543 4535; x_wconf 79' lang='lat' dir='ltr'><strong>atque</strong></span> <span class='ocrx_word' id='word_1_672' title='bbox 566 4465 697 4519; x_wconf 89' lang='lat' dir='ltr'><strong>alios</strong></span> <span class='ocrx_word' id='word_1_673' title='bbox 724 4474 940 4519; x_wconf 89' lang='lat' dir='ltr'><strong>sanctos</strong></span> <span class='ocrx_word' id='word_1_674' title='bbox 966 4466 1017 4518; x_wconf 89' lang='lat' dir='ltr'><strong>in</strong></span> <span class='ocrx_word' id='word_1_675' title='bbox 1039 4465 1310 4535; x_wconf 83' lang='lat' dir='ltr'><strong>patrandis</strong></span> <span class='ocrx_word' id='word_1_676' title='bbox 1340 4466 1632 4519; x_wconf 89' lang='lat' dir='ltr'><strong>miraculis.</strong></span> <span class='ocrx_word' id='word_1_677' title='bbox 1658 4465 1849 4535; x_wconf 80' lang='lat' dir='ltr'><strong>Petrus</strong></span> 
     </span>
    </p>
   </div>
   <div class='ocr_carea' id='block_1_87' title="bbox 262 4534 1846 4605">
    <p class='ocr_par' dir='ltr' id='par_1_87' title="bbox 262 4534 1846 4605">
     <span class='ocr_line' id='line_1_88' title="bbox 262 4534 1846 4605; baseline -0.003 -15"><span class='ocrx_word' id='word_1_678' title='bbox 262 4534 470 4605; x_wconf 83' lang='lat' dir='ltr'><strong>quidem</strong></span> <span class='ocrx_word' id='word_1_679' title='bbox 523 4536 667 4589; x_wconf 75' lang='lat' dir='ltr'><strong>dixit</strong></span> <span class='ocrx_word' id='word_1_680' title='bbox 715 4545 940 4590; x_wconf 71' lang='lat' dir='ltr'><strong>morture</strong></span> <span class='ocrx_word' id='word_1_681' title='bbox 985 4537 1172 4601; x_wconf 74' lang='lat' dir='ltr'><strong>puella:</strong></span> <span class='ocrx_word' id='word_1_682' title='bbox 1203 4553 1218 4589; x_wconf 87' lang='lat'><strong>:</strong></span> <span class='ocrx_word' id='word_1_683' title='bbox 1253 4534 1493 4599; x_wconf 87' lang='lat' dir='ltr'><strong>Tabitha,</strong></span> <span class='ocrx_word' id='word_1_684' title='bbox 1528 4549 1680 4600; x_wconf 80' lang='lat' dir='ltr'><strong>surge</strong></span> <span class='ocrx_word' id='word_1_685' title='bbox 1708 4534 1846 4600; x_wconf 85' lang='lat' dir='ltr'><strong>(Act.</strong></span> 
     </span>
    </p>
   </div>
   <div class='ocr_carea' id='block_1_88' title="bbox 261 4605 1845 4676">
    <p class='ocr_par' dir='ltr' id='par_1_88' title="bbox 261 4605 1845 4676">
     <span class='ocr_line' id='line_1_89' title="bbox 261 4605 1845 4676; baseline -0.003 -16"><span class='ocrx_word' id='word_1_686' title='bbox 261 4610 367 4676; x_wconf 74' lang='grc' dir='ltr'>ιι);</span> <span class='ocrx_word' id='word_1_687' title='bbox 403 4608 501 4662; x_wconf 84' lang='lat' dir='ltr'><strong>sed</strong></span> <span class='ocrx_word' id='word_1_688' title='bbox 545 4622 647 4660; x_wconf 87' lang='lat' dir='ltr'><strong>non</strong></span> <span class='ocrx_word' id='word_1_689' title='bbox 677 4607 816 4659; x_wconf 79' lang='lat' dir='ltr'><strong>dixit</strong></span> <span class='ocrx_word' id='word_1_690' title='bbox 848 4606 1002 4661; x_wconf 91' lang='lat' dir='ltr'><strong>:Tibi</strong></span> <span class='ocrx_word' id='word_1_691' title='bbox 1025 4608 1166 4669; x_wconf 88' lang='lat' dir='ltr'><strong>dico,</strong></span> <span class='ocrx_word' id='word_1_692' title='bbox 1196 4620 1383 4676; x_wconf 76' lang='lat' dir='ltr'><strong>surge;</strong></span> <span class='ocrx_word' id='word_1_693' title='bbox 1423 4605 1553 4676; x_wconf 82' lang='lat' dir='ltr'><strong>quia</strong></span> <span class='ocrx_word' id='word_1_694' title='bbox 1594 4618 1698 4676; x_wconf 86' lang='lat' dir='ltr'><strong>n_o_n</strong></span> <span class='ocrx_word' id='word_1_695' title='bbox 1728 4617 1845 4676; x_wconf 80' lang='lat' dir='ltr'><strong>sua,</strong></span> 
     </span>
    </p>
   </div>
   <div class='ocr_carea' id='block_1_89' title="bbox 262 4671 1853 4743">
    <p class='ocr_par' dir='ltr' id='par_1_89' title="bbox 262 4671 1853 4743">
     <span class='ocr_line' id='line_1_90' title="bbox 262 4671 1853 4743; baseline -0.004 -12"><span class='ocrx_word' id='word_1_696' title='bbox 262 4671 348 4733; x_wconf 76' lang='lat' dir='ltr'><strong>sed</strong></span> <span class='ocrx_word' id='word_1_697' title='bbox 375 4679 585 4732; x_wconf 84' lang='lat' dir='ltr'><strong>Christi</strong></span> <span class='ocrx_word' id='word_1_698' title='bbox 610 4677 928 4731; x_wconf 89' lang='lat' dir='ltr'><strong>auctoritate</strong></span> <span class='ocrx_word' id='word_1_699' title='bbox 949 4684 1004 4730; x_wconf 90' lang='lat' dir='ltr'><strong>et</strong></span> <span class='ocrx_word' id='word_1_700' title='bbox 1022 4678 1241 4730; x_wconf 90' lang='lat' dir='ltr'><strong>nomine</strong></span> <span class='ocrx_word' id='word_1_701' title='bbox 1260 4673 1594 4743; x_wconf 85' lang='lat' dir='ltr'><strong>loquebatur.</strong></span> <span class='ocrx_word' id='word_1_702' title='bbox 1625 4671 1781 4743; x_wconf 86' lang='lat' dir='ltr'><strong>Unde</strong></span> <span class='ocrx_word' id='word_1_703' title='bbox 1799 4683 1853 4725; x_wconf 91' lang='lat' dir='ltr'><strong>et</strong></span> 
     </span>
    </p>
   </div>
   <div class='ocr_carea' id='block_1_90' title="bbox 262 4742 1853 4816">
    <p class='ocr_par' dir='ltr' id='par_1_90' title="bbox 262 4742 1853 4816">
     <span class='ocr_line' id='line_1_91' title="bbox 262 4742 1853 4816; baseline -0.003 -15"><span class='ocrx_word' id='word_1_704' title='bbox 262 4750 380 4802; x_wconf 80' lang='lat' dir='ltr'><strong>alibi</strong></span> <span class='ocrx_word' id='word_1_705' title='bbox 411 4750 621 4803; x_wconf 88' lang='lat' dir='ltr'><strong>dicitur</strong></span> <span class='ocrx_word' id='word_1_706' title='bbox 646 4748 889 4802; x_wconf 91' lang='lat' dir='ltr'><strong>Christus</strong></span> <span class='ocrx_word' id='word_1_707' title='bbox 913 4763 1009 4816; x_wconf 90' lang='lat' dir='ltr'><strong>per</strong></span> <span class='ocrx_word' id='word_1_708' title='bbox 1032 4746 1289 4816; x_wconf 84' lang='lat' dir='ltr'><strong>miracula</strong></span> <span class='ocrx_word' id='word_1_709' title='bbox 1306 4742 1696 4816; x_wconf 78' lang='lat' dir='ltr'><strong>manifestasse</strong></span> <span class='ocrx_word' id='word_1_710' title='bbox 1737 4742 1853 4810; x_wconf 81' lang='lat' dir='ltr'><strong>glo-</strong></span> 
     </span>
    </p>
   </div>
   <div class='ocr_carea' id='block_1_91' title="bbox 262 4813 1853 4888">
    <p class='ocr_par' dir='ltr' id='par_1_91' title="bbox 262 4813 1853 4888">
     <span class='ocr_line' id='line_1_92' title="bbox 262 4813 1853 4888; baseline -0.003 -16"><span class='ocrx_word' id='word_1_711' title='bbox 262 4820 392 4873; x_wconf 85' lang='lat' dir='ltr'><strong>riam</strong></span> <span class='ocrx_word' id='word_1_712' title='bbox 425 4834 587 4873; x_wconf 85' lang='lat' dir='ltr'><strong>suam</strong></span> <span class='ocrx_word' id='word_1_713' title='bbox 636 4819 817 4888; x_wconf 78' lang='lat' dir='ltr'><strong>(toan.</strong></span> <span class='ocrx_word' id='word_1_714' title='bbox 852 4813 1017 4888; x_wconf 64' lang='lat' dir='ltr'><strong>it),iil</strong></span> <span class='ocrx_word' id='word_1_715' title='bbox 1057 4826 1161 4881; x_wconf 91' lang='lat' dir='ltr'><strong>est,</strong></span> <span class='ocrx_word' id='word_1_716' title='bbox 1211 4813 1544 4888; x_wconf 84' lang='lat' dir='ltr'><strong>divinitatem</strong></span> <span class='ocrx_word' id='word_1_717' title='bbox 1584 4828 1765 4888; x_wconf 80' lang='lat' dir='ltr'><strong>suam;</strong></span> <span class='ocrx_word' id='word_1_718' title='bbox 1798 4822 1853 4867; x_wconf 92' lang='lat' dir='ltr'><strong>ut</strong></span> 
     </span>
    </p>
   </div>
   <div class='ocr_carea' id='block_1_92' title="bbox 264 4884 1853 4959">
    <p class='ocr_par' dir='ltr' id='par_1_92' title="bbox 264 4884 1853 4959">
     <span class='ocr_line' id='line_1_93' title="bbox 264 4884 1853 4959; baseline -0.003 -16"><span class='ocrx_word' id='word_1_719' title='bbox 264 4884 653 4959; x_wconf 77' lang='lat' dir='ltr'><strong>intelligamus</strong></span> <span class='ocrx_word' id='word_1_720' title='bbox 681 4890 837 4943; x_wconf 90' lang='lat' dir='ltr'><strong>aliter</strong></span> <span class='ocrx_word' id='word_1_721' title='bbox 889 4884 1188 4959; x_wconf 82' lang='lat' dir='ltr'><strong>Christum,</strong></span> <span class='ocrx_word' id='word_1_722' title='bbox 1237 4884 1735 4959; x_wconf 58' lang='lat' dir='ltr'><strong>aliteuprophetas</strong></span> <span class='ocrx_word' id='word_1_723' title='bbox 1799 4894 1853 4938; x_wconf 92' lang='lat' dir='ltr'><strong>et</strong></span> 
     </span>
    </p>
   </div>
   <div class='ocr_carea' id='block_1_93' title="bbox 266 4954 1852 5025">
    <p class='ocr_par' dir='ltr' id='par_1_93' title="bbox 266 4954 1852 5025">
     <span class='ocr_line' id='line_1_94' title="bbox 266 4954 1852 5025; baseline -0.002 -13"><span class='ocrx_word' id='word_1_724' title='bbox 266 4963 416 5023; x_wconf 87' lang='lat' dir='ltr'><strong>alios,</strong></span> <span class='ocrx_word' id='word_1_725' title='bbox 438 4954 709 5014; x_wconf 71' lang='lat' dir='ltr'><strong>iniracula</strong></span> <span class='ocrx_word' id='word_1_726' title='bbox 741 4960 950 5014; x_wconf 85' lang='lat' dir='ltr'><strong>fecisse.</strong></span> <span class='ocrx_word' id='word_1_727' title='bbox 986 4958 1121 5011; x_wconf 88' lang='lat' dir='ltr'><strong>Nam</strong></span> <span class='ocrx_word' id='word_1_728' title='bbox 1152 4956 1303 5011; x_wconf 90' lang='lat' dir='ltr'><strong>multi</strong></span> <span class='ocrx_word' id='word_1_729' title='bbox 1334 4956 1549 5025; x_wconf 87' lang='lat' dir='ltr'><strong>quidem</strong></span> <span class='ocrx_word' id='word_1_730' title='bbox 1578 4954 1852 5023; x_wconf 73' lang='lat' dir='ltr'><strong>propheta:</strong></span> 
     </span>
    </p>
   </div>
   <div class='ocr_carea' id='block_1_94' title="bbox 268 5026 1858 5095">
    <p class='ocr_par' dir='ltr' id='par_1_94' title="bbox 268 5026 1858 5095">
     <span class='ocr_line' id='line_1_95' title="bbox 268 5026 1858 5095; baseline -0.003 -11"><span class='ocrx_word' id='word_1_731' title='bbox 268 5032 528 5087; x_wconf 86' lang='lat' dir='ltr'><strong>miracula</strong></span> <span class='ocrx_word' id='word_1_732' title='bbox 560 5029 827 5095; x_wconf 80' lang='lat' dir='ltr'><strong>fecerunt,</strong></span> <span class='ocrx_word' id='word_1_733' title='bbox 852 5030 920 5084; x_wconf 85' lang='lat' dir='ltr'><strong>de</strong></span> <span class='ocrx_word' id='word_1_734' title='bbox 948 5029 1095 5083; x_wconf 87' lang='lat' dir='ltr'><strong>nullo</strong></span> <span class='ocrx_word' id='word_1_735' title='bbox 1124 5038 1299 5082; x_wconf 84' lang='lat' dir='ltr'><strong>tamen</strong></span> <span class='ocrx_word' id='word_1_736' title='bbox 1327 5042 1511 5082; x_wconf 86' lang='lat' dir='ltr'><strong>eorum</strong></span> <span class='ocrx_word' id='word_1_737' title='bbox 1543 5026 1743 5080; x_wconf 88' lang='lat' dir='ltr'><strong>dictum</strong></span> <span class='ocrx_word' id='word_1_738' title='bbox 1772 5036 1858 5079; x_wconf 80' lang='lat' dir='ltr'><strong>est</strong></span> 
     </span>
    </p>
   </div>
   <div class='ocr_carea' id='block_1_95' title="bbox 266 5098 1849 5171">
    <p class='ocr_par' dir='ltr' id='par_1_95' title="bbox 266 5098 1849 5171">
     <span class='ocr_line' id='line_1_96' title="bbox 266 5098 1849 5171; baseline -0.004 -16"><span class='ocrx_word' id='word_1_739' title='bbox 266 5103 491 5171; x_wconf 77' lang='lat' dir='ltr'><strong>gloriam</strong></span> <span class='ocrx_word' id='word_1_740' title='bbox 524 5116 647 5155; x_wconf 89' lang='lat' dir='ltr'><strong>eum</strong></span> <span class='ocrx_word' id='word_1_741' title='bbox 672 5118 823 5155; x_wconf 87' lang='lat' dir='ltr'><strong>suam</strong></span> <span class='ocrx_word' id='word_1_742' title='bbox 848 5101 1253 5163; x_wconf 86' lang='lat' dir='ltr'><strong>manifestasse;</strong></span> <span class='ocrx_word' id='word_1_743' title='bbox 1282 5098 1403 5171; x_wconf 68' lang='lat' dir='ltr'><strong>quia</strong></span> <span class='ocrx_word' id='word_1_744' title='bbox 1442 5113 1557 5171; x_wconf 83' lang='lat' dir='ltr'><strong>non</strong></span> <span class='ocrx_word' id='word_1_745' title='bbox 1582 5105 1849 5171; x_wconf 80' lang='lat' dir='ltr'><strong>tamquam</strong></span> 
     </span>
    </p>
   </div>
   <div class='ocr_carea' id='block_1_96' title="bbox 268 5167 1852 5240">
    <p class='ocr_par' dir='ltr' id='par_1_96' title="bbox 268 5167 1852 5240">
     <span class='ocr_line' id='line_1_97' title="bbox 268 5167 1852 5240; baseline -0.004 -13"><span class='ocrx_word' id='word_1_746' title='bbox 268 5167 638 5227; x_wconf 73' lang='lat' dir='ltr'><strong>creaturarum</strong></span> <span class='ocrx_word' id='word_1_747' title='bbox 666 5172 892 5237; x_wconf 89' lang='lat' dir='ltr'><strong>domini,</strong></span> <span class='ocrx_word' id='word_1_748' title='bbox 919 5170 1011 5225; x_wconf 88' lang='lat' dir='ltr'><strong>sed</strong></span> <span class='ocrx_word' id='word_1_749' title='bbox 1037 5180 1306 5240; x_wconf 89' lang='lat' dir='ltr'><strong>tamquam</strong></span> <span class='ocrx_word' id='word_1_750' title='bbox 1322 5167 1591 5223; x_wconf 87' lang='lat' dir='ltr'><strong>Creatoris</strong></span> <span class='ocrx_word' id='word_1_751' title='bbox 1622 5168 1852 5240; x_wconf 81' lang='lat' dir='ltr'><strong>ministri</strong></span> 
     </span>
    </p>
   </div>
   <div class='ocr_carea' id='block_1_97' title="bbox 266 5238 1852 5308">
    <p class='ocr_par' dir='ltr' id='par_1_97' title="bbox 266 5238 1852 5308">
     <span class='ocr_line' id='line_1_98' title="bbox 266 5238 1852 5308; baseline -0.002 -13"><span class='ocrx_word' id='word_1_752' title='bbox 266 5242 317 5295; x_wconf 88' lang='lat' dir='ltr'><strong>in</strong></span> <span class='ocrx_word' id='word_1_753' title='bbox 346 5244 620 5299; x_wconf 88' lang='lat' dir='ltr'><strong>creaturis</strong></span> <span class='ocrx_word' id='word_1_754' title='bbox 645 5244 906 5297; x_wconf 89' lang='lat' dir='ltr'><strong>miracula</strong></span> <span class='ocrx_word' id='word_1_755' title='bbox 932 5238 1218 5301; x_wconf 69' lang='lat' dir='ltr'><strong>faciebant.</strong></span> <span class='ocrx_word' id='word_1_756' title='bbox 1238 5242 1419 5308; x_wconf 88' lang='lat' dir='ltr'><strong>sicque</strong></span> <span class='ocrx_word' id='word_1_757' title='bbox 1443 5254 1546 5292; x_wconf 91' lang='lat' dir='ltr'><strong>non</strong></span> <span class='ocrx_word' id='word_1_758' title='bbox 1571 5254 1741 5305; x_wconf 90' lang='lat' dir='ltr'><strong>suam,</strong></span> <span class='ocrx_word' id='word_1_759' title='bbox 1758 5238 1852 5292; x_wconf 91' lang='lat' dir='ltr'><strong>sed</strong></span> 
     </span>
    </p>
   </div>
   <div class='ocr_carea' id='block_1_98' title="bbox 268 5310 1849 5385">
    <p class='ocr_par' dir='ltr' id='par_1_98' title="bbox 268 5310 1849 5385">
     <span class='ocr_line' id='line_1_99' title="bbox 268 5310 1849 5385; baseline -0.003 -17"><span class='ocrx_word' id='word_1_760' title='bbox 268 5311 357 5368; x_wconf 90' lang='lat' dir='ltr'><strong>Dei</strong></span> <span class='ocrx_word' id='word_1_761' title='bbox 390 5315 623 5385; x_wconf 81' lang='lat' dir='ltr'><strong>gloriam</strong></span> <span class='ocrx_word' id='word_1_762' title='bbox 643 5313 1087 5378; x_wconf 84' lang='lat' dir='ltr'><strong>inanifestabant;</strong></span> <span class='ocrx_word' id='word_1_763' title='bbox 1116 5312 1360 5385; x_wconf 86' lang='lat' dir='ltr'><strong>Christus</strong></span> <span class='ocrx_word' id='word_1_764' title='bbox 1382 5325 1510 5365; x_wconf 89' lang='lat' dir='ltr'><strong>vero</strong></span> <span class='ocrx_word' id='word_1_765' title='bbox 1533 5326 1708 5375; x_wconf 88' lang='lat' dir='ltr'><strong>suam,</strong></span> <span class='ocrx_word' id='word_1_766' title='bbox 1726 5310 1849 5380; x_wconf 89' lang='lat' dir='ltr'><strong>quia</strong></span> 
     </span>
    </p>
   </div>
   <div class='ocr_carea' id='block_1_99' title="bbox 268 5384 1851 5454">
    <p class='ocr_par' dir='ltr' id='par_1_99' title="bbox 268 5384 1851 5454">
     <span class='ocr_line' id='line_1_100' title="bbox 268 5384 1851 5454; baseline -0.001 -17"><span class='ocrx_word' id='word_1_767' title='bbox 268 5386 378 5451; x_wconf 86' lang='lat' dir='ltr'><strong>ipse</strong></span> <span class='ocrx_word' id='word_1_768' title='bbox 404 5384 639 5440; x_wconf 33' lang='lat' dir='ltr'><strong>’Creator</strong></span> <span class='ocrx_word' id='word_1_769' title='bbox 668 5395 724 5440; x_wconf 92' lang='lat' dir='ltr'><strong>et</strong></span> <span class='ocrx_word' id='word_1_770' title='bbox 752 5384 1035 5453; x_wconf 91' lang='lat' dir='ltr'><strong>Dominus,</strong></span> <span class='ocrx_word' id='word_1_771' title='bbox 1070 5385 1185 5454; x_wconf 89' lang='lat' dir='ltr'><strong>ipse</strong></span> <span class='ocrx_word' id='word_1_772' title='bbox 1216 5384 1418 5453; x_wconf 91' lang='lat' dir='ltr'><strong>primus</strong></span> <span class='ocrx_word' id='word_1_773' title='bbox 1442 5391 1629 5437; x_wconf 91' lang='lat' dir='ltr'><strong>auctor</strong></span> <span class='ocrx_word' id='word_1_774' title='bbox 1667 5396 1730 5436; x_wconf 89' lang='lat' dir='ltr'><strong>ac</strong></span> <span class='ocrx_word' id='word_1_775' title='bbox 1762 5397 1851 5450; x_wconf 88' lang='lat' dir='ltr'><strong>pa-</strong></span> 
     </span>
    </p>
   </div>
   <div class='ocr_carea' id='block_1_100' title="bbox 272 5455 1031 5511">
    <p class='ocr_par' dir='ltr' id='par_1_100' title="bbox 272 5455 1031 5511">
     <span class='ocr_line' id='line_1_101' title="bbox 272 5455 1031 5511; baseline -0.001 -3"><span class='ocrx_word' id='word_1_776' title='bbox 272 5464 437 5511; x_wconf 90' lang='lat' dir='ltr'><strong>trator</strong></span> <span class='ocrx_word' id='word_1_777' title='bbox 480 5455 866 5511; x_wconf 88' lang='lat' dir='ltr'><strong>miraculorum</strong></span> <span class='ocrx_word' id='word_1_778' title='bbox 897 5465 1031 5510; x_wconf 89' lang='lat' dir='ltr'><strong>erat.</strong></span> 
     </span>
    </p>
   </div>
   <div class='ocr_carea' id='block_1_101' title="bbox 331 5522 1849 5589">
    <p class='ocr_par' dir='ltr' id='par_1_101' title="bbox 331 5522 1849 5589">
     <span class='ocr_line' id='line_1_102' title="bbox 331 5522 1849 5589; baseline -0.002 -9"><span class='ocrx_word' id='word_1_779' title='bbox 331 5526 360 5565; x_wconf 67' lang='grc' dir='ltr'>δ</span> <span class='ocrx_word' id='word_1_780' title='bbox 405 5527 466 5582; x_wconf 84' lang='grc' dir='ltr'><strong>ιιι</strong></span> <span class='ocrx_word' id='word_1_781' title='bbox 531 5525 613 5581; x_wconf 88' lang='lat' dir='ltr'><strong>his</strong></span> <span class='ocrx_word' id='word_1_782' title='bbox 643 5527 825 5581; x_wconf 88' lang='lat' dir='ltr'><strong>verbis</strong></span> <span class='ocrx_word' id='word_1_783' title='bbox 871 5526 977 5581; x_wconf 90' lang='lat' dir='ltr'><strong>duo</strong></span> <span class='ocrx_word' id='word_1_784' title='bbox 1014 5525 1271 5581; x_wconf 86' lang='lat' dir='ltr'><strong>notanda.</strong></span> <span class='ocrx_word' id='word_1_785' title='bbox 1320 5526 1558 5580; x_wconf 89' lang='lat' dir='ltr'><strong>Primum</strong></span> <span class='ocrx_word' id='word_1_786' title='bbox 1594 5524 1748 5589; x_wconf 89' lang='lat' dir='ltr'><strong>illud,</strong></span> <span class='ocrx_word' id='word_1_787' title='bbox 1782 5522 1849 5577; x_wconf 88' lang='lat' dir='ltr'><strong>In</strong></span> 
     </span>
    </p>
   </div>
   <div class='ocr_carea' id='block_1_102' title="bbox 271 5597 1848 5667">
    <p class='ocr_par' dir='ltr' id='par_1_102' title="bbox 271 5597 1848 5667">
     <span class='ocr_line' id='line_1_103' title="bbox 271 5597 1848 5667; baseline -0.001 -17"><span class='ocrx_word' id='word_1_788' title='bbox 271 5601 476 5652; x_wconf 83' lang='lat' dir='ltr'><strong>nomine</strong></span> <span class='ocrx_word' id='word_1_789' title='bbox 502 5612 632 5664; x_wconf 87' lang='lat' dir='ltr'><strong>meo,</strong></span> <span class='ocrx_word' id='word_1_790' title='bbox 665 5598 812 5652; x_wconf 90' lang='lat' dir='ltr'><strong>varie</strong></span> <span class='ocrx_word' id='word_1_791' title='bbox 840 5598 1009 5667; x_wconf 89' lang='lat' dir='ltr'><strong>accipi</strong></span> <span class='ocrx_word' id='word_1_792' title='bbox 1039 5598 1093 5651; x_wconf 89' lang='lat' dir='ltr'><strong>in</strong></span> <span class='ocrx_word' id='word_1_793' title='bbox 1133 5598 1430 5667; x_wconf 87' lang='lat' dir='ltr'><strong>Scriptura.</strong></span> <span class='ocrx_word' id='word_1_794' title='bbox 1474 5597 1659 5664; x_wconf 86' lang='lat' dir='ltr'><strong>Neque</strong></span> <span class='ocrx_word' id='word_1_795' title='bbox 1707 5598 1848 5667; x_wconf 89' lang='lat' dir='ltr'><strong>enim</strong></span> 
     </span>
    </p>
   </div>
   <div class='ocr_carea' id='block_1_103' title="bbox 272 5666 1848 5737">
    <p class='ocr_par' dir='ltr' id='par_1_103' title="bbox 272 5666 1848 5737">
     <span class='ocr_line' id='line_1_104' title="bbox 272 5666 1848 5737; baseline -0.001 -15"><span class='ocrx_word' id='word_1_796' title='bbox 272 5682 372 5725; x_wconf 88' lang='lat' dir='ltr'><strong>una</strong></span> <span class='ocrx_word' id='word_1_797' title='bbox 390 5678 476 5723; x_wconf 87' lang='lat' dir='ltr'><strong>est</strong></span> <span class='ocrx_word' id='word_1_798' title='bbox 494 5667 660 5736; x_wconf 87' lang='lat' dir='ltr'><strong>ipsius</strong></span> <span class='ocrx_word' id='word_1_799' title='bbox 677 5670 906 5724; x_wconf 91' lang='lat' dir='ltr'><strong>nominis</strong></span> <span class='ocrx_word' id='word_1_800' title='bbox 927 5666 1165 5737; x_wconf 69' lang='lat' dir='ltr'><strong>signifies</strong></span> <span class='ocrx_word' id='word_1_801' title='bbox 1178 5666 1271 5722; x_wconf 59' lang='lat' dir='ltr'><strong>tio;</strong></span> <span class='ocrx_word' id='word_1_802' title='bbox 1288 5668 1557 5737; x_wconf 82' lang='lat' dir='ltr'><strong>Accipitur</strong></span> <span class='ocrx_word' id='word_1_803' title='bbox 1580 5666 1749 5737; x_wconf 81' lang='lat' dir='ltr'><strong>interd</strong></span> <span class='ocrx_word' id='word_1_804' title='bbox 1762 5683 1848 5721; x_wconf 90' lang='lat' dir='ltr'><strong>um</strong></span> 
     </span>
    </p>
   </div>
   <div class='ocr_carea' id='block_1_104' title="bbox 273 5734 1851 5809">
    <p class='ocr_par' dir='ltr' id='par_1_104' title="bbox 273 5734 1851 5809">
     <span class='ocr_line' id='line_1_105' title="bbox 273 5734 1851 5809; baseline -0.001 -14"><span class='ocrx_word' id='word_1_805' title='bbox 273 5754 367 5807; x_wconf 84' lang='lat' dir='ltr'><strong>pro</strong></span> <span class='ocrx_word' id='word_1_806' title='bbox 398 5734 651 5809; x_wconf 75' lang='lat' dir='ltr'><strong>imperio,</strong></span> <span class='ocrx_word' id='word_1_807' title='bbox 685 5755 780 5797; x_wconf 83' lang='lat' dir='ltr'><strong>seu</strong></span> <span class='ocrx_word' id='word_1_808' title='bbox 826 5734 1143 5797; x_wconf 73' lang='lat' dir='ltr'><strong>auctoritate</strong></span> <span class='ocrx_word' id='word_1_809' title='bbox 1174 5738 1292 5809; x_wconf 90' lang='lat' dir='ltr'><strong>(cur</strong></span> <span class='ocrx_word' id='word_1_810' title='bbox 1327 5737 1471 5795; x_wconf 85' lang='lat' dir='ltr'><strong>enim</strong></span> <span class='ocrx_word' id='word_1_811' title='bbox 1518 5736 1635 5793; x_wconf 61' lang='lat' dir='ltr'><strong>haec</strong></span> <span class='ocrx_word' id='word_1_812' title='bbox 1663 5734 1851 5794; x_wconf 76' lang='lat' dir='ltr'><strong>distin-</strong></span> 
     </span>
    </p>
   </div>
   <div class='ocr_carea' id='block_1_105' title="bbox 1957 4463 3542 4533">
    <p class='ocr_par' dir='ltr' id='par_1_105' title="bbox 1957 4463 3542 4533">
     <span class='ocr_line' id='line_1_106' title="bbox 1957 4463 3542 4533; baseline 0.006 -19"><span class='ocrx_word' id='word_1_813' title='bbox 1957 4474 2015 4515; x_wconf 90' lang='lat' dir='ltr'><strong>ut</strong></span> <span class='ocrx_word' id='word_1_814' title='bbox 2035 4477 2155 4515; x_wconf 92' lang='lat' dir='ltr'><strong>cum</strong></span> <span class='ocrx_word' id='word_1_815' title='bbox 2184 4463 2311 4533; x_wconf 69' lang='lat' dir='ltr'><strong>dicit</strong></span> <span class='ocrx_word' id='word_1_816' title='bbox 2340 4464 2550 4516; x_wconf 55' lang='lat' dir='ltr'><strong>venisse</strong></span> <span class='ocrx_word' id='word_1_817' title='bbox 2575 4478 2638 4517; x_wconf 87' lang='lat' dir='ltr'><strong>se</strong></span> <span class='ocrx_word' id='word_1_818' title='bbox 2667 4466 2721 4516; x_wconf 86' lang='lat' dir='ltr'><strong>in</strong></span> <span class='ocrx_word' id='word_1_819' title='bbox 2751 4468 2956 4520; x_wconf 86' lang='lat' dir='ltr'><strong>nomine</strong></span> <span class='ocrx_word' id='word_1_820' title='bbox 2982 4463 3180 4533; x_wconf 84' lang='lat' dir='ltr'><strong>Patris,</strong></span> <span class='ocrx_word' id='word_1_821' title='bbox 3206 4469 3362 4521; x_wconf 85' lang='lat' dir='ltr'><strong>Joan.</strong></span> <span class='ocrx_word' id='word_1_822' title='bbox 3400 4484 3455 4532; x_wconf 86' lang='lat' dir='ltr'><strong>v,</strong></span> <span class='ocrx_word' id='word_1_823' title='bbox 3488 4463 3542 4524; x_wconf 78' lang='lat' dir='ltr'><strong>id</strong></span> 
     </span>
    </p>
   </div>
   <div class='ocr_carea' id='block_1_106' title="bbox 1956 4530 3543 4597">
    <p class='ocr_par' dir='ltr' id='par_1_106' title="bbox 1956 4530 3543 4597">
     <span class='ocr_line' id='line_1_107' title="bbox 1956 4530 3543 4597; baseline 0.004 -12"><span class='ocrx_word' id='word_1_824' title='bbox 1956 4539 2062 4597; x_wconf 88' lang='lat' dir='ltr'><strong>est,</strong></span> <span class='ocrx_word' id='word_1_825' title='bbox 2087 4546 2154 4583; x_wconf 81' lang='lat' dir='ltr'><strong>ex</strong></span> <span class='ocrx_word' id='word_1_826' title='bbox 2184 4530 2355 4584; x_wconf 86' lang='lat' dir='ltr'><strong>Patris</strong></span> <span class='ocrx_word' id='word_1_827' title='bbox 2383 4532 2625 4595; x_wconf 90' lang='lat' dir='ltr'><strong>decreto,</strong></span> <span class='ocrx_word' id='word_1_828' title='bbox 2658 4538 2994 4595; x_wconf 87' lang='lat' dir='ltr'><strong>auctoritate,</strong></span> <span class='ocrx_word' id='word_1_829' title='bbox 3041 4530 3333 4589; x_wconf 85' lang='lat' dir='ltr'><strong>voluntate.</strong></span> <span class='ocrx_word' id='word_1_830' title='bbox 3368 4530 3543 4591; x_wconf 84' lang='lat' dir='ltr'><strong>Inter-</strong></span> 
     </span>
    </p>
   </div>
   <div class='ocr_carea' id='block_1_107' title="bbox 1957 4602 3547 4672">
    <p class='ocr_par' dir='ltr' id='par_1_107' title="bbox 1957 4602 3547 4672">
     <span class='ocr_line' id='line_1_108' title="bbox 1957 4602 3547 4672; baseline 0.006 -18"><span class='ocrx_word' id='word_1_831' title='bbox 1957 4602 2085 4654; x_wconf 91' lang='lat' dir='ltr'><strong>dum</strong></span> <span class='ocrx_word' id='word_1_832' title='bbox 2118 4603 2469 4672; x_wconf 71' lang='lat' dir='ltr'><strong>promeritis,</strong></span> <span class='ocrx_word' id='word_1_833' title='bbox 2500 4611 2559 4653; x_wconf 92' lang='lat' dir='ltr'><strong>ut</strong></span> <span class='ocrx_word' id='word_1_834' title='bbox 2585 4617 2705 4655; x_wconf 89' lang='lat' dir='ltr'><strong>cum</strong></span> <span class='ocrx_word' id='word_1_835' title='bbox 2734 4604 2915 4656; x_wconf 85' lang='lat' dir='ltr'><strong>omnia</strong></span> <span class='ocrx_word' id='word_1_836' title='bbox 2949 4605 3214 4671; x_wconf 88' lang='lat' dir='ltr'><strong>promittit</strong></span> <span class='ocrx_word' id='word_1_837' title='bbox 3242 4609 3547 4672; x_wconf 89' lang='lat' dir='ltr'><strong>petentibus</strong></span> 
     </span>
    </p>
   </div>
   <div class='ocr_carea' id='block_1_108' title="bbox 1957 4669 3545 4738">
    <p class='ocr_par' dir='ltr' id='par_1_108' title="bbox 1957 4669 3545 4738">
     <span class='ocr_line' id='line_1_109' title="bbox 1957 4669 3545 4738; baseline 0.004 -13"><span class='ocrx_word' id='word_1_838' title='bbox 1957 4682 2011 4725; x_wconf 89' lang='lat' dir='ltr'><strong>et</strong></span> <span class='ocrx_word' id='word_1_839' title='bbox 2037 4669 2347 4737; x_wconf 82' lang='lat' dir='ltr'><strong>rogantibus</strong></span> <span class='ocrx_word' id='word_1_840' title='bbox 2397 4670 2605 4724; x_wconf 77' lang='lat' dir='ltr'><strong>Patrem</strong></span> <span class='ocrx_word' id='word_1_841' title='bbox 2639 4672 2691 4723; x_wconf 91' lang='lat' dir='ltr'><strong>in</strong></span> <span class='ocrx_word' id='word_1_842' title='bbox 2723 4669 3085 4738; x_wconf 52' lang='lat' dir='ltr'><strong>nomine&#39;suo,</strong></span> <span class='ocrx_word' id='word_1_843' title='bbox 3110 4669 3267 4737; x_wconf 62' lang='lat' dir='ltr'><strong>Joan,</strong></span> <span class='ocrx_word' id='word_1_844' title='bbox 3301 4690 3410 4727; x_wconf 81' lang='lat' dir='ltr'><strong>xiv.</strong></span> <span class='ocrx_word' id='word_1_845' title='bbox 3440 4678 3545 4730; x_wconf 80' lang='lat' dir='ltr'><strong>Pe-</strong></span> 
     </span>
    </p>
   </div>
   <div class='ocr_carea' id='block_1_109' title="bbox 1958 4740 3546 4813">
    <p class='ocr_par' dir='ltr' id='par_1_109' title="bbox 1958 4740 3546 4813">
     <span class='ocr_line' id='line_1_110' title="bbox 1958 4740 3546 4813; baseline 0.003 -18"><span class='ocrx_word' id='word_1_846' title='bbox 1958 4740 2239 4813; x_wconf 33' lang='lat' dir='ltr'><strong>t‘ereenim</strong></span> <span class='ocrx_word' id='word_1_847' title='bbox 2271 4741 2329 4813; x_wconf 12' lang='lat' dir='ltr'><strong>in,</strong></span> <span class='ocrx_word' id='word_1_848' title='bbox 2349 4740 2566 4813; x_wconf 81' lang='lat' dir='ltr'><strong>nomine</strong></span> <span class='ocrx_word' id='word_1_849' title='bbox 2593 4741 2813 4807; x_wconf 83' lang='lat' dir='ltr'><strong>Christi,</strong></span> <span class='ocrx_word' id='word_1_850' title='bbox 2870 4753 2954 4797; x_wconf 89' lang='lat' dir='ltr'><strong>est</strong></span> <span class='ocrx_word' id='word_1_851' title='bbox 3003 4753 3184 4812; x_wconf 88' lang='lat' dir='ltr'><strong>petere</strong></span> <span class='ocrx_word' id='word_1_852' title='bbox 3210 4760 3307 4813; x_wconf 87' lang='lat' dir='ltr'><strong>per</strong></span> <span class='ocrx_word' id='word_1_853' title='bbox 3350 4748 3546 4801; x_wconf 87' lang='lat' dir='ltr'><strong>merita</strong></span> 
     </span>
    </p>
   </div>
   <div class='ocr_carea' id='block_1_110' title="bbox 1958 4810 3547 4885">
    <p class='ocr_par' dir='ltr' id='par_1_110' title="bbox 1958 4810 3547 4885">
     <span class='ocr_line' id='line_1_111' title="bbox 1958 4810 3547 4885; baseline 0.003 -18"><span class='ocrx_word' id='word_1_854' title='bbox 1958 4810 2180 4885; x_wconf 85' lang='lat' dir='ltr'><strong>Christi,</strong></span> <span class='ocrx_word' id='word_1_855' title='bbox 2212 4823 2268 4865; x_wconf 91' lang='lat' dir='ltr'><strong>ut</strong></span> <span class='ocrx_word' id='word_1_856' title='bbox 2296 4811 2551 4865; x_wconf 81' lang='lat' dir='ltr'><strong>Ecclesiae</strong></span> <span class='ocrx_word' id='word_1_857' title='bbox 2574 4827 2699 4866; x_wconf 89' lang='lat' dir='ltr'><strong>usus</strong></span> <span class='ocrx_word' id='word_1_858' title='bbox 2729 4810 3133 4883; x_wconf 83' lang='lat' dir='ltr'><strong>interpretatur.</strong></span> <span class='ocrx_word' id='word_1_859' title='bbox 3160 4810 3404 4884; x_wconf 79' lang='lat' dir='ltr'><strong>Denique</strong></span> <span class='ocrx_word' id='word_1_860' title='bbox 3446 4832 3547 4885; x_wconf 90' lang='lat' dir='ltr'><strong>pro</strong></span> 
     </span>
    </p>
   </div>
   <div class='ocr_carea' id='block_1_111' title="bbox 1959 4884 3547 4956">
    <p class='ocr_par' dir='ltr' id='par_1_111' title="bbox 1959 4884 3547 4956">
     <span class='ocr_line' id='line_1_112' title="bbox 1959 4884 3547 4956; baseline 0.005 -20"><span class='ocrx_word' id='word_1_861' title='bbox 1959 4884 2161 4937; x_wconf 87' lang='lat' dir='ltr'><strong>virtute</strong></span> <span class='ocrx_word' id='word_1_862' title='bbox 2183 4898 2245 4937; x_wconf 88' lang='lat' dir='ltr'><strong>ac</strong></span> <span class='ocrx_word' id='word_1_863' title='bbox 2274 4890 2540 4956; x_wconf 88' lang='lat' dir='ltr'><strong>potestate</strong></span> <span class='ocrx_word' id='word_1_864' title='bbox 2564 4885 2809 4956; x_wconf 73' lang='lat' dir='ltr'><strong>sumitur,</strong></span> <span class='ocrx_word' id='word_1_865' title='bbox 2856 4899 2976 4938; x_wconf 91' lang='lat' dir='ltr'><strong>cum</strong></span> <span class='ocrx_word' id='word_1_866' title='bbox 3028 4885 3195 4940; x_wconf 91' lang='lat' dir='ltr'><strong>dicit:</strong></span> <span class='ocrx_word' id='word_1_867' title='bbox 3225 4885 3397 4954; x_wconf 84' lang='lat' dir='ltr'><strong>Opera</strong></span> <span class='ocrx_word' id='word_1_868' title='bbox 3427 4884 3547 4956; x_wconf 77' lang='lat' dir='ltr'><strong>qua:</strong></span> 
     </span>
    </p>
   </div>
   <div class='ocr_carea' id='block_1_112' title="bbox 1958 4954 3545 5029">
    <p class='ocr_par' dir='ltr' id='par_1_112' title="bbox 1958 4954 3545 5029">
     <span class='ocr_line' id='line_1_113' title="bbox 1958 4954 3545 5029; baseline 0.004 -23"><span class='ocrx_word' id='word_1_869' title='bbox 1958 4970 2053 5029; x_wconf 81' lang='lat' dir='ltr'><strong>ego</strong></span> <span class='ocrx_word' id='word_1_870' title='bbox 2083 4956 2217 5029; x_wconf 77' lang='lat' dir='ltr'><strong>facio</strong></span> <span class='ocrx_word' id='word_1_871' title='bbox 2248 4956 2301 5008; x_wconf 85' lang='lat' dir='ltr'><strong>in</strong></span> <span class='ocrx_word' id='word_1_872' title='bbox 2330 4955 2533 5029; x_wconf 68' lang='lat' dir='ltr'><strong>nomine</strong></span> <span class='ocrx_word' id='word_1_873' title='bbox 2561 4954 2734 5029; x_wconf 62' lang='lat' dir='ltr'><strong>Patris</strong></span> <span class='ocrx_word' id='word_1_874' title='bbox 2766 4956 2883 5019; x_wconf 87' lang='lat' dir='ltr'><strong>mei,</strong></span> <span class='ocrx_word' id='word_1_875' title='bbox 2908 4960 3021 5024; x_wconf 85' lang='lat' dir='ltr'><strong>ipsa</strong></span> <span class='ocrx_word' id='word_1_876' title='bbox 3055 4957 3399 5029; x_wconf 85' lang='lat' dir='ltr'><strong>testimonium</strong></span> <span class='ocrx_word' id='word_1_877' title='bbox 3426 4954 3545 5029; x_wconf 84' lang='lat' dir='ltr'><strong>per-</strong></span> 
     </span>
    </p>
   </div>
   <div class='ocr_carea' id='block_1_113' title="bbox 1960 5024 3547 5094">
    <p class='ocr_par' dir='ltr' id='par_1_113' title="bbox 1960 5024 3547 5094">
     <span class='ocr_line' id='line_1_114' title="bbox 1960 5024 3547 5094; baseline 0.004 -17"><span class='ocrx_word' id='word_1_878' title='bbox 1960 5026 2131 5079; x_wconf 85' lang='lat' dir='ltr'><strong>hibent</strong></span> <span class='ocrx_word' id='word_1_879' title='bbox 2158 5026 2219 5080; x_wconf 88' lang='lat' dir='ltr'><strong>de</strong></span> <span class='ocrx_word' id='word_1_880' title='bbox 2246 5042 2345 5090; x_wconf 88' lang='lat' dir='ltr'><strong>me,</strong></span> <span class='ocrx_word' id='word_1_881' title='bbox 2375 5024 2530 5079; x_wconf 86' lang='lat' dir='ltr'><strong>Joan.</strong></span> <span class='ocrx_word' id='word_1_882' title='bbox 2559 5042 2615 5081; x_wconf 72' lang='grc' dir='ltr'><strong>ιε.</strong></span> <span class='ocrx_word' id='word_1_883' title='bbox 2650 5025 2838 5090; x_wconf 86' lang='lat' dir='ltr'><strong>Porro,</strong></span> <span class='ocrx_word' id='word_1_884' title='bbox 2868 5028 3108 5094; x_wconf 89' lang='lat' dir='ltr'><strong>quamvis</strong></span> <span class='ocrx_word' id='word_1_885' title='bbox 3132 5037 3187 5084; x_wconf 90' lang='lat' dir='ltr'><strong>et</strong></span> <span class='ocrx_word' id='word_1_886' title='bbox 3206 5031 3407 5085; x_wconf 91' lang='lat' dir='ltr'><strong>Christi</strong></span> <span class='ocrx_word' id='word_1_887' title='bbox 3426 5024 3547 5083; x_wconf 40' lang='lat' dir='ltr'><strong>&#39;iut-</strong></span> 
     </span>
    </p>
   </div>
   <div class='ocr_carea' id='block_1_114' title="bbox 1960 5097 3547 5166">
    <p class='ocr_par' dir='ltr' id='par_1_114' title="bbox 1960 5097 3547 5166">
     <span class='ocr_line' id='line_1_115' title="bbox 1960 5097 3547 5166; baseline 0.003 -15"><span class='ocrx_word' id='word_1_888' title='bbox 1960 5098 2128 5166; x_wconf 90' lang='lat' dir='ltr'><strong>perio,</strong></span> <span class='ocrx_word' id='word_1_889' title='bbox 2164 5106 2217 5152; x_wconf 88' lang='lat' dir='ltr'><strong>et</strong></span> <span class='ocrx_word' id='word_1_890' title='bbox 2266 5097 2465 5152; x_wconf 82' lang='lat' dir='ltr'><strong>Christi</strong></span> <span class='ocrx_word' id='word_1_891' title='bbox 2518 5098 2746 5163; x_wconf 87' lang='lat' dir='ltr'><strong>meritis,</strong></span> <span class='ocrx_word' id='word_1_892' title='bbox 2779 5107 2833 5150; x_wconf 87' lang='lat' dir='ltr'><strong>et</strong></span> <span class='ocrx_word' id='word_1_893' title='bbox 2865 5098 3066 5153; x_wconf 81' lang='lat' dir='ltr'><strong>Christi</strong></span> <span class='ocrx_word' id='word_1_894' title='bbox 3118 5109 3387 5166; x_wconf 87' lang='lat' dir='ltr'><strong>potestate</strong></span> <span class='ocrx_word' id='word_1_895' title='bbox 3436 5101 3547 5155; x_wconf 91' lang='lat' dir='ltr'><strong>dici</strong></span> 
     </span>
    </p>
   </div>
   <div class='ocr_carea' id='block_1_115' title="bbox 1959 5168 3544 5238">
    <p class='ocr_par' dir='ltr' id='par_1_115' title="bbox 1959 5168 3544 5238">
     <span class='ocr_line' id='line_1_116' title="bbox 1959 5168 3544 5238; baseline 0.001 -15"><span class='ocrx_word' id='word_1_896' title='bbox 1959 5171 2127 5237; x_wconf 70' lang='lat' dir='ltr'><strong>possit</strong></span> <span class='ocrx_word' id='word_1_897' title='bbox 2155 5170 2346 5235; x_wconf 84' lang='lat' dir='ltr'><strong>expelli</strong></span> <span class='ocrx_word' id='word_1_898' title='bbox 2373 5168 2887 5237; x_wconf 84' lang='lat' dir='ltr'><strong>dacmonia,quando</strong></span> <span class='ocrx_word' id='word_1_899' title='bbox 2915 5170 2983 5223; x_wconf 87' lang='lat' dir='ltr'><strong>ad</strong></span> <span class='ocrx_word' id='word_1_900' title='bbox 3010 5170 3245 5225; x_wconf 89' lang='lat' dir='ltr'><strong>nominis</strong></span> <span class='ocrx_word' id='word_1_901' title='bbox 3273 5171 3390 5238; x_wconf 80' lang='lat' dir='ltr'><strong>ejus</strong></span> <span class='ocrx_word' id='word_1_902' title='bbox 3421 5186 3544 5225; x_wconf 85' lang='lat' dir='ltr'><strong>evo-</strong></span> 
     </span>
    </p>
   </div>
   <div class='ocr_carea' id='block_1_116' title="bbox 1958 5240 3541 5309">
    <p class='ocr_par' dir='ltr' id='par_1_116' title="bbox 1958 5240 3541 5309">
     <span class='ocr_line' id='line_1_117' title="bbox 1958 5240 3541 5309; baseline 0.002 -16"><span class='ocrx_word' id='word_1_903' title='bbox 1958 5242 2225 5294; x_wconf 84' lang='lat' dir='ltr'><strong>cationcin</strong></span> <span class='ocrx_word' id='word_1_904' title='bbox 2258 5240 2621 5309; x_wconf 79' lang='lat' dir='ltr'><strong>expelluntur,</strong></span> <span class='ocrx_word' id='word_1_905' title='bbox 2672 5240 2886 5307; x_wconf 87' lang='lat' dir='ltr'><strong>proprie</strong></span> <span class='ocrx_word' id='word_1_906' title='bbox 2915 5250 3092 5294; x_wconf 89' lang='lat' dir='ltr'><strong>tamen</strong></span> <span class='ocrx_word' id='word_1_907' title='bbox 3143 5242 3396 5294; x_wconf 89' lang='lat' dir='ltr'><strong>virtutem</strong></span> <span class='ocrx_word' id='word_1_908' title='bbox 3422 5240 3541 5309; x_wconf 86' lang='lat' dir='ltr'><strong>ejus</strong></span> 
     </span>
    </p>
   </div>
   <div class='ocr_carea' id='block_1_117' title="bbox 1959 5310 3541 5379">
    <p class='ocr_par' dir='ltr' id='par_1_117' title="bbox 1959 5310 3541 5379">
     <span class='ocr_line' id='line_1_118' title="bbox 1959 5310 3541 5379; baseline 0.002 -16"><span class='ocrx_word' id='word_1_909' title='bbox 1959 5310 2322 5379; x_wconf 83' lang='lat' dir='ltr'><strong>intelligimus,</strong></span> <span class='ocrx_word' id='word_1_910' title='bbox 2352 5310 2609 5375; x_wconf 88' lang='lat' dir='ltr'><strong>divinam,</strong></span> <span class='ocrx_word' id='word_1_911' title='bbox 2641 5310 2883 5378; x_wconf 89' lang='lat' dir='ltr'><strong>inquam,</strong></span> <span class='ocrx_word' id='word_1_912' title='bbox 2907 5312 3181 5377; x_wconf 85' lang='lat' dir='ltr'><strong>virtutem,</strong></span> <span class='ocrx_word' id='word_1_913' title='bbox 3214 5318 3274 5363; x_wconf 89' lang='lat' dir='ltr'><strong>ut</strong></span> <span class='ocrx_word' id='word_1_914' title='bbox 3302 5310 3443 5365; x_wconf 89' lang='lat' dir='ltr'><strong>idem</strong></span> <span class='ocrx_word' id='word_1_915' title='bbox 3468 5313 3541 5366; x_wconf 82' lang='lat' dir='ltr'><strong>sit</strong></span> 
     </span>
    </p>
   </div>
   <div class='ocr_carea' id='block_1_118' title="bbox 1959 5379 3540 5449">
    <p class='ocr_par' dir='ltr' id='par_1_118' title="bbox 1959 5379 3540 5449">
     <span class='ocr_line' id='line_1_119' title="bbox 1959 5379 3540 5449; baseline 0.003 -16"><span class='ocrx_word' id='word_1_916' title='bbox 1959 5380 2011 5433; x_wconf 93' lang='lat' dir='ltr'><strong>in</strong></span> <span class='ocrx_word' id='word_1_917' title='bbox 2045 5382 2241 5435; x_wconf 84' lang='lat' dir='ltr'><strong>Christi</strong></span> <span class='ocrx_word' id='word_1_918' title='bbox 2272 5379 2489 5433; x_wconf 91' lang='lat' dir='ltr'><strong>nomine</strong></span> <span class='ocrx_word' id='word_1_919' title='bbox 2542 5390 2700 5449; x_wconf 89' lang='lat' dir='ltr'><strong>atque</strong></span> <span class='ocrx_word' id='word_1_920' title='bbox 2728 5382 2782 5435; x_wconf 91' lang='lat' dir='ltr'><strong>in</strong></span> <span class='ocrx_word' id='word_1_921' title='bbox 2812 5382 3005 5436; x_wconf 87' lang='lat' dir='ltr'><strong>virtute</strong></span> <span class='ocrx_word' id='word_1_922' title='bbox 3036 5380 3235 5436; x_wconf 89' lang='lat' dir='ltr'><strong>Christi</strong></span> <span class='ocrx_word' id='word_1_923' title='bbox 3265 5380 3540 5438; x_wconf 67' lang='lat' dir='ltr'><strong>daemones</strong></span> 
     </span>
    </p>
   </div>
   <div class='ocr_carea' id='block_1_119' title="bbox 1959 5451 3543 5519">
    <p class='ocr_par' dir='ltr' id='par_1_119' title="bbox 1959 5451 3543 5519">
     <span class='ocr_line' id='line_1_120' title="bbox 1959 5451 3543 5519; baseline 0.001 -14"><span class='ocrx_word' id='word_1_924' title='bbox 1959 5452 2245 5519; x_wconf 86' lang='lat' dir='ltr'><strong>expellere.</strong></span> <span class='ocrx_word' id='word_1_925' title='bbox 2298 5451 2451 5518; x_wconf 87' lang='lat' dir='ltr'><strong>Quod</strong></span> <span class='ocrx_word' id='word_1_926' title='bbox 2496 5454 2781 5507; x_wconf 82' lang='lat' dir='ltr'><strong>confirmat</strong></span> <span class='ocrx_word' id='word_1_927' title='bbox 2814 5452 3040 5518; x_wconf 84' lang='lat' dir='ltr'><strong>Auctor,</strong></span> <span class='ocrx_word' id='word_1_928' title='bbox 3065 5466 3189 5507; x_wconf 88' lang='lat' dir='ltr'><strong>cum</strong></span> <span class='ocrx_word' id='word_1_929' title='bbox 3218 5452 3290 5505; x_wconf 89' lang='lat' dir='ltr'><strong>ait</strong></span> <span class='ocrx_word' id='word_1_930' title='bbox 3321 5468 3335 5504; x_wconf 89' lang='lat'><strong>:</strong></span> <span class='ocrx_word' id='word_1_931' title='bbox 3369 5451 3543 5507; x_wconf 80' lang='lat' dir='ltr'><strong>Num-</strong></span> 
     </span>
    </p>
   </div>
   <div class='ocr_carea' id='block_1_120' title="bbox 1957 5522 3534 5595">
    <p class='ocr_par' dir='ltr' id='par_1_120' title="bbox 1957 5522 3534 5595">
     <span class='ocr_line' id='line_1_121' title="bbox 1957 5522 3534 5595; baseline 0.004 -22"><span class='ocrx_word' id='word_1_932' title='bbox 1957 5523 2087 5595; x_wconf 83' lang='lat' dir='ltr'><strong>quid</strong></span> <span class='ocrx_word' id='word_1_933' title='bbox 2105 5522 2171 5574; x_wconf 89' lang='lat' dir='ltr'><strong>ad</strong></span> <span class='ocrx_word' id='word_1_934' title='bbox 2226 5530 2521 5586; x_wconf 87' lang='lat' dir='ltr'><strong>potestatem</strong></span> <span class='ocrx_word' id='word_1_935' title='bbox 2545 5523 2879 5577; x_wconf 72' lang='lat' dir='ltr'><strong>exercendam</strong></span> <span class='ocrx_word' id='word_1_936' title='bbox 2905 5524 3117 5577; x_wconf 86' lang='lat' dir='ltr'><strong>alterius</strong></span> <span class='ocrx_word' id='word_1_937' title='bbox 3138 5524 3342 5577; x_wconf 88' lang='lat' dir='ltr'><strong>nomine</strong></span> <span class='ocrx_word' id='word_1_938' title='bbox 3370 5526 3534 5595; x_wconf 84' lang='lat' dir='ltr'><strong>eguit,</strong></span> 
     </span>
    </p>
   </div>
   <div class='ocr_carea' id='block_1_121' title="bbox 1956 5594 3257 5663">
    <p class='ocr_par' dir='ltr' id='par_1_121' title="bbox 1956 5594 3257 5663">
     <span class='ocr_line' id='line_1_122' title="bbox 1956 5594 3257 5663; baseline 0.002 -18"><span class='ocrx_word' id='word_1_939' title='bbox 1956 5594 2045 5662; x_wconf 90' lang='lat' dir='ltr'><strong>qui</strong></span> <span class='ocrx_word' id='word_1_940' title='bbox 2073 5594 2238 5663; x_wconf 81' lang='lat' dir='ltr'><strong>ipsum</strong></span> <span class='ocrx_word' id='word_1_941' title='bbox 2263 5610 2445 5647; x_wconf 88' lang='lat' dir='ltr'><strong>nomen</strong></span> <span class='ocrx_word' id='word_1_942' title='bbox 2468 5611 2616 5647; x_wconf 87' lang='lat' dir='ltr'><strong>suum</strong></span> <span class='ocrx_word' id='word_1_943' title='bbox 2640 5603 2933 5661; x_wconf 88' lang='lat' dir='ltr'><strong>potestatem</strong></span> <span class='ocrx_word' id='word_1_944' title='bbox 2963 5611 3070 5649; x_wconf 86' lang='lat' dir='ltr'><strong>esse</strong></span> <span class='ocrx_word' id='word_1_945' title='bbox 3099 5595 3257 5663; x_wconf 79' lang='lat' dir='ltr'><strong>fecit?</strong></span> 
     </span>
    </p>
   </div>
   <div class='ocr_carea' id='block_1_122' title="bbox 2034 5664 3530 5735">
    <p class='ocr_par' dir='ltr' id='par_1_122' title="bbox 2034 5664 3530 5735">
     <span class='ocr_line' id='line_1_123' title="bbox 2034 5664 3530 5735; baseline 0.005 -18"><span class='ocrx_word' id='word_1_946' title='bbox 2034 5675 2054 5703; x_wconf 75' lang='grc' dir='ltr'><strong>ε</strong></span> <span class='ocrx_word' id='word_1_947' title='bbox 2088 5667 2251 5719; x_wconf 86' lang='lat' dir='ltr'><strong>Docet</strong></span> <span class='ocrx_word' id='word_1_948' title='bbox 2287 5665 2346 5719; x_wconf 83' lang='grc' dir='ltr'><strong>υ.</strong></span> <span class='ocrx_word' id='word_1_949' title='bbox 2376 5664 2669 5735; x_wconf 82' lang='lat' dir='ltr'><strong>Gregorius</strong></span> <span class='ocrx_word' id='word_1_950' title='bbox 2692 5669 2743 5720; x_wconf 92' lang='lat' dir='ltr'><strong>in</strong></span> <span class='ocrx_word' id='word_1_951' title='bbox 2777 5669 2879 5721; x_wconf 88' lang='lat' dir='ltr'><strong>line</strong></span> <span class='ocrx_word' id='word_1_952' title='bbox 2902 5666 2994 5721; x_wconf 90' lang='lat' dir='ltr'><strong>lib.</strong></span> <span class='ocrx_word' id='word_1_953' title='bbox 3028 5681 3065 5721; x_wconf 87' lang='grc' dir='ltr'><strong>ιι</strong></span> <span class='ocrx_word' id='word_1_954' title='bbox 3090 5666 3393 5732; x_wconf 79' lang='lat' dir='ltr'><strong>Moralium,</strong></span> <span class='ocrx_word' id='word_1_955' title='bbox 3428 5667 3530 5725; x_wconf 78' lang='lat' dir='ltr'><strong>ali-</strong></span> 
     </span>
    </p>
   </div>
   <div class='ocr_carea' id='block_1_123' title="bbox 1960 5735 3531 5812">
    <p class='ocr_par' dir='ltr' id='par_1_123' title="bbox 1960 5735 3531 5812">
     <span class='ocr_line' id='line_1_124' title="bbox 1960 5735 3531 5812; baseline 0.001 -19"><span class='ocrx_word' id='word_1_956' title='bbox 1960 5744 2043 5793; x_wconf 88' lang='lat' dir='ltr'><strong>ter</strong></span> <span class='ocrx_word' id='word_1_957' title='bbox 2064 5735 2117 5796; x_wconf 87' lang='lat' dir='ltr'><strong>in</strong></span> <span class='ocrx_word' id='word_1_958' title='bbox 2136 5736 2550 5805; x_wconf 86' lang='lat' dir='ltr'><strong>Christo,aliter</strong></span> <span class='ocrx_word' id='word_1_959' title='bbox 2580 5739 2634 5796; x_wconf 89' lang='lat' dir='ltr'><strong>in</strong></span> <span class='ocrx_word' id='word_1_960' title='bbox 2663 5739 2793 5796; x_wconf 88' lang='lat' dir='ltr'><strong>viris</strong></span> <span class='ocrx_word' id='word_1_961' title='bbox 2817 5738 3019 5797; x_wconf 84' lang='lat' dir='ltr'><strong>sanctis</strong></span> <span class='ocrx_word' id='word_1_962' title='bbox 3049 5738 3314 5812; x_wconf 84' lang='lat' dir='ltr'><strong>Spiritum</strong></span> <span class='ocrx_word' id='word_1_963' title='bbox 3338 5738 3531 5800; x_wconf 67' lang='lat' dir='ltr'><strong>Some-</strong></span> 
     </span>
    </p>
   </div>
  </div>
