4000 6186
407 227 512 290 ω

1734 224 2018 282 JOANNIS
2057 221 2367 280 CASSIAN!

3581 216 3692 284 ΞΜ

407 356 542 426 quit,
575 352 834 425 Spiritum
875 351 1258 408 descendentem
1282 348 1415 403 sicut
1451 345 1763 414 columbam,
1803 354 1854 402 et
1877 362 1993 401 ηια-
2021 345 2076 409 Α
2098 344 2356 400 habuisse
2385 341 2620 399 traditur
2652 343 2708 400 in
2738 343 2945 400 radice.
2978 352 3004 384 °
3029 341 3294 413 Leporius
3315 337 3405 398 ille
3433 337 3579 396 enim
3604 337 3689 410 (ut

407 459 610 507 nentem
638 467 794 515 super
813 463 950 506 eum.
977 450 1231 503 Discerne
1256 445 1365 509 hic,
1385 442 1431 498 si
1453 450 1626 513 potes,
1651 443 1774 514 quis
1794 443 1994 511 potior,

407 545 526 617 quis
558 545 732 616 ma‘jor
755 544 846 610 sit,
890 544 1014 612 quis
1044 539 1390 596 honoratior?
1419 540 1465 593 is
1489 540 1579 609 qui
1611 539 1995 606 descendebat,

405 653 473 694 an
498 638 544 694 is
565 637 632 693 ad
655 652 817 708 quem
845 632 1316 690 descendebatur?
1345 631 1394 686 is
1413 633 1502 701 qui
1527 630 1804 688 deferebat
1827 630 2015 685 hono-'

407 749 545 801 rem,
587 747 656 786 an
685 733 729 785 is
756 730 842 785 cui
869 728 1214 784 deferebatur
1242 726 1449 781 honor?
1476 726 1579 782 Ubi
1609 725 1699 782 hic
1749 728 1803 782 in
1844 727 1999 786 testi-

406 828 590 883 monio
619 830 799 889 sonat,
841 821 988 892 quod
1030 836 1252 879 carnem
1291 820 1410 889 ejus
1456 820 1718 892 templum
1764 821 1996 891 Spiritus

410 917 627 976 fecerit?
655 923 750 970 aut
780 915 832 968 in
860 928 968 984 quo
1011 911 1276 969 honorem
1307 911 1406 967 Dei
1446 911 1674 977 minuit,
1715 913 1762 967 si
1803 913 1869 966 ad
1901 913 1998 968 de-

408 1008 825 1066 monstrandum
851 1006 1092 1062 humano
1139 1007 1323 1076 generi
1366 1005 1536 1061 Deum
1573 1007 1712 1061 Deus
1753 1007 1867 1074 ipse
1897 1006 1993 1062 de-

407 1103 648 1160 scendit?
677 1099 811 1156 Cum
855 1101 1038 1170 utique
1081 1114 1191 1154 non
1229 1099 1406 1152 minor
1445 1098 1670 1168 intelligi
1698 1098 1890 1155 debeat
1921 1100 1988 1166 is,

405 1197 560 1266 cujus
592 1196 824 1250 indicata
856 1194 928 1249 sit
955 1193 1222 1263 dignitas,
1261 1206 1420 1261 quam
1455 1193 1500 1246 is
1527 1193 1620 1262 qui
1653 1192 1809 1246 index
1836 1193 1997 1248 fuerit

403 1287 704 1358 dignitatis.
736 1286 844 1342 Sed
873 1285 1014 1342 absit
1045 1285 1207 1340 ullam
1245 1285 1472 1340 credere
1499 1294 1592 1339 aut
1622 1285 1738 1342 ﬁeri
1777 1285 1831 1339 in
1859 1286 1996 1341 divi-

404 1383 574 1437 nitate
600 1379 919 1436 distantiam
945 1395 959 1431 :
985 1378 1110 1449 quia
1132 1375 1320 1432 eadem
1341 1392 1446 1432 una
1469 1377 1661 1443 deitas,
1690 1387 1745 1434 et
1768 1379 1995 1447 aequalis

403 1482 650 1542 potestas
678 1471 988 1541 opinionem
1019 1468 1234 1538 penitus
1275 1469 1452 1538 impias
1494 1469 1874 1535 inaequalitatis
1901 1484 1996 1524 ex-

404 1565 593 1619 cludit.
625 1565 692 1620 Et
712 1562 833 1618 ideo
858 1562 911 1615 in
937 1561 1044 1616 hoc
1067 1562 1304 1631 negotio,
1328 1576 1448 1616 cum
1473 1572 1528 1617 et
1552 1560 1732 1617 Patris
1762 1575 1990 1631 persona

403 1666 458 1711 et
488 1654 613 1710 Filii
641 1664 697 1710 et
725 1653 963 1723 Spiritus
992 1655 1163 1710 sancti
1194 1655 1284 1717 sit,
1315 1661 1370 1709 et
1411 1669 1531 1709 cum
1565 1654 1740 1709 Filius
1785 1655 1880 1714 Dei
1921 1658 1996 1710 sit

2099 437 2368 506 Leporius
2411 436 2710 508 discipulus
2757 451 2886 492 suus
2915 433 3082 508 dixit)
3123 435 3410 490 Dominum
3443 441 3686 490 nostrum

2096 531 2376 587 asserebat
2403 531 2682 587 Christum
2713 527 2910 586 factum
2941 544 3061 585 esse
3101 544 3196 599 per
3225 528 3551 598 baptismum
3579 544 3593 583 :
3627 535 3688 583 tu

2097 625 2154 679 in
2184 625 2451 694 baptismo
2481 625 2742 694 templum
2771 624 2866 679 Dei
2891 623 3026 678 dicis
3053 622 3248 678 factum
3281 637 3403 677 esse
3435 638 3531 692 per
3565 621 3686 692 Spi-

2096 718 2282 774 ritum.
2313 715 2343 758 ἀ
2370 720 2487 776 Non
2519 719 2738 791 quidem
2770 718 2835 773 ad
2870 719 3088 789 plenum
3119 716 3312 772 eadem
3336 717 3508 773 verba
3534 725 3685 784 sunt,

2094 810 2190 868 sed
2220 811 2288 868 ad
2317 812 2536 883 plenum
2565 827 2670 868 una
2702 815 3056 884 perversitas.

2669 969 2902 1027 CAPUT
2939 967 3110 1026 XXII.

2096 1089 2448 1147 Eleoationem
2481 1086 2675 1146 Christi
2708 1088 2764 1142 in
2800 1088 2984 1142 calum
3009 1102 3115 1141 non
3143 1084 3242 1142 soli
3269 1084 3494 1158 Spiritui
3521 1085 3694 1141 ascri-

2695 1159 2914 1216 bendam
2949 1173 3080 1215 esse.

2164 1275 2337 1334 Addis
2353 1284 2536 1332 autem
2558 1273 2721 1331 etiam
2745 1274 2850 1332 hoc
2873 1272 3146 1343 praedictis
3165 1271 3534 1341 impietatibus
3555 1271 3687 1338 tuis,

2094 1371 2236 1441 quod
2264 1370 2625 1426 elevationem
2659 1367 2889 1423 Domino
2921 1367 2975 1421 in
3001 1365 3200 1421 ctelum
3224 1364 3460 1436 Spiritus
3483 1363 3691 1419 condo-

2096 1462 2276 1520 narit:
2313 1462 2607 1518 ostendens
2647 1459 2861 1517 scilicet
2887 1459 3151 1528 sacrilego
3181 1472 3344 1513 sensu
3395 1467 3507 1523 tuo,
3536 1456 3693 1527 quod

2095 1565 2206 1612 tam
2253 1554 2586 1611 imbecillum
2621 1568 2687 1608 ac
2721 1563 2829 1608 tam
2883 1567 3112 1623 egenum
3162 1551 3450 1608 Dominum
3501 1550 3689 1608 losum

2094 1648 2372 1706 Christum
2405 1647 2572 1703 fuisse
2607 1645 2806 1710 credis,
2836 1645 2980 1715 quod
3013 1644 3116 1700 nisi
3149 1660 3271 1700 eum
3302 1644 3536 1714 Spiritus
3574 1645 3692 1702 ele-

406 1747 474 1801 ad
502 1762 663 1815 quem
705 1745 1075 1812 descenditur,
1111 1747 1341 1818 Spiritus
1369 1749 1457 1818 qui
1488 1747 1799 1815 descendit,
1835 1749 1996 1804 Pater
2023 1740 2072 1800 B
2098 1752 2276 1798 vasset
2307 1743 2360 1798 in
2388 1742 2611 1806 ctelum,
2636 1740 2810 1795 adhuc
2835 1739 2998 1795 hodie
3030 1739 3253 1794 forsitan
3278 1738 3513 1794 futurum
3541 1740 3693 1794 acsti-

403 1839 494 1910 qui
529 1839 902 1896 testimonium
947 1839 1124 1894 dicit:
1157 1840 1338 1894 nullus
1380 1841 1503 1909 plus
1531 1841 1715 1894 habuit
1747 1841 1989 1906 honoris,

405 1933 586 1987 nullus
615 1931 905 2002 quidquam
950 1933 1158 2004 accepit
1203 1933 1416 2003 injurias
1443 1952 1455 1986 :
1489 1934 1583 1988 sed
1615 1935 1894 2002 aequaliter
1922 1933 1992 1990 ad

406 2025 797 2094 plenitudinem
829 2024 1046 2080 deitatis
1078 2036 1249 2081 totum
1298 2026 1563 2081 redundat
1590 2047 1600 2079 :
1635 2028 1756 2096 quia
1789 2027 1995 2097 quaeris

409 2119 464 2173 in
506 2117 769 2173 Trinitate
813 2131 1043 2187 persona
1075 2116 1335 2172 honorem
1365 2118 1418 2171 in
1448 2133 1508 2172 se
1546 2119 1712 2172 totius
1755 2120 1996 2173 continet

408 2214 709 2270 Trinitatis.
737 2213 806 2271 Et
829 2212 952 2269 ideo
972 2211 1075 2268 dici
1100 2211 1226 2266 hinc
1243 2212 1476 2282 amplius
1503 2229 1609 2266 non
1639 2226 1864 2267 necesse
1887 2219 1992 2278 est,

406 2306 512 2362 nisi
530 2307 597 2362 ad
625 2305 1073 2363 manifestandam
1097 2314 1304 2360 tantum
1328 2305 1620 2372 impietatis
1643 2313 1754 2359 tua:
1773 2319 1991 2358 causam

406 2409 567 2469 atque
611 2401 906 2471 originem.
937 2409 964 2439 ι
995 2401 1129 2466 Quia
1161 2399 1332 2468 spina
1370 2398 1554 2468 utique
1601 2413 1663 2453 ac
1711 2397 1894 2452 tribuli
1925 2412 1992 2453 ex

402 2492 674 2548 radicibus
724 2507 1066 2564 emergentes
1111 2492 1370 2562 qualitate
1420 2490 1508 2546 sui
1558 2491 1782 2560 stirpem
1837 2505 1992 2546 suam

402 2585 670 2658 produnt;
705 2601 772 2643 ex
803 2602 871 2643 eo
906 2589 1024 2658 ipso
1067 2586 1208 2656 quod
1252 2595 1396 2650 sunt,
1431 2585 1671 2642 indicant
1699 2584 1844 2639 unde
1889 2598 1990 2638 na-

399 2688 645 2735 scantur.
674 2677 750 2734 Ita
773 2692 904 2749 ergo
929 2689 984 2733 ct
1011 2689 1064 2732 tu
1087 2677 1116 2717 δ
1145 2676 1445 2746 Pelagianae
1465 2677 1745 2734 haereseos
1765 2677 1986 2748 spinosa

399 2770 618 2828 soboles
646 2770 791 2828 idem
820 2771 1065 2827 ostendis
1109 2772 1164 2826 in
1192 2772 1455 2842 germine,
1486 2771 1630 2841 quod
1662 2772 1821 2826 Pater
1854 2780 1982 2826 tuus

2097 1852 2274 1894 mares
2304 1838 2359 1893 i‘n
2407 1849 2569 1894 terra.
2597 1835 2679 1891 Ad
2727 1835 3102 1906 probationem
3151 1842 3330 1889 autem
3365 1834 3494 1888 dicti
3519 1835 3698 1892 etiam

2097 1932 2462 1988 testimonium
2511 1945 2728 1985 sacrum
2773 1929 3000 1984 adhibes
3041 1943 3057 1985 ι
3108 1929 3285 1998 inquis
3322 1929 3508 1983 enim:
3546 1928 3698 1983 Baiis

2095 2027 2342 2079 mandata
2369 2022 2620 2092 apostolis
2644 2038 2774 2092 quos
2814 2023 2996 2093 elegit,
3027 2037 3120 2094 per
3165 2020 3423 2090 Spiritum
3451 2029 3692 2075 sanctum

2097 2119 2321 2172 elevatus
2342 2128 2415 2172 est
2445 2117 2582 2186 (Act.
2610 2114 2688 2187 ι).
2711 2115 2849 2185 Quid
2875 2124 2927 2170 te
2949 2115 3250 2185 appellem?
3271 2114 3393 2185 quid
3417 2123 3467 2169 te
3491 2113 3688 2169 existi-

2099 2211 2279 2266 mem?
2306 2212 2396 2281 qui
2438 2210 2837 2280 corrumpendo
2865 2209 3075 2265 divinas
3110 2209 3341 2275 litteras,
3383 2208 3433 2263 id
3473 2208 3585 2277 agis
3613 2221 3690 2263 ne

2097 2302 2400 2358 testimonia
2423 2316 2578 2357 sacra
2599 2301 2835 2357 habeant
2856 2302 2962 2354 vim
2989 2301 3418 2356 testimoniorum
3433 2300 3460 2352 ἓ
3475 2297 3690 2354 Novum

2093 2395 2334 2450 audacia:
2356 2409 2550 2464 genus,
2576 2393 2720 2464 quod
2743 2393 2797 2448 id
2822 2393 3042 2450 efﬁcere
3067 2393 3404 2463 argumentis
3431 2391 3693 2458 nequitias

2095 2503 2210 2542 suae
2228 2488 2442 2552 nititur,
2462 2495 2521 2542 ut
2544 2485 2828 2541 falsitatem
2848 2485 3050 2540 veritas
3071 2486 3392 2541 confirmare
3416 2485 3689 2540 videatur.

2095 2580 2213 2635 Non
2242 2580 2386 2635 enim
2408 2580 2480 2634 ita
2505 2580 2556 2634 in
2586 2578 2920 2648 Apostolicis
2942 2578 3164 2633 Actibus
3190 2577 3390 2630 dictum
3418 2584 3522 2638 est,
3546 2585 3603 2629 ut
3627 2584 3689 2631 tu

2095 2675 2218 2732 ais:
2250 2675 2376 2745 quid
2419 2674 2567 2729 enim
2616 2673 2893 2742 Scriptura
2941 2671 3108 2727 dicit?
3153 2671 3284 2740 Qua:
3333 2672 3486 2742 capit
3529 2668 3692 2726 Iesus

2097 2769 2266 2836 lacere
2313 2775 2361 2821 et
2407 2767 2621 2832 docere,
2662 2776 2688 2804 ο
2731 2783 2894 2838 usque
2938 2766 2994 2820 in
3043 2765 3176 2819 diem
3225 2781 3330 2836 qua
3382 2766 3692 2838 praecipiens

1474 2885 1729 2940 ALARDI
1769 2881 2002 2940 GAZEI
2039 2880 2604 2938 COMMENTARIUS.

399 2990 550 3032 nere.
585 2990 878 3044 Quomodo,
909 2990 1006 3039 ait,
1037 2990 1302 3048 singulare
1335 2991 1540 3044 signum
1567 2990 1660 3040 est,
1689 2990 1825 3045 quoa
1859 2990 1985 3041 δρι-

399 3049 527 3102 ritus
553 3061 759 3119 sanctus
784 3050 838 3102 in
870 3045 1072 3102 Christo
1101 3048 1403 3119 permanet?
1438 3045 1502 3101 ln
1523 3047 1698 3119 donis,
1726 3047 1838 3102 sine
1869 3047 1987 3114 qui-

399 3119 492 3174 bus
520 3118 588 3171 ad
618 3120 772 3172 vitam
817 3119 1072 3190 perveniri
1101 3117 1215 3174 non
1261 3126 1452 3190 potest,
1498 3117 1729 3190 Spiritus
1778 3127 1984 3190 sanctus

585 2975 1006 3048 Quomodo,_ait,
1037 2977 1302 3048 singulare
1335 2975 1660 3048 signumest,
1689 2975 1827 3048 quod
1859 2975 1985 3048 Spi-

2093 2988 2190 3025 nas
2214 2980 2268 3027 et
2298 2972 2548 3040 tribulos,
2579 2982 2851 3041 tamquam
2890 2969 3174 3026 maledicta
3206 2977 3370 3041 terra,
3402 2970 3682 3040 germina—

2089 3042 2202 3114 vit)
2231 3045 2450 3112 spinosa
2484 3039 3025 3112 proinile'progenies
3053 3041 3297 3114 ostendis
3326 3039 3379 3095 in
3411 3039 3683 3114 germine,

2092 3115 2146 3168 id
2172 3113 2275 3172 est.
2307 3116 2358 3169 in
2394 3125 2446 3169 te
2477 3115 2614 3184 ipso.
2649 3114 2739 3183 qui
2769 3129 2828 3168 es
2866 3128 3088 3184 germen
3121 3113 3288 3178 illius,
3318 3113 3460 3182 quod
3503 3123 3684 3184 pater,

398 3191 502 3245 sive
542 3190 595 3243 in
646 3182 1068 3259 pradicatoribus
1113 3182 1393 3254 suisfsive
1434 3182 1492 3242 in
1538 3182 1709 3243 electis
1753 3189 1988 3243 omnibus
2017 3186 2062 3250 Ο
2094 3186 2146 3259 id
2177 3195 2280 3259 est,
2313 3182 2625 3259 prmcelsor
2654 3195 2774 3259 tuus
2804 3182 3040 3259 (scilicet
3087 3184 3468 3259 Pelagius,vel
3499 3182 3684 3259 Lepo-

399 3277 598 3333 sentper
628 3271 816 3317 manet.
852 3260 918 3326 In
947 3261 1055 3315 illis
1093 3272 1282 3326 autem,
1311 3261 1497 3333 quibus
1528 3277 1618 3329 per
1645 3262 1986 3314 ostensioncm

399 3330 540 3386 illius
569 3349 673 3387 non
699 3344 877 3387 nostra
917 3335 1022 3387 vita
1050 3340 1300 3397 servatur,
1325 3330 1418 3386 sed
1447 3333 1672 3385 aliorum
1717 3333 1986 3399 quaritur,

399 3418 720 3473 nequaquam
767 3421 965 3472 semper
988 3405 1042 3456 in
1072 3403 1497 3468 prcedicatoribus
1537 3411 1794 3470 permanet
1823 3418 1842 3457 :
1869 3404 1992 3469 quia

400 3491 596 3543 semper
621 3475 830 3544 quidem
861 3489 1038 3526 eorum
1063 3473 1302 3544 cordibus
1321 3473 1389 3525 ad
1420 3474 1539 3544 bene
1565 3474 1834 3525 vivendum
1856 3488 1991 3544 pra!—

399 3545 562 3608 sidct;
594 3543 681 3596 nec
721 3553 891 3597 tamen
917 3560 1006 3613 per
1029 3557 1114 3594 eos
1139 3543 1385 3595 virtutum
1420 3543 1568 3609 signa
1597 3557 1795 3607 semper
1827 3554 1991 3613 osten-

400 3616 494 3678 dit,
528 3615 620 3666 sed
651 3611 929 3678 aliquando
955 3628 1007 3665 se
1028 3614 1100 3664 eis
1123 3629 1154 3664 a
1181 3613 1447 3680 signorum
1471 3613 1844 3665 ostensionibus
1862 3611 1988 3666 sub-

403 3685 600 3738 trahit:
635 3682 868 3738 Christus
897 3694 1066 3743 antem
1105 3682 1161 3740 in
1201 3684 1395 3736 cunctis
1426 3681 1681 3754 Spiritum
1713 3693 1760 3738 et
1790 3701 1988 3746 semper

401 3763 450 3809 et
481 3755 717 3809 continue
742 3754 889 3827 habet
913 3762 1234 3827 prwsentem.
1267 3756 1389 3827 quia
1419 3765 1464 3827 et
1491 3771 1554 3809 ea;
1589 3756 1682 3809 illo
1703 3757 1834 3810 idem
1867 3754 1987 3821 Spi-

401 3827 531 3879 ritus
584 3842 674 3897 per
717 3825 1056 3879 substantiam
1100 3825 1378 3895 profertur.
1427 3826 1577 3897 Recte
1619 3845 1759 3896 ergo,
1791 3843 1907 3880 cum
1935 3828 1989 3881 in

401 3895 592 3951 sanctis
621 3898 1041 3964 praedicatoribus
1070 3908 1306 3964 maneat,
1334 3900 1388 3952 in
1427 3895 1631 3951 Christo
1658 3895 1991 3968 singulariter

403 3985 606 4039 manere
648 3971 940 4039 perhibetur
970 3984 990 4024 :
1016 3970 1142 4036 quia
1181 3969 1236 4039 in
1282 3970 1394 4023 istis
1423 3985 1515 4038 per
1554 3970 1776 4038 gratiam
1820 3977 1989 4022 manet

402 4038 471 4110 ad
515 4037 715 4110 aliquid
743 4057 763 4096 :
791 4042 844 4094 in
883 4041 980 4095 illo
1011 4057 1100 4109 per
1128 4037 1469 4093 substantiam
1496 4037 1667 4092 manet
1689 4041 1757 4092 ad
1785 4049 1988 4093 cuncta.

407 4109 496 4166 Sic
524 4109 836 4182 Gregorius.

480 4191 504 4214 η
537 4177 793 4250 Spectare
836 4180 1053 4234 videtur
1095 4179 1226 4232 illud
1273 4179 1439 4234 Lucae
1469 4194 1524 4250 vt
1556 4195 1568 4230 :
1599 4177 1722 4232 Non
1753 4186 1826 4232 est
1858 4180 1989 4232 enim

404 4249 768 4315 arbor’bona,
816 4266 929 4316 qum
967 4250 1090 4319 facit
1136 4249 1538 4320 fructusimalos
1576 4265 1594 4302 :
1634 4266 1796 4320 neque
1837 4251 1991 4304 arbor

403 4323 544 4394 'nala
587 4322 784 4394 faciens
831 4325 1057 4394 fructum
1086 4319 1292 4394 bonum.
1324 4319 1650 4394 Undarumque
1677 4322 1808 4394 enim
1839 4323 1992 4394 arbor

403 4393 468 4446 de
493 4391 668 4462 fructu
697 4408 794 4450 suo
814 4393 1162 4462 cognoscitur.
1192 4391 1373 4461 Neque
1398 4393 1534 4446 enim
1562 4391 1627 4444 de
1646 4392 1807 4463 spinis
1838 4393 1959 4447 colli
1970 4423 1987 4434 -

403 4475 530 4534 gunt
557 4464 706 4531 ficus,
736 4480 893 4534 neque
919 4464 982 4518 de
1007 4464 1140 4518 rubo
1166 4464 1480 4518 vindemiant
1514 4479 1683 4518 uuam.

475 4533 504 4573 δ
532 4533 1170 4632 NestoriumkPelagiante
1200 4536 1485 4632 haereseos.
1505 4534 1744 4590 sobolem
1773 4549 1838 4590 ac
1860 4550 1989 4606 gcr-
2015 4573 2067 4632 Β

403 4621 528 4661 men
575 4617 752 4670 vocat,
797 4606 867 4661 ob
915 4608 1175 4662 rationem
1223 4607 1333 4676 jam
1381 4605 1582 4661 dudum
1627 4621 1985 4676 expressam:

403 4677 546 4746 quod
596 4677 877 4734 Nesmrius
927 4679 1229 4746 Pelagiana:
1280 4678 1552 4733 haereseos
1609 4694 1713 4734 non
1775 4687 1986 4734 tantum

404 4747 578 4803 heres
607 4765 669 4802 ac
695 4757 948 4812 sectator.
981 4750 1074 4804 sed
1101 4759 1154 4804 et
1179 4760 1439 4819 patronus
1474 4764 1539 4805 ac
1569 4749 1745 4803 fautor
1769 4750 1988 4804 exstite-

404 4819 498 4891 rit,
532 4830 595 4891 ut
614 4822 861 4888 superius
895 4831 1173 4875 ostensum
1203 4834 1283 4876 est
1311 4820 1448 4891 (Lib.
1479 4837 1496 4875 ι
1527 4838 1641 4891 cap.
1676 4821 1756 4889 3).
1787 4820 1986 4876 Verum

404 4889 496 4961 alii
527 4887 722 4958 (Basil.
756 4892 947 4957 editio)
989 4892 1168 4960 legunt
1207 4908 1222 4947 :
1265 4891 1345 4945 Tu
1395 4887 1988 4961 Pelagianmvlttereseos

403 4960 670 5033 spinosam
691 4961 856 5033 sabuli
885 4963 1040 5029 ﬁdem
1070 4963 1297 5017 ostendis
1323 4965 1374 5016 in
1402 4960 1645 5033 germine,
1676 4962 1813 5030 quod
1843 4972 1989 5033 pater

405 5029 521 5084 tuus
544 5029 781 5084 habuisse
802 5033 1020 5085 traditur
1041 5035 1093 5086 in
1115 5035 1305 5088 radice.
1326 5029 1495 5097 Quam
1522 5029 1807 5088 lectionem
1833 5029 1989 5088 Secu-

407 5111 492 5156 tus
518 5099 778 5156 Baronius
795 5100 879 5169 (T.
901 5102 938 5153 ν
963 5105 1181 5171 Annal.,
1198 5122 1284 5159 an.
1305 5103 1437 5168 420)
1456 5104 1658 5171 colligit
1681 5103 1804 5159 hinc
1824 5103 1994 5168 Lepo-

403 5173 544 5244 rium
600 5174 750 5244 illum
808 5173 1173 5241 Pelagianum,
1230 5177 1297 5230 de
1353 5190 1459 5244 quo
1509 5174 1668 5240 infra,
1717 5185 1989 5230 auctorem

403 5243 570 5298 fuisse
600 5243 853 5299 Nestorio
883 5259 994 5298 suae
1039 5247 1204 5310 ipsius
1257 5243 1501 5302 haeresis.
1553 5249 1620 5301 At
1653 5246 1797 5310 prior
1828 5247 1994 5302 lectio

403 5323 464 5386 ut
488 5313 696 5370 facilior
714 5327 766 5370 et
789 5317 1008 5381 clarior,
1037 5316 1138 5370 Do.
1169 5314 1409 5386 Cuychio
1447 5319 1499 5372 in
1524 5318 1756 5372 editione.
1790 5317 1993 5371 Plauti-

405 5385 566 5459 niana
598 5391 792 5459 magis_
807 5388 1024 5456 placuit,
1063 5403 1220 5455 quam
1256 5385 1319 5442 et
1347 5389 1578 5445 libenter
1607 5405 1828 5459 sequor.
1858 5388 1990 5444 Nam

404 5457 568 5529 verba
602 5457 688 5511 illa
715 5473 731 5512 :
759 5457 1059 5529 Pelagiani?
1083 5462 1331 5515 hwreseos
1359 5462 1619 5528 spinosam
1648 5457 1822 5515 sabuli
1845 5461 1992 5514 sobo-

407 5525 508 5580 lem
537 5529 760 5602 ostendis
788 5531 840 5584 in
865 5525 1114 5602 germine,
1141 5546 1274 5595 etc.,
1301 5525 1459 5600 quom
1483 5549 1702 5588 sensum
1735 5533 1988 5598 habeant,

405 5611 460 5655 et
509 5601 779 5669 quomodo
826 5601 1160 5671 cclta‘reant,
1213 5604 1435 5659 difﬁcile
1480 5615 1562 5660 est
1609 5605 1885 5672 expedire.
1921 5606 1993 5658 At

406 5673 560 5737 juxta
606 5683 848 5728 nostram
894 5676 1208 5740 lectiOnem,
1242 5691 1436 5731 sensus
1465 5676 1551 5731 hic
1581 5690 1700 5732 esse
1733 5676 1984 5733 videtur:

406 5743 490 5799 Tu
517 5741 733 5802 Neswri
760 5745 1058 5814 Pelagianae
1097 5744 1368 5804 haereseos
1401 5749 1548 5816 (quae
1579 5745 1713 5802 nihil
1744 5746 1849 5802 nisi
1876 5746 1988 5817 spi-

2093 3257 2206 3312 rius
2238 3254 2579 3330 Pelagianus)
2613 3257 2867 3312 habuisse
2905 3255 3232 3330 traditur_in
3264 3254 3440 3330 radice
3484 3273 3522 3330 :7
3552 3255 3684 3323 quia

2092 3343 2157 3384 ex
2212 3326 2385 3395 ipsius
2427 3326 2611 3384 errore
2658 3338 2930 3392 tamquam
2979 3342 3043 3381 ex
3077 3327 3278 3388 radice,
3333 3326 3558 3380 hmresis
3587 3335 3691 3383 tua

2093 3399 2380 3468 pullulavit
2408 3418 2420 3452 :
2451 3401 2554 3454 hoc
2598 3410 2701 3465 est,
2751 3400 2893 3453 idem
2942 3399 3116 3468 reipsa
3163 3397 3325 3454 doces
3371 3407 3427 3455 et
3454 3399 3682 3470 asseris,

2093 3471 2232 3539 quod
2266 3471 2343 3524 illi
2380 3481 2503 3525 ante
2533 3479 2583 3524 te
2608 3473 2932 3525 docuerunt.

2167 3551 2189 3579 ο
2225 3541 2300 3595 De
2329 3540 2556 3606 Leporio
2587 3543 2734 3610 prius
2779 3540 2975 3610 insigni
3005 3538 3317 3607 Pelagiano,
3364 3547 3487 3608 post
3514 3555 3685 3610 opera

2093 3610 2151 3667 S.
2198 3612 2516 3681 Augustini,
2570 3623 2624 3667 et
2667 3612 2942 3667 Gallorum
2989 3611 3270 3666 doctorum
3326 3611 3498 3681 (inter
3544 3627 3687 3679 quos

2091 3682 2408 3750 Cassianus)
2438 3684 2507 3736 ab
2535 3683 2726 3739 haeresi
2759 3683 2822 3735 ad
2854 3682 3014 3737 tidem
3045 3682 3378 3749 (catholicam
3412 3698 3694 3740 converso

2092 3753 2337 3826 diximus
2376 3755 2510 3808 alias
2535 3754 2671 3824 (Lib.
2695 3770 2720 3826 ι
2748 3752 2971 3826 caput).
3005 3755 3238 3826 Apparet
3264 3764 3439 3826 autem
3481 3753 3687 3826 ex_hoc

2093 3824 2212 3878 loco
2240 3825 2468 3879 alterum
2501 3823 2667 3879 fuisse
2692 3823 2980 3894 Lt-poriuin
3011 3825 3126 3888 eius
3159 3825 3480 3893 discipulum
3518 3823 3686 3894 (Gen-

2093 3895 2216 3948 nad.
2251 3894 2318 3948 de
2363 3895 2467 3950 Vir.
2502 3895 2709 3949 lllustr.
2742 3914 2861 3964 cap.
2893 3894 3006 3962 59),
3032 3911 3060 3948 a
3089 3909 3196 3962 quo
3245 3894 3534 3949 Cassianus
3567 3897 3686 3951 IIIBC

2091 3969 2363 4037 acceperit
2408 3983 2423 4020 :
2477 3975 2674 4037 praeter
2717 3967 2882 4021 alium
2930 3967 3109 4020 itidem
3140 3965 3379 4032 ejusdem
3425 3965 3681 4032 nominis,

2093 4036 2156 4091 D.
2191 4036 2490 4106 Augustino
2529 4038 2752 4093 charum
2798 4051 2853 4092 et
2892 4039 2946 4093 in
2985 4036 3102 4106 ejus
3129 4037 3381 4108 coenobio
3428 4036 3690 4108 religiose

2091 4104 2396 4182 versantem
2423 4110 2662 4182 (August.
2688 4110 2751 4162 de
2783 4104 3170 4182 Diuersa—scrin.
3205 4104 3320 4177 50).
3344 4147 3421 4182 ‘_.

2164 4175 2190 4215 δ
2221 4175 2485 4232 Similiter
2526 4175 2615 4238 lib.
2652 4196 2668 4234 ι
2712 4196 2830 4246 cap.
2862 4181 2894 4234 5
2929 4198 2942 4232 :
2975 4175 3302 4232 Addiderunt
3333 4178 3680 4250 (Pelagiani)

2093 4248 2378 4303 Dominum
2436 4250 2858 4321 Salvatorcmquc
2920 4259 3148 4304 nostrum
3216 4248 3682 4321 post;baptisma,

2093 4325 2412 4390 factumesse
2433 4322 2716 4386 Christum;
2741 4319 2853 4389 post
2873 4319 3315 4386 resurrectionem,
3335 4319 3499 4374 Deum
3523 4323 3687 4375 :alte-

2090 4407 2207 4445 rum
2248 4395 2567 4462 assignantes
2615 4395 2870 4463 unctionis
2918 4393 3187 4463 mysterio,
3235 4393 3450 4445 alterum
3499 4393 3685 4444 merito

2091 4464 2368 4531 passionis.
2422 4463 2572 4518 Unde
2620 4462 2838 4518 advertit
2889 4462 3048 4516 notius
3095 4480 3194 4516 non
3244 4479 3385 4517 norat:
3434 4463 3688 4517 ha'reseos

2095 4545 2273 4588 auctor
2328 4537 2346 4604 (
2374 4533 2710 4603 Nestorius)
2761 4535 2849 4604 qui
2913 4535 3188 4588 Dominum
3267 4533 3686 4591 Salt'atoremaue

2095 4618 2322 4662 nostrum
2369 4608 2661 4660 solitarium
2708 4606 2967 4660 hominem
3011 4615 3184 4658 natum
3241 4623 3344 4659 esse
3399 4605 3681 4671 contendit,

2093 4678 2225 4731 idem
2253 4695 2307 4731 se
2333 4679 2538 4732 omnino
2569 4677 2759 4745 dicere,
2803 4677 2939 4747 quod
2987 4675 3347 4748 Pelagianis-tae
3375 4691 3492 4730 ante
3529 4675 3683 4730 dixe-

2093 4758 2238 4813 runt,
2271 4759 2377 4801 etc.

2172 4828 2194 4856 ο
2229 4818 2517 4888 Βιιᾶειτειιῑι
2544 4818 2744 4872 Auctor
2768 4817 3097 4882 Nestorium,
3128 4817 3270 4888 quod
3301 4819 3350 4872 in
3386 4818 3470 4872 his
3499 4815 3684 4873 verbis

2098 4904 2203 4944 non
2234 4889 2406 4942 solum
2452 4889 2748 4952 Scriptura:
2781 4906 3023 4950 sensum.
3067 4891 3157 4944 sed
3194 4900 3248 4943 et
3277 4891 3561 4942 verborum
3596 4904 3689 4942 or—

2097 4961 2280 5016 dinem
2321 4970 2656 5028 pervertcrct
2699 4969 2860 5031 atque
2902 4961 3257 5016 euttfunderct
3293 4979 3303 5013 :
3336 4961 3533 5029 quippe
3560 4974 3687 5014 cum

2097 5032 2261 5086 verba
2293 5033 2398 5089 illa.
2429 5048 2520 5102 per
2550 5031 2805 5102 Spiritum
2832 5042 3086 5095 sanctum,
3115 5047 3234 5101 qua!
3263 5032 3328 5085 ad
3361 5033 3688 5085 cleationem

2097 5103 2472 5172 apostolorum
2508 5103 2789 5158 referenda
2822 5115 2969 5167 sunt,
3003 5105 3117 5170 ipse
3163 5102 3227 5156 ad
3261 5104 3686 5171 assumptionem

2096 5189 2191 5228 seu
2221 5174 2594 5230 ascensiOnem
2636 5174 2837 5228 Christi
2872 5175 3129 5240 referret,
3161 5175 3228 5228 ita
3263 5175 3438 5229 citans
3467 5183 3522 5226 et
3551 5187 3688 5226 con-

2096 5254 2311 5300 struens
2341 5245 2484 5300 hunc
2507 5247 2684 5300 lui-um
2711 5264 2724 5298 :
2758 5245 2902 5300 Dans
2933 5244 3177 5300 mandata
3198 5245 3446 5314 apostolis
3473 5243 3548 5314 (id
3577 5255 3688 5308 est,

2097 5316 2400 5386 praecipiens
2433 5320 2705 5383 apostolis.
2739 5327 2792 5370 ut
2822 5326 3006 5370 noster
3037 5317 3306 5385 Interprcs
3339 5314 3536 5385 vertit)
3559 5331 3692 5386 quos

2093 5385 2267 5456 elegit,
2301 5403 2389 5458 per
2443 5387 2698 5459 Spiritum
2725 5395 2961 5459 sanctum
2997 5389 3218 5442 elevatus
3249 5396 3341 5442 est.
3379 5385 3691 5459 Verumalii

2098 5469 2350 5533 auctores
2380 5470 2606 5513 censent
2636 5458 2900 5533 illudsdta‘i
2931 5461 3219 5532 Πνεύματος
3250 5458 3419 5533 ἁγίωέ
3444 5476 3534 5530 per
3563 5458 3693 5533 Spi-

2095 5529 2254 5582 ritum
2281 5540 2533 5596 sanctum,
2564 5545 2723 5599 posse
2743 5531 2962 5600 adjungi
2992 5529 3356 5597 et'prmcep’to
3382 5529 3607 5590 Christi,
3632 5539 3690 5585 et

2093 5600 2349 5657 electioni
2377 5605 2769 5670 apostolorum,
2793 5613 2846 5656 et
2867 5602 3223 5670 assumptioni
3246 5601 3472 5656 Christi.
3504 5601 3692 5657 Primo

2093 5674 2234 5744 enim
2266 5683 2318 5727 et
2349 5665 2592 5744 proxime
2626 5665 2818 5728 referri
2863 5665 3132 5744 petest'ad
3166 5683 3497 5742 praeceptum
3525 5671 3689 5744 Chrie

2090 5743 2194 5812 sti,
2223 5743 2518 5802 secundum
2558 5743 3031 5818 Chrysostomum,
3077 5747 3206 5814 quia
3238 5745 3473 5814 Spiritus
3513 5743 3689 5800 sancti
