4000 6186
212 254 310 314 εις)

1206 251 1293 311 DE
1333 250 1843 313 INCARNATIONE
1883 250 2151 310 CHRISTI
2193 254 2320 311 LIB.
2366 255 2479 313 VH.

3386 268 3497 327 250

215 366 441 437 Cumque
464 368 591 437 ipse
622 365 755 435 sibi,
787 372 847 422 ut
881 365 1021 421 solet
1046 377 1227 421 sermo
1252 363 1495 431 divinus,
1522 364 1674 435 quasi
1702 365 1803 422 sub
1827 369 1883 431 Α
1905 382 2027 423 eum
2054 369 2280 438 gloriam
2324 369 2525 427 habere
2549 334 2935 442 propriam-ut
2966 389 3076 433 non
3118 391 3379 451 negemus
3409 391 3493 440 ta.

218 461 533 532 inquirentis
579 459 805 516 nomine
846 459 1239 530 respondisset,
1290 460 1419 527 Quis
1446 469 1523 515 est
1562 461 1659 515 iste
1689 461 1804 516 Rea:

218 556 430 629 glorior?
457 556 640 610 statim
684 554 946 621 subdidit,
995 552 1252 608 Dominus
1294 554 1444 623 fortis
1493 562 1540 607 et
1583 563 1799 623 potens,

217 649 474 702 Dominus
518 659 692 717 potens
719 650 775 701 in
814 647 1030 717 prtelio;
1078 647 1178 701 sub
1224 646 1395 716 praelii
1442 647 1627 716 utique
1665 646 1805 717 gesti

220 742 457 811 nomine,
504 742 783 796 victoriam
814 740 1027 795 Domini
1058 740 1440 809 triumphantis
1481 740 1798 796 ostendens.

219 836 416 892 Deinde
444 850 567 889 cum
595 836 664 890 ad
692 834 1069 905 complendum
1096 836 1174 889 rei
1204 836 1623 905 expositionem,
1674 846 1800 891 tex-

214 940 318 985 tum
345 930 642 1000 supradicti
684 929 951 985 sermonis
996 931 1278 995 iterasset,
1321 929 1421 984 hac
1460 929 1800 998 majestatem

211 1024 422 1081 Domini
450 1025 651 1079 cmlum
701 1023 1028 1079 introeuntis
1076 1022 1426 1077 conclusione
1454 1022 1795 1090 monstravit,

210 1116 693 1173 dicenszDominus
714 1117 984 1182 virtutum,
1001 1116 1109 1186 ipse
1130 1124 1203 1169 est
1224 1114 1338 1169 Rea:
1352 1113 1555 1187 gloriae.
1581 1113 1802 1169 Scilicet

208 1226 275 1266 ne
305 1210 576 1278 susceptio
605 1210 853 1278 corporis
888 1208 1146 1263 honorem
1178 1221 1405 1261 summae
1451 1207 1802 1261 imminueret

206 1305 527 1368 divinitatis,
562 1304 815 1359 eumdem
842 1304 929 1359 hic
956 1303 1247 1358 Dominum
1292 1303 1574 1368 virtutum,
1621 1312 1675 1357 et
1712 1317 1799 1357 re-

204 1412 324 1468 gem
364 1396 598 1451 caelestis
622 1396 810 1466 gloriae
850 1409 973 1451 esse
1009 1394 1218 1459 docuit,
1250 1409 1410 1465 quem
1440 1394 1692 1464 superius
1718 1393 1799 1448 vi-

204 1498 403 1544 ctorem
455 1487 651 1543 inferni
700 1487 870 1557 prmlii
900 1487 1234 1557 praedicavit.
1280 1486 1432 1542 Nunc
1459 1496 1514 1542 et
1540 1487 1793 1542 donatam

204 1582 432 1635 Domino
462 1580 690 1651 gloriam
723 1596 845 1635 esse
872 1580 1059 1647 dicito,
1091 1594 1212 1635 cum
1253 1587 1307 1635 et
1341 1579 1623 1651 prophetia
1668 1594 1793 1634 eum

205 1672 400 1745 Regem
431 1674 621 1743 gloriae
648 1687 771 1728 esse
794 1674 1015 1741 dixerit,
1048 1681 1104 1729 et
1143 1675 1259 1743 ipse
1284 1674 1353 1728 de
1396 1689 1455 1729 se
1496 1675 1568 1730 ita
1601 1673 1793 1730 testili-

1906 477 2030 517 men
2060 461 2200 518 hanc
2225 463 2398 533 ipsam
2428 465 2614 535 gloriae
2641 469 3023 537 proprietatem
3054 473 3102 528 ei
3140 488 3262 529 cum
3291 474 3494 546 Spiritu

1906 571 1969 612 ac
1995 557 2152 612 Patre
2177 572 2297 613 esse
2326 572 2691 615 communem.
2719 560 2854 628 Quia
2895 563 3153 635 quidquid
3194 568 3337 623 Deus
3365 586 3489 639 pos-

1904 649 2065 716 sidet,
2109 650 2332 705 Deitatis
2377 662 2489 716 est;
2538 660 2592 707 et
2634 668 2861 723 regnum
2901 655 3090 724 gloriae
3137 658 3209 712 ita
3239 669 3322 714 est
3352 660 3490 717 Filio

1905 742 1999 797 Dei
2032 743 2331 812 proprium,
2362 743 2505 812 quod
2544 758 2655 799 non
2681 754 2765 800 est
2795 753 2972 801 tamen
3001 761 3033 801 a
3063 748 3229 804 totius
3260 750 3485 807 Deitatis

1903 839 2236 906 proprietate
2264 835 2515 893 divisum.

2456 928 2686 987 CAPUT
2722 931 2912 987 XXIV.

1972 1022 2029 1076 Β.
2064 1021 2257 1076 Hilarii
2280 1022 2585 1077 auctoritate
2610 1023 2901 1078 doctrinam
2929 1023 3065 1080 hanc
3091 1027 3390 1082 corroborat

1971 1113 2078 1170 Sed
2100 1122 2310 1185 tempus
2333 1114 2543 1170 tandem
2567 1124 2651 1170 est
2675 1115 2837 1172 linem
2860 1117 3023 1185 libro,
3046 1119 3213 1175 immo
3234 1121 3486 1177 universo

1901 1208 2054 1279 operi
2087 1209 2387 1279 imponere,
2427 1209 2473 1264 si
2503 1224 2795 1279 paucorum
2828 1218 3009 1266 tamen
3048 1223 3360 1270 sanctorum
3408 1216 3488 1271 vi-

1899 1315 2086 1356 rorum
2113 1310 2273 1370 atque
2298 1300 2586 1356 illustrium
2613 1301 2956 1357 sacerdotum
2979 1302 3122 1359 dicta
3149 1305 3441 1362 subdidero
3464 1350 3481 1375 ,

1898 1402 1956 1447 ut
1990 1392 2043 1447 id
2068 1393 2210 1462 quod
2239 1392 2561 1448 auctoritate
2590 1392 3022 1448 testimoniorum
3053 1409 3332 1451 sacrorum
3371 1397 3480 1465 jam

1895 1485 2336 1556 approbavimus,
2365 1484 2531 1541 etiam
2561 1484 2665 1540 llde
2695 1485 2980 1555 praesentis
3027 1488 3291 1556 temporis
3319 1488 3484 1543 robo-

1895 1596 2097 1636 remus.
2133 1590 2159 1618 οι
2183 1580 2421 1636 Hilarius
2448 1579 2534 1634 vir
2554 1580 2816 1635 virtutum
2845 1579 3087 1635 omnium
3128 1589 3289 1650 atque
3316 1596 3481 1636 orna-

1896 1682 2225 1741 mentorum,
2256 1681 2311 1728 et
2336 1673 2477 1727 sicut
2499 1671 2629 1738 vita,
2663 1672 2736 1726 ita
2764 1671 3079 1741 eloquentia
3107 1672 3351 1741 insignis,
3384 1673 3479 1743 qui

205 1777 350 1821 catus
381 1765 453 1819 sit
482 1784 495 1817 :
522 1764 652 1819 Cum
697 1766 886 1819 venerit
929 1764 1111 1824 Filius
1158 1765 1387 1821 hominis
1420 1767 1473 1821 in
1504 1766 1673 1839 gloria
1699 1783 1794 1821 sua
1823 1758 1872 1820 B
1897 1775 1952 1822 et
1994 1766 2251 1836 magister
2294 1764 2655 1820 Ecclesiarum
2696 1772 2753 1819 et
2788 1763 3064 1831 sacerdos,
3105 1778 3211 1819 non
3256 1779 3353 1835 per
3382 1779 3483 1820 sua

205 1856 417 1925 (Matth.
448 1856 605 1927 xxv).
634 1857 917 1928 chugna,
946 1858 990 1912 si
1025 1867 1198 1928 potes,
1230 1868 1285 1914 et
1314 1859 1704 1925 contradicito;
1734 1868 1793 1915 ut

203 1965 318 2003 cum
350 1950 440 2005 ille
464 1965 528 2005 se
562 1948 763 2005 habere
803 1958 1028 2005 testetut‘
1060 1950 1289 2019 gloriam
1330 1965 1506 2017 suam,
1549 1956 1608 2004 tu
1638 1965 1795 2005 acce-

203 2042 343 2109 pisse
370 2057 494 2097 eum
532 2040 683 2097 dicas
710 2040 960 2097 alienam.
994 2041 1254 2108 Quamvis
1297 2057 1397 2097 nos
1441 2042 1513 2097 ita
1553 2041 1795 2098 dicamus

1901 1866 2107 1914 tantum
2136 1858 2361 1927 merita,
2396 1856 2491 1913 sed
2522 1856 2685 1913 etiam
2712 1870 2811 1926 per
2842 1854 3111 1926 prolectus
3152 1856 3323 1913 crevit
3348 1857 3484 1913 alio.

1896 1967 2039 2017 rum,
2072 1958 2128 2008 et
2152 1952 2294 2006 inter
2322 1949 2593 2021 procellas
2620 1948 3056 2019 persecutionum
3088 1949 3163 2004 ita
3188 1950 3483 2006 immobilis

1894 2042 2153 2114 perstitit,
2198 2052 2254 2098 ut
2298 2057 2396 2113 per
2438 2040 2654 2097 invictae
2698 2039 2827 2096 ﬁdei
2854 2037 3224 2096 fortitudinem
3252 2038 3280 2078 δ
3315 2041 3479 2096 etiam

1286 2183 1546 2239 ALARDI
1585 2185 1814 2242 GAZZEI
1851 2186 2419 2244 COMMENTARIUS.

203 2298 445 2352 bonorum
475 2298 545 2370 ad
576 2299 786 2368 angelos
821 2299 1255 2370 malostquorum
1282 2299 1521 2370 princeps
1550 2300 1787 2354 diabolus

201 2378 293 2422 est.
328 2370 393 2424 Et
418 2369 555 2423 infra
588 2389 602 2420 :
630 2371 756 2434 Quis
777 2380 850 2423 est
875 2373 966 2424 iste
996 2369 1110 2423 Rea:
1147 2370 1366 2441 glorite?
1393 2369 1508 2424 Vox
1530 2373 1787 2441 majorum

200 2442 513 2504 daemonum,
546 2458 605 2493 ac
634 2442 677 2494 si
707 2441 974 2512 dicerent:
1005 2442 1118 2495 Nos
1146 2451 1393 2512 nostrum,
1421 2459 1589 2512 regem
1630 2442 1787 2495 habe-

1891 2302 1990 2369 fuit
2016 2302 2298 2372 impletum,
2322 2302 2608 2357 habuerunt
2632 2302 2869 2357 notitiam
2890 2302 3355 2372 experimentalem,
3379 2304 3487 2359 sive

1891 2373 2199 2441 intuitiuam,
2230 2382 2335 2429 etc.
2380 2374 2536 2428 Juxta
2569 2373 2712 2428 hunc
2743 2374 2905 2444 igitur
2950 2387 3169 2428 sensum
3214 2374 3484 2443 interpre-

1892 2444 2050 2497 tanda
2081 2452 2206 2499 sunt
2232 2444 2393 2498 verba
2422 2445 2665 2512 Dionysii
2701 2457 2753 2499 et
2783 2444 3118 2515 Hieronymi,
3166 2459 3309 2515 qua;
3330 2446 3483 2515 igno-

199 2527 323 2564 mus
343 2512 626 2585 diabolum;
653 2514 747 2565 iste
768 2510 880 2565 Rea;
903 2511 1085 2585 gloria:
1106 2513 1217 2582 quis
1239 2510 1619 2567 est?Dominus
1638 2515 1795 2585 fortis}
1881 2516 2121 2575 rantiam
2155 2524 2261 2569 tam
2293 2510 2683 2572 Incarnationis
2725 2531 2886 2585 quam
2936 2510 3234 2570 divinitatis
3281 2510 3481 2572 Chi-isti

201 2590 252 2654 et
284 2590 482 2654 potens.
514 2581 620 2635 Vox
644 2580 943 2653 angelorum
975 2580 1221 2636 bonorum
1242 2600 1259 2636 :
1282 2585 1428 2651 fortis
1451 2593 1546 2643 est,
1587 2580 1675 2654 qui
1705 2584 1758 2637 al
1771 2580 1787 2633 ἑ

1882 2585 2050 2656 ,etiam
2073 2586 2244 2641 beatis
2270 2587 2491 2656 angelis,
2527 2596 2582 2642 et
2606 2588 2660 2640 in
2690 2585 2803 2655 ipsa
2843 2587 2961 2655 ejus
2998 2588 3353 2653 Ascensione,
3387 2590 3483 2642 tri-

201 2649 387 2721 ligauit
411 2656 589 2720 fortem
613 2649 892 2728 principem
927 2664 1183 2728 uestrum;
1214 2649 1363 2728 fortis
1401 2671 1517 2707 cum
1540 2649 1785 2728 suscepit
1880 2649 2059 2728 ibuere
2086 2649 2377 2712 videntur':
2403 2649 2525 2728 quia
2574 2649 2828 2711 nimirum
2873 2649 2979 2711 non
3023 2657 3180 2725 plene
3210 2666 3265 2713 et
3295 2649 3480 2726 eirplo-

204 2732 444 2801 mortem,
478 2736 651 2791 potens
683 2742 799 2801 cum
840 2725 957 2801 vicit
996 2726 1285 2801 infernum.
1322 2725 1399 2801 In
1419 2726 1597 2793 prwlio
1630 2742 1649 2779 :
1671 2742 1787 2801 cum
1877 2726 2007 2801 irate
2037 2725 2622 2801 cognoverunt'omnes
2661 2727 2780 2797 ejus
2805 2728 3260 2801 circumstantias,
3291 2725 3481 2801 condi-

205 2794 429 2867 spoliato
455 2804 671 2860 tartara,
704 2795 909 2849 reduxit
938 2794 1108 2849 secum
1140 2796 1517 2850 multitudinem
1557 2798 1783 2867 captivo-

206 2879 341 2934 rum.
390 2865 515 2922 Haec
555 2868 937 2934 Hieronymus.
982 2867 1038 2921 In
1078 2868 1321 2923 eamdem
1352 2865 1676 2923 sententiain
1718 2868 1780 2921 D.

204 2932 434 3009 Thomas
465 2936 547 3009 (Ill
578 2954 656 3005 p.,
684 2932 863 3009 quia,
895 2953 945 2990 a.
976 2937 1065 3008 2),
1094 2938 1219 2992 dum
1260 2954 1448 2993 causas
1487 2938 1642 2993 al'fert
1687 2954 1784 2993 cur

206 3006 531 3074 conveniens
554 3010 712 3063 fuerit
733 3006 1095 3063 Christum‘in
1126 3009 1397 3064 infernum
1426 3009 1777 3074 descendere,

208 3070 337 3131 hanc
373 3080 584 3133 tertiam
630 3081 867 3149 assignat
896 3097 908 3130 :
937 3077 1005 3133 Ut
1035 3082 1189 3146 sicut,
1239 3081 1431 3148 inquit,
1483 3070 1784 3149 potestatem

207 3160 342 3199 suam
382 3148 605 3202 ostendit
634 3150 688 3201 in
726 3148 860 3200 terra
896 3150 1104 3202 uiuendo
1138 3161 1183 3202 et
1210 3151 1492 3212 moriendo,
1523 3151 1595 3199 ita
1633 3149 1788 3199 etiam

208 3226 501 3289 potestatem
528 3218 981 3289 suamostenderet
1011 3221 1071 3289 in
1088 3221 1311 3287 inferno,
1338 3221 1506 3289 ipsum
1529 3218 1788 3289 visitando

209 3294 245 3335 et
269 3287 643 3341 illuminanda.
678 3285 827 3339 Unde
850 3287 1036 3339 dicitur
1057 3288 1109 3339 in
1132 3285 1328 3356 psaltria
1349 3285 1591 3356 uigesimo
1618 3287 1789 3339 tertio:

208 3358 435 3410 Attollite
456 3367 651 3425 portas,
679 3356 955 3427 principes,
986 3368 1195 3409 vestras.
1221 3355 1426 3423 Glossa,
1458 3357 1511 3409 id
1530 3363 1624 3424 est,
1648 3358 1785 3424 priu-

209 3428 327 3493 cipes
362 3428 579 3496 inferni,
611 3431 812 3497 auferte
855 3434 1149 3496 potestatem
1190 3437 1437 3497 vestram,
1485 3444 1587 3498 qua
1634 3444 1786 3495 usque

208 3512 329 3567 nunc
363 3498 598 3550 homines
625 3499 677 3551 in
705 3498 908 3567 inferno
937 3498 1255 3552 detinebatis.
1302 3498 1368 3552 Et
1392 3500 1465 3552 sic
1494 3501 1547 3552 in
1579 3499 1786 3552 nomine

208 3566 319 3620 Jesu
350 3585 498 3621 omne
536 3585 669 3639 genu
700 3566 966 3639 flectatur,
1011 3585 1114 3622 non
1142 3569 1311 3623 solum
1351 3571 1649 3636 caelestium,
1697 3571 1788 3622 sed

210 3641 346 3707 etiam
365 3638 709 3706 infernarum,
734 3648 790 3692 ut
810 3638 997 3693 dicitur
1023 3639 1224 3707 Philip.
1247 3656 1302 3694 ιι.
1327 3642 1415 3696 Sic
1437 3640 1499 3693 D.
1528 3640 1781 3695 Thomas.

212 3706 383 3763 Plures
424 3710 559 3764 alias
605 3711 976 3781 expositiones
1030 3710 1188 3765 alfert
1238 3710 1379 3765 idem
1425 3711 1784 3781 Hieronymus

214 3781 387 3833 eodem
409 3784 549 3845 loco,
575 3797 708 3849 quas
732 3780 1007 3837 brevitatis
1028 3796 1189 3837 causa
1213 3784 1589 3851 praetermitto.
1617 3783 1785 3835 Porro

216 3862 321 3923 _c_ttm
352 3867 415 3905 ex
456 3853 724 3920 praedictis
772 3852 1039 3919 Patribus,
1089 3854 1393 3922 praesertim
1439 3852 1696 3923 Dionysio
1732 3862 1787 3907 et

218 3917 551 3993 Hieronymo,
585 3923 753 3977 videri
788 3924 957 3992 possit
989 3917 1103 3977 tam
1128 3924 1347 3992 angelos
1393 3939 1553 3993 quam
1579 3917 1785 3978 limmo-

215 3992 619 4062 uesignorasse.
652 3996 814 4048 etiam
846 3996 899 4050 in
946 3995 1059 4059 ipsa
1106 3992 1463 4060 Ascensione,
1508 3993 1782 4051 Chrismm

214 4074 320 4134 gsse
368 4080 550 4119 verum
594 4066 784 4132 Deum,
833 4068 1128 4119 notandum
1178 4066 1278 4119 hac
1322 4067 1392 4120 de
1436 4080 1497 4119 re
1541 4065 1783 4134 ejusdem

212 4128 417 4207 Ῑιιοιιιίε
447 4137 654 4204 insigne
686 4128 1069 4207 documentum
1094 4137 1134 4206 (ι
1157 4154 1233 4207 ρ.,
1257 4154 1309 4206 q.
1335 4138 1426 4207 57,
1455 4153 1507 4189 α.
1537 4128 1675 4199 510d
1705 4134 1781 4205 ίὶε

212 4199 281 4278 De
308 4199 578 4275 mysterio:
603 4208 795 4275 inquit,
826 4199 1207 4261 lncarnation'is
1233 4199 1507 4273 dupliciter
1535 4199 1785 4278 contingit

212 4272 334 4341 loqui
358 4272 377 4329 Ξ
400 4293 505 4329 uno
528 4272 756 4331 modo—in
781 4280 1029 4348 generali,
1062 4286 1107 4331 et
1137 4280 1211 4331 sic
1240 4278 1474 4331 omnibus
1506 4272 1784 4331 revelatum

210 4354 276 4418 est
300 4363 329 4397 a
362 4347 619 4417 principio
646 4364 755 4401 sua:
782 4347 1127 4403 beatitudinis.
1178 4347 1339 4417 Cujus
1380 4350 1512 4402 ratio
1540 4358 1631 4413 est,
1661 4350 1783 4418 quia

208 4412 295 4467 hoc
316 4412 389 4470 est
418 4412 683 4487 quoddam
708 4420 940 4487 generale
968 4412 1299 4489 principium,
1332 4420 1400 4473 ad
1428 4420 1564 4489 quod
1611 4412 1783 4472 omnia

1882 2797 2066 2854 itiones
2110 2806 2165 2853 et
2211 2798 2473 2863 effectus,
2522 2813 2657 2866 quos
2707 2810 2892 2867 postea
2948 2811 3046 2866 per
3092 2797 3479 2867 revelationem

1890 2868 2148 2935 divinam,
2177 2879 2232 2923 et
2253 2884 2346 2938 per
2367 2865 2813 2939 praediCationem
2839 2865 3207 2935 apostolorum
3230 2865 3480 2939 etiipsam

1889 2940 2279 3006 experientiam
2321 2938 2645 2995 didicerunt.
2691 2940 2807 3006 Quo
2849 2940 3013 2992 etiam
3059 2946 3265 3005 spectat
3295 2938 3381 2990 illa
3416 2939 3475 2992 D.

1889 3008 2038 3062 Pauli
2064 3011 2331 3064 sententia
2355 3009 2581 3080 (Ephes.
2608 3024 2666 3063 ιιι
2689 3012 2705 3077 )
2731 3007 2910 3080 :Mihi
2934 3008 3159 3080 omnium
3188 3017 3481 3080 sanctorum

1892 3080 2102 3148 minimo
2132 3079 2255 3131 data
2283 3078 2552 3147 est‘gr'atia
2582 3081 2720 3143 hwc,
2753 3079 2809 3130 in
2856 3078 3087 3148 gentibus
3134 3078 3483 3147 evangelisare

1892 3146 2267 3216 investigabiles
2289 3146 2490 3201 divitias
2520 3148 2735 3214 Christi,
2767 3155 2812 3200 et
2840 3146 3138 3200 illuminare
3161 3146 3333 3201 omnes
3362 3165 3475 3216 qua:

1892 3217 1958 3269 sit
1987 3217 2306 3284 dispensatio
2335 3217 2647 3271 sacramenti
2671 3217 2957 3270 absconditi
2982 3233 3015 3268 a
3042 3219 3242 3271 sarculis
3274 3219 3326 3271 in
3347 3217 3479 3285 Deo,

1892 3287 2014 3359 quia
2034 3287 2204 3359 omnia
2226 3287 2411 3340 creavit
2430 3302 2448 3339 :
2469 3299 2525 3340 ut
2548 3288 2832 3359 innotescat
2851 3287 3164 3359 principibus
3188 3297 3238 3359 et
3258 3298 3482 3356 potesta-

1891 3357 2025 3480 gbus
2054 3357 2106 3410 in
2135 3358 2416 3411 cwlestibus
2443 3375 2535 3427 per
2561 3357 2859 3413 Ecclesium
2890 3358 3222 3429 multiformis
3268 3360 3481 3414 scientia

1944 3444 2011 3480 et.
2040 3436 2145 3480 etc.

1944 3428 1990 3480 ei
1997 3469 2011 3489 ,
2040 3436 2145 3485 etc.

1963 3498 2076 3572 a_S.
2114 3499 2366 3565 Hilarius,
2411 3499 2752 3557 Pictavorum
2793 3503 3103 3572 episcopus,
3129 3509 3184 3556 et
3220 3500 3279 3558 S.
3312 3502 3480 3557 Atha-

1889 3570 2023 3643 nasii
2053 3572 2301 3643 aequalis,
2334 3574 2578 3639 quamvis
2618 3574 2730 3643 jam
2778 3570 3053 3643 provecta:
3083 3574 3261 3628 aetatis
3315 3573 3476 3629 Chri-

1887 3641 2095 3695 stianus
2118 3641 2312 3703 lactus,
2345 3652 2524 3697 tamen
2557 3641 2709 3699 brevi
2737 3641 2793 3698 in
2824 3644 3195 3701 ecclesiasdca
3227 3644 3473 3700 doctrina

1887 3710 1958 3781 ita
1987 3711 2241 3779 profecit,
2263 3723 2321 3765 ut
2346 3712 2535 3766 doctor
2566 3715 2856 3781 maximus,
2880 3725 2935 3770 et
2980 3715 3236 3770 Ecclesia:
3287 3716 3475 3770 catho-

1886 3780 2009 3854 lica;
2052 3783 2306 3854 columna
2337 3783 2547 3854 merito
2598 3783 2814 3854 habitus
2843 3786 2915 3838 sit
2966 3783 3237 3854 (Bellarm.
3285 3786 3475 3854 lib._de

1889 3850 2091 3939 Script.
2107 3850 2376 3939 ‘Egclesq.
2405 3851 2482 3933 De
2501 3850 3068 3939 [eonltiartyrologjun't'
3081 3851 3245 3939 Horn.
3270 3854 3363 3935 (1.5
3381 3852 3479 3938 1a:

1887 3920 2069 3992 uuar.)
2104 3937 2118 3973 :
2153 3920 2381 3976 Pictavis
2413 3924 2467 3975 in
2498 3921 2673 3994 Gallia
2700 3920 2890 3994 natalis
3020 3920 3215 3975 Hilarii
3249 3920 3475 3994 episc0pi

1887 4001 1935 4043 et
1963 3994 2294 4063 confessoris,
2327 3997 2413 4061 qui
2440 3994 2500 4046 ob
2531 3992 2843 4047 catholicam
2884 3993 3058 4061 fidem,
3092 4009 3243 4062 quam
3274 3992 3477 4049 strenue

1887 4064 2252 4137 propugnavit,
2306 4065 2649 4135 quadriennio
2688 4066 2827 4135 apud
2877 4064 3471 4137 Phrygiamrelegatus,

1887 4134 2018 4186 inter
2044 4137 2151 4189 alia
2180 4134 2433 4189 miracula
2463 4147 2721 4191 mortuum
2742 4134 3040 4191 suscitavitf
3058 4134 3258 4192 Scribit
3287 4134 3473 4190 deco-

1887 4205 2032 4273 dem,
2065 4214 2127 4260 ut
2151 4216 2305 4278 notat
2341 4208 2600 4262 Baronius
2632 4208 2867 4276 ibidem,
2891 4208 2943 4263 in
2969 4207 3156 4278 primis
3196 4208 3253 4263 S.
3287 4208 3475 4263 Hiero-

1887 4291 2078 4349 nymus
2106 4277 2200 4333 lib.
2235 4280 2303 4332 de
2323 4278 2521 4346 Script.
2554 4278 2792 4346 Eccles.,
2826 4281 2881 4334 in
2904 4277 3164 4349 Apologia
3204 4280 3467 4339 adversus

1886 4346 2162 4421 Rutilium,
2197 4350 2249 4402 in
2276 4346 3050 4421 cpistolaﬁradFlorentium,
3081 4346 3133 4405 in
3177 4352 3403 4421 epistola
3434 4351 3467 4409 7

1886 4417 1953 4469 ad
1978 4418 2201 4480 Laetam,
2232 4419 2395 4485 epist.
2428 4421 2498 4473 84
2524 4420 2589 4472 ad
2637 4420 2906 4487 Magnum,
2954 4417 3228 4476 adversus
3253 4417 3469 4478 Lucife-

205 4500 372 4541 eorum
398 4489 562 4558 ogicia
610 4486 937 4544 ordinantur.
969 4486 1171 4545 Omnes
1213 4491 1349 4545 enim
1394 4486 1513 4545 sunt
1561 4486 2093 4558 admini-Dtjianos,
2126 4489 2351 4556 aliiSque
2406 4488 2458 4542 in
2514 4489 2677 4553 locis;
2731 4490 2966 4544 Severus
3011 4492 3268 4556 Sulpitius
3312 4494 3405 4545 lib.
3432 4510 3468 4547 ιι

204 4562 419 4612 stratorii
444 4561 681 4629 spiritus,
714 4574 766 4614 ut
794 4563 983 4616 dicitur
1015 4561 1354 4616 Hebraeorum
1394 4562 1577 4629 primo,
1611 4560 1666 4611 in
1688 4561 1788 4629 mi.

203 4629 462 4704 nisterium
501 4633 647 4685 missi
687 4644 892 4704 propter
933 4649 1017 4687 eos
1055 4634 1143 4700 qui
1185 4628 1536 4704 hwreditatem
1577 4628 1789 4704 capiunt

200 4700 394 4765 salutis,
444 4704 579 4769 quod
613 4698 792 4773 ﬁt'per'
836 4698 1218 4758 Incarnationis
1264 4700 1585 4773 mysterium.
1639 4698 1790 4773 unde

199 4773 419 4837 oportuit
450 4774 512 4826 de
535 4772 631 4827 hoc
652 4777 891 4845 mysterio
917 4791 1090 4828 omnes
1121 4791 1151 4826 a
1178 4772 1429 4845 principio
1456 4772 1791 4845 communiter

198 4846 411 4897 edoceri.
446 4845 563 4897 Alio
594 4839 744 4899 modo
772 4861 1045 4915 possumus
1070 4839 1208 4913 loqui
1226 4844 1297 4915 de
1325 4839 1566 4915 mysterio
1596 4839 1787 4915 lucar-

197 4916 408 4968 nationis
438 4925 686 4985 quantum
723 4911 792 4970 ad
820 4916 1064 4981 speciales
1102 4911 1649 4985 conditionemEtAsic
1676 4929 1777 4966 non

196 4998 361 5059 omnes
379 4983 553 5055 angeli
576 5004 608 5040 α
632 4989 881 5059 principio
902 4988 964 5040 de
987 4985 1221 5040 omnibus
1249 4994 1366 5059 sunt
1393 4983 1562 5059 edocti
1580 4997 1598 5045 ,°
1619 4984 1775 5039 immo

194 5056 400 5123 quidam
427 5059 577 5112 etiam
596 5054 885 5127 superiores
906 5059 1079 5127 angeli
1101 5056 1424 5128 postmodum
1444 5054 1737 5128 didicerunt
1758 5096 1772 5119 ,

195 5137 241 5198 ut
268 5136 408 5197 patet
440 5146 530 5197 per
558 5125 919 5185 auctoritatem
962 5125 1205 5198 Dionysii
1252 5127 1534 5180 inductam.
1588 5125 1678 5198 Sic
1708 5125 1774 5179 D.

194 5196 447 5272 Thumas.
468 5200 716 5272 Lyoranus
736 5203 885 5257 addit
909 5196 1433 5272 angelisinnotuisse
1458 5197 1772 5272 mysterium

193 5268 580 5327 incarnationis
625 5289 721 5342 per
772 5268 1071 5327 Ecclesium
1126 5270 1432 5342 cognitione
1490 5268 1770 5342 intuitiya,

195 5342 328 5410 quod
358 5354 521 5397 antea
558 5337 925 5414 cognoverant
951 5337 1253 5414 cognitione
1275 5337 1775 5414 abstractivaLNon

194 5408 390 5478 iclum,
437 5408 653 5485 inquit,
698 5416 990 5470 hominibus
1019 5408 1130 5484 'fuit
1174 5413 1534 5468 absconditum
1589 5408 1781 5485 Christi

194 5483 581 5554 mysterium,“
602 5489 824 5541 maxime
850 5487 913 5540 de
938 5483 1200 5539 vocatione
1224 5486 1487 5557 gentium;
1516 5483 1607 5537 sed
1626 5484 1780 5536 etiam

193 5558 361 5629 angeli
403 5562 565 5611 sancti
594 5574 703 5611 non
726 5567 1066 5628 cognoverunt
1095 5559 1161 5610 ad
1189 5566 1417 5629 plenum,
1451 5558 1613 5608 donec
1642 5569 1778 5623 pra!-

193 5627 482 5700 dicantibus
509 5629 762 5700 apostolis
790 5627 886 5697 fuit
909 5630 1193 5700 impletum.
1229 5627 1362 5694 Quia
1392 5636 1546 5700 antea
1584 5634 1780 5700 tantum

192 5699 477 5755 habuerunt
522 5696 812 5771 simplicem
841 5696 1097 5765 notitiam,
1119 5713 1232 5767 qua:
1256 5706 1417 5771 potest
1443 5697 1549 5771 dici
1585 5696 1781 5771 abstra-

194 5776 345 5839 ctiua,
376 5775 433 5828 in
460 5765 714 5845 quantum
754 5783 829 5829 est
868 5773 942 5829 rei
983 5787 1087 5826 non
1126 5765 1422 5840 praesentis;
1460 5765 1548 5822 sed
1581 5766 1780 5839 quando

1896 4556 2143 4610 Historiae
2192 4572 2393 4621 sacrae;
2444 4559 2666 4611 Ruﬁnus
2706 4559 2799 4612 lib.
2849 4574 2887 4611 ιι
2921 4560 3191 4624 Historiae,
3221 4575 3271 4613 c.
3304 4560 3373 4613 50
3416 4572 3472 4615 et

1893 4626 1992 4689 31;
2022 4626 2297 4693 Socrates,
2328 4629 2364 4679 ι.
2400 4642 2455 4680 ιιι
2483 4642 2533 4682 c.
2562 4628 2625 4691 8;
2659 4627 2993 4683 Sozomenus
3022 4630 3113 4683 lib.
3159 4644 3218 4683 ut
3245 4641 3295 4683 c;
3328 4628 3397 4683 13
3416 4640 3473 4687 et

1892 4694 1989 4748 lib.
2022 4712 2053 4748 v
2082 4711 2132 4750 c.
2165 4698 2264 4761 12;
2292 4697 2648 4751 Cassiodorus
2666 4698 2719 4751 in
2741 4696 2950 4766 praefat.
2979 4698 3154 4753 Divin.
3179 4700 3471 4754 Lect.For-

1892 4773 2111 4819 tunatus
2139 4781 2228 4821 res
2259 4775 2437 4836 gestas
2463 4767 2652 4821 Hilarii
2682 4767 2891 4822 duobus
2918 4768 3070 4823 libris
3101 4770 3423 4837 conscripsit
3448 4788 3463 4837 ;

1891 4837 1987 4907 sed
2018 4852 2087 4891 ex
2112 4838 2296 4892 multis
2329 4853 2496 4904 pauca
2527 4839 2863 4907 perstrinxit.
2896 4839 3069 4894 Habet
3095 4852 3149 4895 et
3168 4840 3471 4897 Venantius

1891 4906 2325 4983 Fortun‘atus_dc
2374 4906 2583 4983 eodem
2617 4909 2949 4983 epigramma
3002 4910 3095 4983 ιιι).
3129 4928 3202 4967 xu
3243 4911 3309 4967 de
3353 4912 3470 4983 ejus

1883 4981 2160 5052 miraculis
2180 5023 2193 5047 ,
2222 4980 2515 5052 Gregorius
2541 4980 2877 5037 Turonensis
2919 4981 2988 5037 de
3019 4980 3203 5038 Gloria
3232 4980 3467 5040 coalesc.

1879 5064 1928 5106 c.
1949 5050 2007 5106 2.

1952 5122 1981 5161 δ
2015 5124 2088 5179 De
2138 5126 2356 5180 nomine
2407 5123 2737 5182 confessoris
2776 5138 2881 5179 non
2936 5128 3310 5195 praetereunda
3361 5127 3465 5181 hoc

1883 5194 2005 5268 ioco
2031 5196 2433 5268 card._Baronii
2466 5196 2693 5268 insignis
2723 5205 2776 5268 et
2798 5194 3120 5268 scitudigna
3148 5199 3355 5253 notatio
3378 5196 3469 5268 (In

1882 5267 2016 5338 notis
2064 5267 2133 5319 ad
2182 5266 2406 5335 Martyr.
2447 5267 2484 5320 2
2511 5264 2761 5338 Ianuar.)
2793 5283 2805 5319 :
2835 5264 3117 5322 Sciendum
3148 5280 3243 5333 est,
3271 5264 3463 5338 inquit,

1886 5337 2086 5391 diversa
2130 5337 2412 5391 admodum
2440 5337 2813 5407 signiﬁcatione
2848 5354 2879 5389 a
2925 5340 3193 5407 prtesentis
3224 5337 3467 5407 temporis

1886 5423 1985 5462 usu
2010 5407 2143 5461 hanc
2172 5423 2340 5461 vocem
2364 5424 2397 5460 a
2427 5408 2707 5477 majoribus
2739 5416 3061 5476 usurpatam.
3096 5408 3189 5463 Illi
3216 5412 3350 5463 enim
3375 5429 3465 5464 ne-

1889 5482 2078 5551 minem
2105 5495 2161 5533 eo
2192 5478 2397 5551 nomine
2421 5478 3043 5551 appellabant,_nisiqeum
3066 5480 3155 5550 qui
3182 5479 3377 5535 Christi
3404 5483 3466 5551 fi-

1889 5550 2004 5604 dem
2030 5548 2386 5615 interpellatus
2416 5547 2589 5603 coram
2618 5550 2740 5617 fidei
2765 5547 2993 5603 hostibus
3016 5547 3282 5621 confessus
3310 5547 3459 5607 esset.

1889 5621 1951 5677 Si
1978 5637 2093 5676 vero
2117 5620 2324 5689 aliquod
2351 5638 2508 5691 genus
2530 5630 2905 5695 tormentorum
2925 5631 3052 5675 esset
3082 5620 3346 5695 expertus,
3370 5642 3462 5679 nec

1888 5701 2058 5767 tamen
2102 5695 2350 5767 martyrio
2394 5693 2727 5767 occubuisset,
2760 5702 2881 5746 tunc
2910 5700 2956 5745 et
2984 5693 3180 5767 martyr
3225 5704 3457 5763 uocatus,

1887 5764 2121 5837 idemque
2163 5765 2440 5835 aliquando
2467 5766 2617 5822 etiam
2666 5764 2831 5820 dictus
2873 5764 3133 5833 reperitur
3175 5767 3458 5838 confessor,
