4000 6186
199 247 308 324 il!

1208 263 1298 322 DE
1334 261 1845 323 INCARNATIONE
1879 260 2151 322 CHRISTI
2187 263 2319 321 LIB.
2359 263 2474 323 VII.

208 394 294 437 ma
320 378 600 448 rutilavit;
636 389 664 420 ι
693 379 747 436 in
780 375 938 445 libro,
970 378 1060 450 qui
1088 388 1170 434 est
1196 380 1260 434 ad
1283 380 1550 450 Virgines,
1586 381 1657 435 ita
1687 395 1800 435 me-
1825 383 1875 442 Α
1900 380 2081 434 mundi
2111 382 2360 447 nascitur,
2386 390 2432 435 et
2457 380 2630 436 nullus
2668 388 2744 438 est
2798 383 3014 450 gemitus
3065 379 3318 454 parientis
3347 397 3370 436 :
3394 396 3492 437 va»

210 483 378 528 morat
405 472 547 539 (Lib.
575 472 619 542 ι)
642 491 654 526 :
678 471 707 511 δ
738 469 932 526 Frater
955 489 1097 526 meus
1125 471 1378 526 candidus
1401 471 1800 526 etrubicundus.

207 563 507 632 Candidus,
540 566 660 635 quia
689 562 868 618 Patris
894 561 1138 633 splendor
1164 573 1275 631 est;
1296 563 1501 630 rubens,
1531 565 1650 635 quia
1673 581 1796 634 par-

209 666 293 711 tus
327 665 404 710 est
443 654 685 728 Virginis.
731 654 988 709 Memento
1015 663 1191 708 tamen
1219 655 1512 726 antiquiora
1554 657 1608 709 in
1633 671 1694 710 eo
1719 656 1800 709 di-

204 750 449 802 vinitatis
477 749 696 820 insignia
723 763 879 818 quam
905 749 1135 817 corporis
1155 759 1490 802 sacramenta.
1524 747 1644 802 Non
1664 749 1799 802 enim

203 842 368 909 erepit
413 855 476 893 ea:
516 838 761 913 Virgine;
803 841 894 894 sed
934 841 1022 908 qui
1071 849 1201 903 erat,
1233 840 1371 893 venit
1412 843 1464 894 in
1511 839 1794 910 Virginem.

205 932 344 988 Item
379 933 550 1000 ipsius
594 934 647 986 in
685 942 709 972 ε
750 932 926 987 Natali
973 932 1188 986 Domini
1221 949 1234 986 :
1276 931 1456 986 Videte
1494 933 1799 986 miraculum

203 1021 234 1062 ⁸
263 1025 448 1077 matris
470 1024 756 1078 Dominicis
777 1041 795 1077 :
816 1025 959 1094 virgo
977 1026 1228 1093 concepit,
1247 1026 1390 1096 virgo
1416 1027 1633 1097 peperit,
1653 1027 1795 1098 virgo

201 1133 326 1169 cum
359 1117 602 1184 parturit,
637 1118 778 1190 virgo
809 1117 1046 1188 gravida,
1072 1119 1214 1190 virgo
1243 1129 1355 1187 post
1395 1128 1621 1188 partum.
1649 1119 1797 1175 Sicut

199 1211 258 1264 in
290 1208 562 1264 Ezechiele
584 1211 810 1264 dicitur:
848 1211 917 1264 Et
943 1222 1094 1282 porta
1121 1220 1231 1266 erat
1257 1212 1454 1275 clausa,
1496 1223 1543 1266 et
1571 1229 1677 1266 non
1718 1223 1795 1268 est

195 1318 420 1374 aperta,
449 1305 567 1373 quia
593 1303 847 1358 Dominus
873 1306 1109 1359 transivit
1136 1320 1226 1376 per
1256 1321 1366 1358 eam
1389 1303 1604 1377 (Ezech.
1625 1307 1788 1378 sur).

191 1393 451 1452 Gloriosa
496 1396 783 1470 virginitas,
814 1408 863 1453 et
892 1399 1145 1466 praeclara
1187 1398 1495 1468 fecunditas.
1536 1396 1792 1452 Dominus

1907 483 2088 526 cuatur
2115 479 2288 526 uterus
2319 483 2365 526 et
2393 487 2538 526 verus
2568 474 2739 541 infans
2767 474 3042 544 eacipitur,
3066 490 3157 527 nec
3183 482 3350 541 tamen
3377 474 3488 528 vir-

1905 565 2096 634 ginitas
2131 565 2372 619 violatur.
2405 562 2515 619 Fas
2558 576 2687 628 erat,
2721 574 2775 619 ut
2825 566 2932 620 Deo
2987 579 3224 620 nascente
3252 568 3489 624 meritum

1904 669 2150 713 cresceret
2179 661 2465 725 castitatis;
2492 675 2585 713 nec
2611 676 2702 730 per
2728 661 2841 728 ejus
2869 676 3129 731 egressum
3173 661 3489 716 violarentur

1903 752 2123 821 integra,
2152 751 2240 820 qui
2271 758 2473 805 venerat
2505 765 2688 802 sanare
2716 762 2979 819 corrupta.
3015 751 3144 805 Item
3174 749 3228 803 in
3258 758 3281 787 ε
3310 752 3488 821 Expo-

1901 843 2100 898 sitione
2127 843 2400 910 Evangelii
2425 840 2717 895 secundum
2744 841 2940 896 Lucam
2976 860 2989 894 :
3027 841 3178 908 Quod
3203 859 3263 896 ea
3284 842 3488 912 potissi-

1906 951 2050 988 mum
2079 935 2210 988 lecta
2245 943 2319 988 est
2361 944 2414 985 ut
2448 932 2613 986 Deum
2658 943 2878 1003 pareret,
2907 949 3020 1002 qua:
3048 943 3156 987 erat
3183 935 3489 1004 desponsata

1902 1029 2010 1080 viro
2038 1026 2175 1098 (Lib.
2202 1025 2287 1096 tt).
2319 1025 2510 1080 Natum
2543 1036 2696 1080 certe
2723 1041 2786 1079 ex
2833 1025 3052 1093 Virgine
3097 1027 3262 1080 Deum
3297 1025 3488 1094 praedi-

1901 1130 2009 1188 cat,
2041 1119 2260 1174 Mariam
2308 1128 2532 1172 matrem
2591 1116 2683 1172 Dei
2738 1118 3001 1172 nominat.
3037 1117 3100 1172 Et
3145 1117 3233 1171 ubi
3274 1117 3361 1170 illa
3404 1121 3493 1186 est

1900 1214 2208 1284 prodigiosa
2231 1221 2396 1281 atque
2411 1208 2760 1266 exsecrabilis
2779 1224 2880 1263 vox
2909 1219 3020 1272 tua,
3041 1224 3143 1278 qua
3164 1207 3269 1274 ais,
3299 1206 3316 1244 ί
3343 1208 3492 1274 Quos.

1901 1307 2062 1361 modo
2089 1315 2261 1360 mater
2299 1313 2473 1372 potest
2504 1317 2625 1358 esse
2661 1302 2822 1356 alieni
2854 1317 2884 1356 a
2916 1310 3107 1356 natura
3146 1302 3277 1355 sua?
3307 1302 3351 1354 si
3385 1316 3485 1355 au-

1900 1407 2005 1453 tem
2038 1405 2212 1452 mater
2241 1397 2309 1452 ab
2333 1397 2463 1466 ipsis
2492 1404 2735 1464 vocatur,
2765 1394 3074 1450 humanitas
3105 1402 3188 1450 est
3215 1394 3355 1465 quod
3383 1407 3483 1448 na-I

1273 1555 1526 1612 ALARDI
1564 1556 1800 1614 GAZAEI
1835 1554 2399 1614 COMMENTARIUS.

187 1665 568 1724 Ecclesiastici
598 1681 772 1721 xxxm
797 1683 810 1718 :
841 1665 901 1722 Si
928 1676 1001 1721 est
1026 1665 1118 1720 tibi
1147 1683 1318 1722 servus
1367 1669 1555 1733 ﬁdelis,
1587 1671 1650 1722 sit
1698 1669 1788 1723 tibi

185 1739 352 1808 quasi
382 1737 552 1808 anima
593 1749 700 1793 tua.
737 1737 935 1791 Eodem
994 1738 1180 1792 referri
1221 1749 1394 1806 potest
1444 1740 1570 1794 illttd
1618 1741 1786 1794 Exodi

185 1807 297 1865 itit
329 1826 344 1861 :
384 1807 445 1860 Et
476 1809 570 1861 erit
599 1809 749 1879 quasi
776 1809 977 1876 signum
1005 1810 1059 1862 in
1089 1826 1245 1862 manu
1276 1821 1383 1872 tua,
1419 1821 1460 1864 et
1496 1813 1648 1881 quasi
1675 1827 1789 1864 mo—

179 1891 501 1934 numentum
546 1889 668 1932 ante
697 1881 874 1933 oculos
903 1891 1039 1949 tuos,
1071 1891 1117 1934 et
1143 1889 1198 1934 ut
1225 1881 1308 1935 lea:
1339 1881 1547 1935 Domini
1587 1898 1790 1951 semper

177 1953 257 2006 sit
286 1954 345 2003 in
379 1967 462 2001 ore
491 1957 594 2004 tuo.

266 2030 295 2058 ι
330 2021 576 2088 Quatuor
599 2021 767 2074 libros
789 2034 882 2074 seu
906 2022 1079 2087 potius
1108 2031 1389 2087 tractatus,
1408 2023 1648 2091 ejusdem
1672 2024 1786 2082 fere

1895 1669 2006 1724 rius
2033 1669 2084 1722 in
2115 1669 2376 1737 psalmum
2419 1668 2664 1734 quintum
2715 1667 3140 1735 pmnitentialem
3168 1683 3181 1721 :
3211 1665 3480 1724 Candidus

1896 1757 1960 1794 ea:
2003 1739 2287 1792 divinitatis
2318 1740 2504 1807 specie,
2550 1739 2866 1791 rubicundus
2897 1755 2957 1791 ea:
2985 1739 3234 1804 passionis
3273 1755 3477 1792 cruore.

1901 1811 1962 1866 S.
1995 1811 2301 1863 Bernartius
2329 1811 2382 1862 in
2425 1810 2565 1861 hunc
2598 1811 2773 1862 locum
2803 1809 3145 1862 Canticorum
3177 1808 3373 1879 (Serm.
3410 1810 3478 1866 48

1900 1881 1954 1934 in
1985 1881 2244 1951 Cantica).
2293 1880 2610 1952 Singularis.
2645 1881 2836 1952 inquit,
2872 1881 3094 1934 mixtura
3124 1892 3196 1933 est
3225 1882 3476 1946 colorant,

1898 1954 2070 2022 quiin
2111 1952 2222 2006 sola
2266 1950 2484 2016 persona
2531 1950 2740 2004 Domini
2767 1953 3059 2018 operatione
3087 1953 3259 2004 divina
3297 1969 3477 2004 conve-

1896 2024 2043 2076 niunt
2077 2023 2130 2075 in
2157 2039 2332 2086 unum,
2369 2038 2458 2076 nec
2489 2031 2542 2074 ut
2570 2022 2669 2074 sint
2698 2038 2851 2083 unus,
2877 2024 2965 2074 sed
2986 2033 3041 2074 ut
3061 2022 3160 2075 sint
3190 2024 3241 2075 in
3269 2039 3390 2075 uno.
3433 2022 3480 2076 0

174 2091 511 2162 arguttienti
539 2092 713 2176 edi-lit
829 2094 1497 2176 Ambrosius,.qui_omues
1529 2097 1580 2148 iu
1613 2098 1788 2164 primo
1819 2106 1864 2165 Β
1894 2097 2153 2176 gratiosus
2181 2110 2416 2176 sponsus,
2451 2103 2498 2176 et
2521 2095 2754 2176 amabilis
2799 2092 2965 2176 valde,
3011 2093 3063 2144 in
3091 2098 3476 2176 quo.generatio

169 2173 347 2218 tome
386 2165 580 2216 veteris
620 2163 870 2235 editionis
900 2163 1222 2218 Parisiensis
1259 2166 1591 2235 aliarumque
1616 2163 1786 2221 vetn-

163 2235 432 2290 stiornm
460 2233 894 2289 continebantur.
932 2239 995 2287 At
1029 2236 1080 2288 in
1110 2236 1210 2290 alia
1247 2233 1548 2303 pOSteriore
1586 2239 1781 2293 editio-

157 2321 256 2362 ne
292 2304 597 2359 Parisieusi
649 2320 738 2358 an.
787 2303 925 2360 1586
957 2307 1170 2360 inverso
1215 2307 1404 2362 ordine
1436 2309 1487 2361 in
1538 2312 1780 2378 quintum

152 2385 236 2433 et
269 2387 619 2446 postremum
644 2387 842 2427 tomum
872 2378 1100 2446 canjorti
1124 2389 1266 2431 sunt.
1299 2379 1783 2436 Primnstracmtus

146 2445 390 2506 estDe
420 2445 708 2515 Virginibus
734 2446 798 2499 ad
826 2445 1191 2502 Mareellinam
1216 2465 1454 2503 sororem
1475 2466 1646 2516 suam,
1673 2463 1782 2507 tres

141 2521 185 2574 li
199 2521 384 2592 prus
409 2519 790 2592 eotnpleCtens;
819 2521 1120 2592 secundus:
1149 2520 1226 2572 Ad
1254 2521 1470 2592 virgines
1499 2521 1781 2578 exhortatio

135 2591 283 2663 tib.
330 2587 806 2663 quicusitertius:
833 2587 1097 2643 Institutio
1125 2587 1647 2663 virginis'inscrtptus
1669 2635 1683 2656 ,
1715 2595 1780 2649 ad

134 2657 649 2733 BusqliiumJib.
692 2661 918 2733 unicus;
948 2672 1172 2733 quartus
1198 2657 1220 2714 ἶ
1248 2662 1325 2714 Ad
1352 2657 1594 2733 virginem
1623 2665 1778 2719 devo-

134 2743 287 2786 tam
323 2729 434 2806 l_ib.
471 2730 947 2806 unietts.Sequitttr
975 2729 1487 2806 deindelibernlins
1517 2735 1597 2787 Ad
1628 2737 1781 2806 virgi-

131 2817 314 2876 Enr
331 2798 562 2876 lapsam.
587 2801 654 2855 At
683 2798 797 2867 hic,
821 2803 1125 2876 Bellartnini
1168 2803 1371 2874 judicio
1399 2803 1535 2876 (Lib.
1568 2806 1630 2860 de
1659 2798 1777 2862 scr.

133 2872 459 2937 Eccles.),
480 2888 582 2925 non
608 2875 816 2929 videtur
838 2890 958 2930 esse
983 2876 1039 2928 υ.
1079 2872 1382 2943 Ambrosii,
1409 2872 1481 2930 ab
1511 2879 1777 2934 rationem

130 2944 236 3000 ab
269 2945 413 3007 ipso
440 2944 724 3002 redditam.
755 2947 922 2999 Porro
953 2963 1068 3012 quae
1099 2948 1184 3000 ltic
1212 2949 1445 3002 citantur
1467 2951 1627 3004 verba
1653 2953 1780 3004 Am-

131 3013 354 3090 brosii
401 3016 590 3090 nonin
623 3031 690 3071 eo
723 3017 861 3090 libro
889 3017 1155 3090 habentur
1185 3020 1272 3088 qui
1306 3022 1462 3090 vulgo
1492 3018 1572 3072 Ad
1615 3019 1778 3090 Virgi-

129 3102 260 3140 nes
337 3086 648 3161 ascribitur,
680 3086 773 3161 sed
807 3087 858 3141 in
892 3088 1065 3156 primo
1096 3084 1234 3142 libro
1258 3090 1334 3142 De
1361 3084 1658 3161 Virginibus
1683 3084 1784 3145 {et

131 3157 345 3227 paulo
382 3155 550 3227 alite_r
580 3158 719 3222 apud
755 3155 927 3227 ipsum
955 3169 1228 3212 auctorem
1262 3155 1530 3227 leguntur,
1566 3163 1614 3212 itt
1645 3161 1785 3212 hunc

133 3222 454 3281 modum:
491 3222 791 3278 Fraternas
827 3244 968 3280 mens
1017 3229 1264 3279 candidus
1294 3222 1340 3282 et
1389 3230 1593 3282 rubens.
1626 3227 1786 3281 Decet

130 3300 302 3352 enim
341 3305 423 3349 ut
450 3296 599 3366 plene
627 3297 843 3366 noveris,
877 3297 1038 3366 virgo,
1063 3313 1211 3365 quem
1239 3297 1434 3363 diligis,
1462 3310 1615 3362 atque
1639 3314 1788 3352 omne

133 3372 189 3423 iis
235 3386 300 3421 eo
339 3375 419 3418 et
463 3365 710 3431 ingenita:
751 3364 1029 3437 divinitatis
1077 3364 1128 3418 et
1174 3378 1447 3436 assumptis
1492 3372 1786 3437 mysterium

132 3437 637 3509 incorporationis
668 3451 932 3509 agnoxcas.
967 3433 1236 3491 Candidus
1267 3433 1476 3509 merito,
1505 3433 1625 3509 quia
1671 3438 1781 3492 Pa-

132 3515 252 3564 tris
287 3504 820 3581 splendor;_rubens
843 3549 856 3567 ,
885 3510 1005 3575 quia
1037 3520 1215 3576 partus
1248 3518 1320 3562 est
1357 3504 1600 3581 Virginis.
1629 3511 1782 3564 Color

132 3576 326 3635 enim?
359 3580 431 3630 in
464 3592 522 3628 eo
545 3576 704 3645 fulget
727 3588 772 3629 et
804 3581 981 3631 rutilat
1006 3581 1269 3647 utriusque
1290 3576 1502 3633 naturt'v.
1529 3580 1782 3635 Memento

134 3665 346 3705 tamen
370 3647 678 3716 antiquiora
695 3651 748 3701 tu
769 3666 826 3702 eo
850 3650 1128 3702 divinitatis
1148 3651 1368 3720 insignia
1383 3668 1532 3720 quam
1555 3655 1781 3718 corporis

133 3728 554 3781 sacramenta;
581 3720 703 3788 quia
741 3736 842 3772 non
869 3722 1017 3790 coepit
1056 3736 1118 3774 ea:
1151 3720 1390 3790 Virgine,
1443 3724 1532 3776 sed
1560 3724 1647 3786 qui
1674 3733 1781 3778 erat

136 3798 294 3849 venit
335 3793 414 3842 in
449 3790 715 3862 virginem.
764 3790 851 3845 Sic
881 3792 1216 3846 Ambrosius.
1245 3790 1321 3845 Ex
1351 3793 1544 3862 quibus
1569 3793 1781 3849 Cossin-

139 3881 260 3919 ιιυε.
302 3861 560 3932 paucula
591 3863 756 3914 verba
787 3864 1042 3927 mutavit,
1088 3875 1139 3916 et
1177 3861 1402 3932 paucula
1434 3880 1538 3918 non
1589 3882 1780 3919 neces-

140 3931 314 3989 saria
351 3931 579 3996 omisit;
612 3941 670 4004 et
699 3949 793 3998 pro
824 3933 951 3986 libro
981 3933 1066 4001 qui
1093 3931 1271 3987 est’Ad
1294 3935 1534 4004 virgines,
1579 3950 1776 3989 strenu-

139 4008 291 4060 dum
338 4006 630 4070 Vttz'gutnm
664 4003 822 4058 hodie
851 4007 1088 4068 titulum,
1111 4004 1294 4058 dicere
1328 4003 1619 4059 debuerat:
1645 4006 1778 4062 libro

138 4079 348 4145 primo
389 4069 472 4124 De
504 4071 816 4148 Virginibus.
847 4075 952 4130 Sed
984 4092 1138 4130 error
1160 4086 1242 4130 est
1265 4078 1492 4131 fortasse
1516 4081 1774 4148 temporis

143 4149 363 4217 potius
408 4158 565 4217 qnam
590 4147 844 4200 auctoris.

229 4215 262 4254 ἱ
305 4213 592 4276 Vulgatns
613 4224 788 4269 textus
814 4235 826 4269 :
861 4217 1088 4272 Dilectus
1118 4235 1257 4271 meus
1288 4219 1535 4272 candidus
1563 4230 1608 4272 et
1633 4220 1775 4275 rubi-

142 4290 404 4340 cundus.
440 4285 498 4337 D.
522 4285 873 4356 Hieronymus
893 4292 1087 4355 passim
1109 4289 1232 4344 lenit
1259 4307 1270 4341 :
1297 4287 1587 4343 Fratruelis
1612 4308 1770 4346 meus.

145 4357 344 4433 quue
405 4357 554 4433 varie
583 4359 828 4433 exponit,
864 4359 1312 4433 quomudntodutn
1347 4371 1400 4415 ct
1443 4363 1530 4416 alii
1565 4363 1768 4417 Patres.

145 4427 502 4498 Alt’egorice
527 4427 591 4482 de
616 4429 850 4493 Christo,
881 4427 936 4484 ut
962 4430 1065 4490 hic.
1112 4434 1163 4485 in
1207 4431 1357 4486 l--:tire
1384 4449 1500 4497 cap.
1538 4449 1627 4487 LIII
1659 4457 1670 4487 :
1701 4435 1775 4487 De

144 4496 446 4568 quo,'ail,
477 4505 527 4550 et
557 4514 744 4568 sponsa
772 4501 821 4552 in
855 4501 960 4555 Con
988 4505 1063 4554 ico
1092 4504 1408 4556 canticorum
1438 4496 1461 4557 :7
1486 4503 1774 4556 Fratruelis

146 4587 314 4623 metu
349 4569 609 4640 candidus
635 4581 681 4622 et
705 4573 1039 4640 rubicundus,
1065 4572 1252 4626 electus
1283 4575 1344 4627 de
1371 4575 1616 4626 millibus.
1645 4573 1775 4624 Cau-

147 4643 329 4694 éidus
364 4637 689 4711 plenitudine
717 4659 779 4695 uc
801 4637 1035 4711 puritate
1059 4645 1342 4706 virtutum;
1377 4642 1690 4696 rubicundus
1721 4643 1773 4694 in

145 4716 453 4784 passione,
471 4710 534 4761 de
548 4729 657 4784 qua
679 4710 854 4784 postea
876 4713 1056 4767 lecturi
1087 4714 1424 4778 suntns:Quis
1454 4723 1524 4784 est
1555 4712 1665 4784 iste,
1686 4713 1774 4782 qui

144 4780 427 4854 ascendit
454 4785 514 4832 de
542 4780 727 4854 Edam,
758 4784 953 4854 {ult'ida
987 4787 1278 4839 vestimenta
1307 4784 1454 4852 ejus?
1485 4783 1552 4854 Et
1572 4783 1622 4834 in
1651 4780 1768 4850 cap.

1892 2165 2066 2217 divina
2095 2166 2297 2227 candet,
2331 2175 2378 2216 et
2407 2164 2548 2217 rubet
2583 2167 2830 2217 humana.
2877 2162 2996 2228 Ipse
3021 2175 3093 2217 est
3123 2162 3255 2216 enim
3283 2167 3476 2218 candor

1889 2236 2397 2306 luciswternw(8ap.
2420 2238 2536 2302 vn),
2557 2244 2660 2290 etc.
2692 2238 2754 2287 Et
2777 2237 2909 2288 infra
2931 2252 2942 2286 :
2967 2235 3158 2298 Quidni
3187 2236 3476 2306 condictus?

1886 2307 1993 2376 ipse
2017 2308 2106 2360 lux
2133 2318 2225 2364 est,
2253 2316 2298 2358 et
2329 2307 2460 2359 ineo
2486 2308 2705 2360 tenebrte
2729 2322 2831 2358 non
2858 2317 2974 2358 sunt
2996 2307 3134 2359 ulla.
3165 2305 3359 2372 Quidni
3389 2323 3474 2359 ru-

1888 2376 2345 2432 bicundus?Deus
2377 2379 2508 2431 enim
2557 2379 2690 2447 ignis
2740 2386 2835 2441 est,
2885 2389 2932 2430 et
2979 2379 3088 2447 ipse
3136 2378 3305 2444 ignem
3335 2379 3472 2430 venit

1885 2451 2086 2504 mittere
2115 2452 2168 2502 in
2198 2460 2410 2502 terram.
2461 2449 2522 2503 Si
2571 2449 2662 2502 tibi
2707 2450 2961 2502 ministrat
2992 2447 3351 2520 intelligentia:
3387 2448 3470 2501 lu-

1885 2537 2012 2584 cem,
2042 2521 2295 2574 candidus
2345 2529 2455 2585 est;
2505 2521 2595 2573 sed
2645 2521 2691 2572 si
2737 2537 2838 2572 non
2883 2525 3107 2573 animum
3138 2520 3370 2572 accendit
3399 2521 3469 2572 ad

1884 2608 2131 2659 amorem,
2163 2609 2262 2644 non
2284 2608 2399 2662 eum
2425 2593 2580 2644 sentis
2606 2591 2972 2645 rubicundum.
2997 2589 3065 2644 In
3087 2591 3254 2662 seipso
3276 2601 3469 2644 utrum-

1884 2680 1981 2732 que
2004 2673 2097 2730 est,
2127 2664 2214 2716 sed
2245 2661 2333 2714 tibi
2364 2679 2464 2715 non
2492 2672 2584 2726 est,
2610 2664 2712 2715 nisi
2754 2679 2870 2714 cum
2900 2678 3075 2715 eorum
3117 2661 3173 2714 in
3217 2671 3264 2714 te
3310 2663 3468 2724 sentis

1884 2733 2141 2800 e/fectum,
2187 2742 2291 2788 etc.
2336 2735 2528 2787 Plures
2559 2734 2693 2786 alias
2725 2735 3090 2802 expositiones
3140 2734 3288 2802 leges
3327 2733 3467 2799 apud

1886 2804 2306 2866 Tlteodoretntn,
2356 2817 2410 2858 et
2463 2805 2618 2870 alios,
2673 2804 2762 2872 qui
2808 2807 2857 2857 in
2911 2803 3130 2857 Cantica
3170 2802 3462 2867 scripsere.

1886 2875 2020 2930 Sunt
2052 2886 2230 2930 autem
2257 2875 2565 2941 l'ratrueles,
2591 2884 2648 2928 ut
2673 2877 2773 2928 ltoc
2801 2875 2974 2928 obiter
3003 2873 3216 2934 addam,
3237 2872 3467 2926 duorum

1886 2945 2110 2999 fratrum
2146 2947 2276 3012 ﬁlii;
2308 2948 2394 3014 qui
2439 2955 2493 2998 et
2522 2947 2712 3000 fratres
2757 2945 3026 3012 patrueles
3054 2958 3083 2995 a
3108 2942 3467 3010 iurisconsul-

1887 3017 1957 3069 tis
1985 3018 2237 3070 dicuntur
2267 3019 2354 3084 qui
2400 3019 2655 3068 fratribus
2681 3031 2746 3068 ex
2773 3016 2983 3068 duobus
3015 3022 3462 3084 progenerantur,

1887 3087 2024 3139 sicut
2055 3083 2362 3139 consobrini
2394 3088 2483 3153 qui
2516 3101 2585 3138 ex
2620 3086 2831 3138 duabus
2862 3083 3161 3148 sororibus,
3203 3093 3262 3136 ut
3310 3084 3471 3146 docet

1887 3155 2221 3208 Justinianns
2247 3157 2337 3207 lib.
2367 3170 2425 3207 ιιι
2449 3155 2871 3207 Institutionum.

1972 3235 1992 3261 ε
2032 3226 2304 3278 llalientur
2353 3223 2468 3277 haec
2498 3224 2660 3276 verba
2703 3239 2806 3276 non
2841 3225 2891 3276 in
2937 3221 3116 3290 aliquo
3156 3238 3466 3282 sermonum

1889 3293 1979 3362 qui
2014 3310 2154 3350 nunc
2192 3293 2439 3348 feruntur
2465 3295 2520 3347 8.
2555 3293 2828 3348 Ambrosii
2862 3297 3108 3360 nomine,
3138 3295 3231 3349 sed
3270 3295 3324 3348 in
3354 3311 3468 3358 ser-

1890 3380 2047 3420 m0ue
2075 3377 2229 3420 sexto
2274 3367 2332 3420 S.
2368 3365 2651 3434 Augustini
2696 3365 2763 3420 de
2795 3367 2964 3420 Natali
2996 3365 3198 3420 Domini
3223 3408 3236 3427 ,
3273 3367 3466 3422 saltem

1891 3437 2080 3500 majori
2131 3452 2192 3490 ex
2249 3445 2417 3504 parte.
2471 3435 2600 3490 Nam
2648 3439 2799 3490 multi
2853 3451 3128 3490 sermones
3180 3439 3467 3491 Ambrosio

1810 3483 1855 3547 C
1886 3483 2104 3575 ascripti
2145 3483 2490 3561 inveniuntur
2539 3510 2674 3562 inler
2706 3523 2987 3562 scrmOItes
3017 3507 3303 3572 Augustini
3329 3524 3342 3562 :
3373 3509 3465 3564 alii

1887 3577 2012 3631 item
2044 3581 2180 3631 inter
2212 3595 2492 3632 sermones
2536 3577 2596 3634 S.
2635 3581 2869 3645 Maximi,
2894 3589 2951 3634 ut
2986 3581 3224 3634 oSIendit
3253 3580 3462 3635 Bellar-

1884 3651 2059 3702 miuus
2109 3649 2254 3718 (Lib.
2302 3652 2365 3702 de
2397 3651 2591 3718 Script.
2628 3649 2890 3716 Bedes):
2942 3649 3008 3704 Ut
3041 3650 3221 3719 plane,
3259 3650 3459 3719 inquit,

1872 3720 2108 3790 judicari
2130 3737 2228 3772 non
2259 3723 2438 3788 possit,
2461 3732 2634 3773 utrum
2656 3719 2919 3774 Ambrosio
2946 3723 3024 3774 vel
3057 3721 3287 3775 Maximo
3311 3724 3462 3776 tribui

1889 3791 2119 3844 debeant.
2156 3792 2261 3845 Sed
2291 3801 2346 3844 et
2385 3806 2542 3859 quam
2595 3791 2858 3857 plurimos
2906 3805 3188 3844 sermunes
3220 3793 3460 3851 eiusdem

1890 3861 2164 3916 Ambrosii
2192 3871 2405 3915 constat
2425 3876 2547 3916 esse
2573 3862 2902 3927 deperditus,
2928 3871 2984 3911 ut
3013 3861 3171 3914 docet
3203 3861 3463 3915 Baronius

1883 3931 2054 4001 (Tom.
2085 3949 2117 3986 v
2149 3931 2337 3986 Annal.
2371 3950 2460 3986 an.
2499 3931 2646 4000 597),
2682 3932 2772 3998 qui
2803 3939 3043 3998 tempore
3072 3929 3315 3984 Cassiani
3349 3929 3462 3983 lor-

1883 4005 2040 4057 tassis
2078 4005 2392 4070 exsmbant;
2430 4006 2568 4058 inter
2607 4019 2740 4074 quos
2789 4017 2911 4057 esse
2957 4003 3129 4074 potuit
3160 4015 3338 4055 sermo
3373 4002 3462 4055 ille

1880 4075 1947 4127 de
1985 4074 2156 4130 Natali
2193 4077 2433 4142 Domini,
2478 4073 2813 4130 undeverba
2853 4076 2952 4126 ista
2985 4073 3299 4142 deprompta
3344 4087 3463 4142 qure

1881 4145 1966 4199 hic
1995 4148 2246 4202 citantur.

1950 4215 1976 4253 ἀ
2015 4220 2074 4289 ln
2106 4233 2359 4273 sermone
2384 4217 2479 4271 illo
2506 4218 2649 4286 apud
2687 4217 3040 4289 AuguStinum
3071 4215 3269 4287 legitur
3303 4232 3316 4270 :
3348 4213 3463 4269 Illa~

1876 4289 1968 4343 tris
1998 4288 2253 4342 Dontinici
2283 4289 2531 4360 corporis.

1955 4371 1976 4396 ε
2020 4360 2186 4428 Hujus
2215 4358 2568 4426 expositionis
2595 4361 2777 4428 (quam
2813 4360 2989 4412 nullus
3014 4359 3222 4413 dubitat
3252 4373 3374 4414 esse
3397 4358 3459 4412 D.

1877 4430 2170 4498 Ambrosii)
2216 4431 2410 4482 librum
2465 4431 2758 4482 secundum
2799 4432 2875 4482 sic
2911 4433 3192 4484 exorditur
3231 4431 3461 4483 Ambro-

1877 4503 1990 4554 sius
2023 4518 2034 4551 :
2065 4499 2248 4552 Latent
2280 4501 2479 4566 quidem
2509 4502 2680 4551 divina
2712 4502 2975 4568 mysteria,
3007 4518 3092 4552 nec
3119 4502 3291 4568 facile,
3313 4501 3463 4565 juxta

1878 4573 2229 4639 propheticum
2277 4569 2468 4639 dictum
2523 4567 2863 4639 (Isonem),
2903 4571 3161 4636 quisquam
3198 4567 3463 4639 hominum

1876 4635 2038 4708 potest
2073 4641 2200 4691 scire
2230 4637 2501 4691 consilium
2531 4635 2640 4708 Dei.
2689 4637 2792 4692 Sed
2817 4647 2980 4689 tamen
3011 4635 3073 4689 ex
3101 4635 3464 4708 ca’terisfactis

1875 4706 2029 4778 atque
2045 4710 2312 4781 prwceptis
2341 4708 2543 4781 Domini
2569 4707 2851 4781 Salvi/toris
2873 4725 3141 4777 possumus
3163 4706 3462 4781 intelligere,

1876 4791 1924 4834 et
1944 4777 2055 4832 ’ltoc'
2080 4777 2429 4852 prOpensjoris
2459 4777 2616 4848 fuisse
2637 4777 2860 4841 consilii,
2891 4782 3025 4847 quod
3057 4794 3116 4829 ea
3146 4778 3466 4852 potissimum

146 4869 300 4909 ιιιιι
332 4847 654 4930 :Fratruelit
675 4847 811 4908 mens
837 4855 1154 4909 rubicundus
1173 4865 1219 4907 et
1237 4847 1776 4930 cait'ditlus.Rtt_bicun-
1801 4870 1854 4930 ι)
1879 4852 2039 4930 electa
2066 4847 2152 4930 est
2177 4847 2247 4902 ἰα
2281 4849 2554 4903 Dominum
2586 4861 2786 4922 pareret
2814 4895 2846 4930 ,⁸
2869 4865 2985 4919 qua:
3025 4859 3130 4901 erat
3160 4848 3464 4930 desponsata

145 4928 266 4978 dus
280 4927 344 4975 in
364 4922 628 4992 passione,
657 4927 906 4978 candidus
927 4944 978 4978 tn
995 4924 1379 4978 reaurrectioue.
1405 4925 1543 4979 Alibi
1562 4923 1771 4992 (lnepi-

147 4997 318 5064 ωριι-
338 4993 621 5066 Paulaep.
644 4993 736 5066 27)
764 4998 829 5051 de
859 4995 1074 5052 Christo
1100 5008 1151 5050 et
1176 4995 1410 5049 Ecclesia
1430 4995 1654 5066 ejusque
1679 5011 1774 5049 va-

147 5069 404 5122 rietate.
432 5065 900 5135 allegoricesimul
925 5079 977 5122 et
1023 5067 1348 5135 tropologice
1374 5083 1385 5118 :
1415 5065 1535 5119 Non
1581 5067 1770 5132 solum,

145 5137 380 5201 inquit,
418 5133 600 5198 eﬂ'usio
625 5140 888 5207 sanguinis
934 5141 985 5191 in
1019 5133 1340 5208 confessione
1370 5147 1653 5210 reputatur,
1685 5138 1775 5196 sed

145 5210 382 5259 devote
395 5220 596 5279 quoque
617 5213 797 5279 mentis
813 5211 1025 5263 serritus
1056 5210 1388 5262 immaculata
1413 5209 1774 5279 quotidianum

147 5277 497 5350 ,ἀπαρτὶ-βίῃ
527 5288 617 5350 est2
651 5277 756 5334 Illa
783 5297 970 5334 corona
997 5281 1059 5333 de
1092 5282 1223 5334 rasis
1253 5291 1299 5334 et
1337 5277 1480 5350 violis
1510 5283 1766 5347 plectitur,

145 5351 263 5403 ista
291 5344 369 5399 de
395 5344 540 5399 liliis.
572 5347 720 5402 Unde
762 5359 810 5404 et
848 5353 898 5404 in
921 5350 1129 5405 Cantica
1174 5352 1410 5406 scribitur
1441 5344 1771 5405 Canticorum

149 5417 334 5492 (Cap.
373 5419 494 5488 xu)
522 5436 534 5470 :
564 5417 859 5475 Fratruelt's
900 5439 1041 5476 meus
1070 5424 1320 5476 candidus
1352 5433 1397 5475 et
1435 5423 1769 5490 rubicundus,

144 5501 204 5545 ει
235 5492 297 5543 in
329 5504 467 5562 page
495 5500 541 5541 et
571 5493 622 5546 in
653 5493 787 5546 bello
830 5497 1004 5548 eadem
1055 5497 1268 5562 prwntia
1316 5496 1629 5548 vincentibus
1679 5499 1772 5548 tri-

145 5559 470 5637 bpens._Et
495 5563 575 5637 l.t
621 5568 884 5619 adversus
912 5559 1252 5620 Jovinianum
1286 5564 1438 5637 (Cap.
1480 5567 1566 5636 17)
1595 5586 1605 5620 ;
1638 5566 1772 5620 Cano

146 5635 333 5707 (idus
368 5633 429 5686 in
456 5635 768 5706 virginitate,
807 5638 1117 5691 rubicundus
1163 5638 1216 5690 in
1261 5633 1625 5707 martyriofD.
1652 5638 1771 5707 Att-

233 5705 437 5781 gtinns
453 5705 614 5781 supra
645 5709 844 5781 citatus
866 5707 1060 5781 (-Serm.
1091 5708 1125 5763 5
1145 5709 1208 5761 de
1233 5705 1614 5781 Ascensiqne)‘:
1636 5705 1771 5760 Can-

144 5721 437 5833 mu‘nns
453 5721 614 5778 supra
645 5721 844 5762 citatus
866 5721 1060 5781 (Serm.
1091 5721 1125 5763 δ
1145 5721 1208 5761 ae
1233 5721 1568 5776 escensione)
1602 5721 1765 5760 :Lan-

181 5781 212 5849 ξ
361 5779 670 5849 “virgine,
697 5778 1013 5835 rubicundus
1038 5778 1094 5833 in
1120 5792 1290 5845 cruce,
1321 5787 1427 5831 etc.
1457 5775 1518 5832 S.
1562 5775 1765 5848 Grego-

181 5838 212 5850 ο

1884 4925 2013 4977 viro.
2057 4923 2160 4978 Cur
2185 4934 2354 4975 autem
2384 4938 2483 4974 non
2509 4919 2781 4992 antequam
2814 4923 3227 4992 desponsaretur,
3258 4919 3465 4981 impleta

1883 4997 2000 5049 est?
2040 5005 2145 5049 etc.
2199 4994 2328 5062 Quae
2359 5008 2486 5062 ergo
2517 4998 2592 5047 sic
2624 4989 2918 5057 sequuntur
2954 5007 2968 5044 :
3003 4989 3198 5044 Natant
3238 5000 3372 5043 certe
3403 5005 3464 5043 ea:

1893 5065 2100 5137 Virgine
2129 5063 2297 5119 Deum
2324 5065 2592 5132 prwdicat,
2615 5076 2718 5137 ctc.
2749 5062 2866 5137 Non
2897 5064 3211 5137 suntverba
3238 5063 3464 5137 Ambro~

1881 5138 1947 5190 sii
1977 5133 2003 5202 ζ
2023 5140 2118 5192 sed
2151 5137 2390 5190 Cassiani
2422 5152 2484 5189 ex
2520 5134 2802 5190 Ambrosio
2830 5134 3136 5188 Nestorium
3167 5133 3461 5204 arguentis.

1884 5209 2073 5263 Natum
2112 5210 2255 5263 enim
2288 5223 2354 5262 ex
2395 5208 2611 5277 Virgine
2643 5207 2806 5258 Deum
2842 5208 3092 5272 praedicat
3127 5202 3463 5277 Ambro-ius,

1883 5291 1935 5334 et
1984 5281 2201 5333 Mariam
2251 5279 2342 5332 Dei
2395 5272 2619 5331 mairem
2671 5278 2952 5346 nominat,
2993 5293 3114 5330 cum
3149 5290 3268 5330 eam
3297 5290 3324 5324 a
3357 5272 3465 5346 Deo

1883 5352 2108 5406 electam
2142 5350 2338 5403 asserit
2375 5360 2428 5403 ut
2461 5349 2629 5402 Deum
2661 5358 2894 5411 pareret.
2938 5340 3079 5415 Quid
3127 5349 3267 5399 enim
3300 5340 3463 5415 aliud

1881 5430 1965 5477 est
2008 5423 2104 5476 Dei
2153 5431 2378 5474 matrem
2405 5460 2420 5484 ,
2467 5434 2562 5474 seu
2591 5419 2831 5474 Θεοτόκον
2885 5414 3040 5482 esse,
3085 5431 3244 5487 quam
3297 5414 3463 5468 Deum

1917 5492 2188 5548 eberissc‘l

1881 5509 2272 5627 pegeiiescbtist,
2305 5562 2445 5633 quod
2479 5562 2601 5615 aliis
2641 5560 2820 5614 verbis
2842 5558 3096 5633 superius
3143 5555 3292 5633 (Lib.
3331 5571 3380 5610 VI
3411 5571 3458 5611 ε.

1880 5635 1968 5701 i3,
2000 5645 2046 5689 et
2085 5635 2172 5687 lib.
2207 5649 2279 5688 vn
2308 5629 2352 5687 ὁ.
2383 5633 2437 5703 5)
2479 5633 2616 5688 dixit
2643 5632 2919 5687 Nestorius
2950 5649 2962 5684 :
2993 5629 3338 5703 Homoousios
3366 5643 3462 5696 pa-

1875 5700 2007 5760 renti
2034 5706 2180 5762 debet
2205 5721 2310 5766 esse
2338 5700 2595 5771 nativitas.
2623 5703 2777 5773 Quod
2803 5704 2878 5762 ibi
2907 5704 3150 5782 pluribus
3173 5700 3460 5763 refutatum

1874 5785 1981 5834 est.
2917 5783 2920 5786 ’
