4000 6186
594 242 702 307 εδδ

599 452 872 509 hominem
899 456 1031 509 dicit
1059 469 1177 509 eam
1207 468 1330 509 esse
1360 469 1481 523 qua:
1504 453 1714 523 genuit,
1759 461 1816 507 et
1844 452 2012 507 Deum
2059 467 2177 506 esse

599 542 693 613 qui
719 553 872 598 natus
900 553 1012 608 est;
1035 552 1091 597 et
1112 554 1289 597 tamen
1312 541 1417 599 hoc
1441 557 1551 600 non
1582 542 1915 599 infidelitatis
1936 556 2173 612 causam,

599 635 695 693 sed
720 637 846 693 ﬁdei
874 651 995 693 esse
1018 637 1361 694 miraculum.

1928 243 2210 304 JOANNIS
2246 242 2562 302 CASSIANI

598 366 713 418 tum
742 368 843 429 est,
871 376 979 419 non
1006 363 1171 421 Deus.
1205 362 1348 418 Ecce
1378 361 1608 417 eximius
1639 360 1899 431 magister
1929 360 2076 426 tidei,
2124 368 2179 415 et
2208 368 2253 423 Α

3752 243 3851 300 I56

2845 356 3076 413 CAPUT
3107 353 3294 412 XXVI.

2357 453 2563 507 Accedit
2599 453 2668 507 ad
2708 452 2955 522 pradicta
2991 449 3061 505 ι).
3094 448 3399 519 Hieronymi
3426 445 3780 502 testimonium.

2359 555 2385 582 λ
2425 545 2784 617 Hieronymus
2813 543 3197 601 catholicorum
3229 542 3506 611 magister,
3553 541 3701 611 cujus
3727 543 3847 596 scti-

2287 649 2376 711 pta
2400 655 2497 709 per
2526 640 2835 694 universum
2883 636 3137 693 mundum
3163 634 3321 705 quasi
3354 633 3556 689 divinae
3593 633 3850 704 lampades

2287 732 2535 802 rutilant,
2566 730 2595 770 ιι
2620 731 2675 787 ἱιι
2699 731 2840 788 libro
2867 730 2933 785 ad
2960 728 3308 785 Eustochium
3345 743 3358 780 :
3390 724 3508 796 Dei,
3542 726 3737 798 inquit,
3764 723 3849 779 Fi-

1668 888 1925 948 ALARDI
1964 884 2197 946 GAZASI
2232 885 2796 945 COMMENTARIUS.

664 1013 693 1043 ι
717 1005 774 1061 S.
795 1005 1154 1079 Hieronymus
1179 1005 1736 1079 presbyteretdoctor
1750 1004 2010 1079 Ecclesia;
2037 1018 2175 1069 prte-

592 1076 782 1149 cipuus
808 1119 824 1142 ,
869 1078 960 1144 qui
1000 1075 1087 1149 (ut
1115 1075 1576 1149 in'Marty'rologio
1606 1077 1765 1149 Rom.
1795 1075 2014 1144 legitur)
2063 1090 2175 1127 om-

591 1148 735 1200 nium
761 1149 937 1201 studia
966 1147 1251 1203 litterarum
1280 1147 1516 1217 adeptus,
1543 1164 1602 1202 ac
1640 1147 1968 1216 probatorum
1997 1161 2174 1217 mona-

592 1218 803 1270 chorum
822 1220 1054 1273 imitator
1074 1223 1253 1290 factus,
1274 1216 1435 1272 multa
1460 1218 1733 1273 httresium
1753 1227 1977 1290 monstra
1999 1216 2172 1290 gladio

591 1304 699 1341 suta
740 1291 987 1342 doctrinm
1030 1286 1295 1359 confodit;
1344 1290 1553 1342 demum
1596 1304 1709 1341 cum
1759 1289 1826 1339 ad
1864 1286 2174 1359 decrepitam

591 1374 750 1440 usque
778 1362 982 1440 vixissent
1012 1358 1235 1440 atatem,
1264 1362 1317 1412 in
1347 1360 1712 1440 puceﬁquievit;
1748 1358 2077 1440 sepultusque
2101 1366 2175 1437 est

592 1430 661 1481 ad
688 1446 911 1499 prwsepe
933 1428 1161 1482 Domini.
1194 1430 1319 1484 llaec
1346 1428 1438 1485 ibi.
1465 1428 1634 1483 Perro
1655 1429 1893 1483 doctoris
1917 1428 2175 1499 Ecclesia:

591 1498 1004 1567 cognomentum
1044 1502 1113 1554 ob
1154 1500 1419 1569 insignem
1449 1509 1505 1555 et
1533 1501 1785 1554 omnibus
1813 1498 2026 1553 saeculis
2073 1498 2174 1569 ad:

595 1571 894 1623 mirandam
925 1568 1283 1625 eruditionem
1313 1586 1417 1626 non
1458 1572 1618 1625 modo
1654 1580 1777 1639 post
1804 1571 2008 1625 obitum
2035 1610 2049 1633 ,
2079 1568 2175 1623 sed

592 1640 781 1711 _vivens
812 1640 1010 1711 adhuc,
1042 1641 1235 1696 merito
1258 1642 1488 1711 jureque
1514 1651 1837 1697 consecutus
1867 1651 1971 1711 est,
1998 1640 2072 1694 uti
2106 1654 2172 1693 ex

591 1708 694 1781 hoc
724 1710 847 1781 ipso
870 1709 1114 1765 Cassiani
1162 1708 1280 1766 loco
1326 1708 1537 1781 colligit
1583 1712 1840 1766 Baronius
1888 1710 1997 1780 (In
2042 1711 2175 1765 notis

590 1778 812 1855 liartyr.
926 1781 1263 1855 S¢ptembr.),
1296 1785 1382 1837 ubi
1404 1778 1774 1837 catholicorum
1796 1778 2037 1855 magister
2058 1796 2173 1855 am-

587 1848 834 1917 plissimo
878 1854 1031 1906 titulo
1082 1848 1409 1908 nominatur.
1460 1857 1528 1907 At
1557 1870 1663 1907 non
1704 1848 2169 1922 minus'prtcclara

588 1929 645 1992 et
676 1922 903 1976 illustria
945 1933 1068 1977 sunt
1099 1924 1162 1977 D.
1190 1925 1472 1992 Augustini
1504 1934 1559 1979 et
1591 1925 1820 1978 aliorum
1856 1924 2073 1978 Patrum
2105 1924 2173 1978 de

588 1989 647 2065 _S.
681 1992 989 2065 Hieronymi
1022 1989 1333 2049 admiranda
1374 1996 1618 2049 doctrina
1661 1994 1887 2065 ejusque
1931 1995 2171 2062 scriptis,

586 2062 760 2116 instar
808 2062 1111 2133 lampadum
1137 2106 1152 2128 ,
1208 2076 1267 2119 ut
1310 2066 1396 2119 hic
1433 2062 1813 2131 dicitttr,'per
1858 2066 2173 2119 universum

587 2134 847 2206 mundum
877 2136 1245 2199 rutilantibus,
1275 2136 1580 2205 posteritati
1608 2135 1799 2189 tradita
1822 2135 2018 2206 elogia,
2050 2136 2175 2190 huic

576 2201 773 2265 jtidem
798 2207 917 2260 loco
938 2201 1323 2271 consentanea,
1352 2222 1383 2260 e
1404 2207 1596 2273 quibus
1622 2206 1879 2260 nonnulla
1906 2201 2173 2261 delibasse

586 2274 881 2330 suﬂ'ecerit.
937 2280 1267 2347 Augustinus
1315 2287 1465 2332 certe
1493 2317 1509 2341 ,
1547 2278 1638 2346 qui
1679 2276 1870 2331 Joanni
1918 2277 2173 2347 Baptista:

587 2358 709 2399 eum
740 2360 1047 2416 comparat,
1086 2348 1284 2401 fatetur
1307 2347 1359 2400 in
1391 2363 1450 2402 se
1480 2363 1579 2402 nec
1606 2362 1744 2410 esse,
1779 2364 1877 2402 nec
1898 2362 2023 2401 esse
2053 2364 2172 2402 um-

586 2428 748 2480 quam
771 2433 925 2483 posse
944 2427 1149 2471 tantum
1169 2420 1408 2472 scientiae
1424 2417 1725 2472 divinarum
1745 2418 2171 2485 Scripturarum,

588 2494 847 2559 quantum
877 2488 929 2559 in
964 2488 1291 2559 Hieronymo
1320 2504 1442 2544 esse
1469 2489 1682 2544 videbat
1709 2488 1905 2559 (Epist.
1932 2488 2079 2558 115).
2106 2489 2175 2543 Et

590 2552 644 2607 in
676 2554 776 2629 alia
810 2557 1037 2629 epistula
1067 2552 1264 2628 (Epist.
1300 2559 1391 2629 15)
1423 2577 1438 2614 :
1476 2552 1798 2627 Quamquam
1824 2600 1837 2623 ,
1870 2552 2061 2626 inquit,
2088 2576 2172 2613 se-

587 2625 810 2701 cundum
859 2625 1111 2681 honorum
1144 2625 1391 2683 vocabula
1417 2671 1430 2692 ,
1473 2647 1588 2696 qua:
1608 2625 1722 2701 jam
1761 2630 2008 2685 Ecclesia:
2051 2647 2173 2683 usus

588 2694 807 2771 obtinuit
831 2700 1197 2771 ,_episcopatus
1224 2694 1534 2771 presbyterio
1576 2694 1743 2771 major
1782 2704 1885 2766 sit;
1930 2710 2097 2753 tamen
2120 2700 2174 2754 in

588 2766 941 2842 multisrebus
962 2766 1278 2840 Augustinus
1307 2766 1626 2842 Hieronymo
1652 2766 1816 2825 ininor
1839 2780 1932 2826 est.
1960 2771 2027 2824 Et
2046 2786 2177 2826 con-

588 2845 667 2911 tra
698 2836 965 2911 Julianum
1008 2836 1253 2895 scribens
1303 2841 1439 2911 (Lib.
1468 2836 1559 2895 te.
1590 2841 1645 2911 7)
1700 2862 1711 2895 :
1760 2842 1870 2895 Nec
1916 2853 2171 2908 sanctum,

587 2907 1213 2983 iptjutt,_llieronynturn,
1250 2907 1369 2983 quia
1410 2907 1670 2983 presbyter
1696 2914 1815 2983 fuit,
1850 2924 2175 2967 contemnen-

588 2978 1109 3054 dumarbitreris,qui
1131 2978 1311 3037 Grtriro
1332 2994 1379 3037 et
1404 2978 1610 3042 Latino.
1631 2978 1836 3054 insuper
1855 2994 1906 3037 ct
1929 2983 2170 3049 Hebraeo,

586 3052 814 3123 eruditus
836 3055 1057 3123 eloquio,
1077 3070 1138 3108 ex
1162 3054 1479 3109 Occidentali
1498 3056 1567 3109 ad
1588 3052 1897 3109 Orientalem
1919 3054 2173 3108 transiens

584 3118 890 3195 Ecclesium,
918 3118 970 3177 in
996 3118 1121 3180 locis
1144 3129 1334 3179 sanctis
1355 3136 1508 3195 atque
1538 3128 1590 3179 in
1618 3126 1802 3180 litteris
1827 3127 1986 3179 sacris
2018 3142 2174 3195 usque

2278 1000 2599 1055 habuerimus
2626 1003 2792 1065 viros,
2834 1002 3083 1055 neminem
3124 1007 3292 1053 tamen
3327 998 3414 1069 qui
3444 1006 3513 1051 tot
3551 1014 3610 1051 ac
3637 1005 3785 1052 tanta
3811 1002 3855 1052 in

2278 1074 2417 1124 omni
2440 1073 2787 1125 doctrinarum
2818 1089 2997 1141 genere
3023 1072 3252 1133 sciverit,
3285 1080 3329 1123 et
3358 1069 3445 1135 qui
3466 1078 3536 1141 tot
3568 1070 3854 1139 linguarum

2278 1143 2510 1195 habuerit
2539 1140 2875 1211 cognitionem
2898 1184 2911 1207 ,
2945 1142 3252 1196 invenimus.
3286 1141 3438 1208 Quod
3460 1140 3503 1193 si
3532 1142 3585 1193 in
3609 1141 3781 1202 aliqua
3809 1157 3855 1194 re

2278 1212 2388 1281 ipse
2408 1215 2470 1265 ab
2492 1215 2663 1283 aliqua
2695 1217 2946 1277 vincatur,
2978 1229 3171 1280 semper
3198 1212 3440 1283 tamenei
3465 1220 3733 1281 supersunt
3757 1213 3853 1263 alia

2278 1283 2333 1335 in
2383 1281 2585 1353 quibus
2616 1284 2821 1337 tandem
2868 1285 2969 1337 illis
3010 1293 3259 1353 pra’stans
3314 1281 3658 1351 Hieronymus
3707 1283 3854 1336 victor

2280 1354 2537 1408 abscedat.
2581 1354 2707 1410 Hace
2736 1356 2847 1409 ille.

2353 1423 2379 1461 δ
2422 1426 2643 1479 Librum
2675 1425 2741 1479 ad
2774 1424 3124 1480 Eustochium
3157 1424 3244 1478 hic
3278 1432 3438 1478 vocat
3484 1424 3763 1493 epistolam
3792 1425 3849 1478 D.

2283 1493 2597 1567 Hieronymi
2616 1566 2625 1567 ί
2643 1497 2955 1567 vigesimam
2974 1566 2979 1567 γ
3001 1496 3290 1567 secundam
3323 1494 3671 1567 de‘custodia
3692 1496 3855 1567 ivirgi-

2280 1566 2462 1619 nitatis
2490 1564 2560 1620 ad
2588 1564 2944 1622 Eustochium
2971 1566 3148 1621 Paula:
3180 1566 3375 1620 nobilis
3399 1564 3651 1620 Romana:
3679 1564 3851 1632 tiliam,

2279 1645 2335 1690 et
2357 1637 2619 1706 virginem
2648 1638 2755 1693 Deo
2780 1638 3027 1692 devotam
3055 1638 3143 1707 (de
3157 1651 3259 1704 qua
3274 1637 3403 1689 alias
3421 1640 3571 1705 plura
3586 1637 3852 1707 diximus),

2277 1709 2564 1776 scriptam,
2597 1709 2696 1763 sub
2734 1708 2888 1777 cujus
2923 1708 3085 1763 linem
3126 1708 3239 1761 haec
3268 1707 3426 1761 verba
3460 1707 3744 1771 habentur,
3774 1724 3849 1762 sc.

2276 1779 2510 1850 cundum
2538 1780 2829 1850 editionem
2875 1780 3095 1834 Mariani
3142 1778 3232 1848 (In
3254 1780 3385 1831 notis
3407 1779 3475 1831 ad
3505 1780 3636 1850 Reg.
3668 1781 3725 1835 S.
3758 1778 3853 1832 Ρη-

2276 1848 2486 1919 chomii)
2518 1868 2530 1903 :
2559 1849 2655 1903 Dei
2683 1849 2856 1903 Filius
2884 1867 2978 1919 pro
3022 1862 3195 1903 nostra
3234 1851 3401 1903 salute
3452 1848 3671 1905 hominis
3702 1851 3854 1919 factus

2277 1928 2347 1971 est
2375 1918 2548 1975 Filius
2580 1937 2596 1973 :
2627 1938 2803 1975 novem
2833 1918 3089 1975 mensibus
3116 1922 3169 1973 in
3202 1930 3370 1986 utero,
3401 1929 3456 1973 ut
3483 1918 3744 1985 nascatur,
3776 1939 3853 1974 cro

2276 2000 2509 2063 spectat,
2557 1992 2767 2063 fastidia
2796 1994 3011 2045 sustinet
3034 2033 3049 2051 ,
3092 1993 3615 2063 cruentusegreditur
3639 2034 3654 2056 ,
3686 1995 3853 2063 pannis

2276 2060 2571 2133 involvitur,
2593 2061 2860 2116 blanditiis
2887 2063 3165 2128 delinitur;
3220 2075 3263 2116 et
3286 2062 3377 2115 ille
3398 2062 3591 2133 pugillo
3621 2060 3854 2116 mundum

2280 2130 2552 2205 includens
2574 2174 2588 2197 ,
2637 2134 2876 2203 praesepis
2919 2136 3207 2186 continetur
3250 2130 3514 2205 angustiis.
3550 2132 3643 2188 Sic
3674 2134 3765 2187 ibi.
3795 2133 3857 2188 At

2275 2204 2587 2274 _v_erosimile
2635 2214 2717 2258 est
2756 2205 3067 2257 Cassianum
3100 2204 3154 2258 in
3186 2203 3420 2274 antiquis
3466 2204 3855 2274 exemplaribus

2276 2271 2589 2344 Hieronymi
2614 2274 2809 2341 legisse
2843 2276 3011 2328 decem
3052 2271 3332 2341 mensibus,
3352 2289 3453 2328 non
3487 2271 3692 2341 novem,
3726 2276 3854 2329 unde

2276 2345 2543 2398 eteadem
2572 2347 2737 2415 verba
2783 2346 2863 2399 bis
2892 2346 3085 2409 repetit
3130 2355 3183 2400 et
3222 2346 3456 2401 inculcat
3498 2346 3552 2399 in
3590 2349 3693 2400 hoc
3721 2362 3849 2415 cap.,

2276 2428 2435 2478 quam
2470 2414 2780 2477 lectionem,
2812 2425 2870 2469 ut
2900 2417 3254 2484 antiquiorem
3285 2418 3356 2470 ita
3383 2425 3439 2471 et
3462 2417 3752 2480 veriorem,
3778 2414 3850 2470 re-

2276 2484 2448 2555 linere
2496 2488 2672 2554 potius
2714 2502 2872 2555 quam
2929 2496 3135 2542 mutare
3163 2488 3334 2541 visum
3379 2496 3484 2542 est.
3533 2487 3679 2541 Nihil
3722 2490 3848 2543 enim

2278 2554 2604 2610 incommodi
2637 2554 2753 2622 est,
2789 2559 2832 2611 si
2870 2557 3080 2613 dicatur
3107 2558 3355 2613 Christus
3381 2568 3731 2627 exspectasse
3765 2560 3849 2614 de-

2277 2640 2394 2680 cem
2427 2627 2724 2691 mensibus,
2754 2628 2804 2681 id
2833 2641 2936 2696 est,
2972 2631 3025 2682 in
3054 2628 3472 2699 uteroVirginis
3498 2630 3740 2697 latuisse,
3770 2646 3852 2683 au-

2278 2705 2492 2769 tequam
2540 2708 2854 2752 nasceretur
2882 2742 2896 2765 ,
2947 2714 3053 2754 non
3102 2698 3547 2769 quidem’decem
3592 2703 3851 2757 mensibus

2277 2767 2502 2837 integris
2527 2811 2541 2831 ,
2587 2770 2679 2822 sed
2723 2785 2913 2824 novem
2944 2767 3174 2840 expletis
3201 2815 3215 2838 ,
3250 2780 3303 2826 et
3332 2771 3544 2826 decimo
3588 2772 3846 2835 inchoato,

2276 2840 2418 2905 quod
2459 2855 2610 2894 more
2639 2841 2887 2909 loquendi
2931 2843 3295 2897 ecclesiastico
3323 2842 3730 2898 usitatissimum
3756 2853 3847 2897 cst.

2277 2908 2343 2962 Et
2366 2925 2551 2963 revera
2582 2908 2965 2983 plusenergim
2994 2922 3049 2967 et
3071 2913 3343 2983 emphasis
3369 2914 3554 2978 habet,
3584 2916 3635 2970 si
3661 2916 3850 2969 dicatur

2276 2990 2629 3055 exspectasse
2653 2983 2839 3037 decent
2870 2984 3165 3052 mensibus,
3192 2999 3350 3053 quam
3378 2986 3423 3038 si
3445 3000 3667 3047 novem,
3694 2997 3746 3039 ut
3767 3000 3849 3055 per

2277 3064 2337 3104 se
2384 3051 2589 3105 clarum
2638 3062 2719 3107 est
2754 3070 2765 3105 :
2798 3054 2938 3127 quod
2970 3055 3154 3125 utique
3183 3051 3457 3124 spectasse
3502 3051 3851 3127 D._Hierony-

2277 3136 2429 3197 nium
2460 3138 2716 3197 perquam
2743 3126 2999 3197 credibile
3027 3135 3113 3181 est
3136 3168 3151 3191 ,
3186 3127 3508 3195 suffragante
3553 3125 3849 3197 Scriptura,

585 3191 1137 3270 addecrrpitamviagit
1172 3206 1393 3263 (etatem,
1423 3191 1595 3270 'cujus
1626 3197 1771 3270 nobis
1812 3191 2173 3270 eloquium'ab
2202 3195 2249 3258 C
2278 3192 2367 3246 ubi
2397 3191 2653 3270 Sglonton
2686 3196 2760 3248 ait
2794 3213 2806 3270 ς
2839 3196 2967 3250 Sum
2995 3197 3199 3267 quidem
3224 3210 3271 3252 et
3298 3191 3387 3270 egit
3426 3199 3661 3252 mortalis
3684 3191 3845 3265 homo,

588 3260 795 3338 Oriente
818 3260 971 3335 usque
988 3268 1039 3319 in
1071 3260 1418 3332 Occidentem,
1452 3260 1616 3322 instar
1645 3260 1921 3338 lampadis,
1946 3269 2174 3338 resplen-

584 3332 713 3406 duit.
758 3332 895 3406 nem
924 3340 1010 3390 lib.
1045 3338 1256 3392 decimo
1281 3353 1471 3393 ocmvo
1504 3339 1575 3392 de
1604 3332 1834 3393 Civitate
1875 3339 1968 3392 Dei
2018 3332 2171 3406 (Cap.

583 3400 674 3480 ἐξ)
710 3419 723 3456 :
755 3404 878 3457 Non
924 3408 1121 3480 defuit,
1173 3410 1274 3473 ait,
1320 3410 1633 3477 temporibus
1676 3411 1864 3463 nostris
1912 3400 2174 3480 presbyter

586 3471 1522 3550 Hiemnymus,'homo_do'ctissimus
1553 3519 1567 3541 ,
1606 3488 1657 3550 e_t_
1687 3482 1843 3531 trium
1880 3471 2173 3550 linguai-um

587 3541 806 3610 peritus,
832 3546 920 3609 qui
946 3561 1049 3597 non
1077 3561 1139 3598 ea:
1166 3545 1365 3611 Gratco,
1398 3548 1486 3601 sed
1516 3564 1578 3600 ea:
1609 3547 1826 3601 Hebr-ate
1851 3550 1904 3601 in
1936 3541 2174 3602 [utinam

582 3610 861 3687 eloquium
889 3614 1189 3687 Scripturas
1232 3610 1493 3671 convertit.
1545 3619 1900 3687 Augustinum
1936 3622 2173 3674 imitatus

586 3680 1270 3758 Prosper_idetn'versibus
1297 3688 1587 3758 expressit,
1622 3680 1710 3744 tibi
1737 3690 1851 3745 lucc
1884 3690 1951 3745 de
1982 3692 2172 3746 Hiero-

582 3766 749 3821 nymo
786 3754 925 3827 (Lib.
965 3757 1029 3811 de
1059 3755 1313 3831 Ingratis)
1345 3776 1359 3815 :

676 3872 890 3941 achran
911 3876 1057 3926 simul
1082 3884 1134 3927 et
1158 3876 1584 3941 Grajo,7Latioque
1608 3888 1842 3930 venustus

678 3934 906 4001 Eloquio,
932 3952 1122 3989 morum
1145 3934 1429 4003 exemplum
1447 3934 1715 4003 mundique
1739 3942 1993 4003 magister,

584 4050 695 4112 etc.
727 4042 1017 4097 Cassianus
1047 4043 1233 4097 itidem
1281 4044 1334 4097 in
1383 4042 1701 4112 prmlatione
1744 4043 2168 4109 lnstitutionum,

586 4111 841 4183 Basiliam
871 4113 1352 4183 cumilieronymo
1380 4111 1813 4167 commemorans
1848 4131 1861 4165 :
1895 4115 2061 4177 Alius,
2092 4116 2172 4168 in—

583 4182 701 4250 quit
737 4182 968 4251 (scilicet
1000 4182 1420 4253 Hieronymus),
1461 4200 1563 4235 non
1590 4182 1757 4236 solum
1786 4201 1879 4237 suo
1906 4184 2173 4238 elucubra-

582 4261 661 4326 tos
714 4252 1121 4326 ingenio_edidit
1151 4254 1309 4326 libros
1334 4252 1565 4326 ,uerum
1592 4256 1742 4326 etiam
1773 4254 1951 4308 erca
1994 4258 2171 4326 lingua

580 4320 802 4391 digestos
833 4324 887 4374 in
922 4320 1161 4376 Latinum
1187 4324 1333 4377 vertit
1370 4324 1647 4391 eloquium.
1691 4324 1747 4379 in
1776 4326 2019 4380 eamdem
2047 4320 2170 4381 sen-

586 4390 806 4466 tentiam
828 4391 1190 4466 Cassiodorus
1212 4393 1311 4466 (De
1336 4390 1511 4449 Divin.
1542 4394 1684 4466 Lect.
1706 4412 1750 4448 c.
1776 4396 1867 4461 ‘21)
1893 4406 2011 4465 post
2034 4412 2171 4466 pra:-

580 4462 911 4517 clarissimas
938 4465 1007 4520 de
1034 4468 1148 4518 viro
1182 4465 1397 4529 laudes,
1427 4466 1576 4520 addit
1610 4484 1620 4518 :
1660 4465 1724 4519 In
1754 4462 2013 4521 Bethleem
2034 4462 2170 4523 otio-

579 4549 693 4586 sum
725 4534 983 4589 habitasse
1011 4552 1112 4588 non
1140 4537 1392 4601 arbitror,
1425 4538 1524 4591 nisi
1549 4545 1607 4590 ut
1637 4538 1691 4590 in
1720 4546 1855 4591 terra
1886 4540 1979 4591 illa
2008 4541 2169 4593 mira-

577 4608 831 4679 culorum,
860 4609 929 4679 ad
966 4609 1133 4660 instar
1158 4609 1303 4679 solis,
1337 4580 1451 4679 eius
1476 4624 1675 4678 quoque
1702 4609 1762 4661 ab
1798 4608 2003 4663 Oriente
2028 4612 2169 4664 nobis
2198 4580 2251 4639 Β

576 4674 609 4710 ⁸
621 4676 869 4747 lamparet
884 4677 1161 4745 eloquium.
1180 4678 1287 4733 Sed
1300 4674 1715 4734 et'Marcellinus
1728 4681 1922 4734 Comes
1940 4680 1995 4734 in
2008 4680 2046 4734 C
2056 4682 2175 4735 hro-

579 4746 735 4823 nico}
749 4746 811 4823 _F
814 4750 982 4823 inem,
994 4749 1188 4823 inquit,
1211 4751 1328 4823 vitta
1358 4752 1478 4820 fecit
1498 4750 1775 4804 admodum
1802 4768 1978 4819 senex,
2008 4754 2173 4823 ibique

584 4816 883 4892 (Bethleem
908 4816 1140 4892 scilicet)
1178 4816 1410 4888 sepultus
1439 4830 1530 4883 est,
1567 4822 1830 4875 catholicis
1856 4816 2059 4892 quidem
2089 4816 2174 4876 in-

579 4890 941 4958 expugnabilis
967 4891 1145 4955 turris,
1167 4892 1417 4945 hwreticis
1437 4902 1608 4944 autem
1629 4890 1966 4962 infatigabilis
1988 4895 2169 4957 hostis,

582 4964 685 5009 tam
727 4962 985 5030 preposito
1020 4962 1136 5014 vita:
1166 4976 1275 5014 sua:
1305 4978 1459 5030 quam
1503 4962 1750 5015 librorum
1779 4980 1811 5014 a
1840 4980 1893 5017 se
1922 4966 2173 5017 editorum

577 5032 941 5085 assertionibus
962 5032 1287 5101 depugnans.
1314 5032 1592 5087 Postremo
1611 5033 1880 5088 Marianus
1900 5033 2171 5089 Vietorius

584 5101 761 5156 Vitam
790 5104 849 5173 β.
878 5103 1191 5173 Hieronymi
1222 5120 1251 5158 a
1281 5119 1339 5158 se
1365 5104 1689 5170 descriptam
1720 5107 1900 5173 (quam
1930 5117 1983 5157 et
2006 5105 2171 5161 Baro-

578 5174 699 5229 nius
748 5172 918 5245 [Tom.
952 5172 995 5226 V
1026 5172 1217 5245 Annal.
1244 5176 1337 5228 sub
1364 5192 1453 5228 an.
1484 5173 1613 5245 4‘20]
1657 5174 2022 5245 commendat)
2068 5176 2170 5232 hoc

578 5243 776 5314 insigni
808 5253 966 5316 ornat
993 5244 1189 5313 elogio,
1222 5261 1328 5299 non
1362 5243 1737 5316 praetereundo
1768 5263 1781 5299 :
1820 5243 2168 5316 Hieronymus

575 5317 653 5368 uir
679 5313 764 5369 cui
794 5333 884 5387 nec
918 5313 1088 5370 σε·ωεὶ
1117 5332 1208 5368 nec
1242 5313 1419 5369 Latini
1452 5333 1601 5387 quem
1634 5326 1924 5387 comparent
1949 5313 2169 5372 habeant

576 5387 821 5456 aliquem.
855 5386 923 5440 In
961 5403 1079 5442 eum
1106 5388 1242 5440 enint
1284 5386 1532 5441 doctrina:
1571 5386 1753 5441 omnes
1783 5398 1829 5442 et
1858 5389 2069 5442 uirtutes
2100 5390 2171 5443 ita

578 5454 836 5539 cumulate
861 5459 1266 5539 seco-ntulerun‘t
1292 5500 1306 5525 ,
1330 5467 1531 5539 _utpost
1562 5476 1698 5539 eum,
1739 5476 1886 5539 quem
1909 5461 1971 5539 _in
1997 5462 2169 5539 aliqua
2220 5454 2229 5474 ’

577 5543 635 5580 re
654 5528 887 5599 gentibus
913 5530 1134 5599 invideat
1156 5573 1170 5596 ,
1211 5527 1447 5583 Ecclesia
1474 5531 1724 5584 neminem
1749 5527 1994 5585 inveniat.
2031 5529 2170 5585 Nam

579 5598 675 5653 etsi
696 5599 886 5653 multos
916 5599 972 5653 in
1010 5598 1245 5654 Ecclesia
1287 5601 1736 5668 praestantissimos
1770 5618 1831 5655 ac
1854 5602 2171 5656 doctissimos

643 5743 666 5764 '
688 5744 950 5805 tempore,
974 5757 1063 5806 pro
1082 5745 1356 5809 splendere,
1384 5762 1410 5799 s
1436 5748 1588 5801 verbo
1612 5748 1787 5801 Graeco
1806 5760 1952 5809 ne...

2278 3272 2383 3339 etc.
2416 3264 2605 3318 Decem
2647 3267 2893 3339 mensium
2934 3264 3155 3339 tempore
3191 3264 3489 3339 coagulatus
3519 3286 3638 3323 sum
3664 3270 3715 3323 in
3742 3264 3849 3323 san-

2277 3336 2428 3409 guine
2477 3352 2537 3390 ea:
2580 3338 2772 3409 semine
2812 3336 3062 3404 hominis,
3110 3349 3239 3404 ete.,
3272 3338 3522 3409 Sapwn.
3573 3340 3849 3395 Enimvero

2276 3405 2549 3479 Christum
2616 3408 2898 3462 Dominum
2972 3420 3287 3479 conceptum
3347 3405 3519 3465 't‘uisse
3595 3412 3844 3479 vigesimo

2278 3477 2467 3551 quinto
2506 3477 2716 3543 Martii,
2751 3489 2931 3533 natum
2958 3496 3085 3534 vero
3122 3477 3376 3550 vigesimo
3420 3484 3616 3551 quinto
3644 3477 3851 3538 Decem-

2277 3545 2630 3618 brisrcoustat
2659 3560 2767 3603 tum
2798 3564 2862 3604 ex
2893 3545 3594 3618 traditione'ecclesiastica,
3632 3564 3738 3608 tum
3766 3569 3849 3607 au-

2276 3617 2526 3692 ctoritate
2558 3619 2657 3692 SS.
2692 3620 2930 3687 Patrum,
2964 3622 3242 3677 Athanasii
3273 3623 3327 3677 in
3359 3624 3455 3678 lib.
3486 3617 3847 3692 Quaestionum

2275 3687 2342 3764 ad
2364 3690 2712 3764 Antiochum,
2734 3694 3100 3764 Chrysostomi
3126 3694 3342 3748 ltomilia
3365 3687 3536 3764 prima
3562 3696 3621 3749 in
3646 3696 3847 3757 Lucam,

2276 3758 2562 3830 Augustin.
2604 3778 2767 3815 δεδι-ιιι.
2816 3758 2879 3816 18
2910 3766 2974 3816 de
3003 3764 3176 3818 Natali
3211 3758 3420 3819 Domini
3446 3806 3462 3830 ,
3492 3775 3546 3819 et
3577 3766 3677 3822 lib.
3708 3782 3757 3821 tv
3792 3766 3849 3819 de

2277 3828 2541 3904 Trinitate
2562 3846 2615 3904 Ac.
2645 3832 2706 3897 5,
2739 3833 2824 3886 ubi
2856 3837 2990 3890 hanc
3018 3836 3338 3890 sententiam
3374 3828 3738 3904 pulcherrime
3762 3852 3851 3891 ex-

2275 3900 2440 3977 plicat
2471 3902 2525 3956 itt
2558 3902 2702 3957 hunc
2731 3905 2945 3977 inodum
2974 3924 2987 3959 :
3019 3905 3136 3960 Non
3154 3900 3427 3973 immeriti),
3448 3908 3646 3977 inquit,
3671 3912 3720 3962 in
3737 3908 3851 3962 tedi-

2275 3972 2517 4051 f'icatione
2538 3975 2766 4041 corporis
2799 3975 3077 4051 Dotninici,
3108 3979 3161 4030 in
3192 3981 3339 4051 cujus
3376 3972 3543 4049 ﬁgura
3566 3972 3804 4051 templum
3823 3996 3850 4029 α

2275 4039 2474 4095 Judccis
2497 4039 2843 4098 constructum
2864 4046 3033 4100 triduo
3056 4039 3109 4101 se
3137 4039 3557 4103 resuscitaturum
3585 4039 3696 4105 esse
3724 4050 3853 4103 dice-

2275 4112 2380 4191 bat,
2409 4130 2652 4191 numerus
2675 4118 2781 4187 ipse
2792 4121 3039 4191 senarius
3054 4134 3146 4185 pro
3169 4136 3303 4173 anno
3322 4121 3511 4188 positus
3536 4122 3848 4191 intelligitur.

2280 4182 2534 4260 Dixerunt
2561 4182 2703 4260 enim;
2726 4204 2743 4240 :
2780 4182 3137 4260 Quadraginta
3171 4197 3216 4242 et
3247 4182 3335 4243 seei
3373 4192 3521 4243 anuis
3547 4182 3853 4259 aedificatum

2274 4266 2349 4330 est
2378 4255 2625 4330 templum
2648 4256 2829 4330 (Joan.
2864 4260 2922 4327 ll)
2948 4301 2960 4325 ,
2994 4255 3041 4330 et
3072 4261 3380 4330 quadragies
3411 4263 3577 4315 sexies
3603 4255 3709 4317 seni
3736 4263 3855 4329 ﬁunt

2275 4328 2476 4379 ducenti
2505 4329 2829 4398 septuaginta
2857 4346 2961 4383 sex.
3001 4328 3102 4395 Qui
3130 4328 3372 4385 numerus
3408 4331 3610 4387 dierum
3645 4334 3854 4399 complet

2273 4412 2453 4450 novem
2482 4414 2674 4470 menses
2712 4409 2758 4451 et
2786 4416 2875 4453 sets
2899 4401 3029 4462 dies,
3060 4402 3148 4470 qui
3171 4409 3438 4470 tamquam
3467 4407 3639 4457 decent
3666 4418 3853 4458 menses

2274 4468 2586 4543 parientibus
2629 4470 2831 4537 feminis
2880 4468 3223 4542 imputantur.
3267 4468 3389 4526 Non
3423 4473 3541 4543 quia
3576 4492 3753 4529 omnes
3793 4474 3856 4527 ad

2274 4540 2633 4614 sextuntdiem
2660 4551 2773 4614 post
2808 4540 3002 4614 nonum
3028 4558 3250 4595 mensem
3278 4540 3593 4611 perveniunt,
3623 4547 3713 4599 sed
3740 4546 3852 4614 quia

2276 4610 2518 4680 perfectio
2547 4612 2776 4679 corporis
2815 4611 3020 4665 Domini
3044 4622 3114 4665 tot
3138 4614 3311 4667 diebus
3341 4614 3409 4666 ad
3446 4610 3652 4682 partum
3680 4610 3855 4684 perdu-

2277 4690 2359 4755 cta
2394 4684 2741 4755 _cotnperitur,
2774 4684 2905 4735 sicut
2934 4700 2965 4734 a
2996 4684 3277 4755 majoribus
3307 4686 3549 4739 traditum
3586 4688 3853 4754 suscipiens

2277 4748 2525 4824 Ecclesia:
2547 4754 2766 4804 custodit
2792 4748 3089 4808 auctoritas:
3119 4755 3308 4808 Octavo
3329 4758 3462 4809 enim
3484 4757 3686 4811 calend.
3712 4748 3852 4824 Apri-

2276 4820 2341 4872 lis
2379 4832 2648 4891 conceptus
2686 4824 2930 4895 creditur,
2965 4841 3064 4895 quo
3093 4835 3139 4878 et
3169 4842 3351 4894 passus
3383 4842 3401 4880 :
3431 4828 3504 4880 ita
3538 4820 3855 4882 monumento

2276 4906 2404 4967 novo
2428 4908 2527 4961 quo
2556 4900 2601 4944 et
2624 4894 2851 4964 sepultus
2879 4906 2974 4962 est,
2998 4896 3083 4949 ubi
3104 4898 3275 4950 nullus
3295 4907 3403 4951 erat
3428 4910 3742 4953 mortuorum
3770 4912 3855 4967 po-

2274 4963 2424 5027 situs,
2453 4979 2542 5015 nec
2563 4963 2687 5016 ante
2708 4982 2798 5039 nec
2818 4976 3009 5039 postea,
3035 4968 3269 5036 congruit
3290 4976 3461 5022 uterus
3492 4968 3738 5039 Virginis,
3763 4963 3855 5036 quo

2276 5044 2541 5103 conceptus
2557 5042 2629 5086 est
2642 5076 2654 5096 ,
2670 5035 2754 5089 ubi
2766 5036 2937 5089 nullus
2952 5035 3233 5091 seminatus
3251 5046 3322 5091 est
3349 5035 3663 5095 mortalium.
3692 5038 3743 5092 Ν
3748 5035 3853 5091 atus

2273 5114 2443 5177 autem
2470 5107 2689 5177 traditur
2710 5118 2887 5160 octavo
2917 5110 3119 5161 calend.
3149 5108 3457 5165 Ianuarias.
3508 5110 3584 5164 Ab
3628 5113 3718 5164 illo
3745 5125 3854 5177 ergo

2274 5175 2357 5227 die
2380 5192 2535 5250 usque
2557 5176 2623 5228 ad
2652 5178 2805 5250 istum
2832 5181 3113 5247 computati
3138 5180 3343 5233 ducenti
3365 5184 3688 5250 septuaginta
3713 5191 3755 5235 et
3776 5175 3857 5232 six

2272 5247 2598 5319 reperiuntur
2633 5249 2740 5301 dies
2762 5290 2777 5311 ,
2820 5250 2902 5317 qui
2933 5251 3193 5304 senarium
3245 5247 3510 5306 numerum
3547 5247 3854 5319 quadragies

2273 5318 2435 5370 sexies
2465 5318 2667 5371 habent.
2704 5318 2820 5385 Quo
2850 5335 3062 5375 numero
3088 5337 3341 5377 annorum
3366 5321 3607 5390 templum
3636 5318 3853 5388 (edi/ica—

2276 5395 2383 5462 t_um
2416 5404 2433 5442 :
2458 5390 2579 5459 quia
2617 5406 2677 5445 eo
2703 5406 2913 5445 numero
2943 5394 3263 5447 senariorum
3294 5409 3477 5458 corpus
3513 5391 3719 5447 Domini
3746 5407 3855 5462 per-

2276 5460 2467 5527 fectum
2493 5468 2587 5521 est,
2621 5461 2756 5527 quod
2782 5463 2958 5515 mortis
2986 5465 3222 5530 passione
3246 5467 3557 5519 destructum
3584 5460 3757 5518 triduo
3784 5478 3856 5514 re-

2273 5530 2563 5607 suscitauit.‘
2577 5530 2787 5586 Dicebat
2809 5534 2944 5607 enim
2963 5535 3057 5607 hoc
3074 5535 3136 5586 de
3156 5536 3344 5607 t_emplo
3363 5534 3587 5607 corporis
3609 5539 3711 5599 sui,
3733 5535 3857 5587 sicut

2273 5601 2648 5677 euidentissime
2687 5611 2733 5677 et
2771 5603 3425 5677 robustissinto_Evattgelii
3452 5601 3741 5660 iestimonio
3774 5608 3857 5659 de-

2274 5671 2522 5746 claratur,
2548 5688 2647 5746 quo
2668 5675 2741 5727 ait
2772 5689 2789 5725 :
2823 5675 2969 5729 Sicut
2997 5676 3093 5746 fuit
3118 5674 3282 5746 Janus
3305 5671 3363 5731 in
3390 5687 3555 5731 ventre
3580 5678 3678 5732 ceu
3710 5677 3861 5746 tribu.

2276 5742 2449 5801 diebus
2471 5745 2696 5805 sttribus
2718 5746 2972 5817 noctibus,
2997 5740 3069 5802 sic
3090 5750 3185 5803 erit
3210 5745 3383 5805 Filius
3405 5748 3622 5806 hominis
3646 5750 3700 5803 in
3717 5740 3860 5802 corde
3946 5794 3947 5803 χ
