4000 6186
574 154 680 215 263

1114 270 1344 330 CAPUT
1381 270 1617 329 XXVIII.

575 387 870 445 Graecorum
921 391 1024 444 sive
1073 388 1818 458 Orientalium‘episwporum
1867 390 2157 443 testimonia

646 463 995 533 producturus
1043 462 1206 533 primo
1246 459 1358 513 loco
1405 456 1477 512 D.
1509 456 1816 530 Gregorium
1864 458 2157 515 Nazianze-

642 530 765 587 num
789 530 939 600 affert
968 534 1020 585 in
1050 530 1294 585 medium.

641 643 747 701 Sed
780 643 917 698 forte
944 641 1065 712 quia
1098 641 1154 697 hi
1183 657 1319 712 quos
1345 642 1749 699 numeravimus
1771 643 1872 699 viri
1905 644 1956 698 in
1984 642 2157 699 diver-

568 739 646 797 sis
676 738 859 794 mundi
902 738 1143 809 partibus
1175 738 1423 805 fuerunt,
1474 739 1653 794 minus
1704 738 2014 809 probabiles
2055 739 2155 794 tibi

567 833 886 889 auctoritate
924 831 1229 888 videantur.
1279 831 1590 887 Ridiculum
1638 831 1689 886 id
1737 832 1986 901 quidem,
2027 832 2154 900 quia

565 924 687 980 loco
712 925 847 981 lides
874 940 984 980 non
1017 924 1375 989 imminuitur,
1407 931 1461 978 et
1492 923 1618 993 quid
1648 924 1719 978 sit
1751 924 1892 993 quis,
1927 937 2036 977 non
2060 923 2152 977 ubi

564 1021 664 1087 sit,
691 1019 1145 1076 coasidcrandum
1168 1059 1183 1084 ,
1217 1019 1519 1088 praesertim
1565 1034 1687 1073 cum
1730 1018 1923 1088 religio
1962 1030 2151 1071 omnes

564 1117 731 1180 uniat,
765 1123 820 1169 et
849 1114 903 1168 bi
932 1115 1024 1185 qui
1057 1115 1110 1168 in
1142 1113 1247 1167 ﬁde
1280 1115 1560 1179 unasunt,
1594 1112 1646 1166 in
1678 1128 1906 1181 corpore
1936 1127 2150 1182 quoque

562 1224 672 1263 uno
715 1222 837 1263 esse
883 1217 1203 1271 noscantur;
1251 1204 1347 1260 sed
1386 1213 1563 1260 tamen
1605 1204 1815 1273 aliquos
1863 1205 1981 1269 tibi,
2013 1219 2149 1274 quos

564 1315 670 1356 non
711 1299 1000 1367 desiiicias,
1048 1296 1208 1353 etiam
1256 1296 1325 1351 de
1370 1296 1738 1352 Orientalibus
1788 1296 2144 1365 proferemus.

564 1401 591 1431 ι
605 1392 897 1463 Gregorius
926 1389 1420 1460 splendidissimum
1450 1390 1696 1443 scientiae
1709 1404 1771 1444 ac
1785 1387 2047 1445 doctrina:
2064 1389 2148 1459 ju-

559 1486 679 1551 bar,
707 1486 798 1556 qui
834 1500 955 1540 cum
1002 1484 1130 1539 olim
1159 1484 1270 1553 jam
1301 1484 1411 1538 vita
1448 1483 1660 1538 functus
1691 1484 1777 1549 sit,
1812 1485 1973 1539 etiam
2004 1498 2147 1538 nunc

561 1585 741 1631 tamen
763 1577 1083 1631 auctoritate
1114 1591 1175 1631 ac
1203 1576 1306 1630 lide
1327 1575 1483 1642 vivit,
1517 1585 1713 1631 etcum
1742 1576 1871 1631 olim
1896 1576 2005 1645 jam
2026 1591 2146 1631 cor-

1897 151 2115 211 JOANN
2124 154 2181 212 IS
2218 152 2531 212 CASSI'ANI

2190 277 2242 336 Α
2267 285 2612 345 assumpserat
2645 273 2871 329 humana
2911 280 3097 327 natura
3119 311 3134 337 ,
3167 286 3328 325 unum
3358 286 3385 325 e
3413 270 3611 326 duobus
3639 270 3729 327 sibi
3752 271 3832 327 in-

3736 160 3832 218 204

2260 369 2418 423 vicem
2461 369 2734 422 contrariis
2775 369 3013 430 existens,
3063 381 3217 419 carne
3259 382 3319 418 ac
3354 366 3572 435 spiritu,
3623 366 3756 420 aliud
3780 368 3829 421 in

2259 458 2424 514 Deum
2452 460 2751 528 assumitur,
2781 458 2930 515 aliud
2956 459 3160 513 deitatis
3191 459 3359 529 gratia
3386 469 3615 528 prastat.
3654 460 3694 513 0
3715 477 3832 515 nova

2180 607 2195 622 ,
2258 562 2305 607 et
2335 552 2575 607 inaudita
2603 554 2914 625 permixtio!
2946 551 2991 606 0
3018 554 3148 605 mira
3169 561 3215 606 et
3242 553 3555 623 inerquisita
3577 554 3830 626 compago!

2262 644 2367 711 Qui
2397 655 2526 708 erat,
2558 646 2639 714 ﬁt,
2675 654 2720 699 et
2758 653 2959 699 creator
2984 653 3217 710 creatur;
3248 654 3294 697 et
3319 646 3411 715 qui
3436 646 3708 700 immensus
3741 656 3828 712 est,

2257 739 2461 807 capitur
2482 739 2741 792 mediante
2767 738 2960 805 anima,
2988 736 3092 790 Deo
3112 745 3159 791 et
3182 751 3357 800 carne;
3378 746 3427 789 et
3451 737 3539 791 ille
3559 740 3650 808 qui
3677 756 3832 795 omnes

2256 829 2435 882 divites
2464 830 2827 900 facit,pauper
2849 830 3079 899 e/jicitur.
3109 838 3129 866 ο
3155 827 3287 885 Item
3316 844 3502 884 rursus
3526 831 3833 901 deEpipIta-

2254 921 2496 976 nia:Sed
2524 923 2651 991 quid
2682 922 2781 991 fit?
2807 922 2933 992 quid
2960 921 3023 975 de
3053 920 3196 975 nobis
3219 922 3409 992 agitur,
3435 924 3512 975 vel
3542 939 3637 990 pro
3666 924 3837 978 nobis?

2254 1032 2383 1070 nova
2423 1018 2659 1087 qntedam
2688 1026 2736 1071 et
2762 1018 2999 1070 inaudita
3029 1016 3246 1086 efﬁcitur
3285 1018 3596 1085 permutatio
3634 1028 3834 1070 natura-

2252 1126 2401 1175 rum;
2430 1120 2475 1164 et
2505 1110 2641 1164 Deus
2672 1111 2823 1164 homo
2856 1111 2931 1180 ﬁt.
2972 1109 3103 1164 Item
3142 1109 3273 1171 illic,
3305 1118 3350 1162 et
3375 1107 3470 1162 Dei
3498 1107 3671 1162 Filius
3696 1112 3839 1180 coepit

2252 1219 2360 1258 esse
2386 1212 2431 1256 et
2466 1204 2606 1273 ﬁlius
2641 1203 2866 1257 hominis
2890 1220 2996 1256 non
3034 1218 3306 1257 conversus
3335 1218 3401 1255 ea:
3448 1218 3506 1256 eo
3548 1203 3683 1274 quod
3707 1214 3829 1271 erat,

2250 1295 2648 1351 inconvertibilis
2696 1312 2916 1367 namque
2966 1304 3066 1363 est,
3116 1296 3207 1350 sed
3251 1312 3515 1350 assumens
3558 1296 3691 1360 quod
3733 1314 3831 1352 non

2249 1401 2398 1457 erat;
2429 1392 2716 1445 misericors
2743 1391 2881 1444 enim
2911 1399 3006 1455 est,
3037 1398 3092 1443 ut
3128 1391 3244 1459 capi
3271 1391 3433 1461 possit
3468 1390 3554 1460 qui
3588 1391 3699 1461 capi
3733 1407 3831 1444 non

2250 1493 2469 1554 poterat.
2503 1482 2669 1537 Vides
2708 1496 2868 1552 quam
2921 1481 3184 1550 praeclare
3237 1490 3403 1552 atque
3450 1483 3723 1551 magnilice
3761 1482 3830 1537 ita

2250 1574 2587 1645 majestatem
2640 1573 2862 1628 deitatis
2913 1573 3199 1643 prmdicat,
3233 1581 3292 1627 ut
3341 1573 3704 1643 dignationem
3751 1576 3833 1629 in-

559 1684 693 1740 pure
719 1669 864 1724 absit
910 1670 981 1722 ab
1026 1669 1296 1734 ecclesiis,
1331 1677 1511 1723 tamen
1554 1684 1690 1724 voce
1738 1684 1802 1724 ac
1834 1668 2147 1735 magisterio
2175 1671 2225 1733 B
2250 1669 2579 1723 carnationis
2609 1667 2885 1722 insinuet?
2916 1666 3108 1722 Sciens
3134 1669 3319 1737 utique
3344 1667 3678 1724 admirabilis
3706 1668 3824 1725 ﬁdei

558 1777 666 1817 non
697 1761 919 1817 recedit.
944 1760 970 1799 δ
997 1761 1126 1815 Cum
1150 1777 1291 1831 ergo,
1318 1760 1492 1831 inquit
1520 1760 1789 1832 (Oratione
1812 1762 1865 1814 in
1897 1760 2143 1815 Natalem

561 1853 898 1926 Saluatoris),
930 1854 1257 1925 processisset
1293 1869 1358 1907 ea;
1386 1852 1601 1923 Virgine
1630 1853 1790 1921 Deus,
1822 1854 1875 1906 in
1906 1869 1963 1907 ea
1989 1871 2142 1923 quam

2250 1761 2465 1826 doctor,
2501 1777 2572 1817 ex
2606 1761 2688 1815 bis
2716 1760 2969 1816 omnibus
3011 1776 3131 1830 quas
3164 1761 3319 1816 nobis
3360 1763 3413 1817 in
3454 1762 3704 1817 mundum
3730 1778 3832 1818 ve-

2250 1855 2407 1910 niens
2429 1855 2575 1911 Deus
2604 1854 2811 1921 tribuit,
2838 1851 3223 1908 beneﬁciorum
3256 1867 3378 1908 esse
3406 1854 3695 1925 cumulum,
3725 1868 3834 1910 non

1625 2011 1884 2067 ALARDI
1924 2013 2153 2069 GAZIEI
2191 2010 2762 2069 COMMENTARIUS.

628 2147 654 2175 ι
693 2135 987 2204 Gregorius
1056 2148 1083 2186 a
1133 2132 1398 2188 Nazianzo
1454 2126 1738 2204 secunde
1785 2124 2141 2204 Cappadocia:

556 2209 754 2280 oppido
802 2196 1168 2280 Nazianzenus
1207 2204 1398 2280 _dictus
1445 2198 1758 2280 (_Martyrot.
1848 2196 2133 2280 Maii),_S.

556 2270 739 2336 Basilii
765 2277 1009 2347 aeqttalis,
1043 2286 1099 2330 ct
1126 2275 1345 2329 intimus
1375 2273 1588 2347 amicus
1605 2286 1665 2322 ac
1697 2270 1897 2334 socius,
1933 2271 2003 2325 ob
2029 2270 2142 2324 sin-

553 2356 796 2416 gularem
834 2342 1144 2402 divinarum
1183 2358 1366 2399 rerum
1395 2342 1741 2416 _doctrinarn,
1784 2352 2141 2416 cognomento

558 2412 814 2489 Tlteologi
869 2419 1133 2481 donatus,
1181 2414 1619 2489 qui_collapsam
1677 2412 2141 2489 Constantinopoli

555 2482 876 2545 catholicam
910 2490 1066 2543 tidem
1099 2482 1365 2546 restituit,
1415 2485 1758 2552 bmresesque
1798 2482 2139 2551 insurgentes

555 2559 908 2629 compressit,
939 2560 1007 2613 de
1047 2573 1153 2629 quo
1196 2556 1258 2610 D.
1294 2556 1653 2629 Hieronymus
1680 2563 1789 2629 tum
1816 2552 1944 2629 alibi
1969 2569 2136 2629 saepe,

556 2643 665 2687 tum
685 2622 751 2685 'in
772 2629 1029 2696 Catalogo
1063 2622 1077 2682 Ξ
1102 2628 1406 2697 Gregorius,
1441 2622 1629 2694 inquit,
1656 2625 1877 2697 primum
1907 2622 2140 2679 Sasimo-

553 2720 690 2766 rum,
724 2702 907 2755 deinde
932 2695 1293 2754 Nazianzenus
1338 2698 1632 2766 cpismpus,
1670 2695 1745 2748 vir
1786 2696 2142 2766 eloquentissi-

552 2765 687 2835 mus,
717 2782 999 2841 praeceptor
1030 2789 1190 2835 meus,
1217 2787 1247 2822 a
1270 2765 1376 2837 qro
1395 2767 1695 2841 Scripturas
1722 2765 2031 2833 explanante
2062 2769 2140 2819 di-

553 2846 676 2909 dici,
702 2838 769 2897 ad
792 2845 1005 2915 triginta
1036 2841 1463 2915 millia_ver_sttum
1492 2838 1663 2890 omnia
1690 2854 1845 2915 Opera
1874 2854 1967 2890 sua
1996 2854 2139 2915 cont-

554 2916 748 2986 posuit.
782 2908 907 2968 nec
935 2922 1011 2986 _et
1058 2912 1159 2966 alia
1191 2912 1254 2965 D.
1291 2910 1655 2986 Hieronymus
1688 2926 1699 2959 :
1733 2909 1822 2977 qui
1871 2908 2013 2986 quod
2064 2910 2141 2986 ait

553 2980 874 3055 Gregorium
904 2980 1863 3055 Nazianzenutnluisseepisctlpum,
1897 2982 1975 3033 sic
1998 2980 2142 3055 accij

553 3049 803 3126 piendum
830 3057 986 3112 docet
1013 3056 1274 3109 Baronius
1297 3052 1467 3126 (Tom.
1483 3051 1559 3126 _IV
1586 3067 1674 3103 an.
1697 3049 1847 3126 511),
1867 3050 2140 3126 nonquod

554 3120 845 3198 aliquando
872 3128 1153 3181 ordinatus
1202 3120 1363 3179 luerit
1408 3124 1696 3198 episcopus
1728 3120 2011 3198 _Naztanzi,
2044 3122 2139 3198 sed

554 3191 697 3267 quod
725 3199 840 3269 ejus
873 3198 1132 3269 Ecclesia:
1161 3210 1347 3269 curam
1378 3192 2038 3269 adtuinistralienemque,
2064 3191 2141 3269 γῇ-

549 3264 711 3325 vente
733 3264 789 3324 et
808 3279 1030 3338 rogante
1046 3268 1207 3322 Patre
1220 3266 1480 3338 Gregorio
1499 3265 1714 3319 seniore
1735 3264 1973 3338 ejusdem
1996 3264 2141 3338 sedis

552 3342 809 3409 episcopo
838 3336 1170 3409 susceperit,
1196 3347 1255 3409 et
1285 3340 1359 3409 ad
1384 3337 1549 3409 breve
1581 3346 1793 3409 tempus
1821 3342 1881 3388 ut
1908 3336 2140 3409 vicarius

557 3404 612 3464 et
655 3404 938 3476 coa'djutor
982 3404 1037 3462 in
1076 3406 1447 3474 spiritualibus
1488 3404 1855 3476 {unctionibus
1886 3405 2136 3473 gesserit,

556 3475 809 3533 videlicet
839 3493 1010 3546 usque
1043 3478 1111 3529 ad
1140 3477 1345 3529 obitum
1380 3478 1581 3546 patris;
1613 3490 1715 3546 qua
1745 3475 1813 3546 tle
1858 3490 1916 3527 re
1943 3484 2141 3546 exstat

556 3550 726 3617 ipsius
770 3544 945 3601 oratio
990 3559 1175 3601 coram
1224 3554 1377 3617 patre
1427 3545 1636 3617 publice
1675 3544 1855 3597 habita
1888 3544 2140 3617 (οναιηὸ

556 3613 680 3672 edit.
711 3618 960 3688 Billian.)
981 3632 996 3683 ;
1016 3630 1131 3688 Anec
1165 3629 1272 3669 non
1315 3613 1556 3688 ejusdem
1587 3629 1842 3688 expressa
1869 3613 2141 3688 a’ttestatio

554 3688 609 3759 in
640 3688 869 3759 epistola
905 3684 969 3743 ad
999 3686 1321 3757 Gregorium
1352 3684 1653 3759 Nysseunnt
1684 3686 1737 3740 in
1778 3686 1891 3759 haec
1925 3687 2087 3759 verba
2126 3704 2139 3741 :

555 3756 704 3814 Inter
718 3776 889 3814 omnes
916 3760 1050 3814 enint
1080 3756 1299 3823 canstat,
1326 3772 1407 3809 me
1433 3773 1533 3809 non
1564 3756 1841 3823 Nazianzi,
1869 3758 1957 3810 sed
1988 3757 2140 3811 Sasi-

555 3848 754 3885 morum
799 3833 1077 3887 antistitem
1106 3841 1332 3884 creatum
1363 3829 1556 3898 fuisse;
1583 3832 1782 3882 tametsi
1815 3828 1975 3894 patris
2003 3844 2138 3880 reve«

555 3907 740 3969 rentia,
775 3912 820 3957 et
846 3918 1023 3957 eorum
1051 3902 1138 3972 qui
1167 3900 1428 3971 supplices
1457 3898 1553 3951 hoc
1582 3917 1617 3972 ag
1643 3916 1722 3972 me
1747 3898 2136 3964 contenderunt,

551 3975 620 4026 ad
642 3976 786 4028 breve
816 3983 1012 4041 tempus
1050 3969 1431 4041 pra’fecturam,
1451 3970 1619 4041 _quasi
1657 3969 1900 4036 hospites,
1934 3984 2142 4036 accepe-

551 4044 734 4099 rimus.
800 4039 929 4098 litec
975 4039 1168 4095 obiter'
1211 4040 1385 4107 quoad
1447 4039 1756 4108 Hieronymi
1814 4042 2139 4093 sententiam

552 4114 696 4169 dicta
727 4115 835 4167 sint
864 4110 1220 4183 (Epiststi'Z).
1252 4108 1480 4183 Ruﬁnus
1507 4111 1866 4183 Aquileiensis
1901 4126 1911 4161 :
1948 4108 2141 4181 Ct't’go-

551 4186 657 4254 rius
677 4186 753 4237 vir
773 4179 1058 4254 peremnia
1083 4179 1518 4254 incomparabilis,
1545 4181 1633 4254 qui
1648 4179 1806 4254 verbo
1832 4189 1877 4254 et
1901 4179 2138 4254 opgribus

552 4253 744 4319 clarus,
774 4248 1452 4321 splendidissimumlumen
1482 4248 1705 4321 scientia:
1741 4249 1930 4305 Christi
1961 4248 2141 4304 Eccle-

550 4324 642 4376 siis
686 4324 919 4392 praebuit,
970 4322 1094 4374 dum
1141 4338 1199 4374 ea
1242 4320 1415 4392 docuit
1458 4337 1572 4391 qua’
1616 4320 1767 4389 fecit;
1798 4338 1886 4376 nec
1916 4322 2137 4387 seipsum

553 4391 908 4447 condemnavit
928 4392 1126 4459 agendo
1147 4391 1425 4458 contraria,
1445 4408 1598 4462 quam
1621 4394 1850 4446 docebat.
1869 4393 1935 4447 Et
1960 4394 2139 4447 multis

553 4464 849 4534 intetjectis
879 4482 892 4516 τ
925 4463 1097 4535 Hujus
1141 4478 1301 4535 neque
1344 4463 1449 4535 vita
1475 4462 1695 4535 aliquid
1729 4463 2042 4531 probabilius
2090 4474 2140 4517 et

550 4532 795 4601 sanctius,
847 4532 1017 4606 neque
1039 4534 1324 4604 eloquentia
1353 4532 1545 4606 clarius
1571 4542 1620 4588 et
1656 4534 1933 4598 illustrius,
1980 4550 2140 4605 neque

551 4606 655 4673 ﬁde
683 4609 863 4676 purius
891 4605 936 4661 et
964 4607 1178 4669 rectius,
1219 4620 1375 4676 neque
1416 4605 1631 4658 scientia
1666 4607 1867 4676 plenius
1895 4615 1941 4659 et
1972 4607 2139 4674 perfe-

553 4680 685 4749 ctius
710 4680 923 4733 inveniri
941 4686 1121 4749 potest,
1146 4675 1398 4749 quisolus
1424 4678 1487 4749 sit
1514 4677 1577 4749 de
1600 4675 1747 4746 cujus
1773 4677 1876 4745 [ide
1901 4693 1964 4730 ne
1984 4676 2134 4749 dissi-

2246 2130 2325 2183 Αη
2366 2130 2455 2183 tibi
2504 2145 2663 2197 parva
2708 2128 2760 2181 in
2800 2142 2902 2180 uno
2927 2125 3176 2195 Gregorio
3217 2126 3569 2197 episcoporum
3600 2126 3843 2184 Orienta.

2246 2201 2375 2255 lium
2405 2201 2598 2253 videtur
2634 2199 2958 2253 auctoritas?
2990 2198 3079 2251 Est
3119 2197 3320 2258 quidem
3350 2206 3487 2251 tanta
3518 2214 3757 2266 persona,
3783 2215 3839 2256 ut

2246 2288 2407 2340 neque
2436 2271 2525 2324 ille
2554 2272 2669 2335 hoc,
2712 2270 2813 2323 nisi
2852 2285 2916 2322 ea:
2942 2269 3047 2338 ﬁde
3076 2267 3373 2323 Christiana
3404 2270 3610 2336 diceret,
3642 2288 3729 2324 nec
3757 2274 3839 2329 illi

2246 2358 2359 2396 eum
2404 2354 2506 2395 tam
2544 2342 2744 2394 clarum
2775 2340 3020 2394 haberent
3057 2350 3210 2407 atque
3248 2344 3608 2405 venerandum,
3643 2352 3695 2394 ut
3726 2343 3837 2399 hare

2243 2412 2425 2467 abillo
2473 2414 2633 2476 dicta,
2683 2428 2746 2465 ea:
2791 2411 2975 2482 regula
3017 2410 3297 2483 notissima:
3330 2412 3556 2483 ueritatis
3589 2429 3835 2483 agnosce-

2244 2494 2376 2537 rent.
2420 2483 2710 2552 Gregorins
2750 2479 3038 2552 presbyter
3070 2483 3120 2535 in
3157 2479 3273 2535 Vita
3314 2482 3557 2550 ejusdem
3590 2479 3833 2552 Gregorii

2242 2556 2482 2624 episcopi
2515 2574 2526 2607 :
2558 2553 2870 2626 Dogmatum
2916 2553 3230 2626 sublimitate
3274 2554 3635 2626 ac_theologia
3679 2572 3835 2625 usque

2243 2627 2373 2679 adeo
2421 2624 2726 2689 excellebat,
2780 2634 2837 2677 ut
2883 2625 3114 2692 quamvis
3162 2624 3400 2693 permulti
3442 2624 3563 2678 viri
3593 2624 3837 2682 doctrina:

2243 2698 2397 2751 laude
2422 2698 2638 2752 celebres
2668 2696 2825 2749 variis
2847 2694 3051 2749 suculis
3080 2694 3379 2765 theologij
3406 2697 3479 2765 rei
3509 2713 3709 2760 operam
3740 2700 3836 2752 de-

2242 2769 2432 2830 derint,
2482 2770 2563 2821 hic
2612 2779 2775 2820 tamen
2815 2769 2954 2819 solus
2998 2774 3113 2837 post
3152 2764 3408 2818 Joannem
3458 2764 3835 2836 Evangelistam

2246 2837 2490 2910 Theologi
2522 2840 2726 2892 nomine
2752 2839 3026 2909 insignitus
3056 2838 3140 2910 sit.
3162 2838 3429 2910 atque/too
3449 2850 3838 2910 cegnomentum

2242 2909 2344 2973 ipsi
2375 2912 2511 2962 velut
2542 2911 2808 2977 praprium
2846 2908 2895 2961 et
2924 2909 3184 2979 peculiare
3208 2908 3529 2962 attributum.
3566 2910 3837 2965 Enimvero

2244 2981 2675 3048 quemadmodum
2702 2981 2829 3033 alias
2858 2995 3034 3034 omnes
3063 2980 3239 3033 laudes
3269 2990 3420 3049 atque
3440 2980 3649 3033 virtutes
3674 2984 3839 3036 animi

2245 3053 2515 3121 complexu
2555 3051 2777 3120 tenebat,
2801 3052 2895 3122 ita
2918 3066 3011 3122 ne,
3035 3067 3065 3103 a
3096 3050 3375 3122 prophetia:
3419 3051 3619 3122 quidem
3664 3054 3841 3121 gratia

2246 3119 2589 3175 deserebatur.
2641 3122 2731 3176 Sic
2780 3121 2889 3176 ille.
2917 3120 3050 3175 Vide
3097 3119 3247 3190 plura
3298 3122 3464 3187 elogia
3508 3119 3562 3174 in
3612 3119 3838 3178 Iaudem

2246 3192 2488 3264 Gregorii
2518 3192 2837 3247 Nazianzeni
2870 3207 2902 3245 a
2929 3189 3131 3247 Iacobo
3159 3189 3315 3264 Billio
3346 3190 3605 3260 collecta,
3640 3203 3697 3248 et
3729 3209 3836 3249 an-

2246 3274 2427 3319 notata
2460 3265 2515 3318 iu
2549 3279 2777 3334 operum
2806 3265 2923 3333 ejus
2952 3263 3306 3331 prmambulo.

2318 3335 2344 3372 ι)
2384 3336 2508 3390 Haec
2533 3336 2720 3390 eadem
2752 3337 2912 3389 verba
2954 3348 3020 3388 ex
3049 3334 3385 3388 Nazianzeno
3414 3335 3544 3389 citat
3574 3335 3682 3389 Leo
3713 3337 3841 3392 Ma-

2246 3420 2383 3473 gnus
2428 3405 2671 3474 pontifex
2724 3407 2775 3459 in
2818 3405 3043 3474 epistola
3078 3405 3145 3460 97
3194 3403 3361 3475 (Cap.
3386 3405 3456 3475 9)
3490 3406 3553 3459 ad
3588 3406 3833 3463 Leonem

2246 3478 2548 3548 Augustum
2581 3478 2844 3531 adversus
2877 3475 3112 3530 Nestorii
3142 3486 3198 3530 et
3230 3476 3545 3546 Etttychetis
3577 3479 3836 3548 blasphe-

2246 3549 2403 3612 mias,
2429 3546 2567 3602 hanc
2583 3549 2825 3602 eamdem
2854 3562 2973 3602 cum
2989 3547 3246 3602 Cassiano
3260 3549 3568 3602 versionem
3584 3546 3835 3606 secutus.

2246 3616 2343 3670 Est
2388 3630 2565 3673 autem
2616 3619 2731 3673 haec
2780 3620 2953 3673 oratio
2994 3620 3266 3687 trigesima
3313 3630 3500 3672 octava
3545 3621 3597 3672 in
3642 3618 3844 3676 Christi

2245 3690 2563 3743 nativitatem
2620 3689 2877 3757 inscripta
2930 3691 3225 3743 secundum
3291 3690 3580 3743 editionem
3646 3692 3841 3748 Jacobi

2248 3758 2407 3825 Billii,
2434 3763 2521 3828 qui
2551 3762 2663 3813 haec
2694 3762 2881 3815 eadem
2915 3763 3072 3829 patilo
3094 3760 3254 3814 aliter
3278 3762 3440 3814 vertit
3473 3762 3611 3815 hunc
3637 3762 3688 3816 in
3719 3779 3845 3818 mo-

2244 3831 2371 3883 dum
2406 3849 2417 3884 :
2456 3831 2765 3897 Progressus
2796 3845 2969 3885 autem
3004 3831 3138 3885 Deus
3167 3848 3282 3884 cum
3312 3833 3647 3897 humanitate,
3672 3851 3845 3889 unum

2243 3917 2305 3952 ex
2332 3901 2528 3953 duobus
2549 3904 2678 3974 inter
2701 3918 2755 3955 se
2779 3904 3070 3968 contrariis,
3102 3918 3253 3974 carne
3280 3903 3521 3974 nimirum
3552 3916 3596 3956 et
3622 3907 3844 3974 spiritu,

2242 3987 2458 4043 quorum
2504 3973 2720 4025 alterum
2770 3974 3062 4040 dei/ienuit,
3116 3973 3333 4025 alterum
3387 3973 3683 4043 dei/icatunt
3735 3986 3845 4034 est.

2248 4041 2290 4113 ρ
2321 4058 2502 4095 nouam
2548 4044 2877 4098 mixtionem!
2922 4060 2951 4096 ο
2987 4044 3349 4097 admirandam
3379 4041 3848 4113 tent'perutionem!

2248 4111 2347 4177 Qui
2370 4122 2460 4175 est,
2492 4113 2573 4180 ﬁt;
2599 4116 2689 4184 qui
2717 4126 2916 4168 creatus
2942 4131 3045 4168 non
3075 4124 3169 4179 est,
3188 4124 3413 4179 creatur;
3441 4117 3528 4183 qui
3556 4118 3703 4170 nullo
3721 4111 3848 4173 loco

2242 4184 2492 4257 contineri
2534 4194 2719 4255 potest,
2754 4202 2844 4257 per
2885 4188 3215 4240 interventum
3257 4187 3446 4239 anima:
3468 4187 3847 4244 intellectualis

2242 4255 2371 4331 inter
2400 4255 2809 4331 ditvinitatemget
2852 4257 3020 4309 carnis
3063 4257 3343 4331 crassitiem
3385 4258 3709 4322 continetur;
3750 4264 3849 4331 qui

2242 4322 2519 4398 locupletes
2544 4329 2674 4380 alios
2696 4327 2843 4393 ditat,
2876 4336 3180 4397 paupertate
3205 4327 3445 4398 afﬁcitur.
3474 4339 3579 4383 etc.

2327 4406 2355 4467 εν
2411 4396 2509 4450 Est
2557 4398 2727 4452 oratio
2776 4396 3049 4467 trigesima
3100 4396 3257 4453 nona"
3283 4398 3523 4464 ejusdem
3575 4399 3849 4458 editionis

2242 4465 2505 4541 [_iillinnxe,
2537 4465 2892 4535 praecedentis
2920 4469 3183 4541 orationis
3207 4484 3389 4523 comes
3417 4479 3471 4523 et
3495 4483 3755 4541 cognata,
3786 4487 3849 4533 et

2242 4535 2309 4590 In
2332 4549 2507 4591 sancta
2537 4541 2752 4606 lumina,
2787 4540 2902 4595 sive
2934 4541 3000 4593 In
3032 4540 3217 4609 festum
3242 4549 3531 4593 sanctorum
3564 4535 3847 4598 luminum

2243 4608 2528 4681 inscripta;
2560 4611 2648 4664 ubi
2677 4610 2743 4664 de
2772 4608 3041 4680 baptismo
3070 4612 3270 4665 Christi
3311 4612 3506 4680 agitur.
3539 4616 3628 4681 qui
3661 4616 3844 4670 etiam

2240 4679 2547 4753 a_Patribus
2573 4679 2860 4753 illustratio
2889 4681 3215 4753 appellatur,
3246 4691 3299 4736 et
3333 4679 3446 4751 ipso
3474 4679 3849 4753 die—Epipha-

551 4747 725 4822 dentes
753 4746 957 4817 quidem
986 4752 1113 4822 inter
1135 4762 1187 4799 se
1227 4746 1246 4816 (
1261 4757 1317 4822 _ut_
1343 4746 1457 4822 fieri
1480 4746 1650 4822 soletjg
1683 4758 1853 4822 partes
1889 4757 1935 4822 et
1962 4748 2133 4800 studia
2160 4751 2214 4811 D
2238 4750 2341 4822 nite
2376 4760 2481 4822 tam
2514 4751 2654 4820 apud
2687 4752 2904 4807 Graecos
2924 4746 3090 4822 quam
3118 4746 3335 4807 Latinos
3350 4746 3847 4820 'celeltratu'rfnon

552 4816 811 4888 d_t'3putare
858 4820 1139 4888 potuerint;
1182 4816 1270 4870 sed
1302 4818 1353 4870 id
1394 4816 1849 4888 robtinuerit'apud
1883 4818 2046 4871 Deum
2086 4828 2133 4871 et

552 4884 807 4959 Ecclesias
840 4884 935 4943 Dei
983 4889 1173 4953 meriti,
1217 4896 1270 4940 ut
1312 4887 1612 4957 quicumque
1651 4884 1805 4942 ausus
1843 4891 1994 4959 fuerit
2038 4889 2133 4942 do-

550 4958 727 5011 ctrinae
754 4964 868 5030 ejus
910 4962 963 5013 in
993 4962 1166 5029 aliquo
1197 4959 1565 5030 reft'agari,_e:s
1599 4960 1694 5011 hoc
1722 4958 1849 5029 ipso
1875 4961 1995 5028 quia
2026 4962 2134 5029 ipse

549 5031 712 5098 magis
738 5028 802 5083 sit
832 5028 1120 5096 Iuereticus,
1145 5038 1410 5098 arguatur.
1446 5028 1778 5099 Manifestum
1809 5028 2129 5099 namquein-

545 5099 739 5153 dictum
766 5109 861 5156 est.
895 5117 993 5152 non
1015 5116 1121 5153 esse
1147 5112 1294 5154 recta:
1313 5100 1436 5168 fidei
1466 5116 1664 5153 omnem
1690 5102 1777 5170 qui
1805 5100 1859 5152 in
1882 5101 1983 5167 ﬁde
2009 5098 2130 5153 Gre-

541 5174 689 5240 gorio
738 5189 842 5225 non
890 5172 1181 5224 concordat.
1236 5171 1298 5223 D.
1351 5171 1680 5240 Augustinus
1735 5171 1829 5224 lib.
1878 5185 1893 5222 ι
1938 5182 2125 5225 contra

540 5242 815 5299 lulianum
852 5244 1219 5309 Pelagianam,
1267 5252 1389 5311 post
1435 5243 1626 5296 citatos
1656 5240 1965 5297 Occidentis
2009 5242 2125 5311 epi-

536 5324 752 5383 Fcopos,
792 5316 874 5371 sic
906 5316 973 5369 de
1001 5312 1261 5382 Gregorio
1302 5312 1661 5383 Nazianzeno,
1693 5329 1853 5383 queat
1886 5316 2120 5382 primum

536 5380 679 5438 inter
705 5386 943 5441 Orientis
985 5380 1289 5453 episcopos,
1340 5386 1479 5437 sicut
1523 5380 1813 5439 Cassianus
1844 5380 1943 5438 hoc
1980 5385 2118 5450 loco,

532 5456 778 5510 nominat
813 5475 828 5512 :
860 5458 965 5512 Sed
996 5473 1093 5507 non
1127 5457 1216 5507 tibi
1244 5456 1403 5507 deerit
1432 5459 1604 5525 magni
1635 5456 1859 5509 nominis
1888 5465 1935 5509 et
1979 5456 2120 5523 fama

530 5526 858 5580 celeberrima
901 5528 1119 5580 illustris
1170 5531 1453 5596 episwpus,
1504 5529 1567 5579 de
1611 5528 1840 5598 partibus
1872 5527 2117 5598 Orientis,

529 5599 683 5669 ςμῙιιδ
712 5602 913 5669 eloquia
936 5598 1155 5669 ingentis
1184 5599 1364 5649 merito
1391 5599 1588 5667 gratia;
1612 5596 1775 5651 etiam
1801 5600 1851 5651 in
1882 5596 2118 5669 Latinum

528 5660 760 5736 linguam
804 5660 1052 5720 iratislaia
1098 5660 1455 5734 usquequaque
1494 5660 1807 5722 claruerunt.
1844 5666 2118 5724 Etinlra:

2238 4819 2304 4874 de
2330 4819 2701 4895 purjlicatione
2718 4839 2811 4879 seu
2838 4819 3256 4893 praesentatione
3279 4824 3488 4879 Domini
3521 4826 3570 4879 in
3596 4831 3845 4895 templo,

2234 4907 2353 4961 qua:
2404 4892 2605 4965 Graecis
2654 4892 2914 4951 ὐποπαὺτί
2970 4895 3188 4961 dicitur,
3238 4905 3296 4948 ut
3343 4896 3561 4964 quidam
3614 4892 3851 4965 opinati

2234 4972 2378 5036 sunt.
2405 4964 2495 5036 _Sic
2516 4975 2692 5036 autem
2717 4965 2945 5020 Billiana
2970 4964 3171 5031 versio,
3204 4974 3259 5019 et
3289 4966 3456 5020 editio
3486 4964 3787 5036 hujusloci
3830 4990 3845 5025 :

2239 5032 2375 5108 Quid
2401 5034 2564 5108 igitur
2580 5035 2676 5108 fit?
2705 5052 2955 5106 quamque
2976 5038 3380 5108 magnum_circa
3408 5053 3500 5091 nos
3521 5032 3849 5108 mysterium

2232 5106 2569 5179 designatur?
2599 5104 2919 5179 Innbvantur
2954 5104 3443 5179 naturw,qDeusque
3481 5104 3632 5161 homo
3662 5111 3809 5179 eﬂici
3831 5145 3849 5153 -

2235 5184 2347 5250 ιξιν,Δ
2371 5188 2429 5250 et
2451 5178 2535 5244 qui
2577 5192 2732 5245 super
2767 5177 2954 5250 calum
2987 5178 3100 5231 cmli
3127 5177 3195 5230 ad
3223 5178 3403 5250 gloria:
3430 5194 3538 5233 suae
3564 5188 3610 5232 et
3643 5177 3852 5250 ψηψ-

2233 5244 2371 5297 doris
2392 5244 2650 5300 Orientem
2667 5249 2919 5313 ascendit,
2941 5249 2994 5300 in
3008 5244 3284 5302 vilitatis'et
3302 5250 3605 5304 humilitatis
3633 5244 3850 5305 nostra

2230 5331 2414 5370 occasu
2440 5318 2745 5382 celebratur;
2774 5316 2969 5387 Deique
2999 5316 3193 5379 Filius,
3215 5318 3433 5372 hontinis
3460 5336 3659 5390 quoque
3680 5323 3850 5389 ﬁlia:

2230 5395 2274 5437 et
2302 5403 2407 5442 esse
2425 5398 2483 5464 _et
2509 5390 2943 5464 vocori_su_stin_et;
2973 5406 3074 5443 non
3100 5392 3239 5464 quod
3269 5398 3376 5464 erat
3406 5390 3686 5445 immutans
3712 5394 3851 5464 (ue-

2228 5472 2325 5535 que
2354 5460 2487 5535 enim
2518 5462 2814 5535 mutatio‘in
2846 5459 3011 5513 Deum
3038 5459 3230 5527 cadit),
3276 5460 3392 5526 sed,
3432 5476 3524 5527 pro
3562 5477 3659 5515 suo
3702 5459 3852 5535 erga

2229 5531 2456 5585 homines
2479 5547 2674 5596 amore,
2701 5531 2757 5602 id
2779 5535 2916 5602 quod
2941 5548 3040 5584 non
3067 5539 3175 5589 erat
3205 5546 3486 5591 assumens,
3522 5540 3575 5584 ut
3606 5536 3698 5601 qui
3736 5531 3848 5591 ira.

2228 5608 2347 5675 tura
2369 5618 2462 5675 sua
2484 5600 2844 5673 comprehendi
2870 5617 2970 5655 non
3000 5609 3183 5669 potest,
3206 5600 3855 5675 comprehendaturﬁtc.

2232 5670 2363 5727 Vide
2387 5673 2585 5728 Niceta:
2598 5670 3082 5731 commentarium.
