4000 6186
1341 187 1432 245 DE
1469 185 1979 246 INCARNATIONE
2016 187 2251 245 DOMINI
2287 189 2419 249 LIB.
2460 191 2572 249 VII.

3479 196 3584 258 270

271 306 643 372 "antistitum,
699 312 757 360 tu
804 303 1194 361 condemnator
1233 309 1478 357 veterum
1526 301 1894 367 sacerdotum,
1924 305 1972 362 Α
2002 301 2118 353 ritis
2157 299 2384 371 (Coloss,
2417 304 2517 372 ιι).
2550 300 2873 359 Mementote
2917 304 3304 376 magistrorum
3337 317 3586 366 veterum

309 411 364 456 tu
397 399 666 469 Gregorio
693 397 1075 464 excellentior,
1117 405 1176 452 tu
1211 394 1466 451 Nectario
1511 395 1808 465 probatior,
1842 405 1896 450 tu

314 494 514 550 Joanne
539 491 886 560 praestantior
915 490 1274 560 omnibusque
1302 488 1656 544 Orientalium
1684 489 1895 543 urbium

318 583 702 648 sacerdotibus,
733 582 826 652 qui
857 582 959 636 etsi
993 596 1098 635 non
1126 580 1368 650 ejusdem
1400 580 1633 634 nominis
1659 579 1811 648 cujus
1843 579 1896 635 bi

320 691 446 748 quos
475 676 774 743 nominavi,
809 676 929 742 ejus
965 685 1142 730 tamen
1173 674 1293 738 Γιλιιεὶ
1320 673 1576 732 fuerunt?
1601 674 1751 746 Quod
1774 674 1896 744 qul-

320 770 453 832 dem,
486 777 749 837 quantum
801 767 869 822 ad
916 770 1056 820 hanc
1098 781 1317 820 causam
1366 768 1618 833 pertinet,
1672 765 1893 833 sufﬁcit,

316 863 425 934 quia
457 877 584 916 cum
617 861 688 916 de
720 859 825 915 ﬁde
853 860 1050 930 agitur,
1069 873 1255 914 omnes
1272 859 1325 914 in
1350 873 1414 914 eo
1432 859 1572 913 idem
1604 863 1727 940 sunt
1752 858 1897 940 quod

310 955 515 1024 Optimi,
547 954 601 1008 in
627 969 734 1022 quo
761 962 1042 1007 consortes
1070 961 1195 1007 sunt
1223 953 1570 1020 optimorum.
1699 939 1707 954 “
1769 939 1800 952 ⁷³

882 1107 1107 1166 CAPUT
1144 1107 1337 1163 XXXI.

312 1221 555 1288 Deplorat
604 1218 1190 1292 Constantinopolitanae
1237 1221 1377 1274 urbis
1417 1237 1592 1275 casum
1638 1223 1893 1291 infelicent

379 1303 587 1361 propter
609 1303 874 1365 acceptam
903 1293 964 1365 ab
993 1294 1090 1347 isto
1118 1293 1353 1345 hmretico
1383 1294 1613 1365 cladem;
1641 1295 1894 1365 simulque

378 1359 611 1416 hortatur
636 1363 771 1415 cives
818 1370 875 1414 ut
906 1359 957 1415 in
986 1365 1192 1433 antiqua
1220 1364 1473 1417 catholica
1503 1373 1548 1418 et
1589 1367 1725 1418 avita
1771 1359 1893 1420 reli-

371 1435 524 1505 gione
557 1442 899 1502 perseverent.

370 1568 526 1626 Unde
573 1582 674 1638 ego
723 1583 937 1638 quoque
986 1567 1101 1638 ipse
1147 1568 1370 1626 humilis
1419 1579 1579 1642 atque
1630 1572 1892 1628 obscurus

1999 391 2452 461 sacerdotumque
2474 402 2773 447 vestrorum
2810 411 2823 448 :
2854 393 3101 464 Gregorii
3135 397 3330 450 nobilis
3375 414 3468 467 per
3496 415 3586 455 or-

2001 481 2120 536 bem
2143 522 2160 548 ,
2191 482 2422 538 Nectarii
2466 484 2818 539 sanctimonia
2847 486 3094 555 insignis,
3124 473 3343 542 Joannis
3376 490 3478 545 fide
3522 505 3586 547 ac

2001 573 2230 642 puritate
2274 575 2556 629 mirabilis.
2588 577 2833 645 Joannis,
2890 579 3391 648 inquam,Joannis
3442 581 3586 636 illius

1998 667 2087 735 qui
2137 682 2264 722 vere
2306 667 2373 722 ad
2423 667 2827 740 similitudinem
2865 668 3090 724 Joannis
3129 672 3499 741 evangelistie,
3529 680 3584 727 et

1999 757 2295 826 discipulus
2323 757 2451 812 Jesu
2485 766 2539 811 et
2561 759 2866 827 apostolus,
2891 762 3042 828 quasi
3073 775 3233 829 super
3261 773 3446 830 pectus
3475 764 3583 818 Do-

2000 849 2126 902 mini
2158 863 2390 917 semper,
2433 849 2794 918 ali'ectumque
2823 853 3116 908 discubuit.
3144 852 3310 917 Illius,
3346 837 3603 926 inquam,

1999 950 2348 1010 mementme,
2385 940 2534 998 illum
2567 941 2892 1010 sequimini;
2926 943 3067 998 illius
3098 946 3399 1014 puritatem,
3440 948 3583 1002 illius

1997 1031 2180 1100 (idem,
2222 1031 2366 1098 illius
2414 1032 2715 1110 doctrinam
2768 1048 2830 1110 ac
2879 1036 3286 1090 sanctimoniam
3326 1039 3580 1107 cogitate.
3617 1043 3619 1046 ‘

1997 1120 2146 1176 Illius
2174 1131 2500 1176 mementote
2529 1137 2747 1191 semper
2776 1122 3015 1178 doctoris
3043 1127 3204 1180 vestri
3251 1142 3313 1182 ac
3353 1129 3583 1183 nutrito-
3639 1179 3642 1184 ,

1995 1212 2091 1279 ris,
2128 1215 2178 1268 in
2202 1213 2355 1281 cujus
2381 1215 2537 1284 quasi
2566 1213 2775 1284 gremio
2799 1215 3194 1283 quodammodo
3224 1222 3583 1290 amplexuque

1995 1307 2262 1374 crevistis.
2287 1307 2386 1374 Qui
2420 1307 2724 1362 communis
2753 1306 2883 1364 mihi
2904 1323 2968 1372 ac
2983 1310 3135 1366 vobis
3166 1313 3420 1380 magister
3449 1315 3581 1380 fuit;

1993 1396 2150 1466 cujus
2183 1397 2436 1466 discipuli
2483 1410 2644 1468 atque
2673 1398 2940 1454 institutio
2970 1415 3174 1456 sumus.
3209 1401 3357 1458 Illius
3377 1406 3584 1477 scripta

1996 1489 2187 1559 legite;
2221 1491 2360 1544 illius
2412 1491 2848 1546 informationem
2899 1503 3106 1560 tenete;
3156 1496 3298 1552 illius
3332 1499 3584 1556 lidemac

1997 1587 2247 1640 meritum
2278 1585 2683 1655 amplexamini.
2713 1585 2864 1652 Quod
2895 1587 2996 1642 etsi
3025 1591 3238 1659 assequi
3263 1593 3468 1662 grande
3499 1601 3584 1650 est

303 1663 541 1727 nomine,
569 1661 713 1715 sicut
753 1662 966 1724 merito,
999 1661 1124 1716 licet
1151 1661 1278 1715 mihi
1325 1662 1468 1718 inter
1497 1665 1724 1718 eximios
1751 1666 1893 1719 Con-
1925 1677 1971 1738 Β
1997 1692 2061 1732 ac
2090 1677 2340 1744 difﬁcile,
2379 1679 2528 1747 sequi
2573 1688 2750 1746 tamen
2801 1679 3086 1748 pulchrum
3123 1661 3284 1753 atqué
3327 1684 3579 1752 sublime.

304 1754 802 1823 stantinopolitame
868 1753 1018 1810 urbis
1085 1755 1354 1810 antistites
1427 1757 1601 1811 locum
1653 1759 1893 1832 magistri

303 1861 568 1915 usurpare
599 1861 702 1899 non
737 1845 952 1913 possim,
1004 1848 1238 1902 studium
1274 1859 1451 1904 tamen
1482 1850 1722 1919 discipuli
1767 1851 1894 1906 aﬂ‘e-

301 1950 557 2007 ctumque
592 1952 880 2004 praesumo.
916 1946 939 1974 ⁸
966 1938 1271 2008 Adoptatus
1306 1941 1448 1996 enim
1501 1957 1529 1994 a
1573 1941 1894 1997 beatissima:

301 2030 582 2087 memoriae
610 2029 816 2084 Joanne
844 2032 1099 2100 episcopo
1147 2033 1196 2086 in
1249 2034 1606 2088 ministerium
1657 2051 1889 2103 sacrum,

301 2135 458 2198 atque
489 2125 703 2179 oblatus
730 2123 859 2190 Deo,
888 2136 940 2178 et
963 2127 1007 2178 si
1035 2125 1265 2193 corpore
1302 2126 1492 2192 absum
1515 2168 1528 2192 ,
1563 2127 1755 2181 affectu
1786 2127 1896 2186 illic

298 2235 443 2288 sum;
499 2233 555 2278 et
611 2223 687 2278 illi
732 2224 1090 2278 dilectissimo
1145 2225 1280 2279 mihi
1327 2239 1388 2278 ac
1432 2225 1896 2281 venerandissimo

303 2315 391 2372 Dei
425 2318 657 2387 populo,
683 2319 783 2372 etsi
816 2333 958 2372 nunc
999 2319 1282 2386 praesentia
1318 2334 1421 2372 non
1451 2318 1774 2385 admisceor,
1810 2328 1893 2376 ta-

303 2423 419 2463 men
453 2418 634 2464 mente
656 2411 976 2481 citnjungor.
1001 2410 1064 2464 Et
1094 2411 1221 2465 hinc
1245 2421 1324 2466 est
1355 2411 1497 2481 quod
1527 2412 1822 2466 eondoleus
1845 2411 1896 2468 ei

309 2513 463 2572 atque
490 2504 852 2574 compatiens,
877 2507 926 2558 in
948 2520 1135 2560 vocem
1164 2521 1305 2560 nunc
1333 2505 1564 2560 tristitim
1591 2507 1896 2562 communis

315 2605 375 2644 ac
395 2591 594 2648 doloris
614 2595 768 2662 erupi
791 2635 805 2657 ,
836 2604 889 2646 et
910 2595 1051 2664 quod
1083 2611 1246 2648 unum
1274 2596 1445 2664 potui,
1479 2609 1576 2665 per
1603 2597 1894 2663 opusculo-

315 2698 430 2737 rum
486 2696 792 2739 nostrorum
845 2685 1078 2740 ﬂebilem
1131 2687 1543 2757 querimoniam,
1596 2688 1748 2759 quasi
1800 2705 1896 2759 pro

307 2780 670 2836 membrorum
719 2791 879 2848 atque
922 2790 1132 2836 artuum
1167 2798 1406 2837 meorum
1437 2784 1749 2851 infirmitate
1790 2785 1899 2839 cla-

303 2871 464 2926 mavi.
499 2871 712 2926 Etenim
742 2871 768 2910 δ
796 2873 840 2926 si
869 2873 1016 2941 juxta
1048 2875 1364 2941 Apostolum
1398 2875 1450 2947 (l
1482 2875 1599 2930 Cor.
1633 2879 1750 2944 xu),
1802 2877 1900 2931 do-

302 2960 450 3018 lente
481 2965 699 3033 quidem
737 2967 944 3019 minore
967 2969 1212 3035 corporis
1246 2980 1418 3037 parte,
1446 2970 1699 3022 condolet
1730 2955 1900 3040 major

2006 1772 2270 1837 Quoniam
2295 1771 2346 1826 in
2379 1785 2588 1826 summa
2621 1786 2821 1836 rerum,
2851 1787 2956 1826 non
2987 1773 3198 1842 adeplio
3233 1785 3458 1841 tantum,
3485 1777 3586 1834 sed

1999 1866 2158 1919 etiam
2184 1864 2410 1918 imitatio
2439 1865 2552 1932 ipsa
2572 1864 2831 1918 laudanda
2862 1874 2979 1929 est;
3008 1869 3130 1936 quia
3155 1884 3443 1937 numquam
3473 1872 3585 1925 fere

2000 1956 2194 2028 aliquis
2223 1958 2340 2028 ejus
2367 1959 2441 2012 rei
2473 1960 2724 2029 portione
2752 1957 2814 2011 ad
2847 1959 3062 2028 plenum
3111 1971 3292 2027 caret,
3329 1962 3394 2016 ad
3423 1978 3585 2030 quam

2001 2051 2263 2104 scandere
2293 2064 2355 2112 ac
2385 2049 2666 2118 pervenire
2698 2051 3054 2106 contenderit.
3081 2052 3173 2110 Ille
3199 2069 3328 2122 ergo
3358 2055 3508 2108 vobis
3529 2057 3586 2115 in

2000 2159 2164 2198 sensu
2192 2159 2409 2211 semper
2431 2154 2484 2197 et
2514 2142 2667 2212 quasi
2690 2142 2741 2196 in
2764 2154 3056 2212 conSpeclu
3078 2146 3175 2209 sit;
3202 2147 3290 2200 ille
3321 2147 3370 2199 in
3402 2148 3584 2202 animo

1998 2246 2156 2306 atque
2182 2238 2232 2290 in
2268 2237 2594 2307 cogitatione
2620 2245 2885 2290 versetur.
2917 2235 3008 2291 Ille
3029 2237 3257 2308 denique
3287 2239 3400 2308 ipse
3431 2241 3586 2295 vobis

1997 2332 2157 2384 etiam
2193 2331 2327 2399 lucc,
2353 2346 2471 2400 quae
2503 2344 2532 2383 a
2574 2344 2658 2383 me
2685 2339 2808 2384 sunt
2832 2332 3030 2398 scripta
3061 2333 3428 2396 commendet;
3460 2334 3587 2401 quia

2001 2421 2132 2490 haec,
2159 2437 2279 2490 Quae
2307 2437 2408 2491 ego
2436 2422 2647 2489 scripsi,
2682 2422 2774 2476 ille
2801 2436 2885 2476 me
2911 2423 3123 2489 docuit,
3148 2439 3208 2477 ac
3235 2440 3330 2494 per
3351 2428 3451 2479 hoc
3479 2440 3586 2480 non

2001 2523 2106 2567 tam
2132 2529 2246 2566 mea
2283 2513 2395 2566 ha-c
2418 2529 2576 2584 quam
2611 2513 2753 2568 illius
2776 2528 2897 2569 esse
2918 2515 3122 2570 credite
3150 2558 3162 2582 ,
3194 2517 3316 2588 quia
3348 2519 3495 2572 rivus
3519 2533 3588 2576 ex

2000 2602 2146 2658 fonte
2179 2613 2411 2672 constat,
2437 2595 2493 2658 et
2523 2604 2780 2676 quidquid
2813 2617 3030 2678 putatur
3060 2624 3180 2664 esse
3202 2609 3473 2680 discipuli,
3507 2623 3588 2665 to-

2003 2706 2113 2752 tum
2142 2697 2207 2751 ad
2239 2696 2500 2754 honorem
2529 2700 2717 2756 referri
2746 2702 2996 2754 convenit
3023 2703 3282 2770 magistri.
3310 2703 3385 2756 Te
3406 2711 3589 2760 autem

1999 2802 2196 2860 praeter
2228 2790 2430 2857 omnia,
2473 2805 2535 2844 ac
2573 2807 2738 2860 super
2767 2794 2943 2846 omnia
2965 2836 2982 2859 ,
3019 2794 3158 2848 Deus
3187 2807 3337 2864 pater
3374 2796 3589 2854 Domini

2002 2883 2170 2936 nostri
2202 2881 2328 2936 Jesu
2377 2883 2612 2949 Christi,
2642 2899 2792 2953 aeque
2837 2901 2970 2940 voce
3019 2903 3082 2940 ac
3131 2898 3310 2940 mente
3360 2893 3591 2961 supplici

2003 2975 2230 3028 obsecro
2259 2983 2316 3028 ut
2345 2976 2455 3028 haec
2484 2990 2600 3040 qua:
2628 2990 2690 3026 ex
2725 2976 2973 3044 largitate
2999 2977 3070 3029 tui
3103 2980 3342 3032 muneris
3366 2982 3592 3051 scripsi-

299 3066 465 3127 atque
494 3060 846 3128 compatitur,
877 3071 1076 3131 quanto
1108 3066 1276 3132 magis
1303 3065 1520 3120 dolente
1554 3067 1760 3129 majore
1803 3067 1901 3116 mi-
1925 3057 1971 3122 Ο
2006 3081 2146 3130 mus,
2183 3076 2237 3116 tu
2272 3067 2412 3118 dono
2437 3067 2510 3118 tui
2542 3067 2736 3118 amoris
2789 3068 3051 3120 insinues.
3102 3069 3167 3122 Et
3213 3072 3356 3139 quia,
3387 3083 3446 3128 ut
3477 3082 3593 3143 ipse

296 3164 491 3206 norem
513 3152 750 3218 compati
777 3156 1028 3221 oportet?
1060 3154 1568 3209 lulmmanissimum
1595 3157 1792 3222 quippe
1823 3165 1904 3208 est

295 3254 352 3297 nt
374 3245 431 3297 in
458 3260 567 3297 uno
590 3255 753 3311 atque
774 3246 963 3298 eodem
996 3261 1220 3312 corpore
1240 3249 1502 3314 majorum
1529 3246 1901 3300 inﬁrmitatem

294 3336 523 3387 minora
553 3348 660 3386 non
682 3335 933 3398 sentiant,
951 3349 1071 3400 cum
1096 3337 1362 3392 minorum
1386 3337 1589 3405 majora
1612 3338 1900 3406 patiantur.

298 3422 472 3480 Unde
502 3422 730 3477 obsecro
748 3439 808 3478 ac
834 3425 1099 3496 deprecor
1125 3442 1314 3483 omnes
1336 3445 1451 3495 vos,
1481 3435 1568 3498 qui
1604 3433 1738 3483 intra
1765 3430 1904 3484 Con-

295 3515 813 3583 stantinOpolilana:
841 3521 992 3573 urbis
1018 3519 1276 3575 ambitum
1306 3523 1420 3592 siti,
1443 3534 1493 3579 et
1530 3540 1624 3595 per
1653 3523 1900 3579 all'ectum

299 3608 501 3678 patriae
527 3605 677 3662 cives
707 3610 846 3678 mei,
880 3623 932 3666 et
967 3627 1060 3680 per
1107 3615 1362 3670 unitatem
1397 3617 1516 3671 lidei
1563 3617 1760 3672 fratres
1799 3616 1906 3673 mei

302 3701 461 3766 estis,
503 3711 558 3756 ut
585 3704 851 3770 separetis
879 3721 972 3757 vos
1000 3705 1068 3759 ab
1095 3706 1213 3771 illo,
1257 3716 1314 3761 ut
1342 3711 1600 3777 scriptum
1647 3718 1749 3775 cst,
1781 3711 1905 3779 lupo

304 3791 518 3860 rapaci,
549 3793 638 3861 qui
665 3791 870 3847 devorat
917 3793 1014 3848 Dei
1045 3796 1327 3869 populum,
1372 3802 1500 3853 sicut
1551 3801 1714 3854 cibum
1757 3801 1909 3874 panis

308 3881 501 3949 (Psal.
537 3882 658 3958 Lit).
688 3884 768 3940 Ne
798 3890 1064 3958 tetigeritis
1091 3907 1252 3962 neque
1270 3896 1592 3963 gustaret-itis
1613 3896 1904 3966 quidquam

311 3973 476 4040 illius,
513 3978 638 4045 quia
664 3987 784 4031 sunt
813 3981 985 4034 omnia
1006 3981 1060 4034 in
1089 3982 1347 4037 interitum
1377 3986 1449 4056 (ll
1477 3987 1596 4042 Cor.
1623 3990 1717 4056 vr).
1755 3988 1905 4042 Eaite

313 4072 372 4126 de
393 4073 568 4127 medio
599 4074 732 4144 ejus,
762 4090 822 4128 ac
845 4077 1182 4144 separamini,
1209 4086 1257 4132 et
1285 4079 1602 4136 innnundum
1634 4101 1695 4137 ne
1721 4085 1902 4156 tetige-

2009 3171 2106 3207 nos
2131 3155 2389 3207 Dominus
2423 3158 2565 3209 Deus
2592 3167 2774 3209 noster
2799 3157 3103 3226 unigenitus
3135 3170 3255 3216 tuus
3287 3164 3490 3230 docuit,
3521 3167 3594 3226 ita

2008 3245 2244 3298 dilexisti
2267 3245 2406 3298 hunc
2429 3245 2712 3311 mundum,
2739 3261 2792 3302 ut
2821 3265 2916 3317 pro
2943 3251 3116 3305 salute
3139 3255 3319 3309 mundi
3351 3259 3594 3328 unigeni-

2010 3348 2122 3393 tum
2149 3350 2293 3391 tuum
2336 3340 2596 3404 mitteres,
2629 3340 2798 3396 dones
2827 3342 2926 3396 hoc
2970 3343 3109 3411 plebi
3144 3355 3267 3412 tuas,
3305 3364 3462 3420 quant
3504 3367 3593 3408 re-

2007 3432 2244 3494 demisti,
2265 3442 2340 3498 ut,
2366 3434 2413 3486 iu
2441 3432 2812 3489 Incarnatione
2835 3437 3087 3506 unigeuili
3112 3437 3231 3493 Filii
3258 3444 3422 3505 lui,et
3443 3452 3594 3501 tuum

2008 3527 2206 3581 donum
2250 3536 2302 3580 et
2344 3527 2590 3582 allectum
2641 3529 2778 3584 illius
2824 3533 2994 3600 sapiat
3028 3543 3121 3587 :et
3173 3535 3274 3589 hoc
3303 3538 3445 3606 quod
3493 3553 3596 3607 pro

2007 3619 2162 3673 nobis
2193 3618 2498 3686 unigenitus
2528 3630 2647 3674 tuus
2678 3621 2936 3678 Dominus
2958 3625 3092 3679 Deus
3129 3637 3313 3682 noster
3331 3640 3384 3684 et
3413 3641 3591 3696 natus,

2008 3719 2060 3766 et
2094 3725 2280 3778 passus
2307 3720 2408 3774 est,
2453 3721 2503 3764 et
2535 3715 2855 3779 resurrexit,
2889 3715 2961 3768 ita
2989 3732 3175 3771 omnes
3206 3729 3260 3773 et
3293 3721 3597 3789 intelligant

2008 3813 2061 3859 et
2101 3813 2312 3868 ament,
2360 3811 2418 3857 ut
2455 3802 2690 3871 dignatio
2728 3819 2837 3858 sua:
2879 3805 3057 3877 [Lips.
3102 3809 3154 3861 in
3197 3827 3362 3880 marg.
3402 3810 3595 3884 εδει-ξιξ]

2011 3897 2329 3966 majeSIatis,
2363 3895 2636 3964 profectus
2663 3896 2734 3949 sit
2760 3898 2928 3950 nostri
2973 3899 3174 3952 amoris
3207 3917 3222 3953 :
3268 3917 3366 3956 nec
3397 3904 3448 3956 in
3481 3905 3597 3958 aui-

2011 3991 2113 4043 mis
2141 3987 2518 4042 universorum
2557 3985 2836 4042 humilitas
2867 3985 3010 4042 illius
3045 3989 3472 4048 imminutionem
3502 3995 3598 4049 ha-

2012 4083 2134 4138 beat
2166 4079 2405 4147 honoris,
2442 4078 2535 4133 sed
2577 4088 2925 4150 augmentum
2965 4094 3180 4150 semper
3214 4085 3381 4151 pariat
3420 4086 3597 4140 chari-

1377 4233 1627 4298 ALAIiDI
1670 4233 1904 4302 ΟΛΖΑΞΙ
1937 4231 2501 4290 COMMENTARIUS.

317 4340 643 4420 deiunctus_,_
668 4355 1042 4420 successorem
1076 4341 1259 4420 habuit
1286 4343 2178 4420 JoannemChrysosto-‘ipsius
2201 4346 2439 4420 defuncti
2465 4346 2780 4420 memoriam
2804 4347 2944 4420 apud
2969 4347 3599 4420 Constantinopolitauos

319 4427 480 4484 mum,
509 4414 603 4478 qui
632 4412 719 4468 hic
748 4415 911 4466 tertio
941 4414 1058 4467 loco
1093 4415 1419 4482 nominatur,
1453 4431 1505 4469 et
1529 4412 1779 4470 Ncsltti'io
1807 4433 1903 4484 pa-

321 4483 444 4554 riter
467 4486 786 4554 oppouitur,
815 4484 1013 4553 quique
1053 4485 1121 4537 ab
1169 4501 1353 4539 eremo
1383 4502 1432 4538 et
1471 4492 1772 4540 uionastica
1799 4483 1902 4540 vita

323 4553 382 4606 ad
401 4553 611 4609 clerum
643 4565 884 4626 vocatus,
919 4557 1197 4626 presbyter
1225 4559 1589 4610 AnliOCiltmtts
1623 4558 1906 4609 ordinatus

325 4632 402 4676 est
427 4640 570 4681 anno
619 4624 902 4679 undecimo
940 4624 1297 4680 Valentiniani
1340 4629 1598 4687 Juniioris,
1634 4635 1688 4678 ct
1715 4636 1905 4679 octavo

326 4691 613 4765 Theodosii
647 4697 897 4751 senioris.
935 4702 1088 4750 Anno
1134 4697 1332 4750 deinde
1363 4707 1558 4765 quarto
1596 4696 1811 4750 Arcadii
1856 4705 1910 4749 et

329 4762 540 4836 Ilonorii
566 4767 863 4836 episcopus
888 4762 1520 4835 Constantinopolitanus
1550 4769 1752 4830 laetus;
1789 4777 1908 4820 tan-

329 4833 438 4888 dem
469 4833 620 4892 auuo
646 4833 858 4892 decimo
890 4840 1048 4891 tertio
1065 4833 1384 4892 eornmdem
1421 4839 1830 4904 imperatorum,
1859 4847 1914 4892 et

330 4908 670 5032 episcr‘i‘tta;us
697 4909 777 4963 sui
808 4922 972 4974 nono,
1002 4919 1230 4962 mortem
1255 4910 1382 4963 obiit
1407 4926 1435 4965 c
1462 4928 1547 4962 ωλι
1574 4925 1772 4963 annum
1801 4908 1910 4963 Do-

335 4979 453 5029 mini
522 4984 555 5032 0
605 5016 619 5030 .

335 4979 453 5029 mini
483 4979 619 5034 407.

400 5049 536 5120 {Ex
562 5054 669 5104 hoc
695 5062 819 5118 cap.
847 5049 1128 5119 perSpicue
1153 5048 1426 5119 redarguit
1449 5050 1712 5105 Baronius
1741 5049 1914 5120 (Anno

337 5115 457 5188 404)
482 5120 749 5187 quosdam
767 5115 962 5175 errore
976 5115 1192 5189 lapsos,
1225 5115 1562 5186 qui'tradnut
1596 5115 1913 5176 Cassianum

340 5189 616 5262 anoaune
661 5190 1052 5262 Cbrysostomo
1091 5192 1378 5246 diac0num
1425 5193 1750 5258 ordinatum,
1798 5203 1918 5262 post

342 5260 535 5328 aliquot
573 5277 748 5318 annos
779 5260 846 5315 ab
877 5263 1064 5317 eodem
1099 5264 1388 5330 eapulsum
1421 5263 1710 5318 Massiliam
1741 5260 1912 5318 sere-

344 5334 538 5406 Qrpisse
563 5348 711 5406 :rqua
739 5335 807 5387 de
837 5349 896 5388 re
925 5334 1080 5388 latius
1110 5335 1235 5389 alibi
1272 5336 1629 5390 disseruimus
1649 5336 1668 5405 (
1689 5334 1751 5388 1η
1777 5350 1912 5406 pra:-

343 5401 434 5467 [αι.
480 5408 546 5457 ad
575 5405 870 5473 lectorem),
903 5406 1255 5473 eamdemque
1285 5407 1592 5475 opinionem
1618 5401 1914 5461 confutavi-

354 5485 482 5528 mus.
515 5477 800 5543 Quomodo
828 5479 969 5530 enim
1001 5488 1092 5531 aut
1121 5479 1334 5546 quando
1367 5478 1508 5532 hunc
1534 5481 1602 5532 ab
1631 5494 1698 5532 eo
1722 5479 1915 5546 expelli

345 5549 640 5614 contigerit,
676 5549 765 5615 qui
790 5548 950 5602 etiam
975 5559 1093 5617 post
1123 5551 1240 5618 ejus
1260 5550 1506 5604 6X2ililllll
1542 5551 1593 5603 in
1623 5549 1791 5616 ipsius
1821 5549 1916 5600 ob-

348 5621 522 5688 sequio
548 5633 929 5688 perseverasse
954 5623 1316 5688 cognoscitur,
1351 5631 1404 5674 et
1437 5635 1533 5688 pro
1560 5622 1677 5686 ipso
1702 5620 1913 5673 fuuctus

347 5680 608 5752 leg-sione
661 5687 733 5745 ad
773 5680 1143 5747 Innocentium
1202 5680 1552 5758 pontiﬁcem?
1583 5680 1698 5756 ’(ιιιὶ
1750 5692 1913 5745 etiam

1935 4663 1988 4724 D

2013 4415 2172 4490 [alitis
2203 4417 2447 4490 laudibus
2478 4415 2655 4490 eITel'i,
2688 4426 2743 4470 et
2782 4415 3067 4490 praedicat,
3104 4422 3289 4490 sicque
3320 4415 3413 4475 eos
3446 4441 3599 4478 com-

2013 4488 2240 4555 pi-llans,
2272 4487 2545 4555 specimen
2580 4488 2630 4538 in
2681 4489 2930 4538 omnibus
2981 4490 3091 4541 edit
3135 4487 3490 4546 amantissimi
3542 4503 3600 4548 et

2013 4553 2480 4630 observantissinii
2534 4555 2758 4607 Joannis
2805 4556 3076 4622 discipuli,
3105 4559 3201 4630 ide
3232 4574 3338 4625 quo
3391 4571 3445 4614 et
3477 4574 3597 4630 post

2012 4626 2285 4688 exsilium,
2329 4625 2492 4677 immo
2524 4633 2730 4691 etpost
2776 4637 3002 4678 mortem
3051 4629 3185 4679 adeo
3231 4629 3369 4681 bene
3400 4625 3600 4688 ine-reri

2013 4695 2305 4766 studuerit,
2367 4704 2424 4766 ut
2473 4708 2540 4766 ne
2590 4695 2672 4766 vel
2708 4695 2881 4766 tenuis
2923 4709 3104 4748 naevus
3146 4698 3196 4750 in
3231 4699 3346 4764 ipso
3388 4703 3598 4766 penitus

2015 4765 2254 4835 dignosci
2286 4764 2453 4834 possit
2474 4764 2703 4832 alicujus
2724 4765 3012 4818 simultatis
3048 4779 3289 4822 assertw.
3323 4764 3398 4824 Ita
3431 4772 3596 4825 Baro-

2017 4851 2158 4890 "IIIS.

2089 4905 2114 4946 δ
2139 4904 2334 4959 Primm
2375 4904 2442 4959 ad
2471 4902 2597 4960 Cor.
2637 4921 2708 4959 xu
2738 4923 2752 4959 :
2797 4905 2856 4961 Si
2893 4907 3083 4976 patitur
3115 4925 3270 4962 unum
3300 4911 3598 4979 membrum,

2017 4980 2400 5047 compatiuntur
2443 4979 2615 5050 omnia
2664 4979 2886 5030 membra
2918 4994 2936 5031 :
2985 4979 3089 5033 sive
3134 4979 3393 5050 gloriatur
3442 5001 3600 5036 unum

2018 5051 2323 5113 membrum,
2352 5049 2675 5118 congaudent
2698 5050 2868 5100 onmia
2896 5049 3146 5104 membra.
3175 5051 3272 5106 Vos
3294 5065 3462 5106 autem
3482 5055 3605 5108 estis

2020 5139 2207 5189 corpus
2252 5120 2460 5185 Christi,
2495 5128 2543 5173 et
2568 5121 2789 5172 membra
2819 5118 2883 5172 de
2920 5124 3164 5186 membro,
3197 5123 3247 5175 id
3286 5134 3389 5184 est,
3429 5139 3604 5177 mem-

2023 5195 2116 5247 bra
2150 5195 2375 5247 invicem
2424 5207 2669 5244 connexa
2699 5200 2752 5243 et
2781 5191 3160 5260 dependentia.
3206 5193 3274 5246 At
3318 5194 3428 5261 jam
3467 5203 3604 5248 tem-

2023 5278 2122 5332 pus
2148 5275 2229 5316 est
2272 5262 2549 5331 (quoniam
2592 5277 2714 5327 quae
2750 5275 3043 5330 sequuntur
3085 5265 3137 5315 in
3182 5263 3284 5316 hoc
3313 5279 3430 5332 cap.
3473 5269 3605 5319 satis

2023 5335 2166 5388 clara
2195 5346 2314 5387 sunt
2344 5343 2398 5385 et
2437 5333 2772 5399 expositione
2811 5350 2914 5386 non
2957 5333 3215 5400 indigent)
3253 5342 3310 5386 ut
3345 5337 3605 5401 quemad-

2026 5406 2240 5458 modum
2273 5403 2564 5476 Cassianus
2599 5418 2696 5456 suo
2728 5405 2877 5472 operi
2908 5405 2974 5456 de
3003 5402 3374 5476 lucurnalione
3417 5405 3601 5476 Verbi,

2024 5477 2092 5528 ita
2134 5485 2308 5527 etntts
2364 5473 2511 5526 hisce
2565 5476 2764 5526 nostris
2803 5475 3240 5528 amiotationihus
3296 5478 3453 5534 finem
3507 5473 3606 5538 int-

2025 5559 2287 5618 pouautus
2332 5559 2453 5618 cum
2504 5546 2792 5618 gratiarum
2851 5544 3236 5618 ai-t_i0_ite_De0
3289 5557 3416 5618 Upt.
3463 5548 3602 5603 Max.

2023 5616 2235 5689 debita,
2300 5614 2455 5683 cujus
2507 5629 2608 5683 ope
2661 5629 2724 5670 ac
2777 5615 3037 5671 beneficio
3083 5614 3365 5689 hucusque
3419 5633 3606 5688 perve~

2022 5701 2220 5741 ιιιιιιιιε.
