4000 6186
323 374 431 431 975

1349 377 1445 432 ΔΙ)
1482 374 1711 431 OPERA
1749 375 1799 431 J.
1839 372 2154 432 CASSIANI
2194 371 2561 431 APPENDIX.

3481 366 3590 428 276

322 488 388 544 sii
419 496 687 559 prazcepta
717 490 1027 560 conscripta
1055 499 1202 556 sunt,
1229 490 1320 558 qui
1353 490 1509 559 primi
1541 503 1635 559 per
1670 488 1903 543 Thebai-
1931 492 1982 550 Α
2008 463 2249 556 draginta
2284 492 2403 558 plus
2425 487 2890 544 minusve’fratres
2914 485 3180 554 habitent,
3213 489 3300 554 qui
3333 469 3590 542 obediant

321 577 445 634 dem
481 587 537 634 et
563 579 854 649 Egyptum
883 580 1255 636 cmuobiorum
1287 581 1628 634 fundamenta
1655 581 1904 650 jecerunt

319 671 468 742 iuxta
500 683 826 740 prmceptum
859 671 954 727 Dei
993 681 1049 727 et
1075 672 1254 742 angeli
1296 672 1388 741 qui
1419 687 1448 725 a
1479 672 1589 727 Deo
1627 672 1727 727 sub
1764 670 1906 727 hanc

274 757 280 764 ’
319 763 494 832 ipsam
545 764 936 820 institutionem
969 766 1164 820 missus
1195 764 1376 819 fuerit.
1425 763 1609 834 Itaque
1656 764 1778 834 quia
1814 764 1903 820 diu

318 862 615 924 tacueram,
647 864 704 910 et
730 856 974 911 dolorem
997 871 1175 912 meum
1204 857 1419 911 silentio
1439 855 1786 923 devoraram;
1817 873 1902 911 nr-

319 947 519 1015 gebant
565 959 744 1004 autem
794 949 943 1004 missi
968 950 1034 1004 ad
1067 966 1154 1005 me
1203 952 1272 1005 ob
1303 951 1443 1005 hanc
1468 950 1638 1021 ipsam
1685 966 1901 1005 causam

321 1041 586 1096 Leontius
628 1044 914 1116 presbyter
933 1053 987 1098 et
1015 1044 1200 1098 caeteri
1223 1060 1347 1098 cum
1379 1059 1446 1098 eo
1490 1043 1707 1109 fratres,
1732 1045 1902 1099 accito

320 1144 345 1170 ³
372 1137 850 1200 notario,ut.erant
879 1137 946 1191 de
964 1135 1281 1207 Egyptiaca
1311 1138 1364 1191 in
1392 1135 1632 1192 Graecam
1663 1136 1900 1206 linguam

315 1243 498 1297 versa,
533 1243 718 1286 nostro
747 1243 997 1285 sermone
1027 1231 1221 1284 dictavi
1251 1247 1264 1282 :
1290 1239 1349 1284 ut
1375 1241 1428 1285 et
1457 1229 1616 1284 tantis
1650 1231 1780 1284 viris
1803 1231 1902 1284 im-

313 1321 656 1390 perantibus,
688 1337 755 1375 ne
782 1321 954 1375 dicam
986 1320 1302 1390 rogantibus
1331 1322 1628 1387 obedirem;
1652 1334 1706 1377 et
1736 1322 1898 1388 bono,

316 1420 374 1465 ut
404 1411 574 1476 aiunt,
605 1413 848 1481 auspicio
875 1413 1090 1481 longum
1114 1414 1390 1467 silentium
1422 1429 1754 1484 rumperent,
1779 1415 1903 1470 red-

315 1502 452 1558 dens
490 1519 577 1559 me
621 1500 859 1572 pristinis
888 1505 1100 1571 studiis,
1133 1517 1187 1559 et
1216 1505 1243 1544 δ
1272 1516 1472 1562 sanctae
1502 1509 1714 1564 feminae
1736 1508 1899 1564 refri-

315 1607 512 1662 gerans
542 1595 800 1658 animam,
833 1595 953 1668 quas
983 1597 1430 1653 monasteriorum
1465 1615 1686 1668 semper
1713 1616 1902 1657 amore

313 1685 590 1757 ﬂagravit,
627 1698 679 1744 et
718 1689 859 1758 quod
903 1691 1078 1744 visura
1105 1691 1286 1746 eritin
1316 1694 1479 1759 calo,
1526 1693 1628 1747 hoc
1660 1694 1710 1746 in
1747 1693 1904 1748 terris

313 1779 575 1833 meditata
601 1789 703 1834 est.
740 1779 1073 1835 Venerabilis
1097 1789 1311 1852 quoque
1336 1793 1359 1821 ο
1391 1785 1541 1853 virgo
1567 1782 1767 1838 Christi
1801 1784 1905 1838 Eu-

2005 584 2317 652 prteposito,
2345 583 2559 651 sintque
2582 598 2677 651 pro
2700 597 2927 636 numero
2956 580 3186 636 fratrum
3219 583 3435 650 triginta
3455 623 3468 646 ,
3502 579 3585 635 vel

2005 667 2354 743 quadraginta
2381 673 2577 728 domus
2601 673 2653 728 in
2684 688 2794 728 uno
2824 676 3174 739 monasterio,
3203 686 3257 727 et
3283 684 3468 739 ternae,
3499 671 3588 727 vel

2005 774 2282 836 quaterna}
2313 765 2504 820 domus
2535 767 2588 820 in
2619 781 2779 820 unam
2803 765 2997 820 tribum
3029 765 3379 831 fmderentnr,
3414 775 3470 820 nt
3501 765 3590 818 vel

2004 855 2070 910 ad
2104 871 2269 927 opera
2300 857 2460 911 simul
2500 858 2738 922 vadant;
2770 857 2856 912 vel
2906 858 2958 911 in
2999 857 3450 912 hebdomadarum
3482 856 3590 911 mi-

2006 950 2229 1006 nisterio
2273 950 2372 1005 sibi
2413 951 2706 1006 succedant
2744 966 2840 1020 per
2878 950 3141 1004 ordinem.
3199 948 3218 988 ί
3249 950 3588 1018 Quicumque

2005 1045 2182 1096 autem
2221 1041 2608 1095 monasterium
2654 1043 2860 1110 primus
2902 1041 3222 1110 ingreditur,
3257 1040 3460 1108 primus
3497 1054 3590 1094 se-

2004 1131 2117 1198 det,
2154 1134 2354 1201 primus
2381 1133 2644 1197 ambulat,
2673 1134 2877 1200 primus
2907 1132 3170 1199 psalmum
3200 1131 3349 1196 dicit,
3383 1130 3591 1199 primus

2003 1229 2058 1283 in
2084 1241 2266 1283 mensa
2293 1243 2508 1281 manum
2534 1225 2802 1292 extendit,
2827 1227 2970 1296 prior
2996 1226 3048 1280 in
3080 1224 3316 1280 Ecclesia
3345 1235 3592 1277 Commu-

2006 1321 2178 1386 nicat;
2230 1335 2328 1374 nec
2369 1331 2500 1374 aetas
2531 1318 2671 1374 inter
2701 1333 2796 1373 eos
2834 1318 3114 1388 quaeritur,
3162 1316 3258 1372 sed
3303 1313 3590 1384 professio.

2006 1414 2147 1470 Nihil
2191 1413 2386 1468 habent
2419 1415 2473 1466 in
2504 1421 2529 1460 8
2559 1412 2771 1466 cellulis
2800 1421 2994 1478 praeter
3015 1406 3044 1446 δ
3073 1409 3361 1478 psiathium
3401 1415 3460 1462 et
3482 1405 3593 1462 duo

2005 1507 2329 1561 lebitonaria
2375 1505 2539 1574 (quod
2591 1503 2860 1574 Egyptiis
2890 1500 3170 1556 monachis
3221 1512 3390 1570 genus
3427 1499 3593 1553 vesti-

2007 1599 2172 1654 menti
2205 1608 2288 1654 est
2335 1598 2454 1652 sine
2483 1593 2754 1664 manicis),
2803 1602 2859 1650 et
2906 1611 3068 1648 unum
3102 1593 3211 1664 jam
3249 1592 3489 1647 attritum
3522 1593 3593 1647 ad

2005 1691 2406 1756 dormiendum,
2436 1693 2518 1744 vel
2542 1689 2907 1760 operandum;
2941 1695 2997 1740 et
3029 1684 3046 1724 ί
3075 1685 3330 1740 amictum
3362 1685 3586 1752 Iineum,

2013 1785 2026 1835 i
2067 1785 2413 1854 cucullasque
2438 1783 2602 1848 duas,
2635 1793 2688 1836 et
2725 1781 3002 1849 caprinam
3052 1779 3384 1848 pelliculam,
3430 1792 3591 1848 quam

314 1871 583 1926 stochium
616 1871 864 1940 haberet,
897 1874 1039 1942 quod
1074 1875 1352 1928 sororibus
1385 1874 1667 1944 legendum
1700 1877 1902 1932 tribue-
1932 1876 1978 1934 B
2005 1876 2259 1933 melotem
2307 1885 2516 1935 vocant.
2566 1873 2857 1928 balteolum
2903 1872 3098 1925 linettm
3150 1880 3205 1926 et
3250 1868 3472 1940 caligas,
3523 1884 3589 1925 ac

312 1974 421 2033 ret,
444 1967 721 2036 nostrique
749 1967 942 2021 fratres
962 1966 1364 2038 Egyptiorum,
1392 1967 1494 2022 hoc
1521 1979 1624 2034 est,
1649 1964 1675 2006 ἀ
1698 1969 1904 2026 Taben-

313 2061 565 2116 nensium
604 2063 990 2115 monachorum
1038 2063 1288 2130 exempla
1338 2073 1718 2131 sequerentur,
1760 2072 1782 2099 ο
1811 2067 1902 2132 qui

314 2151 521 2206 habent
547 2167 644 2221 per
670 2155 882 2220 singula
913 2155 1238 2207 monasteria
1273 2151 1483 2211 Patres.
1537 2162 1590 2207 et
1619 2153 1900 2222 dispensa-

315 2229 485 2307 tores,
529 2254 584 2298 et
616 2242 1088 2312 hebdomadarios,
1132 2258 1195 2298 ac
1231 2242 1525 2307 ministros,
1570 2254 1623 2298 et.
1668 2244 1901 2313 singula-

313 2347 437 2392 rum
469 2339 751 2393 domorum
775 2337 1130 2407 praepositos;
1164 2337 1236 2390 ita
1267 2346 1324 2390 ut
1348 2336 1398 2390 in
1436 2352 1539 2390 una
1583 2336 1744 2391 domo
1775 2354 1903 2406 qua-

2007 1968 2254 2024 baculum
2283 1965 2492 2021 itineris
2520 1966 2747 2020 socium.
2799 1963 3150 2034 Egrotantcs
3191 1962 3344 2016 miris
3375 1969 3593 2016 susten-

2008 2070 2188 2116 tantur
2237 2059 2530 2129 obsequiis,
2565 2069 2619 2112 et
2672 2057 2737 2110 ad
2780 2070 2994 2110 omnem
3044 2056 3252 2124 copiam
3279 2055 3593 2124 praeparatis

2007 2153 2141 2207 cibis
2170 2167 2185 2206 ε
2219 2151 2335 2204 sani
2368 2149 2556 2218 majori
2590 2146 2791 2217 pollent
2813 2146 3162 2200 abstinentia.
3189 2144 3276 2199 Bis
3299 2145 3350 2198 in
3374 2143 3587 2199 hebdo-

2011 2244 2190 2309 mada,
2224 2244 2309 2298 die
2341 2254 2553 2313 quarta,
2583 2251 2640 2296 et
2666 2251 2815 2295 sexta
2845 2239 3083 2308 sabbati,
3127 2239 3196 2294 ab
3225 2238 3471 2293 omnibus
3510 2239 3596 2309 je-

2005 2338 2245 2408 junatur,
2273 2346 2504 2406 excepta
2530 2335 2874 2392 Pentecoste.
2905 2334 3043 2389 Aliis
3065 2333 3253 2388 diebus
3276 2333 3591 2402 comedunt,

1382 2449 1635 2506 ALARDI
1675 2450 1908 2506 GAZAEI
1944 2448 2511 2508 COMMENTARIUS.

318 2545 702 2610 Tritbemium,
736 2546 970 2609 Oriesis;
995 2545 1048 2599 in
1082 2547 1280 2600 nostris
1311 2562 1442 2600 mss.
1476 2546 1641 2608 ϐοά..
1665 2547 1890 2600 Oreste-

317 2619 395 2671 sis
427 2628 526 2670 est.
551 2617 642 2671 Sic
667 2619 774 2672 ille.
808 2619 993 2672 Exstat
1017 2633 1176 2682 porro
1207 2618 1294 2670 hic
1322 2619 1460 2671 liber
1484 2617 1535 2670 in
1562 2617 1895 2672 Bibliotheca

319 2687 422 2744 SS.
451 2690 666 2742 Patrum
698 2689 951 2743 editionis
976 2689 1233 2743 secundae
1264 2699 1408 2741 totno
1439 2699 1652 2758 quarto.

391 2769 415 2796 α
449 2759 656 2813 Notarii
688 2761 827 2828 apud
861 2770 1072 2814 veteres
1095 2760 1435 2823 dicebantur,
1471 2759 1561 2828 qui
1585 2760 1652 2813 ab
1681 2758 1790 2812 alio
1815 2758 1900 2812 di-

317 2839 454 2885 ctata
494 2832 686 2885 litteris
732 2843 825 2885 aut
867 2834 1008 2884 notis
1057 2832 1402 2899 excipiebant
1430 2841 1483 2884 et
1513 2830 1903 2898 consignabant

316 2901 480 2968 (Vide
512 2901 708 2954 Baron.
755 2912 891 2955 tomo
933 2901 1005 2967 ll,
1055 2919 1190 2955 anno
1238 2901 1391 2971 99.0),
1426 2904 1494 2954 ita
1543 2902 1804 2968 eXpedite
1851 2909 1907 2955 et

316 2982 586 3042 prompte,
618 2984 674 3025 ut
707 2973 978 3039 loquentis
1007 2974 1339 3028 celeritatem
1373 2973 1695 3040 compendio
1727 2987 1905 3040 atqua-

318 3054 465 3115 rent,
490 3053 544 3096 et
574 3045 1031 3108 quemadmodum
1075 3045 1151 3098 ait
1194 3044 1258 3098 D.
1297 3044 1702 3114 Hieronytnus(
1737 3044 1905 3115 Epist.

318 3113 387 3169 54
418 3124 464 3166 et
498 3116 644 3179 140l,
677 3115 936 3170 velociter
965 3116 1108 3168 dicta
1143 3116 1296 3170 velox
1329 3113 1758 3184 consequeretur
1785 3113 1907 3167 ina-

319 3199 441 3252 nus,
475 3196 529 3240 et
556 3187 750 3254 lingua:
795 3186 1128 3240 celeritatem
1165 3188 1492 3252 prenderent
1523 3190 1674 3254 signa
1700 3187 1905 3242 verbo-

319 3268 463 3310 rum.
492 3257 644 3312 Unde
676 3258 936 3312 Martialis
971 3259 1242 3327 Epigram.
1275 3257 1414 3312 libro
1445 3269 1640 3326 quarto
1670 3276 1682 3308 ε

416 3369 620 3420 Currant
646 3371 798 3419 verba
822 3370 960 3430 licet,
985 3382 1156 3417 manus
1178 3375 1256 3417 est
1278 3369 1494 3419 velocior
1523 3369 1618 3417 illis
1643 3383 1656 3417 :

475 3431 702 3481 Nondum
728 3432 894 3493 lingua
918 3445 1080 3492 suum,
1106 3431 1282 3479 dextra
1305 3434 1505 3492 peregit
1527 3444 1670 3493 opus.

323 3534 490 3591 [idem
541 3535 734 3588 scribze
781 3543 837 3588 et
875 3550 1234 3589 amanuenscs
1274 3535 1425 3590 dicti.
1471 3536 1704 3590 Librarii
1755 3553 1904 3602 vero,

364 3609 416 3659 ui
440 3622 467 3658 a
503 3606 731 3678 notariis
763 3616 986 3674 excepta
1014 3605 1069 3659 in
1102 3605 1254 3660 libris
1281 3608 1535 3662 distincte
1555 3617 1609 3661 et
1638 3607 1910 3678 explicate

364 3677 728 3731 escrihebztut.

399 3747 424 3786 ι)
463 3747 640 3800 Paulae
672 3745 901 3811 scilicet,
935 3747 1004 3803 de
1030 3762 1132 3817 qua
1165 3760 1326 3817 supra
1353 3765 1367 3811 ;
1393 3750 1546 3818 cujus
1569 3749 1678 3817 jam
1707 3759 1820 3806 tum
1854 3753 1907 3806 in

324 3819 467 3874 ctelo
513 3819 722 3871 beatam
771 3818 1004 3872 animam
1061 3821 1160 3874 hac
1209 3822 1505 3888 scriptione
1535 3821 1906 3889 refrigeratum

326 3890 506 3955 docet,
544 3889 647 3943 hoc
667 3897 770 3951 est,
795 3889 1175 3955 exhilaratam,
1209 3902 1262 3944 et
1301 3892 1496 3960 gaudio
1537 3893 1770 3960 quodam
1815 3909 1904 3947 ac-

327 3962 593 4025 cessorio,
629 3963 744 4015 sive
779 3961 1122 4027 accidentali,
1156 3972 1215 4015 ut
1253 3975 1444 4015 vocant
1487 3962 1746 4031 theologi,
1774 3963 1904 4018 υσθ-

325 4041 466 4086 ctatn
484 4034 909 4096 etcumnlatam;
933 4033 1072 4100 quod
1107 4034 1244 4085 hunc
1268 4032 1505 4087 laborem
1531 4033 1648 4100 ejus
1674 4049 1836 4088 causa
1854 4047 1909 4090 et

327 4103 707 4156 recordatione
736 4104 1058 4171 susceperit,
1093 4103 1250 4169 idque
1281 4103 1334 4154 in
1369 4103 1591 4170 gratiam
1621 4115 1674 4158 et
1706 4107 1908 4160 utilita-

325 4181 436 4226 tem
483 4174 894 4233 mouaehorum,
931 4189 1067 4240 quos
1111 4173 1199 4225 illa
1251 4183 1535 4242 tantopere
1572 4175 1622 4226 in
1671 4177 1776 4227 vita
1811 4190 1906 4231 sua

327 4243 571 4297 coluerat
593 4255 646 4296 et
668 4245 916 4306 foverat;
939 4258 1044 4311 qua
1072 4242 1138 4297 de
1161 4258 1218 4297 re
1247 4242 1370 4298 vide
1395 4245 1682 4314 epistolam
1703 4246 1765 4301 Ι).
1784 4247 1911 4302 Ilie-

329 4317 543 4380 rouymi
571 4314 661 4365 ‘27.

407 4394 428 4420 ε
461 4383 640 4456 Paulae.
672 4383 789 4456 jam
815 4385 973 4438 dicta:
1005 4384 1136 4448 filia,
1167 4400 1289 4455 qua:
1322 4400 1444 4440 cum
1474 4395 1646 4441 matre
1676 4388 1741 4442 ad
1771 4405 1909 4456 prae-

331 4466 460 4522 sepe
493 4454 704 4508 Dtunini
751 4455 865 4510 sive
908 4456 960 4508 in
1009 4454 1338 4511 monaSterio
1368 4454 1783 4513 Bethleemitico
1802 4477 1903 4516 una

329 4539 452 4579 cum
482 4525 602 4600 aliis
632 4525 924 4600 virginibus
962 4528 1214 4600 enutrita,
1247 4539 1312 4600 et,
1333 4531 1490 4583 matri
1521 4530 1610 4583 diu
1630 4543 1907 4600 superstes

330 4597 614 4666 prteclaris
645 4598 901 4652 virtutum
932 4599 1193 4667 exemplis
1241 4598 1462 4655 effulsit.
1498 4602 1619 4655 [haec
1657 4597 1713 4655 et
1765 4603 1903 4657 Julia

329 4669 472 4721 dicta
497 4678 598 4732 est,
628 4669 768 4737 quod
795 4687 856 4723 ex
890 4669 1010 4741 .Iulo
1039 4681 1092 4723 et
1131 4681 1292 4738 gente
1322 4671 1464 4726 Julia
1506 4673 1772 4741 originem
1805 4675 1905 4728 dn—

1937 3365 1984 3428 C

1999 2545 2202 2613 Regula
2237 2544 2507 2599 Pachomii
2537 2543 2792 2598 dicuntur
2821 2542 3096 2612 principes
3117 2541 3454 2613 monasterii.
3483 2541 3586 2598 Se-

2000 2611 2160 2670 cundi
2208 2615 2530 2670 dicebantur
2592 2611 3018 2677 dispensatores,
3075 2613 3160 2666 vel
3211 2611 3396 2668 Graeca
3447 2628 3587 2670 voce

2003 2686 2415 2755 oeconoquui
2465 2685 2719 2739 fratribus
2767 2686 3072 2738 necessaria
3124 2684 3482 2752 providebant
3535 2694 3596 2741 et

2005 2757 2417 2826 dispensabant.
2449 2757 2617 2811 Tertii
2671 2755 2928 2818 ministri,
2951 2764 3007 2808 et
3056 2755 3108 2808 hi
3155 2755 3374 2823 quidem
3403 2755 3540 2810 varii
3577 2775 3591 2812 :

2007 2844 2130 2883 nam
2169 2828 2256 2881 alii
2289 2828 2586 2882 servitores
2619 2827 3050 2891 hebdomadarii,
3080 2828 3171 2894 qui
3213 2827 3468 2879 fratribus
3499 2842 3597 2896 per

2009 2901 2156 2954 vices
2202 2898 2641 2952 hebdomadatim
2688 2897 2754 2951 ad
2794 2912 3035 2952 mensam
3084 2897 3470 2963 inserviebant,
3501 2899 3597 2956 alii

2013 2970 2244 3024 ministri
2279 2969 2572 3036 hospitum,
2603 2969 2694 3023 alii
2720 2968 3078 3031 infirmorum,
3110 2967 3201 3022 alii
3232 2967 3448 3034 culina,
3480 2980 3590 3026 etc.

2013 3043 2222 3107 Quarto
2266 3043 2382 3094 loco
2433 3039 2707 3107 praepositi
2767 3040 3080 3103 domorum;
3121 3039 3596 3107 distinguebantur

2012 3114 2154 3167 enim
2193 3111 2384 3166 domus
2415 3127 2442 3163 a
2469 3112 2809 3165 monasteriis
2841 3128 2852 3160 :
2890 3126 3012 3164 nam
3063 3111 3114 3163 in
3149 3111 3374 3178 singulis
3403 3126 3596 3164 mona-

2013 3185 2194 3239 steriis
2225 3192 2380 3237 erant
2409 3183 2623 3252 triginta
2649 3182 2733 3235 vel
2759 3181 3116 3252 quadraginta
3149 3180 3344 3234 domus
3367 3182 3595 3247 singulis

2015 3255 2322 3322 pra-positis
2353 3251 2634 3322 subjectze.
2661 3253 2752 3321 qui
2790 3251 2892 3306 sub
2933 3266 3040 3305 uno
3085 3252 3360 3306 communi
3406 3253 3590 3319 Patre,

2014 3339 2109 3379 seu
2138 3324 2379 3392 principe
2420 3325 2752 3386 monasterii,
2785 3325 2898 3377 sive
2930 3322 3095 3376 totius
3130 3324 3591 3393 congregationis,

2015 3396 2193 3449 dictus
2222 3395 2411 3449 domos
2438 3396 2542 3449 sibi
2569 3393 2907 3459 commissas,
2935 3393 3081 3447 velut
3101 3397 3485 3460 praeposituras
3501 3405 3590 3448 aut

2018 3467 2292 3534 prior-atus
2331 3467 2742 3533 eonvetttuales,
2772 3464 3242 3520 administrabant.
3277 3464 3333 3518 In
3365 3467 3594 3534 singulis

2015 3547 2194 3590 autem
2224 3537 2474 3590 domibus
2522 3538 2764 3604 triginta,
2795 3544 2852 3587 nt
2903 3536 3206 3601 tninimum,
3237 3537 3320 3589 vel
3359 3537 3593 3604 quadra-

2014 3608 2162 3677 ginta
2199 3609 2450 3662 monachi
2479 3609 2765 3677 degebant.
2802 3606 2958 3662 Unde
2985 3607 3241 3676 colligere
3269 3607 3393 3660 Iicet
3418 3623 3595 3676 quan-

2014 3687 2100 3734 tus
2133 3680 2292 3733 fuerit
2315 3685 2701 3733 monachorum
2729 3693 2984 3732 numerus
3029 3680 3080 3730 in
3124 3693 3446 3747 unoquoque
3474 3694 3595 3733 mo-

2016 3749 2276 3804 nasterio.
2312 3751 2440 3803 Nam
2483 3751 2524 3804 si
2557 3751 2772 3820 quidem
2796 3749 3001 3820 fuerint
3041 3749 3257 3816 triginta
3291 3749 3504 3814 domus,
3538 3758 3596 3804 et

2015 3825 2068 3874 in
2097 3821 2320 3891 singulis
2349 3823 2560 3891 triginta
2599 3819 2872 3884 monachi,
2904 3820 3136 3873 efficitur
3166 3836 3421 3873 numerus
3452 3821 3596 3876 1200

2015 3896 2424 3948 monachorun't.
2459 3894 2548 3960 qui
2591 3892 2676 3945 hic
2717 3899 3028 3945 recensetur
3058 3891 3343 3954 minimus;
3370 3893 3412 3945 si
3464 3905 3595 3946 vero

2013 3963 2364 4032 quadraginta
2397 3962 2609 4029 domus,
2643 3974 2698 4018 et
2741 3962 2796 4016 in
2840 3962 3062 4031 singulis
3087 3963 3441 4030 quadraginta
3473 3978 3594 4016 mo-

2013 4035 2193 4098 nachi,
2230 4037 2460 4088 efficitur
2483 4049 2738 4088 numerus
2769 4032 2906 4089 1600
2951 4034 3359 4104 monachorum,
3384 4035 3471 4104 qui
3507 4034 3596 4088 hic

2013 4114 2233 4160 notatur
2269 4106 2555 4159 maximus.
2588 4105 2793 4172 Quibus
2840 4103 3147 4159 intermedii
3198 4101 3591 4173 fuerint'1'500,

2015 4175 2172 4240 1400,
2207 4178 2362 4232 1500.

2090 4245 2108 4284 ί
2145 4257 2252 4300 tloc
2285 4249 2524 4302 imitatus
2551 4250 2610 4300 ι).
2641 4244 2969 4302 Benedictus
3011 4245 3063 4300 in
3103 4243 3308 4315 Regula
3341 4246 3592 4302 similiter

2011 4321 2200 4372 statuit
2223 4329 2278 4372 ut
2299 4321 2592 4372 secundum
2619 4319 2838 4372 ordines
2866 4333 3000 4385 quos
3029 4317 3375 4372 constituerit
3397 4317 3586 4384 abbas,

2012 4389 2098 4442 Vel
2143 4405 2277 4458 quos
2328 4389 2615 4443 habuerint
2663 4387 2768 4458 ipsi
2815 4392 3028 4452 fratres,
3078 4389 3158 4458 sic
3210 4388 3467 4442 accedant
3515 4389 3586 4443 ad

2014 4457 2223 4529 pacem,
2256 4460 2323 4514 ad
2372 4457 2927 4524 communionem,ad
2980 4457 3248 4528 psalmum
3298 4460 3586 4525 imponen-

2012 4534 2161 4594 dum,
2196 4533 2248 4585 in
2286 4532 2456 4586 choro
2484 4533 2756 4593 standum,
2789 4539 2842 4585 et
2869 4533 2922 4584 in
2969 4530 3224 4584 omnibus
3255 4530 3472 4582 omnino
3501 4529 3591 4586 lo-

2011 4606 2090 4657 cis
2121 4613 2250 4655 aetas
2283 4618 2386 4656 non
2417 4602 2760 4657 diSCernatur
2789 4602 2840 4655 in
2871 4600 3082 4660 ordine.
3118 4617 3217 4654 nec
3252 4599 3589 4669 prtrjutlicet,

2011 4675 2135 4741 quia
2169 4673 2390 4728 Samuel
2421 4683 2474 4725 et
2515 4673 2697 4727 Daniel
2746 4673 2895 4742 pueri
2940 4673 3288 4744 presbyteros
3311 4672 3592 4744 judicave-

329 4748 498 4813 ceret,
531 4750 588 4813 ιιι
619 4751 809 4813 auctor
840 4741 902 4813 D.
925 4740 1284 4812 Hieronymus
1316 4744 1369 4796 in
1394 4740 1670 4812 epitaphio
1702 4745 1900 4809 Paulte;
1933 4748 1983 4808 ι)
2011 4740 2155 4798 runt.
2194 4745 2331 4813 Ergo
2370 4747 2607 4812 exceptis
2652 4740 2899 4812 his'quos
2940 4740 3120 4797 altiori
3156 4740 3386 4796 consilio
3418 4743 3586 4799 abbas

329 4811 449 4880 quii
471 4811 632 4864 etiam
666 4812 840 4866 eident
872 4812 1110 4880 integros
1151 4811 1580 4868 Commentarios
1613 4817 1664 4867 in
1714 4817 1903 4870 Isaiam

330 4891 385 4952 et
415 4879 777 4952 Ezechielcm,
811 4879 1056 4952 aliosque
1089 4884 1434 4951 peculiariter
1478 4895 1534 4940 et
1588 4887 1904 4941 noruinatim

330 4951 628 5015 inscripsit.
675 4963 732 5005 et
779 4953 845 5008 ad
889 4951 1295 5008 Pammachium
1344 4956 1593 5010 scribens
1640 4958 1904 5023 ejusmodi

331 5037 450 5096 cam
469 5023 824 5096 commendat
843 5024 1018 5091 elogio
1037 5043 1048 5076 :
1068 5024 1203 5090 Quid
1231 5025 1523 5081 Eustochio
1550 5026 1758 5088 fortius.
1787 5044 1908 5096 quae

333 5091 627 5165 nobilitatis
663 5103 844 5157 portas
872 5104 929 5148 et
953 5098 1316 5162 arrogantiam
1365 5099 1578 5165 generis
1604 5091 1908 5154 consularis

330 5164 576 5232 virginali
603 5166 880 5237 proposito
905 5166 1138 5232 fregerit,
1170 5177 1223 5221 et
1246 5164 1490 5237 inprima
1514 5170 1646 5222 urbe
1674 5173 1903 5237 primum

327 5251 498 5305 genus
528 5235 896 5305 subjogaverit
928 5238 1232 5304 pudicitiae?

400 5303 424 5340 (³
461 5305 537 5360 De
563 5303 820 5361 Tabeitna
853 5306 1026 5361 insula
1056 5317 1109 5362 et
1148 5307 1591 5364 Tabennensibus
1626 5311 1906 5367 monachis

333 5377 454 5430 vitle
488 5388 668 5430 notata
699 5381 765 5431 ad
797 5380 888 5432 lib.
918 5394 970 5433 IV
1002 5377 1176 5433 InStit.
1205 5395 1324 5448 cap.
1353 5381 1408 5435 1.

401 5458 422 5482 θ
459 5449 573 5501 Duo
603 5459 729 5501 stitit
761 5450 845 5502 hit'
869 5450 1259 5504 observatione
1287 5455 1462 5518 digna.
1491 5462 1545 5507 et
1573 5451 1639 5505 ad
1669 5454 1906 5520 antiqui-

328 5528 464 5591 tates
510 5522 840 5574 mona~tieas
891 5522 1213 5588 spectantia.
1269 5523 1506 5575 Primum
1556 5523 1909 5591 designantur

326 5587 418 5640 hic
449 5602 680 5656 quatnor
712 5600 803 5644 aut
841 5587 1076 5660 quinque
1115 5593 1367 5647 distincta
1398 5596 1595 5660 officia,
1625 5587 1738 5649 sive
1763 5598 1908 5651 ordi—

327 5676 422 5737 nes
472 5662 858 5737 offici-arietum
910 5663 1049 5737 apud
1095 5666 1418 5737 monachos.
1442 5665 1560 5720 illos
1602 5665 1906 5737 Egyptios.

213 5795 227 5802 υ
283 5782 295 5805 ε
329 5729 496 5805 Plinii
547 5733 877 5805 vocabantur
922 5733 1307 5805 l’atres,alias
1338 5736 1493 5790 abba:
1534 5737 1618 5791 vel
1662 5729 1906 5805 abbates,

221 5782 787 5864 ζλιιιιι·1ιιιι›τιιι(1ιιιεο.
821 5782 1244 5867 cmttobiat‘eha',
1303 5805 1351 5856 id
1406 5816 1511 5870 est,
1561 5782 1911 5863 rectores“;

338 5873 591 5945 pmfritlcs
634 5873 969 5932 singulorum
1013 5878 1484 5943 monasteriorum,
1509 5879 1602 5946 qui
1644 5878 1808 5935 etiam
1854 5879 1908 5936 in

2011 4815 2311 4884 praetulerit
2331 4814 2417 4867 vel
2441 4815 2840 4884 degradaverit,
2875 4814 3038 4869 certis
3065 4829 3130 4868 ex
3163 4814 3363 4880 causis,
3390 4815 3587 4883 reliqui

2009 4899 2221 4968 omnes,
2253 4896 2310 4940 ut
2343 4895 2744 4968 convertuntur
2775 4884 2878 4968 [Id
2913 4893 3012 4968 est,
3033 4885 3373 4968 Religionem
3407 4887 3586 4968 ingre-

2010 4956 2250 5021 diuntur,
2275 4956 2352 5011 rel
2394 4955 2859 5028 profitentur],ita
2909 4957 3021 5012 sint
3061 4967 3180 5027 :ut,
3217 4957 3371 5028 verbi
3399 4957 3591 5026 gratia,

2007 5029 2098 5096 qui
2129 5029 2360 5082 secunda
2390 5027 2523 5082 hora
2565 5028 2675 5083 diei
2718 5027 2926 5084 venerit
2976 5030 3028 5082 in
3061 5027 3475 5092 monasterium,
3499 5028 3595 5097 ju-

2011 5099 2216 5153 niorem
2246 5114 2304 5153 se
2337 5099 2477 5153 illius
2506 5101 2718 5155 noverit
2745 5115 2885 5164 esse,
2909 5098 3001 5168 qui
3021 5099 3192 5166 prima
3221 5101 3352 5153 hora
3384 5100 3595 5153 venerit

2011 5169 2138 5292 dieli,
2167 5170 2454 5236 cujuslibet
2481 5173 2679 5233 aetatis,
2711 5183 2800 5224 aut
2831 5170 3107 5242 dignitatis
3134 5172 3226 5226 sit.
3264 5170 3392 5227 Hmc
3418 5171 3593 5226 D.Be—

2011 5254 2098 5292 net
2121 5254 2277 5292 tctus.

2009 5254 2277 5296 ηειιιοιυς.

2083 5324 2108 5359 6
2143 5313 2217 5367 De
2245 5312 2395 5367 cellis
2427 5323 2480 5368 et
2504 5313 2715 5368 cellulis
2745 5313 3134 5368 monachorum
3174 5313 3303 5369 vide
3344 5313 3397 5368 in
3446 5315 3592 5367 notis

2011 5380 2200 5453 ad_lih.
2231 5401 2262 5439 v
2293 5386 2464 5439 lnstit.
2493 5399 2613 5453 cap.
2648 5383 2737 5437 57.

2085 5451 2113 5490 δ
2146 5456 2223 5509 De
2269 5456 2500 5521 psiathin
2549 5451 2727 5510 actum
2773 5464 2856 5510 est
2898 5455 2992 5510 lib.
3020 5471 3072 5511 tv
3097 5471 3214 5519 cap.
3255 5457 3323 5511 13
3367 5463 3424 5510 et
3464 5455 3597 5509 alibi

2013 5524 2109 5597 lib.
2143 5543 2157 5579 ι
2189 5541 2240 5579 c.
2273 5528 2324 5597 7.
2359 5526 2635 5597 Reclinam
2669 5527 2917 5581 sellulam
2948 5538 3104 5582 vocat
3138 5527 3341 5597 Regula
3374 5525 3593 5582 Pachoc

2014 5595 2108 5668 mii
2139 5606 2243 5668 art.
2278 5596 2365 5652 50.
2401 5595 2477 5652 De
2503 5599 2828 5653 lebitonario
2856 5599 2948 5653 lib.
2974 5615 2990 5653 t
3013 5615 3133 5668 cap.
3161 5600 3214 5654 5.

2090 5664 2106 5704 ί
2143 5667 2438 5724 Mavortem
2477 5678 2532 5724 et
2565 5679 2854 5739 angustum
2883 5664 3163 5739 palliolum
3194 5678 3349 5723 vocat
3383 5669 3593 5723 Cassia.

2013 5751 2114 5809 nus
2152 5741 2369 5800 ibidem,
2394 5756 2501 5808 quo
2528 5740 2669 5795 colla
2717 5741 2917 5808 pariter
2947 5741 3282 5806 et.humeros
3311 5741 3591 5809 tegebant.

2089 5807 2102 5860 i
2146 5811 2219 5864 De
2254 5811 2338 5863 his
2369 5807 2620 5868 omnibus
2647 5807 3011 5882 sigillatim'et
3031 5812 3287 5868 distincte
3318 5807 3410 5867 lib.
3447 5825 3464 5866 ι
3492 5823 3590 5881 per

2013 5881 2222 5950 aliquot
2241 5882 2438 5951 capita.
