4000 6186
544 321 651 376 28⁸5

1564 320 1652 378 ΔΙ)
1688 320 1917 376 OPERA
1956 320 2009 376 εἰ.
2048 320 2356 377 CASSIANI
2399 320 2763 377 APPENDIX.

3694 317 3798 373 ιω

618 434 785 490 XXV.
829 435 886 492 Si
910 450 1076 491 unum
1103 450 1171 490 ex
1192 434 1278 490 his
1297 435 1365 490 ab
1394 434 1577 505 aliquo
1609 434 1771 489 fuerit
1793 438 2125 506 praetermis-
2153 438 2209 497 Α
2232 452 2380 490 more
2413 438 2524 500 Dei,
2551 448 2604 491 et
2637 437 2811 491 locum
2853 443 3161 505 separatum
3189 437 3257 490 ab
3288 432 3436 490 omni
3458 432 3693 488 virorum
3726 434 3802 485 vi-

544 540 668 581 sum
718 536 881 597 atque
913 528 1239 597 neglectum,
1272 527 1642 598 increpatione
1685 527 1844 581 solita
1875 528 2128 583 emenda-

464 616 482 639 "
544 616 710 673 hitur.

618 710 809 765 XXVI.
851 714 878 740 ⁸
905 711 962 768 Si
988 712 1108 783 quis
1140 711 1442 769 accesserit
1469 712 1537 767 ad
1570 713 1770 767 ostium
1819 712 2127 767 monasterii

544 802 735 858 volens
786 805 988 859 saeculo
1040 806 1379 873 renuntiare,
1427 814 1481 860 et
1530 804 1757 859 fratrum
1810 806 2127 875 congregari

547 910 799 960 numero,
832 910 937 950 non
973 896 1192 952 habebit
1224 897 1457 950 intrandi
1484 905 1828 965 potestatem,
1858 898 1953 951 sed
1981 899 2129 966 prius

545 990 877 1045 nuntiabitur
906 992 1044 1059 patri
1077 994 1419 1058 monasterii,
1455 1003 1508 1048 et
1534 994 1771 1048 manebit
1803 996 1983 1059 paucis
2008 995 2128 1050 die-

545 1081 649 1136 bus
672 1082 807 1138 foris
856 1094 982 1139 ante
1011 1084 1254 1153 januam,
1301 1095 1356 1140 et
1382 1086 1663 1141 docebitur
1703 1086 2001 1141 orationem
2034 1087 2130 1139 Do-

547 1172 824 1240 minicam,
870 1186 925 1229 et
968 1177 1207 1243 psalmos
1254 1190 1485 1245 quantos
1516 1180 1753 1247 potuerit
1788 1180 2023 1244 discere,
2074 1190 2130 1235 et

545 1266 831 1337 diligenter
860 1268 943 1322 sui
980 1270 1409 1336 experimentum
1441 1271 1611 1339 dabit,
1653 1288 1718 1325 ne
1748 1272 1887 1327 forte
1928 1274 2128 1343 aliquid

544 1359 765 1428 fecerit,
806 1372 858 1415 et
893 1362 1135 1417 turbatus
1162 1364 1228 1416 ad
1265 1362 1450 1417 horam
1482 1365 1824 1429 discesserit,
1855 1363 1881 1402 ι)
1910 1377 2002 1418 aut
2030 1366 2129 1419 sub

548 1453 723 1521 aliqua
758 1464 1024 1521 potestate
1050 1455 1144 1521 sit,
1175 1464 1231 1509 et
1274 1466 1451 1509 utrum
1488 1458 1658 1525 possit
1697 1459 2007 1510 renuntiare
2039 1473 2128 1525 pa-

547 1546 797 1601 rentibus
823 1546 958 1609 suis,
1008 1556 1061 1602 et
1104 1552 1375 1617 propriam
1416 1549 1723 1604 facultatem
1752 1560 2125 1605 contemnere.

543 1638 601 1692 Si
629 1655 749 1693 eum
776 1639 1010 1694 viderint
1051 1654 1231 1710 aptum
1265 1644 1329 1696 ad
1376 1649 1577 1709 omnia,
1614 1656 1738 1699 tunc
1766 1646 2047 1699 docebitur
2076 1654 2130 1699 et

544 1731 777 1800 reliquas
824 1736 1138 1788 monasterii
1172 1736 1486 1803 disciplinas
1516 1754 1648 1805 quas
1679 1739 1855 1792 facere
1892 1740 2126 1806 debeat,

2231 532 2367 585 cinia
2409 532 2488 584 eis
2530 531 2807 584 tribuent:
2870 528 2976 584 fut
3015 532 3156 583 nulla
3203 531 3273 584 sit
3301 529 3519 583 occasio
3561 524 3803 593 blasphe«

2232 625 2435 679 mandi.
2486 626 2635 691 Quod
2679 634 2704 673 8
2749 626 2792 679 si
2842 625 2908 679 ad
2951 640 3201 693 vesperas
3254 622 3528 687 venerint,
3573 620 3803 689 abjicero

2230 731 2323 770 eas
2352 716 2500 770 nefas
2539 727 2653 783 est;
2684 716 2777 771 scd
2805 692 3089 785 accipient,
3119 725 3175 769 ut
3214 715 3471 779 diximus,
3501 692 3801 781 separatum

2231 810 2432 873 locum,
2460 820 2513 864 et
2539 810 2782 864 clausum
2820 825 2941 864 cum
2979 810 3123 863 omni
3165 808 3445 878 disciplina
3474 816 3636 875 atque
3679 821 3805 863 cau-

2229 903 2362 971 tela,
2405 913 2461 957 ut
2492 920 2619 972 grex
2670 904 2895 956 fratrum
2940 903 3105 957 libere
3152 917 3251 955 suo
3281 900 3459 955 officio
3497 899 3719 962 serviat,
3758 905 3808 951 et

2230 998 2358 1051 nulli
2389 997 2543 1050 detur
2574 997 2956 1051 offendiculum
2986 995 3321 1051 detrahendi.

2301 1087 2471 1143 XXX.
2516 1088 2572 1142 Si
2603 1090 2722 1159 quis
2752 1099 2875 1142 ante
2907 1089 3102 1143 ostium
3130 1087 3338 1142 steterit
3362 1085 3695 1149 monasterii,
3729 1085 3803 1139 di-

2230 1195 2358 1234 cens
2388 1196 2445 1234 se
2474 1182 2610 1234 velle
2641 1182 2829 1234 videre
2863 1183 3084 1234 fratrem
3126 1195 3278 1233 suum
3305 1178 3396 1232 vel
3428 1180 3804 1247 propinquum,

2227 1272 2427 1341 jauitor
2469 1273 2733 1326 uuntiabit
2780 1273 2920 1326 Patri
2967 1270 3300 1336 monaSterii,
3356 1280 3410 1325 et
3452 1271 3539 1325 ille
3579 1271 3805 1325 accitum

2234 1366 2588 1434 interrogabit
2621 1366 2967 1435 praepositum
2997 1365 3208 1429 domus,
3242 1363 3288 1418 si
3320 1363 3459 1431 apud
3491 1378 3609 1417 eum
3642 1364 3730 1428 sit,
3757 1371 3809 1417 et

2231 1460 2578 1527 permittente
2622 1473 2709 1521 eo,
2752 1456 2979 1521 accipiet
3020 1456 3266 1509 comitem
3306 1454 3634 1523 egreSsionis
3675 1468 3808 1519 sum,

2230 1550 2381 1615 CUles
2411 1548 2541 1602 fides
2584 1548 2798 1614 probata
2828 1556 2910 1600 est
2935 1562 2949 1610 ;
2979 1554 3034 1599 et
3080 1546 3159 1598 sic
3205 1545 3444 1599 mittetur
3485 1544 3550 1596 ad
3590 1542 3809 1597 fratrem

2231 1638 2517 1693 videndum
2550 1639 2631 1690 vel
2664 1640 2725 1690 ad
2766 1639 3090 1705 proximum.
3124 1635 3183 1691 Si
3225 1636 3360 1689 forte
3395 1634 3595 1702 aliquid
3622 1636 3812 1690 attule-

2232 1730 2301 1784 rit
2342 1732 2582 1784 eiboruin
2611 1730 2805 1799 quibus
2837 1730 2888 1781 in
2935 1728 3265 1781 monasterio
3301 1728 3442 1780 vesci
3473 1724 3673 1779 licitum
3706 1736 3809 1791 est,

544 1824 847 1894 quibusque
871 1828 1098 1893 servire,
1134 1829 1249 1882 sive
1275 1830 1324 1883 in
1357 1832 1583 1884 collecta
1614 1832 1853 1885 omnium
1883 1834 2128 1895 fratrum,
2162 1824 2208 1883 B
2235 1822 2511 1889 SllSCittCrc
2541 1822 2655 1889 ipse
2684 1839 2787 1874 ιιυιι
2822 1822 3036 1887 poterit,
3070 1819 3165 1874 Sed
3193 1819 3401 1871 Vttcabil
3424 1818 3736 1887 ianitorem.
3758 1828 3812 1871 el

542 1917 660 1971 sive
708 1917 759 1970 in
792 1918 953 1972 domo
995 1920 1079 1972 cui
1131 1921 1424 1975 tradendus
1465 1933 1569 1986 est,
1618 1923 1731 1975 sive
1787 1924 1841 1976 in
1877 1924 2128 1977 vescendi

544 2006 767 2071 ordine;
799 2016 853 2063 et
882 2008 1177 2064 instructus
1204 2021 1365 2080 atque
1399 2013 1666 2081 perfectus
1700 2014 1751 2066 in
1785 2014 1929 2067 omni
1961 2030 2128 2081 Opere

542 2098 689 2167 bono
715 2100 971 2157 fratribus
1000 2105 1304 2172 c0puletur.
1341 2116 1362 2143 ο
1404 2105 1554 2160 Tunc
1581 2107 1859 2159 nudabunt
1889 2122 2011 2160 eum
2040 2123 2129 2162 ve-

544 2191 816 2251 stimentis
858 2195 1231 2261 szecularibus,
1281 2206 1336 2250 et
1376 2196 1603 2251 indueut
1654 2197 1897 2251 habitum
1952 2214 2131 2253 mona-

544 2281 806 2349 chorum;
839 2285 1081 2339 tradetur
1105 2287 1351 2352 ostiario,
1392 2296 1450 2340 ut
1482 2287 1738 2342 orationis
1764 2297 2008 2357 tempore
2036 2290 2132 2343 ad-

545 2372 706 2425 ducat
735 2388 860 2427 eum
892 2376 943 2428 iu
976 2388 1325 2445 conSpectum
1368 2380 1609 2432 omnium
1641 2380 1891 2445 fratrum,
1920 2381 2131 2436 sedebit

546 2462 603 2516 itt
633 2478 700 2518 eo
728 2464 851 2519 loco
882 2467 933 2520 in
976 2483 1083 2537 quo
1131 2470 1179 2524 ei
1226 2483 1554 2541 prmceptum
1585 2474 1764 2527 fuerit.
1800 2474 2128 2529 Vestimenta

545 2570 671 2624 qua
691 2570 873 2612 secum
900 2560 1168 2616 detulerat
1211 2566 1496 2633 accipient,
1531 2568 1619 2635 qui
1650 2568 1775 2623 huic
1801 2569 1880 2623 rei
1912 2584 2128 2639 prmpo-

544 2649 637 2703 siti
682 2662 829 2717 sunt,
863 2663 919 2708 et
958 2654 1255 2712 inferentur
1302 2660 1357 2712 in
1406 2660 1759 2728 repositorio.
1792 2670 1847 2716 et
1888 2674 2046 2717 erunt
2078 2662 2130 2717 in

551 2752 823 2811 potestate
851 2748 1107 2816 principis
1133 2754 1468 2805 monasterii.

619 2833 834 2890 XXVII.
874 2837 1045 2895 Nemo
1071 2856 1294 2895 manens
1340 2842 1393 2895 itt
1427 2845 1763 2897 monasterio
1802 2845 2133 2914 suscipiendi

545 2927 849 2996 quempiam
893 2932 961 2983 ad
1008 2933 1335 2987 vescendum
1386 2933 1582 2988 habeat
1621 2941 1941 3003 potestatem
1971 2978 1986 3002 ,
2040 2938 2136 2992 sed

546 3014 574 3054 ⁶
613 3019 789 3074 mittet
820 3036 943 3076 eum
974 3023 1043 3078 ad
1080 3024 1275 3079 ostium
1316 3027 1669 3093 xcnodochii,
1715 3036 1772 3084 et
1807 3031 2136 3099 suscipiatur

546 3110 614 3165 ab
641 3110 708 3165 iis
734 3115 821 3182 qui
848 3114 973 3171 huic
998 3118 1073 3171 rei
1109 3120 1379 3188 prmpositi
1412 3128 1558 3173 sunt.

2231 1915 2324 1970 ille
2353 1916 2512 1968 allata
2561 1914 2849 1983 suscipiet;
2887 1930 3004 1982 qua:
3050 1913 3096 1966 si
3140 1913 3261 1966 talia
3308 1911 3507 1965 fuerint
3533 1927 3653 1981 qum
3691 1926 3812 1965 cum

2231 2023 2368 2075 pane
2392 2008 2656 2062 vescenda
2690 2010 2817 2069 sint,
2847 2008 2976 2061 nihil
3009 2006 3199 2061 horum
3230 2007 3262 2060 ii
3287 2008 3476 2074 quibus
3506 2006 3667 2058 allata
3691 2014 3812 2059 sunt

2231 2102 2527 2168 accipient,
2580 2101 2672 2155 sed
2720 2113 2911 2155 cuncta
2960 2100 3027 2154 ad
3086 2101 3201 2154 loca
3248 2100 3617 2168 wgrotantium
3665 2097 3793 2154 defe

2231 2203 2421 2247 rentur

2306 2283 2499 2338 XXXI.
2541 2284 2595 2338 Si
2638 2284 2797 2337 fuerit
2841 2283 3142 2337 nuntiatum
3188 2282 3331 2352 quod
3386 2281 3453 2336 de
3500 2282 3817 2351 propinquis

2232 2376 2355 2444 quis
2382 2385 2627 2445 aegrotet,
2661 2375 2863 2444 janitor
2908 2377 3110 2444 primus
3149 2373 3411 2428 uuntiabit
3445 2373 3585 2427 Patri
3633 2388 3813 2427 mona-

2235 2470 2408 2533 Sterii,
2446 2481 2499 2524 et
2548 2470 2639 2524 ille
2672 2470 2905 2522 accitum
2954 2466 3308 2535 interrogabit
3340 2466 3685 2534 prrepositum
3716 2463 3819 2519 dor-

2234 2578 2377 2617 mus.
2412 2563 2677 2618 Videbunt
2706 2564 2877 2616 virum
2920 2562 3071 2629 cujus
3119 2560 3250 2614 fides
3288 2569 3343 2613 et
3368 2560 3646 2627 disciplina
3694 2574 3805 2628 pro

2235 2653 2358 2709 bata
2386 2655 2475 2719 sit,
2530 2664 2582 2708 et
2610 2655 2824 2708 mittent
2862 2670 2982 2709 cum
3012 2668 3079 2707 eo
3107 2662 3165 2706 ιιι
3203 2650 3386 2705 visitet
3432 2660 3821 2720 argrotantem;

2237 2756 2443 2801 tantum
2484 2748 2714 2817 accipiet
2750 2749 2925 2802 viatici
2970 2757 3227 2818 quantum
3264 2745 3587 2816 praepositus
3626 2744 3825 2799 domus

2238 2854 2354 2907 ejus
2382 2839 2706 2895 decreverit.

2310 2930 2528 2985 XXXII.
2570 2931 2723 2996 Quod
2756 2930 2799 2984 si
2843 2930 3138 2983 necessitas
3164 2929 3436 2999 impulerit
3463 2939 3519 2982 ut
3545 2927 3680 2981 foris
3706 2942 3793 2981 ma

2240 3034 2384 3090 neat,
2415 3031 2469 3077 et
2490 3034 2737 3077 vescatur
2762 3024 2812 3077 in
2836 3032 3057 3092 paterna
3083 3032 3175 3075 aut
3195 3020 3616 3092 propinquorum
3638 3020 3825 3085 domo,

2240 3117 2345 3172 hoc
2391 3134 2496 3172 non
2531 3117 2718 3180 faciet,
2772 3116 2867 3171 sed
2893 3114 2922 3153 ιι
2948 3116 3185 3171 manebit
3221 3116 3274 3169 in
3325 3114 3599 3169 dominico
3643 3112 3729 3167 vel
3769 3112 3828 3168 in

615 3192 853 3262 XXVIII.
894 3202 1121 3274 Quando
1152 3210 1216 3264 ad
1250 3212 1449 3267 ostium
1483 3214 1798 3269 monasterii
1841 3216 2005 3285 aliqui
2036 3233 2126 3271 ve-
2159 3203 2207 3267 C
2240 3212 2571 3265 monasterio
2603 3207 2620 3247 ί
2674 3208 2915 3278 ejusdem
2962 3207 3105 3260 fldei.
3154 3205 3311 3272 Quod
3347 3206 3391 3259 si
3430 3205 3481 3259 ei
3521 3204 3711 3259 affines
3742 3204 3832 3259 vel

545 3296 754 3364 nerint,
806 3299 851 3351 si
898 3299 1085 3354 clerici
1118 3300 1323 3356 fuerint
1368 3314 1461 3357 aut
1491 3306 1762 3374 monachi,
1806 3310 1994 3377 majori
2039 3309 2135 3363 bo-

545 3397 683 3439 Iore
731 3388 1131 3453 suscipiantur;
1180 3391 1438 3447 lavahunt
1482 3396 1647 3460 pedes
1692 3412 1901 3457 eorum.
1951 3413 2132 3452 serva-

546 3469 682 3527 bunt
708 3474 981 3557 Evangelii
1012 3490 1298 3550 praecepta,
1332 3492 1385 3536 et
1422 3484 1689 3539 deducent
1727 3488 1791 3541 ad
1824 3490 1999 3543 locum
2042 3507 2135 3546 xe-

547 3562 833 3637 nodocbii;
867 3568 1179 3634 praebebunt
1208 3575 1386 3627 omnia
1416 3590 1534 3643 quze
1564 3588 1686 3645 apta
1720 3591 1845 3633 sunt
1876 3583 1993 3636 usui
2025 3598 2135 3638 mo-

548 3654 870 3713 nachorum.
922 3662 1074 3727 Quod
1125 3663 1169 3718 si
1231 3666 1501 3722 voluerint
1564 3672 1827 3724 orationis
1890 3684 2133 3743 tempore

550 3754 713 3816 atque
762 3753 1004 3809 collectae
1056 3758 1248 3814 venire
1306 3761 1372 3813 ad
1412 3772 1738 3818 conventum
1792 3766 2037 3834 fratrum,
2088 3769 2135 3822 si

552 3837 795 3925 ejusdem
832 3846 956 3902 fidei
988 3848 1207 3917 fuerint,
1243 3853 1489 3907 minister
1518 3856 1842 3909 xenodochii
1870 3859 2139 3913 uuntiabit

552 3933 699 3989 Patri
755 3942 1090 4005 monasterii,
1142 3954 1196 3998 et
1242 3946 1323 3999 sic
1362 3946 1698 4000 deducentur
1746 3949 1810 4002 ad
1849 3951 2132 4006 orandum.

620 4027 815 4084 XXIX.
859 4033 914 4087 Si
964 4035 1255 4090 saeculares
1307 4037 1555 4091 homines
1605 4048 1698 4092 aut
1751 4041 1990 4106 debiles,
2043 4054 2137 4098 aut

553 4128 577 4155 ο
621 4133 745 4174 vasa
794 4118 1112 4190 infirmiora,
1164 4126 1216 4181 id
1262 4136 1364 4190 est,
1419 4130 1760 4184 muliercula:
1787 4135 2034 4190 venerint
2068 4137 2135 4192 ad

550 4212 770 4277 ostium,
818 4215 1119 4283 suscipieut
1167 4220 1408 4289 singulos
1458 4223 1508 4275 in
1540 4222 1767 4277 diversis
1812 4226 1942 4280 locis
1984 4228 2137 4294 juxta

550 4301 799 4357 Ordinem
830 4308 1106 4377 praepositi
1160 4321 1213 4365 et
1261 4326 1424 4367 sexus
1457 4313 1563 4375 sui,
1594 4316 1862 4384 praecipue
1910 4317 2139 4375 feminas

551 4392 745 4467 majori
778 4400 985 4457 honore
1019 4412 1075 4457 et
1104 4402 1379 4476 diligentia
1426 4408 1714 4476 curabunt,
1748 4425 1871 4464 cum
1900 4412 2044 4466 omni
2072 4413 2140 4466 ti-

2236 3305 2450 3371 Cognati
2479 3299 2904 3369 przrparaverint
2936 3300 3086 3353 cibos
3117 3308 3170 3352 et
3199 3299 3568 3367 apposuerint,
3612 3311 3710 3351 nec
3736 3312 3834 3353 ac-

2235 3394 2441 3462 cipient
2494 3393 2755 3455 omnino,
2801 3406 2903 3445 nec
2953 3400 3263 3456 vescentur,
3302 3390 3405 3444 nisi
3462 3389 3548 3444 his
3606 3405 3727 3461 qua:
3777 3391 3837 3445 in

2237 3495 2569 3548 monasterio
2610 3494 2773 3547 edere
2816 3500 3241 3556 consueverunt,
3276 3506 3383 3544 non
3429 3492 3733 3560 gustabunt
3771 3491 3843 3547 li-

2237 3612 2504 3667 quamcn,
2558 3612 2653 3649 nec
2702 3595 2881 3647 viuum
2936 3593 3146 3660 bibent,
3194 3607 3294 3647 nec
3338 3591 3482 3646 aliud
3529 3590 3839 3662 quidpiam,

2242 3710 2472 3768 quorum
2519 3696 2713 3751 edendi
2763 3710 2869 3748 non
2926 3696 3127 3748 habent
3172 3694 3640 3749 consuetudinem.
3690 3692 3753 3749 Si
3810 3709 3843 3747 a

2242 3798 2555 3869 parentibus
2607 3796 2880 3867 quidpiam
2929 3795 3257 3864 acceperint,
3309 3804 3513 3848 tantum
3546 3794 3847 3851 comedent

2240 3907 2500 3967 quantum
2543 3897 2595 3950 in
2645 3897 2734 3949 via
2778 3896 3015 3962 sulficit;
3063 3906 3261 3950 cratera
3293 3910 3417 3966 quae
3470 3896 3848 3951 remanserint

2242 4000 2447 4055 dabunt
2491 4000 2779 4068 praeposito
2823 3998 3016 4053 domus
3060 4010 3196 4057 suae.
3253 4007 3307 4052 et
3346 3996 3439 4052 ille
3493 3996 3731 4067 portabit
3783 4000 3845 4054 in

2243 4104 2432 4159 cellam
2478 4103 2865 4171 languentium.

2320 4203 2558 4258 XXXIII.
2612 4204 2667 4257 Si
2714 4203 3044 4271 propinquus
3095 4200 3323 4271 alicujus
3373 4211 3463 4255 aut
3506 4206 3851 4271 consangui-

2248 4321 2383 4360 ncus
2409 4314 2654 4359 mortuus
2678 4303 2860 4366 fuerit,
2898 4302 3257 4372 prosequeudi
3289 4301 3446 4356 funus
3476 4320 3580 4357 non
3617 4298 3853 4360 habebit

2250 4419 2571 4479 potestatem
2604 4407 2706 4461 nisi
2742 4407 2901 4460 Pater
2935 4405 3251 4459 monasterii
3281 4405 3623 4474 praeceperit.

1632 4569 1884 4626 ALARDI
1925 4570 2155 4628 ϐΑΖΑΞι
2194 4560 2750 4627 COMMENTARIUS.

629 4688 649 4714 ⁸
693 4679 882 4752 Modus
914 4682 1241 4750 suscipiendi
1289 4685 1547 4749 novitios,
1582 4686 1689 4749 vel,
1724 4696 1780 4739 ut
1803 4686 1868 4740 D.
1905 4686 2134 4740 Benedi-
2163 4689 2218 4749 D
2243 4685 2465 4752 pv'llare,
2495 4682 2513 4734 I
2539 4680 2732 4735 Thess.
2757 4696 2846 4735 tv:
2878 4677 2946 4735 Ut
2976 4679 3471 4752 sciatunnsqnisque
3502 4686 3728 4732 vestrum
3754 4696 3851 4733 vas

551 4750 963 4827 Cttt'sloquitur,
996 4753 1271 4826 disciplina
1308 4758 1749 4827 suscipiendorum
1778 4761 2037 4825 fratrum;
2068 4758 2136 4811 de

551 4832 654 4902 qua
688 4822 791 4877 late
817 4822 1108 4902 Qassiauus
1129 4822 1230 4882 lib.
1264 4841 1313 4881 tv
1346 4822 1941 4884 Institutionumsvme
1968 4830 2134 4884 etiam

551 4890 687 4944 infra
709 4904 812 4948 art.
843 4896 936 4950 80.

626 4961 651 4998 ι)
675 4959 810 5018 Puta
859 4980 1082 5039 servus,
1115 4966 1201 5024 vel
1238 4983 1406 5039 puer,
1448 4970 1560 5023 sive
1589 4970 1859 5031 impubes.
1893 4969 1953 5023 Ili
1984 4970 2129 5024 enim

555 5048 659 5089 non
689 5047 915 5109 possunt
936 5038 1261 5107 iugrediuec
1286 5040 1493 5093 admitti
1514 5041 1566 5093 in
1596 5041 1906 5109 religionem
1928 5044 2132 5109 absque

550 5120 822 5179 couSensu
858 5107 1201 5164 dominorum
1252 5123 1345 5165 aut
1399 5107 1717 5179 parentum,
1750 5120 1805 5164 ut
1852 5116 2023 5164 sacris
2049 5107 2131 5165 est

550 5176 851 5233 canonibus
873 5195 1210 5248 expressum.

626 5259 649 5287 ο
689 5248 912 5303 Mutatio
942 5252 1159 5306 habitus
1183 5261 1237 5305 et
1277 5252 1366 5305 alii
1396 5252 1603 5319 antiqui
1642 5254 1780 5307 ritus
1822 5254 2137 5306 monasticae

553 5320 940 5387 professionis;
972 5322 1039 5376 de
1061 5323 1253 5389 quibus
1278 5322 1399 5377 vide
1420 5324 1736 5379 Cassianum
1770 5325 1860 5376 lib.
1889 5339 1939 5377 tv
1963 5338 2083 5389 cap.
2103 5323 2138 5377 ὅ

550 5401 604 5444 ct
635 5409 755 5473 seq.
781 5392 829 5447 A
857 5396 1050 5465 quibus
1080 5397 1244 5449 etiam
1271 5397 1580 5452 auctoribus
1608 5396 1672 5450 D.
1700 5396 2023 5451 Benedictus
2047 5409 2139 5447 ac-

583 5478 714 5520 8οη.

549 5472 939 5605 εϐθιὲωθριίη
981 5536 1256 5605 hospitum
1298 5535 1364 5590 ad
1416 5551 1550 5606 quos
1600 5537 1887 5606 pertineat,
1918 5534 2135 5606 Cassia:

553 5618 653 5676 nus
686 5606 778 5657 lib.
812 5604 843 5656 v
870 5622 989 5670 cap.
1017 5604 1099 5663 23
1124 5617 1180 5660 et
1206 5604 1451 5676 sequenti
1481 5649 1495 5670 ,
1544 5604 1810 5663 et'collat.
1851 5608 1885 5660 2
1916 5622 2036 5674 cap.
2063 5604 2136 5661 ‘25

554 5685 603 5722 rt
632 5670 719 5726 ‘20.
748 5676 811 5729 Et
837 5682 935 5731 hoc
967 5683 1126 5732 etiam
1159 5670 1461 5731 iusti-tutum
1490 5682 1727 5732 imitatus
1756 5691 1837 5733 est
1870 5680 1931 5731 Ι).
1963 5670 2134 5733 Bene—

557 5744 728 5817 dictus
755 5762 876 5816 cap.
906 5748 1005 5815 45,
1034 5751 1107 5801 Ile
1140 5751 1419 5817 hospitibus
1445 5751 1804 5817 suscipiendis.

632 5824 655 5852 ⁶
682 5815 836 5876 Solet
858 5822 1003 5877 enim
1030 5815 1315 5885 Scriptura
1339 5821 1482 5877 vasis
1510 5815 1729 5875 nomine
1765 5819 2025 5877 feminam
2047 5837 2137 5883 ap-

2241 4749 2391 4809 sttum
2437 4752 2522 4823 (id
2556 4764 2661 4815 est,
2700 4766 2921 4823 lusorem
2953 4750 3128 4821 suam)
3154 4752 3421 4823 possidere
3452 4749 3855 4823 inruant-itﬁui-

2242 4829 2379 4879 tione
2408 4820 2455 4877 et
2484 4822 2676 4875 honore
2703 4838 2721 4883 :
2753 4822 2772 4876 I
2808 4823 2943 4877 Petri
2980 4836 3073 4876 ut:
3110 4820 3292 4888 οαωί
3322 4820 3597 4889 inﬁrmiori
3625 4821 3854 4877 vasculo

2242 4897 2479 4949 muliebri
2510 4895 2851 4964 impertientes
2877 4894 3140 4947 honorem.

2316 4967 2334 5005 ί
2369 4966 2502 5020 Aliis
2542 4960 2719 5018 verbis
2747 4966 3047 5029 explicatur
3092 4966 3143 5018 in
3173 4963 3281 5016 fine
3304 4960 3548 5032 ejusdem
3577 4962 3805 5018 articuli
3836 4980 3850 5016 :

2240 5038 2394 5092 Nulli
2425 5037 2572 5090 detur
2604 5034 2974 5101 olfendiculum
2996 5032 3322 5089 detrahendi.

2310 5118 2335 5155 Β
2365 5108 2444 5161 Ad
2476 5121 2748 5174 VOSpCI‘HS,
2787 5107 2998 5170 ponitur
3031 5121 3146 5173 pro,
3173 5105 3239 5158 ad
3266 5117 3569 5170 vesperam.

2318 5176 2346 5216 ¹³
2389 5180 2442 5233 Id
2475 5188 2556 5233 est
2584 5218 2598 5241 ,
2661 5179 2711 5230 in
2744 5177 2985 5230 ecclesiis
3015 5217 3029 5242 ,
3063 5178 3143 5228 vel
3188 5178 3239 5228 in
3287 5175 3420 5227 Ionis
3452 5173 3682 5227 Domino
3710 5189 3851 5235 con-

2243 5251 2496 5305 secratis.
2562 5249 2635 5303 De
2686 5247 2963 5302 Dominico
3017 5246 3226 5316 egimus
3272 5244 3339 5299 ad
3393 5246 3486 5298 lib.
3545 5258 3602 5298 Ill
3656 5245 3848 5298 Instit.

2242 5337 2359 5389 cap.
2395 5321 2449 5375 7.

2320 5392 2336 5432 ί
2378 5392 2485 5445 Hoc
2508 5400 2612 5452 est,
2632 5387 2914 5443 catholica!
2940 5396 2995 5443 et
3021 5387 3345 5444 orthodoxa:
3367 5386 3490 5440 fidei
3515 5393 3573 5439 ct
3591 5399 3849 5439 commtto

2242 5465 2441 5519 nionis.
2471 5462 2641 5515 Fuere
2671 5461 2810 5513 enim
2860 5460 2962 5512 illis
3003 5461 3333 5525 temporibus
3376 5458 3529 5511 utulli
3585 5455 3848 5511 monachi

2243 5535 2483 5590 haeretici
2516 5534 2597 5585 vel
2624 5531 2953 5586 schismatici
2986 5530 3271 5584 catholicis
3296 5530 3524 5591 vitandi,
3550 5527 3618 5583 de
3638 5533 3846 5596 quibus

2243 5609 2537 5661 Cassianus
2559 5605 2739 5657 collat.
2776 5605 2792 5654 l
2830 5603 3054 5671 C.‘tp.‘20.
3087 5601 3218 5654 llinc
3247 5601 3309 5654 D.
3348 5602 3712 5670 Hieronymus
3741 5598 3843 5653 lib.

2246 5694 2304 5731 ιιι
2352 5678 2575 5742 Apolog.
2615 5677 2875 5729 adversus
2918 5673 3182 5728 ltnlfmum
3211 5712 3226 5737 ,
3256 5673 3445 5727 scribit
3474 5686 3531 5725 se
3558 5673 3612 5725 iit
3643 5684 3843 5725 mona-

2244 5750 2413 5802 sterio
2455 5747 2807 5799 Bethleemito
2852 5758 3097 5813 agentem
3138 5759 3328 5806 omnes
3376 5742 3622 5811 hospites
3669 5754 3843 5797 eloc-

2238 5819 2413 5881 pisse.
2439 5828 2799 5884 praeterquam
2829 5816 3133 5873 haereticos.
