4000 6186
144 341 238 405 185

1364 351 1648 412 REGULA
1684 355 1740 413 s.
1782 343 2132 414 PA’CIiOMIt.

3295 349 3405 424 {8'6

202 453 439 510 XXXIV.
483 457 512 488 ⁸
571 455 757 513 Nullus
802 457 954 514 solus
1017 458 1262 516 mittatur
1308 463 1454 516 foras
1502 463 1567 517 ad
1609 464 1709 519 ali-
1736 459 1784 527 Α
1811 475 1881 523 e‘o
1923 467 2109 533 alium,
2153 476 2226 533 et,
2281 468 2391 523 lota
2421 476 2594 536 veste,
2647 465 2988 526 revertentur
3035 466 3296 536 domum;
3348 487 3402 528 et

143 549 269 619 quod
295 550 594 618 negotium,
620 549 716 605 nisi
750 551 933 620 iuncto
959 554 1008 608 ei
1049 554 1241 608 altero.
1271 554 1498 622 Quando
1525 563 1702 612 autem

127 629 337 696 reversi
390 643 590 698 fuerint
621 643 674 698 in
717 637 1134 712 monasterium,
1191 647 1238 702 si
1296 647 1531 703 viderint
1582 660 1708 706 ante

138 734 326 790 ostium
360 749 686 807 quaerentem
714 739 951 809 aliquem
998 753 1220 796 suorum
1250 741 1493 798 afllnlum
1521 743 1589 798 de
1623 743 1705 799 his

137 828 215 894 qtti
246 829 301 881 in
345 829 671 886 monasterio
707 837 1132 897 commorattt'ur,
1183 845 1290 888 non
1322 835 1596 890 audebunt
1627 837 1705 892 ire

133 917 192 974 ad
216 931 356 986 eum,
381 925 440 974 et
455 908 728 987 nu‘ntlai‘e,
754 922 839 976 Vel
866 925 1086 988 vocare,
1115 923 1168 978 et
1193 925 1414 979 omnino
1444 925 1702 995 quidquid

135 1009 258 1066 foris
280 1009 571 1083 gesserint,
605 1017 696 1069 aut
744 1013 1048 1085 audierint,
1079 1016 1106 1056 δ
1136 1019 1191 1072 in
1219 1007 1552 1074 monasterio
1581 1034 1705 1074 nar-

139 1116 246 1158 rare
273 1122 372 1159 non
397 1117 674 1176 poterunt.

195 1184 409 1253 XXXV.
455 1211 477 1239 ο
533 1200 591 1256 Si
617 1202 830 1269 slgnum
863 1202 1046 1257 datum
1085 1202 1245 1258 fuerit
1272 1215 1329 1259 ut
1359 1205 1706 1276 egrediantur

139 1287 192 1342 ad
216 1305 371 1359 opus,
407 1296 724 1362 praepositus
753 1294 1038 1349 antecedat
1063 1309 1176 1360 eos,
1212 1304 1266 1350 et
1295 1298 1474 1352 nullus
1504 1300 1557 1351 in
1590 1311 1705 1352 mo-

136 1384 359 1434 nasterio
389 1383 714 1446 remanebit,
752 1385 851 1438 nisi
886 1386 931 1440 is
972 1386 1058 1439 cui
1087 1385 1247 1440 Pater
1279 1389 1618 1456 praeceperit.
1652 1399 1706 1444 et

137 1471 288 1544 hiqui
332 1475 538 1530 vadunt
587 1491 694 1542 quo
726 1483 954 1546 pergunt
984 1491 1088 1531 non
1137 1479 1566 1549 ittterrugabunt,
1609 1485 1701 1535 sed

136 1567 485 1636 unusquisque
537 1568 608 1622 de
651 1567 945 1637 Scripturis
987 1570 1185 1638 aliquid
1237 1572 1600 1627 meditabitur.
1649 1571 1702 1628 Si

135 1655 252 1712 forte
277 1657 472 1728 aliquis
499 1660 586 1714 eis
613 1661 935 1727 occurrerit,
973 1662 1058 1714 vel
1098 1661 1334 1715 voluerit
1373 1678 1493 1716 cum
1524 1665 1703 1734 aliquo

136 1761 293 1802 eorum
337 1750 508 1818 loqui,
563 1752 889 1820 praepositus
935 1754 1019 1806 cui
1063 1754 1166 1809 hoc
1209 1754 1507 1823 injunctttm
1546 1755 1704 1812 fuerit

1813 561 2070 616 siccatam
2103 573 2327 632 reponet
2371 563 2462 618 ille
2504 565 2590 619 cui
2632 566 2735 620 ltoc
2765 564 3061 633 injunctum
3093 577 3195 622 est.

1884 653 2174 709 xxxvut.
2212 654 2401 709 Nullus
2442 655 2512 710 de
2558 643 2716 712 horto
2762 659 2914 712 tollat
2956 659 3144 725 olera,
3196 649 3296 714 nisi
3331 662 3397 714 ab

1813 743 2103 798 hortulano
2144 747 2436 812 acceperit.

1883 835 2129 892 XXXIX.
2170 833 2197 874 ἀ
2236 837 2544 893 Pa-Ima‘rum
2584 838 2743 904 folia,
2777 831 2921 896 unde
2964 850 3219 896 texuntur
3247 857 3402 909 spor-

1813 937 1901 996 tm,
1936 945 2094 985 nemo
2123 946 2221 986 suo
2247 931 2371 1002 jure
2403 932 2585 999 tollat,
2609 934 2813 1004 absque
2840 947 2907 990 eo
2933 935 3024 991 cui
3054 936 3246 1006 palmae
3275 945 3398 990 sunt

1810 1023 2054 1077 creditae.

1883 1115 1994 1169 XL.
2039 1125 2064 1154 ⁸
2105 1116 2297 1170 Nullus
2345 1132 2476 1172 uvas
2519 1126 2611 1172 aut
2656 1119 2830 1188 spicas
2875 1119 3054 1175 adhuc
3081 1119 3400 1174 immaturas

1809 1209 2096 1264 comedere
2155 1211 2349 1265 audeat
2417 1221 2618 1280 printer
2667 1212 2912 1266 ordinem
2969 1203 3305 1282 disciplima;
3346 1224 3402 1268 et

1810 1301 2033 1356 omnino
2061 1301 2127 1356 de
2155 1302 2408 1356 omnibus
2452 1317 2572 1372 quae
2605 1303 2658 1357 in
2684 1317 2818 1372 agro
2849 1315 2975 1359 sunt
3003 1305 3087 1358 vel
3129 1306 3178 1358 itt
3210 1318 3397 1374 poma-

1808 1393 1892 1446 rlo
1917 1434 1932 1457 ,
1981 1408 2140 1445 nemo
2185 1393 2432 1448 comedet
2473 1396 2767 1462 separatim
2795 1439 2810 1464 ,
2863 1406 3149 1465 antequam
3188 1395 3399 1452 cunctis

1805 1481 2063 1538 fratribus
2095 1484 2253 1540 Pater
2280 1487 2554 1542 exhibeat.

1881 1574 2018 1629 XLI.
2062 1578 2159 1644 Qui
2205 1588 2470 1648 coquont,
2513 1589 2803 1651 antequam
2846 1581 3039 1636 fratres
3069 1575 3394 1650 comedam,

1812 1669 1835 1708 ί
1865 1686 1969 1724 non
1993 1672 2270 1726 audebunt
2297 1673 2478 1728 edere.

1886 1764 2044 1819 XLII.
2089 1767 2188 1832 Qui
2237 1782 2399 1843 super
2425 1767 2646 1822 arbores
2679 1767 2950 1834 pomarius
2975 1810 2991 1835 ,
3031 1775 3086 1823 et
3123 1783 3286 1837 super
3317 1769 3400 1822 vi-

133 1843 525 1900 occurrentibus
572 1844 944 1913 reSpondebit.
974 1845 1275 1915 Operautes
1322 1846 1457 1902 nihil
1484 1850 1703 1917 loquan-
1739 1851 1780 1918 Β
1812 1872 1944 1912 neas
1975 1867 2122 1918 sunt,
2158 1875 2264 1912 non
2291 1859 2580 1914 comedent
2609 1859 2674 1913 de
2709 1858 2972 1913 fruetibus
3004 1875 3190 1915 earum
3220 1905 3235 1929 ,
3291 1857 3396 1916 nis'i

133 1941 206 1988 tur
227 1936 508 2004 saeculare,
546 1937 644 1991 sed
691 1945 784 1992 aut
823 1939 1154 1993 meditcntnr
1182 1951 1302 2008 quae
1337 1951 1519 1996 sancta
1553 1949 1697 2006 sunt,

133 2037 206 2079 aut
235 2039 378 2083 certe
415 2031 686 2085 silebuut.
717 2029 885 2085 Nemo
913 2031 1187 2100 palliolum
1219 2032 1371 2085 tollat
1400 2048 1582 2087 secum
1613 2049 1699 2086 va-

129 2118 245 2174 dens
272 2121 335 2176 ad
367 2123 741 2192 Operandum,
777 2126 878 2179 nisi
904 2126 1258 2180 concessione
1290 2127 1530 2196 majoris.
1561 2128 1700 2192 Ope-

127 2209 232 2267 rans
283 2229 390 2270 non
433 2216 655 2271 sedebit
684 2216 800 2272 sine
837 2216 1056 2286 majoris
1088 2218 1335 2286 Imperio.
1380 2219 1568 2273 Omnia
1600 2235 1698 2273 au-

123 2310 212 2356 tem
239 2303 575 2361 ferramenta
600 2316 724 2375 post
755 2310 1126 2376 operationem
1159 2309 1224 2362 ad
1259 2309 1480 2363 domum
1513 2325 1698 2380 repor-

124 2393 376 2452 labuntur.

176 2489 422 2548 XXXVI.
465 2495 685 2564 Absque
706 2495 975 2564 prmpositi
995 2496 1240 2565 jussione
1263 2512 1423 2552 nemo
1445 2498 1691 2562 fratrum,

118 2581 154 2634 si
186 2586 567 2660 necessarium
609 2587 902 2654 habuerit,
945 2589 1181 2658 aliquem
1214 2590 1426 2645 mittere
1457 2591 1692 2660 poterit;

120 2672 242 2740 quod
270 2675 319 2729 si
348 2677 473 2745 ipse
502 2678 594 2746 qui
625 2680 798 2747 major
825 2686 908 2735 est
936 2680 1148 2750 cogitur
1175 2685 1497 2739 necessitate
1525 2685 1601 2739 ire
1628 2686 1690 2738 ad

118 2766 329 2842 aliquem
360 2771 554 2826 locum
583 2811 597 2836 ,
642 2773 883 2830 ofﬁcium
911 2791 1064 2830 suum
1095 2776 1144 2832 ei
1174 2777 1264 2847 qui
1293 2788 1414 2848 post
1439 2795 1498 2835 se
1530 2788 1613 2834 est
1638 2781 1690 2835 in

118 2858 285 2916 ordine
309 2860 610 2934 delegabit.

177 2947 432 3010 XXXVII.
481 2951 540 3011 Si
589 2958 711 3024 quis
755 2957 938 3011 lavare
988 2953 1222 3014 voluerit
1269 2962 1648 3017 vestimentum
1676 3006 1690 3029 ,

120 3049 461 3102 commonebit
516 3049 860 3118 praepositum
905 3063 1099 3115 suum,
1151 3061 1205 3105 et
1247 3049 1337 3105 ille
1370 3053 1544 3105 mittet
1573 3067 1692 3106 cum

1805 1949 1998 2006 fratres
2034 1952 2183 2020 prius
2211 1952 2571 2007 eomederint.
2620 1952 2675 2008 Si
2716 1951 2854 2021 jussi
2887 1950 3086 2007 fuerint
3118 1967 3396 2020 pomorum

1804 2043 1893 2097 vel
1925 2044 2202 2098 vinearum
2237 2044 2444 2100 fructus
2468 2045 2728 2114 colligere
2748 2087 2762 2110 ,
2797 2045 3116 2114 praepositus
3142 2044 3399 2114 colligen-

1805 2145 1941 2200 tium
1992 2145 2144 2201 dabit
2196 2148 2249 2202 in
2300 2147 2490 2202 eodem
2543 2147 2664 2202 loco
2709 2147 2934 2215 singulis
2966 2146 3031 2200 ad
3070 2146 3396 2201 vescendum

1806 2248 2050 2314 modica;
2097 2260 2147 2303 et
2196 2265 2316 2304 cum
2372 2249 2436 2303 ad
2489 2248 2874 2303 monasterium
2923 2249 3207 2313 venerint,
3260 2248 3400 2301 inter

1805 2335 2034 2403 cancros
2067 2348 2260 2404 fratres
2291 2360 2470 2419 partes
2512 2363 2638 2404 suas
2679 2347 2964 2416 accipient.
2999 2348 3052 2403 Si
3097 2351 3276 2401 autem
3317 2346 3399 2401 in-

1807 2452 2062 2506 venerint
2101 2452 2200 2506 sub
2247 2450 2534 2505 arboribus
2563 2465 2718 2519 poma
2752 2448 3015 2504 cecidisse
3040 2493 3056 2517 ,
3108 2447 3399 2505 comedere

1804 2565 1911 2604 non
1941 2552 2236 2618 audebunt,
2271 2551 2366 2606 sed
2396 2553 2615 2605 inventa
2645 2549 2698 2604 in
2743 2551 2973 2605 transitu
3003 2551 3151 2616 juxta
3185 2549 3396 2604 radices

1802 2651 2055 2707 arborum
2084 2652 2449 2706 collocabant.
2476 2650 2596 2720 Ipse
2625 2665 2841 2721 quoque
2871 2652 2961 2720 qui
2993 2650 3209 2705 cteteris
3236 2649 3395 2705 colli-

1803 2752 2056 2822 gentibus
2101 2751 2398 2815 distribuit,
2446 2759 2665 2821 gustare
2707 2764 2816 2804 non
2858 2751 3094 2820 pcterit;
3139 2749 3234 2805 sed
3268 2764 3395 2818 por—

1807 2854 1939 2908 tabit
1965 2853 2030 2907 ad
2059 2853 2490 2923 dispensatorem
2509 2889 2526 2917 ,
2552 2852 2642 2921 qui
2675 2866 2795 2906 cum
2823 2851 3036 2906 caeteris
3064 2851 3306 2919 dederit,
3339 2858 3396 2906 et

1803 2954 1908 3025 ipsi
1944 2955 2144 3008 tribuat
2180 2963 2388 3022 partem
2419 2966 2596 3007 suam.

1884 3052 2064 3106 XLIII.
2109 3063 2134 3099 ts
2171 3052 2365 3106 Nullus
2401 3051 2458 3104 in
2498 3051 2636 3104 cella
2697 3065 2792 3105 sua
2837 3059 3064 3117 reponat
3097 3049 3298 3118 aliquid
3327 3051 3396 3106 ad

1171 3187 1428 3240 ALARDI
1469 3184 1696 3240 ΕΑΖᾸΞΙ
1735 3183 2296 3240 COMMENTARIUS.

177 3306 195 3329 "
218 3295 325 3353 Mos
368 3299 523 3352 iste.
559 3306 612 3345 ut
638 3295 882 3348 monachi
917 3310 1021 3346 non
1048 3296 1178 3357 soli,
1212 3295 1305 3348 sed
1333 3294 1439 3346 bini
1460 3336 1473 3357 ,
1502 3294 1553 3348 id
1587 3301 1698 3356 est,
1728 3295 1772 3355 C
1806 3293 1984 3346 viderit
2020 3301 2114 3346 aut
2159 3293 2400 3358 audierit,
2429 3293 2551 3360 quia
2575 3292 2797 3358 plurima
2825 3291 3099 3345 destructio
3121 3303 3211 3347 cst.
3245 3294 3398 3357 Quod

126 3379 231 3420 unus
259 3385 398 3422 cum
433 3367 594 3420 Socio
634 3376 688 3419 et
733 3364 932 3417 cotnite
963 3364 1103 3417 foras
1148 3365 1434 3434 prodeant,
1468 3370 1704 3417 manavit

125 3438 317 3502 primum
345 3437 426 3490 ab
456 3438 714 3504 exemplo
755 3436 970 3498 Christi,
1002 3437 1088 3504 qui
1121 3435 1420 3499 discipulos
1443 3451 1568 3488 suos
1600 3452 1700 3489 non

122 3509 244 3562 solos
273 3549 286 3570 ,
339 3507 446 3562 sed
500 3507 643 3577 binos
676 3508 812 3558 misit
859 3517 978 3558 ante
1009 3503 1193 3577 faciem
1224 3522 1370 3558 suam
1416 3508 1469 3560 in
1506 3522 1702 3560 omnem

126 3578 346 3634 Civitatem
386 3587 439 3631 et
503 3576 670 3629 locum
715 3593 817 3646 quo
849 3583 956 3630 erat
996 3576 1105 3648 ipse
1131 3587 1405 3642 venturus,
1448 3578 1577 3632 Luc.
1634 3593 1698 3641 Χ,

128 3657 167 3698 et
195 3653 251 3700 ad
289 3648 602 3717 parandum
652 3650 956 3716 pascltalcm
991 3691 1004 3715 ,
1063 3649 1194 3702 Luc.
1249 3664 1378 3710 χχιι,
1428 3650 1700 3715 quemad-

127 3720 316 3773 modum
359 3732 415 3774 et
463 3720 530 3771 ad
572 3719 852 3772 \‘iscntltttu
887 3720 1003 3787 t-jus
1036 3721 1374 3787 sepulcrum,
1409 3719 1565 3774 Jnan.
1601 3735 1697 3782 xx,

128 3800 167 3838 et
187 3791 236 3843 in
272 3794 558 3845 civitatem
590 3789 851 3845 Samaria:
881 3785 1069 3844 Petrus
1093 3785 1144 3842 et
1169 3790 1427 3853 Joannea
1467 3794 1566 3842 hoc
1598 3801 1698 3852 est,

129 3860 402 3916 ditusitnul
438 3861 730 3925 abierunt,
766 3864 885 3916 Act.
914 3877 1029 3915 vut.
1068 3861 1320 3915 Secundo
1358 3862 1426 3914 ab
1458 3862 1702 3914 instituto

129 3941 415 3984 sanctorum
456 3932 699 3994 I’atrttm,
729 3932 1007 3987 Pachumii
1038 3934 1138 3987 hoc
1164 3934 1300 3994 loco,
1326 3931 1505 3986 Basilii
1533 3945 1607 3986 set
1627 3948 1697 3984 tn.

132 4000 149 4050 i
179 4003 273 4056 del
299 4003 429 4057 .Stit.
472 4003 888 4066 monachoruttt,
925 4005 1175 4056 Dorolltci
1201 4017 1365 4056 setut.
1398 4004 1487 4066 ‘20,
1517 4014 1570 4057 et
1595 4006 1703 4056 Au-

132 4075 301 4143 gustini
345 4078 396 4126 in
433 4074 643 4142 Regula
679 4090 694 4140 ;
735 4075 888 4143 cujus
926 4075 1092 4126 solius
1121 4074 1283 4129 verba
1331 4073 1415 4128 hic
1446 4077 1702 4128 recitasse

132 4137 398 4196 διιπςιὸρι-ἱὶ.
420 4137 887 4213 ραᾶηήοίὶιιίιὴίι,
914 4146 1208 4214 proceditis,
1235 4145 1388 4197 simul
1414 4146 1698 4206 ambulate;

137 4226 229 4283 cum
252 4215 591 4283 perveneritis
617 4232 712 4280 quo
735 4218 842 4279 itis,
870 4217 1022 4268 sintut
1049 4226 1195 4269 state.
1224 4217 1404 4268 Tertio
1427 4223 1494 4267 ab
1520 4232 1704 4270 exem-

135 4282 209 4354 pio
229 4282 565 4343 GOrumde‘m.
600 4286 749 4340 Prior
772 4288 959 4354 abbas,
987 4295 1043 4340 ut
1067 4298 1147 4339 est
1180 4287 1315 4354 apud
1341 4286 1699 4341 Sozotuettum

139 4350 218 4406 llb.
251 4365 296 4408 tt
321 4367 441 4423 cap.
473 4354 578 4420 29,
621 4365 728 4411 non
758 4357 859 4410 nisi
887 4350 1164 4426 assumpto
1190 4350 1340 4412 socio
1363 4358 1427 4409 ad
1460 4372 1700 4412 sororem

140 4433 335 4497 pergere
367 4425 569 4480 voluit.
615 4429 671 4481 S.
719 4429 957 4482 Thomas
987 4425 1229 4496 Aquinas
1262 4432 1574 4497 religiosum
1611 4431 1698 4494 qui

143 4495 264 4564 solus
287 4497 602 4564 procederet
619 4501 845 4552 vocabat
867 4495 1141 4552 diabolbm
1168 4495 1484 4552 solitarium.
1506 4501 1700 4553 Etcum

145 4562 198 4615 ab
222 4562 503 4621 Qconouto
545 4570 633 4634 qui
675 4583 795 4623 cum
827 4585 933 4622 non
966 4578 1253 4640 agnoverat
1280 4581 1498 4624 v0c:tttt~.
1531 4580 1697 4632 esset,

148 4642 193 4685 Ill
214 4653 262 4708 se
284 4640 346 4693 ad
374 4641 662 4694 macellum
707 4643 1074 4704 comitaretur,
1103 4641 1331 4694 libenter
1372 4649 1423 4693 et
1455 4649 1700 4708 prompte

147 4707 333 4773 secutus
354 4721 459 4773 est,
497 4719 555 4764 ut
576 4719 663 4765 est
687 4713 736 4763 in
767 4711 1037 4765 CbrOnicn
1066 4707 1699 4766 Dominicauornm.Vide

146 4772 618 4852 (lassianumltbj
645 4793 763 4849 cap.
797 4784 887 4845 40,
918 4792 972 4835 et
1002 4780 1063 4836 D.
1090 4781 1495 4852 Gregoriu‘min
1531 4779 1696 4850 Regi-

145 4857 244 4898 slto
270 4851 358 4907 lib.
383 4859 418 4906 x‘
446 4857 535 4920 ep.
564 4851 654 4918 22,
684 4853 772 4907 ubi
804 4854 1192 4906 tttoua'cltorum
1241 4851 1527 4920 quemdam
1553 4853 1696 4906 Con-

146 4921 407 4990 stantint’un
441 4926 661 4977 nomine
696 4938 722 4976 a
754 4923 1014 4990 fratribus
1040 4923 1332 4990 expetitum
1364 4922 1416 4974 in
1448 4921 1694 4977 abbatem

149 4985 319 5044 idcirco
344 4993 546 5061 repulit
575 4998 626 5046 et
669 4993 946 5063 indignum
973 4985 1227 5062 jbtlicavil
1285 4992 1428 5061 quod
1486 4992 1552 5045 ad
1587 5006 1697 5047 mo-

148 5064 412 5115 nasterium
439 5064 707 5131 quoddam
731 5072 878 5119 solus
906 5067 1259 5134 pt'rgeresiue
1276 5065 1458 5132 :tlinto
1472 5063 1692 5116 fratrum

149 5135 338 5206 suorum
369 5149 464 5202 pr..
488 5137 827 5200 sumpsisset.
853 5135 937 5190 Ex
965 5153 1088 5203 qua,
1123 5137 1214 5206 ait,
1247 5137 1359 5206 ejus
1385 5137 1583 5187 actione
1613 5149 1697 5187 co-

149 5205 411 5275 gnoscimus
440 5210 562 5275 quia
596 5209 639 5260 si
668 5209 780 5260 sine
817 5217 939 5260 teste
981 5205 1232 5264 ambulat.
1261 5215 1395 5258 recte
1417 5222 1515 5257 non
1544 5206 1698 5260 vivat.

150 5273 200 5348 At
219 5273 460 5348 quantodo
488 5278 606 5348 aliis
631 5278 864 5348 regulam
898 5287 1080 5337 teneat.
1115 5295 1267 5347 quam
1292 5277 1386 5329 sibi
1415 5275 1515 5344 ipsi
1545 5277 1701 5348 nescit

149 5347 324 5417 tmere?
365 5345 444 5400 Ita
473 5345 789 5416 Gregorius.
823 5349 1063 5417 Dunique
1108 5345 1176 5402 ab
1208 5349 1435 5401 hone~tu
1465 5356 1517 5398 ιιι
1546 5347 1659 5398 utili
1687 5363 1701 5413 ;

149 5415 527 5488 namhnnestas
554 5415 838 5488 religionis
867 5431 920 5474 et
948 5415 1298 5472 monachatus
1327 5419 1378 5471 id
1407 5420 1616 5479 suadet,
1639 5433 1706 5472 ne

150 5485 232 5560 ﬁcii
258 5485 500 5542 ittCedant
533 5485 803 5554 monachi,
837 5494 989 5560 quasi
1020 5492 1267 5559 gyrovagi
1297 5499 1351 5543 et
1379 5490 1562 5543 soluti.
1590 5487 1707 5560 liti-

149 5547 328 5611 litalem
356 5561 702 5614 commendat
755 5547 1157 5615 Iti'cc'lesias'tvi'rus
1207 5547 1313 5612 illis
1345 5561 1522 5614 verbis
1554 5577 1567 5615 :
1617 5558 1708 5613 Vte

150 5627 229 5743 ξοίὶ
254 5633 398 5743 ,‘qtii
444 5643 562 5685 cum
608 5633 880 5694 ceciderit,
924 5649 1024 5686 non
1063 5630 1208 5685 habet
1245 5633 1584 5684 sublevantem
1611 5647 1664 5684 se
1693 5672 1705 5693 ,

176 5709 250 5743 an-
315 5741 318 5743 .

176 5709 250 5760 ap.
276 5701 319 5753 t.

212 5767 234 5848 ξ
265 5770 322 5822 Ι).
357 5774 680 5851 Benedictus
711 5789 830 5845 cap.
866 5775 968 5828 67:
1007 5772 1115 5825 Nec
1161 5783 1456 5851 p‘t-tesumat,
1511 5773 1708 5851 inquit,

154 5841 395 5899 suisauam
421 5847 538 5900 aliis
583 5841 1301 5913 rderre'qucecumque'foris
1351 5841 1714 5897 monasterium

1806 3366 1852 3420 s'i
1873 3366 1986 3428 quis
2016 3365 2394 3432 pratsutnpserit
2425 3363 2660 3434 vindictw
2681 3363 2906 3433 regulari
2933 3362 3211 3434 subjuceat.
3246 3365 3396 3423 Idem

1808 3435 1944 3490 infra
1981 3438 2244 3503 repetitur
2273 3443 2379 3486 art.
2411 3433 2501 3488 49.

1883 3517 1904 3545 ο
1954 3507 2144 3561 Modus
2191 3505 2514 3573 provedendi
2556 3504 2702 3560 foras
2755 3504 2819 3558 ad
2865 3505 3223 3562 exercendum
3253 3524 3391 3573 onus

1807 3593 2064 3632 manuum
2087 3576 2244 3640 ,-boc
2270 3586 2386 3645 est,
2420 3578 2486 3629 ad
2535 3577 2794 3630 colendos
2820 3592 2981 3642 agros
3003 3621 3017 3646 ,
3051 3579 3134 3632 vel
3184 3580 3391 3646 hortos,

1808 3649 2090 3703 ntetendas
2138 3660 2392 3718 segetes,
2425 3648 2757 3716 colligendas
2801 3649 2980 3718 fruges
3003 3694 3015 3715 ,
3049 3652 3128 3705 vel
3160 3649 3389 3718 lructns,

1805 3731 1912 3776 etc.
1944 3721 2018 3772 De
2049 3734 2156 3787 quo
2183 3718 2296 3771 l'use
2327 3717 2616 3770 Cassianus
2660 3720 2750 3771 lib.
2802 3735 2833 3772 χ
2885 3717 3055 3773 Ιίιιειίι.
3096 3737 3216 3789 eap.
3244 3720 3314 3774 22
3341 3735 3395 3778 et

1805 3793 2083 3858 deinceps.
2113 3790 2177 3842 Et
2209 3790 2268 3860 ι).
2298 3789 2654 3860 Hieronymus
2680 3790 2744 3840 ad
2779 3790 2880 3842 hoc
2911 3793 3211 3844 institutum
3263 3809 3389 3860 spe-

1805 3874 1957 3918 ctans
2008 3862 2167 3928 epist.
2215 3859 2250 3912 4
2281 3860 2347 3911 ad
2381 3859 2658 3931 Rusticum
2701 3861 3023 3912 monachum
3061 3879 3074 3913 :
3112 3859 3394 3931 [Egyptia-

1803 3949 1942 3997 rum,
1977 3932 2167 3996 inquit,
2199 3931 2506 3983 monasteria
2528 3929 2660 3981 hunc
2681 3945 2872 3982 morem
2898 3940 3083 3996 tenent,
3114 3942 3167 3983 ut
3190 3929 3396 3986 nullum

1805 4006 1991 4070 absque
2024 4004 2189 4067 aperis
2217 4002 2387 4054 labore
2414 4001 2720 4070 suscipiunt.
2754 4000 2898 4053 Idem
2939 4004 3268 4070 Augustinus
3299 4003 3392 4057 lib.

1807 4076 1874 4128 de
1907 4072 2144 4127 Moribus
2198 4073 2363 4136 Eccl"
2398 4073 2485 4124 ubi
2536 4085 2717 4138 Supra.
2749 4070 3038 4126 Cassianus
3071 4075 3197 4126 item
3231 4073 3327 4127 l'tb.
3357 4089 3396 4128 II

1806 4159 1923 4211 cap.
1958 4146 2008 4207 5,
2040 4144 2098 4196 ι).
2126 4143 2452 4197 Benedictus
2480 4142 2658 4209 capite
2689 4145 2757 4196 48
2789 4153 2843 4196 et
2875 4144 2965 4196 57.

1874 4215 1900 4252 ά
1933 4216 2009 4269 De
2065 4216 2461 4285 palmam-bore
2501 4213 2726 4282 ejusque
2761 4213 3046 4285 multiplici
3099 4229 3196 4271 usu
3251 4215 3392 4285 apud

1806 4293 2016 4341 Veteres
2051 4284 2345 4338 monachos
2372 4288 2580 4350 egimus
2622 4287 2715 4338 lib.
2744 4301 2772 4339 κ
2796 4302 2913 4349 cap.
2946 4284 3039 4341 24.

1880 4367 1902 4395 ο
1931 4355 2222 4410 Cassianus
2247 4358 2336 4426 ltb.
2387 4371 2437 4408 tv
2465 4371 2586 4420 cap.
2618 4357 2705 4420 I8,
2736 4358 2876 4410 hunc
2901 4357 3076 4410 lorum
3101 4373 3390 4426 Spectans:

1807 4429 2111 4496 Antequam,
2137 4425 2330 4492 inquit,
2355 4425 2431 4476 vel
2465 4435 2730 4493 postquam
2758 4429 3036 4496 legitimam
3056 4425 3399 4484 contmuneni-

1805 4515 1902 4568 que
1946 4497 2268 4566 refectionem
2303 4496 2605 4568 percipiant,
2646 4511 2843 4568 summa
2882 4499 3117 4551 cautione
3164 4513 3398 4553 seruntur

1808 4565 1871 4621 ne
1895 4565 2042 4621 extra
2073 4571 2293 4617 mensam
2341 4565 2619 4629 quidquam
2657 4565 2756 4616 cibi
2785 4568 2984 4631 penitus
3023 4570 3100 4620 ori
3130 4585 3223 4620 suo
3251 4572 3396 4636 quis-

1807 4655 1910 4707 qua
1934 4660 1956 4686 ..-
1991 4635 2257 4704 indulgere
2293 4645 2612 4707 primumut;
2643 4641 2692 4684 ut
2715 4636 3066 4707 incedentibus
3096 4652 3183 4703 per
3223 4635 3395 4691 librtas

1803 4703 1852 4763 ἐι
1891 4723 2144 4779 pomaria,
2180 4721 2293 4756 cum
2326 4703 2847 4779 ‘passintnblartdeque
2891 4722 2979 4767 per
3007 4713 3212 4779 arbores
3244 4721 3397 4769 poma

1804 4774 2100 4848 pendentia,
2130 4792 2231 4829 non
2257 4775 2424 4827 soluat
2453 4774 2697 4844 objiciunt
2743 4791 2796 4827 se
2822 4775 3106 4844 pectoribus
3128 4787 3398 4830 transmit-

1805 4852 1954 4906 tium.
1987 4864 2159 4901 verum
2189 4855 2337 4898 etiam
2364 4855 2525 4896 strata
2556 4861 2644 4913 per
2673 4855 2858 4897 terrain
2879 4849 3227 4900 conculcttnda
3256 4849 3399 4915 pedi-

1804 4921 1897 4973 bus
1923 4919 2140 4984 o/ferant
2151 4959 2163 4979 ,
2180 4926 2328 4985 atque
2341 4915 2407 4967 ad
2418 4916 2764 4988 colligendum
2782 4926 2994 4988 parata,
3015 4919 3169 4988 facile
3181 4919 3247 4970 ad
3275 4929 3399 4972 eon—

1801 4999 2008 5045 sensum
2048 4987 2473 5054 concupiscentiis
2495 4990 2683 5040 illicerc
2709 4987 2912 5041 valeant
2941 4987 3210 5053 intuentes,
3235 4999 3280 5043 et
3306 5007 3399 5053 op-

1804 5062 2134 5129 portunitate,
2162 5059 2240 5113 uel
2266 5064 2432 5131 captu,
2480 5061 2706 5131 quamvis
2735 5057 3014 5123 districtos,
3048 5068 3202 5131 atque
3232 5063 3364 5115 absti
3389 5094 3398 5103 -

1802 5135 2123 5186 n'entissimos
2150 5133 2216 5184 ad
2241 5131 2320 5201 sui
2359 5130 2667 5182 desiderium
2708 5144 3023 5201 prouocare;
3068 5130 3398 5201 sacrilegium

1804 5206 2006 5256 dicatur
2046 5219 2147 5256 non
2198 5200 2350 5273 modo
2379 5203 2653 5273 quidquam
2685 5215 2748 5254 ea:
2772 5198 2856 5253 his
2897 5202 3191 5273 degustare,
3221 5198 3398 5256 iterum

1804 5276 1954 5327 etiam
1987 5290 2139 5325 manu
2170 5272 2484 5337 contingere,
2508 5271 2697 5339 absque
2741 5287 2798 5322 eo
2822 5271 3158 5341 quod—palam
3199 5275 3396 5326 cunctis

1806 5345 2150 5412 reﬁcientibus
2170 5343 2221 5395 in
2243 5356 2508 5393 commune
2520 5345 2806 5404 exhibetur,
2824 5353 2869 5394 et
2898 5345 2964 5393 ad
2987 5343 3394 5412 percipiendum.

1807 5412 2462 5484 oeconomidispensatione.
2486 5427 2577 5481 per
2594 5418 2809 5479 fratrum
2825 5414 3062 5478 obsequia
3085 5412 3286 5484 publice
3307 5415 3397 5466 mi-

1811 5487 2077 5539 nistratur.
2107 5482 2236 5538 Haec
2265 5483 2332 5534 tbi
2359 5523 2374 5550 ,
2411 5497 2525 5550 qua:
2563 5484 2718 5536 etiam
2762 5489 2990 5552 spectant
3021 5482 3298 5537 articulum
3324 5485 3397 5538 42

1813 5568 2129 5627 sequentem.

1891 5626 1911 5664 ί
1938 5626 2082 5704 I_d_etn
2107 5637 2270 5704 supra
2295 5620 2511 5704 art.
2665 5694 2677 5704 _
2939 5696 2950 5704 _
3078 5696 3108 5704 _
3250 5695 3259 5704 I

1891 5707 1915 5744 ts
1947 5696 2091 5750 Idem
2120 5696 2256 5750 infra
2304 5702 2410 5748 art.
2441 5696 2528 5749 65.
2584 5694 2715 5750 Vide
2743 5696 3046 5766 exemplum
3076 5695 3388 5766 Serapionis

1821 5767 2000 5824 collus.
2022 5767 2057 5820 2
2087 5785 2203 5838 cap.
2243 5768 2328 5820 Η.
