4000 6186
176 161 264 224 295
1059 152 1082 156 ﬂ
1375 161 1655 221 REGULA
1695 163 1752 220 S.
1795 158 2142 221 PACHOMII.
3310 169 3416 232 29‘

177 280 514 348 consobriuas,
543 293 639 336 seu
664 286 888 336 matrem
915 277 1149 336 filiorum
1179 293 1432 347 suorum;
1461 281 1505 336 si
1533 290 1712 336 autem
1741 285 1795 345 Α
1818 293 1972 334 cuatn
1995 321 2008 344 ,
2042 295 2135 349 per
2168 293 2263 335 sex
2291 282 2437 336 vices
2467 283 2902 341 commonebitur
2926 324 2943 351 ,
2994 292 3050 341 et
3098 287 3154 342 in
3183 290 3412 358 septima
3465 267 3468 270 i

176 387 217 431 et
242 383 357 429 ante
383 372 781 430 conversionem
808 381 1026 440 paterna
1049 372 1130 427 eis
1154 372 1384 427 debetur
1406 371 1713 438 licereditas,
1823 371 2024 427 facient
2051 388 2176 428 eum
2208 388 2430 443 surgere
2456 375 2525 431 de
2551 377 2740 433 ordine
2765 379 3024 434 sessionis
3044 393 3178 447 suae,
3195 388 3252 434 et
3274 381 3416 436 inter

175 476 248 523 aut
272 469 441 536 aiiqua
466 481 624 522 causa
649 466 929 520 manifesta
961 475 1066 532 est,
1098 468 1314 520 mittent
1341 482 1462 520 cum
1491 467 1572 521 his
1597 482 1720 536 pro-
1821 465 2042 520 ultimos
2071 466 2424 522 collocabitur
2446 510 2461 534 ,
2509 470 2885 541 docet-unique
2933 487 3055 528 eum
3104 483 3166 527 ut
3212 473 3282 528 ab
3310 473 3412 529 hac

174 562 290 616 haue
320 559 490 616 aetatis
509 561 699 627 virum,
731 572 796 613 ac
821 559 974 622 vitae,
1009 568 1065 613 et
1087 559 1349 613 videbunt
1377 575 1472 614 eas
1494 601 1510 626 ,
1543 571 1599 614 et
1625 575 1720 630 pa-
1824 558 2022 613 mentis
2049 560 2456 628 perturbatione
2486 562 2794 617 mundetur.
2835 562 3077 634 Cumque
3108 572 3218 620 tres
3246 574 3411 619 testes

175 653 289 706 riter
313 660 653 706 revertentur.
686 649 857 705 Nemo
887 651 1046 706 vadat
1070 653 1138 705 ad
1169 652 1295 707 illas
1321 695 1334 717 ,
1365 652 1468 707 nisi
1501 654 1552 707 hi
1583 668 1720 724 quos
1824 649 2017 718 dignos
2050 650 2359 704 testimonio
2386 650 2671 706 adduxerit
2717 653 2806 723 qui
2834 669 2930 722 pro
2959 669 3024 708 eo
3057 656 3412 723 polliceantur

174 759 314 813 supra
352 744 602 809 diximus;
651 743 720 797 ita
768 753 826 797 ut
873 745 1106 813 primum
1165 744 1366 800 faciant
1419 747 1718 800 renuntiari
1821 756 2158 811 nequaquam
2189 743 2362 794 simile
2392 742 2523 810 quid
2555 757 2675 797 esse
2706 745 2968 798 facturum
2996 785 3010 809 ,
3040 747 3260 812 recipiet
3289 761 3405 801 ses-

175 836 293 904 patri
320 836 654 905 monasterii,
695 846 752 891 et
780 836 872 892 ille
913 841 1096 892 mittet
1126 839 1194 893 ad
1237 849 1262 875 ἰ
1306 841 1550 894 seniores
1571 881 1586 904 ,
1628 841 1719 910 qui
1821 835 2033 887 sionem
2064 848 2214 887 suam
2243 833 2482 902 :alioqui
2515 834 2559 887 si
2591 836 2948 903 permanserit
2974 836 3026 891 in
3058 839 3210 904 vitio,
3236 853 3410 893 more-

174 929 464 985 mouasterio
501 929 766 999 virginum
812 931 1046 1002 delegati
1085 940 1214 987 sunt
1239 976 1254 1000 ,
1295 936 1384 1004 qui
1431 943 1720 988 occurrent
1825 935 1909 979 lur
1938 923 1964 962 ⁴¹
1993 927 2134 979 inter
2161 926 2396 992 υΙιίηιυε,
2430 926 2640 993 βενάίιο
2674 928 2853 995 PPiOI‘e
2879 929 3024 983 1000-

175 1023 258 1088 eis,
277 1035 454 1077 etcum
480 1024 608 1092 ipsis
629 1024 885 1079 videbunt
906 1040 999 1079 eas
1019 1041 1148 1093 quas
1173 1039 1393 1080 necesse
1418 1026 1716 1093 habebunt,

1894 1017 2181 1073 LXXXVI.
2233 1018 2336 1085 Qui
2378 1018 2570 1072 falsum
2609 1021 2756 1090 cupit
2798 1023 3030 1092 probare
3058 1030 3247 1078 contra
3276 1024 3411 1080 alte-

173 1129 269 1168 rum
291 1116 426 1168 omni
445 1115 727 1184 disciplina
750 1125 806 1170 et
825 1117 1022 1172 timore
1043 1117 1158 1172 Dei.
1183 1117 1304 1172 Non
1330 1119 1408 1174 eis
1432 1119 1719 1191 loquentur

1824 1126 1958 1174 rum,
1992 1122 2052 1165 ut
2079 1113 2350 1182 opprimat
2375 1112 2741 1181 innocentem,
2771 1116 2931 1170 tertio
2953 1118 3404 1185 commonebitur,

173 1205 226 1260 de
241 1208 397 1262 rebus
418 1208 788 1264 steeularibus.

1830 1213 1876 1258 et
1905 1215 2091 1272 postea
2125 1213 2149 1241 ο
2182 1218 2306 1258 reus
2335 1204 2438 1258 erit
2471 1205 2796 1277 iniquitatis,
2831 1208 2946 1264 sive
2975 1211 3044 1264 de
3092 1211 3262 1280 priori
3292 1211 3410 1266 loco

225 1298 482 1355 LXXXIII.
554 1301 891 1371 Quicumque
940 1302 1008 1357 de
1057 1301 1140 1356 his
1191 1303 1460 1359 mandatis
1512 1305 1718 1375 aliquid
1822 1294 2004 1359 Ῑυετίιν
2036 1296 2149 1349 Sive
2177 1295 2245 1349 de
2272 1293 2640 1351 inferioribus.
3388 1287 3393 1292 ’

179 1393 457 1459 praeterierit
497 1393 707 1464 absque
737 1394 845 1448 ulla
875 1393 1230 1460 dubitatione,
1261 1396 1604 1466 negligentia:
1639 1405 1720 1450 at-

1891 1384 2201 1440 LXXXVII.
2247 1386 2267 1424 (
2297 1386 2397 1454 Qui
2435 1388 2596 1442 habet
2636 1389 2928 1458 pessimam
2955 1393 3403 1450 consuetudinem

173 1498 253 1552 que
273 1494 603 1555 contemptus
630 1494 752 1554 aget
788 1487 1159 1555 paenitentiam
1187 1528 1202 1552 ,
1233 1497 1293 1542 ut
1321 1489 1600 1558 possidere
1626 1504 1719 1542 va-
1823 1486 1884 1534 ut
1905 1480 2099 1535 fratres
2123 1497 2222 1534 suo
2247 1496 2499 1537 sermone
2521 1483 2795 1549 sollicitet,
2820 1494 2874 1539 et
2897 1495 3176 1554 pervertat
3199 1490 3409 1544 animos

171 1575 335 1629 lem:
354 1581 514 1645 regna
543 1575 832 1631 calorum.
1825 1573 2242 1642 simpliciorum,
2274 1575 2434 1628 tertio
2463 1577 2896 1631 commonebitur
2926 1594 2940 1631 :
2991 1578 3038 1633 si
3065 1589 3410 1650 contempse-

211 1666 240 1706 -δ
267 1667 520 1736 Praecpta
558 1678 609 1723 ει
636 1670 870 1723 instituta
918 1667 1092 1723 Patri;
1129 1672 1293 1725 nostri
1323 1669 1591 1726 Pachomii
1618 1673 1717 1726 ho-
1746 1662 1797 1722 B
1827 1666 1916 1730 rit,
1950 1674 2006 1719 et
2031 1667 2302 1721 obstinato
2333 1668 2513 1721 animo
2543 1669 2596 1722 in
2621 1668 2817 1724 duritia
2845 1675 3294 1740 perseveraverit,
3324 1688 3411 1729 se-

164 1761 284 1813 minis
304 1759 413 1829 Dei,
443 1764 535 1832 qui
573 1761 815 1816 fundavit
843 1762 912 1818 ab
936 1763 1159 1817 exordio
1189 1773 1389 1818 sanam
1417 1765 1537 1819 vim
1566 1781 1716 1819 com-
1819 1758 2090 1827 parabunt
2119 1775 2238 1813 eum
2272 1769 2422 1814 extra
2453 1764 2863 1828 monasterium,
2893 1774 2948 1818 et
2979 1773 3004 1811 ε
3051 1766 3411 1823 verberabunt

163 1854 436 1910 munionem
460 1855 623 1926 juxta
655 1856 937 1926 imperium
961 1855 1079 1911 Dei.
1109 1856 1390 1912 Plenitudo
1421 1859 1553 1927 legis
1583 1859 1712 1913 clta-
1819 1865 1940 1906 eum
1974 1862 2101 1907 ante
2133 1852 2276 1906 fores
2300 1853 2517 1923 triginta
2551 1869 2767 1921 novem,
2800 1855 3111 1927 dabuntque
3135 1859 3184 1912 ei
3213 1859 3279 1913 ad
3319 1876 3410 1914 ve-

159 1945 292 2011 ritas;
317 1947 552 2002 scientes
583 1948 977 2016 tempus,quod
1011 1952 1169 2004 in5tet
1192 1948 1323 2003 liora
1344 1959 1401 2002 ut
1427 1951 1495 2004 de
1522 1965 1712 2004 somno
1821 1945 2082 1999 scendum
2109 1960 2302 2000 vallem
2335 1945 2511 2000 εοιυῐῐι
2537 1953 2592 2001 ει
2616 1960 2828 2016 aquam,
2859 1946 3032 2004 donec
3067 1949 3352 2006 mundellll'
3375 1967 3408 2010 il

155 2050 544 2108 consurgamus,
587 2040 732 2109 quod
773 2041 1015 2110 viciniori
1041 2043 1112 2096 sit
1146 2042 1290 2096 salus
1331 2053 1513 2098 nostra
1551 2059 1710 2112 quam
1820 2037 2087 2092 sordibus.

154 2138 454 2197 eotempore
494 2146 623 2184 cum
675 2131 1027 2185 credidimus.
1082 2131 1194 2186 Nox
1243 2134 1557 2201 praecessit,
1596 2135 1712 2189 dies
1891 2130 2226 2186 LXXXVIII.
2260 2131 2286 2168 ιι
2319 2133 2419 2198 Qui
2449 2133 2609 2188 habet
2652 2134 2942 2204 pessimam
2965 2137 3410 2193 consuetudinem

151 2229 297 2274 autem
327 2224 804 2292 appropinquavit.
864 2223 1209 2292 DepOoamus
1257 2240 1423 2294 opera
1465 2227 1714 2281 teuebra-
1824 2223 2218 2287 murtnurandi,
2253 2234 2304 2277 et
2333 2224 2486 2292 quasi
2527 2229 2677 2294 gravi
2727 2241 2892 2294 opere
2931 2243 2991 2282 se
3019 2231 3248 2298 opprimi
3281 2245 3412 2301 que-

148 2325 240 2366 rum
260 2355 276 2375 ,
305 2330 426 2384 quae
455 2326 587 2370 sunt
613 2317 986 2372 contentiones
1011 2362 1026 2386 ,
1057 2319 1440 2386 detractiones,
1473 2321 1626 2388 odia,
1658 2329 1714 2376 et
1819 2315 1974 2379 ritur,
2007 2316 2276 2371 docebunt
2314 2332 2434 2371 eum
2460 2317 2746 2384 quinquies
2773 2319 2914 2388 qttod
2948 2320 3064 2374 sine
3090 2336 3248 2375 causa
3271 2337 3412 2376 mur-

147 2408 376 2460 tumentis
404 2409 574 2462 animi
603 2409 878 2477 superbia.
1820 2416 2017 2473 muret,
2045 2417 2100 2462 et
2123 2408 2408 2463 osmudent
2437 2409 2722 2478 perspicue
2743 2411 3029 2466 veritatem
3050 2427 3066 2477 ;
3085 2413 3129 2466 si
3153 2423 3272 2482 post
3295 2413 3411 2469 btec

194 2495 475 2554 LXXXIV.
504 2500 606 2568 Qui
639 2501 810 2555 facilis
835 2510 918 2555 est
944 2501 1010 2554 ad
1039 2500 1428 2557 detrahendum
1455 2546 1469 2567 ,
1501 2513 1555 2559 et
1585 2505 1711 2560 dicit
1816 2501 2134 2556 inobediens
2183 2503 2364 2565 fuerit,
2414 2513 2467 2557 et
2513 2511 2595 2556 est
2641 2503 2895 2572 perfecue
2939 2506 3136 2574 aetatis,
3184 2507 3255 2561 ita
3284 2522 3410 2562 etim

139 2587 263 2654 quod
293 2605 399 2644 non
423 2601 506 2646 est
533 2593 622 2662 qui
657 2595 708 2645 in
741 2594 844 2646 hoc
877 2602 1096 2662 peccato
1132 2594 1284 2648 fuerit
1317 2595 1706 2664 deprehensus,
1817 2594 2087 2648 habebunt
2117 2638 2132 2661 ,
2164 2606 2221 2649 ut
2266 2611 2430 2649 unum
2463 2595 2530 2649 de
2557 2599 2943 2665 aegrotantibus
2967 2639 2982 2664 ,
3013 2608 3067 2652 et
3095 2610 3324 2668 ponetur
3353 2599 3408 2657 in

138 2682 416 2737 monebunt
444 2698 567 2738 eum
600 2683 840 2738 secundo
866 2700 880 2747 ;
925 2693 979 2738 et
1010 2684 1054 2737 si
1091 2685 1281 2739 audire
1304 2688 1708 2755 contempserit,
1815 2689 1936 2742 Ioco
1963 2688 2322 2752 infirmorum,
2358 2689 2536 2756 ibique
2563 2690 2739 2743 aletur
2766 2692 2994 2755 otiosus,
3027 2691 3199 2747 donec
3222 2693 3407 2748 redeat

139 2775 441 2841 separabunt
491 2793 615 2832 eum
668 2788 820 2832 extra
864 2790 1185 2832 conventum
1229 2781 1447 2833 fratrum
1499 2792 1706 2848 septem
1815 2779 1882 2834 ad
1915 2785 2218 2835 veritatem.
2270 2779 2326 2835 Si
2358 2790 2537 2833 autem
2566 2781 2708 2847 justa
2735 2793 2816 2836 est
2844 2781 2991 2834 illius
3032 2785 3249 2851 querela
3292 2791 3346 2837 et
3374 2797 3408 2840 a

136 2866 316 2936 diebus,
351 2880 409 2926 et
445 2883 469 2910 ο
502 2887 694 2942 panem
728 2880 932 2925 tantum
979 2887 1104 2926 cum
1144 2888 1281 2941 aqua
1313 2874 1578 2942 accipiet,
1609 2873 1708 2926 do~
1817 2872 2018 2940 majore
2053 2872 2233 2940 inique
2257 2872 2599 2939 opprimitur,
2632 2871 2725 2942 qui
2756 2888 2881 2928 eum
2913 2872 3301 2940 scandalizayit
3329 2873 3408 2929 ei-

143 2972 222 3013 Iec
241 2962 566 3028 polliceatur
593 2973 756 3031 atque
785 2963 1069 3017 confirmet
1097 2978 1157 3018 se
1187 2963 1257 3016 ab
1296 2964 1395 3019 hoc
1440 2966 1574 3018 vitio
1626 2981 1711 3018 re-
1817 2962 1940 3016 dem
1971 2963 2256 3016 sententias
2284 2962 2603 3029 subiacebit.

135 3062 410 3121 cessurum,
448 3062 508 3108 et
534 3053 613 3107 sic
643 3053 942 3106 dimittetur
968 3056 1038 3108 ei.
1734 3055 1782 3118 C
1882 3053 2173 3108 LXXXIX.
2211 3053 2227 3092 ί
2259 3056 2313 3108 Si
2345 3054 2661 3108 inobedieus
2687 3054 2807 3123 quis
2831 3053 3011 3121 fuerit,
3049 3063 3139 3108 aut
3179 3061 3408 3116 conten-

185 3143 261 3200 LX
277 3145 459 3200 XXV.
496 3146 554 3199 Si
583 3145 705 3214 quis
732 3145 1020 3198 iracundus
1055 3155 1104 3198 et
1135 3144 1368 3198 furiosus
1400 3146 1707 3213 frequenter
1816 3147 1988 3200 tiosos
2017 3161 2103 3201 aut
2137 3147 2523 3208 contradictor,
2554 3155 2648 3200 aut
2678 3145 2929 3208 mendax,
2959 3157 3013 3200 et
3039 3159 3120 3202 est
3147 3150 3403 3216 perfecta:

135 3238 355 3298 irascitur
383 3241 518 3296 sine
541 3253 703 3292 causa
735 3277 752 3304 ,
783 3245 840 3291 et
885 3246 1104 3306 propter
1143 3254 1258 3292 rem
1290 3239 1501 3291 inanem
1533 3245 1588 3290 et
1615 3251 1705 3289 va-
1814 3239 2009 3306 aetatis,
2039 3238 2218 3292 decies
2248 3237 2678 3292 commonebitur
2707 3245 2763 3292 ut
2804 3237 3031 3294 desistat
3075 3253 3107 3294 α
3133 3240 3298 3295 vitiis.
3339 3243 3396 3298 Si

1190 3392 1443 3448 ALARDI
1483 3393 1718 3450 ΕΑΖᾹΞΙ
1755 3394 2326 3458 COMMENTARIUS.

138 3531 426 3596 bennensis,
446 3544 544 3583 seu
567 3525 938 3590 Pachomiani,
960 3525 1126 3580 fuisse
1149 3525 1290 3599 aliud
1320 3526 1704 3599 monasterium
1812 3525 1975 3591 dunt;
2009 3527 2076 3582 ab
2119 3527 2187 3582 iis
2218 3528 2444 3583 invicem
2473 3527 2616 3585 uuod
2645 3528 2806 3585 victui
2835 3543 2970 3599 opus
2998 3539 3085 3586 est
3127 3543 3404 3588 resumen’

139 3606 632 3671 quadrimi-utamini
661 3599 960 3667 puellarum
980 3597 1319 3665 sequentium
1349 3597 1534 3652 eadem
1557 3599 1707 3652 iusti-
1821 3609 1920 3660 tes,
1944 3612 2056 3671 etc.

140 3669 224 3729 tuta
262 3669 679 3744 Pacltomii,ad
709 3685 840 3738 quas
899 3683 1093 3744 printer
1126 3673 1510 3744 prAestiy'cruiiL
1549 3686 1707 3744 uerno
1831 3739 1844 3744 _
1886 3678 1911 3705 ι
1942 3669 2077 3744 Hinc
2101 3669 2385 3744 colligitur:
2401 3669 2664 3744 mouiales
2683 3671 2804 3744 iam,
2822 3680 2931 3728 tum
2957 3671 3213 3729 habuisse
3240 3688 3406 3744 quos-

141 3750 385 3802 trausiret.
440 3745 512 3799 D.
547 3742 910 3812 Hieronymus
940 3740 1097 3807 epist.
1134 3741 1198 3794 16
1246 3741 1433 3793 scribit
1479 3739 1536 3794 S.
1572 3741 1709 3794 Mar-
1814 3739 1938 3793 dam
1966 3741 2209 3793 seniores
2230 3757 2328 3812 seu
2357 3740 2540 3812 Patres
2567 3742 2872 3807 spirituales
2898 3745 2948 3795 itt
2977 3747 3227 3811 proximo
3255 3739 3404 3800 com-

143 3818 301 3871 cellam
333 3818 402 3870 ab
432 3810 821 3869 Alexandrinis
843 3813 1213 3865 sauerdotibus
1241 3821 1295 3864 et
1318 3813 1376 3864 S.
1411 3812 1706 3884 Athanasio
1813 3821 2086 3884 morantes
2113 3853 2126 3874 ,
2172 3825 2201 3863 a
2234 3811 2438 3884 quibus
2490 3810 2889 3865 iIISll'llel'eIlllll'
2929 3810 2986 3866 et
3013 3814 3403 3884 dirigerentur,

145 3884 288 3940 Vitam
319 3888 378 3943 S.
417 3885 680 3946 Antonii,
729 3897 827 3936 nec
867 3898 970 3935 non
1005 3883 1451 3936 monasteriorum
1479 3883 1529 3936 in
1564 3883 1707 3936 The-
1813 3882 1902 3949 qui
1925 3885 2086 3950 vulgo
2117 3879 2436 3935 ennfessarii
2472 3890 2751 3934 vocantur.

144 3955 266 4012 baide
293 3957 598 4018 I’acltomii,
627 3963 684 4008 et
711 3957 976 4020 virginum
1004 3969 1066 4007 ac
1112 3954 1390 4006 viduarum
1439 3953 1506 4005 ab
1533 3969 1598 4007 eo
1629 3956 1708 4008 in-
1883 3951 1911 3990 δ
1935 3949 2150 4025 Videtur
2166 3952 2255 4006 hic
2273 3953 2581 4025 addendum
2608 3953 2736 4013 alia,
2763 3962 2822 4006 ιιι
2843 3950 2915 4006 sit
2936 3949 3048 4025 haec.
3067 3965 3211 4006 nova
3237 3955 3409 4025 sectio

149 4030 417 4082 ttitutarum
442 4025 704 4080 didicisse
726 4025 1088 4094 disciplinam,
1117 4039 1214 4078 nec
1239 4025 1516 4079 erubuisse
1547 4025 1707 4091 profi-
1813 4033 1865 4077 et
1883 4039 2004 4092 pars
2020 4023 2259 4092 Regulae.
2278 4039 2397 4092 qutr
2410 4024 2474 4076 ad
2496 4025 2888 4078 correctionem
2903 4023 3158 4078 vitiorum
3180 4023 3404 4088 spectat.

150 4101 224 4151 teri
264 4099 394 4166 quod
447 4097 671 4150 Christo
701 4096 914 4166 placere
943 4105 1287 4166 cognoverat.
1320 4096 1390 4149 Dc
1433 4094 1620 4149 iisdem
1655 4105 1708 4150 et
1885 4105 1908 4132 ο
1938 4096 2209 4160 Jejunium
2248 4098 2298 4146 in
2342 4109 2479 4166 pane
2523 4102 2577 4147 et
2606 4110 2760 4166 aqua,
2806 4095 2856 4147 in
2898 4094 3250 4166 gravioribus
3288 4097 3405 4151 cul-

149 4168 245 4221 tliis
269 4165 600 4223 monialibus
631 4182 793 4231 agens
823 4165 984 4232 epist.
1016 4167 1085 4219 48
1118 4184 1130 4219 :
1169 4165 1333 4218 Moris
1360 4177 1461 4231 est,
1511 4168 1702 4234 inquit,
1812 4166 1914 4235 pis.
1954 4168 2024 4219 lle
2046 4182 2153 4232 quo
2180 4169 2340 4220 etiam
2370 4165 2504 4219 infra
2539 4173 2642 4220 art.
2672 4165 2740 4219 δΊ
2767 4171 2823 4220 ει
2855 4165 2979 4235 ίὲίτ

152 4238 191 4312 in
214 4239 408 4312 [gypti
442 4251 495 4293 et
529 4238 700 4312 Syria:
730 4237 1082 4312 monasteriis,
1135 4247 1190 4289 ut
1232 4250 1336 4312 tam
1367 4239 1509 4308 uirgo
1554 4255 1709 4308 quam
1814 4233 1826 4235 “
1881 4233 1910 4274 εί
1941 4237 2084 4312 Idem
2112 4251 2276 4312 supra
2303 4249 2409 4291 art.
2530 4248 2585 4312 et
2615 4237 2884 4312 iniraart.
2919 4234 2994 4292 92
3021 4243 3076 4291 et
3115 4235 3206 4312 Μ.

153 4307 450 4380 nutatque
503 4325 555 4360 se
599 4307 705 4360 Deo
747 4309 994 4380 voverint,
1027 4316 1076 4360 et
1124 4309 1312 4360 swculo
1357 4307 1707 4362 renuntiantes
1885 4309 2236 4380 {Calutnnize
2261 4347 2274 4370 ,
2307 4322 2400 4360 seu
2426 4307 2540 4360 falsi
2566 4309 2808 4380 criminis
2831 4319 2881 4360 et
2912 4324 3085 4376 paenae
3111 4309 3410 4366 calumnia-

157 4393 293 4434 omnet
333 4378 554 4436 deficias
603 4379 775 4432 saeculi
805 4378 1176 4436 conculcarint,
1223 4380 1412 4431 crinem
1453 4392 1709 4432 mouaste-
1813 4378 2020 4430 toribus
2043 4389 2259 4430 Statum:
2281 4379 2571 4437 obnoxius,
2593 4379 2662 4432 de
2691 4395 2792 4445 qua
2812 4387 3030 4433 exstant
3053 4380 3162 4434 duo
3187 4381 3407 4440 decreta

157 4449 316 4505 riorum
362 4449 622 4507 matribus
670 4448 887 4516 offerant
931 4449 1306 4511 desecandum,
1371 4465 1471 4502 non
1522 4452 1709 4502 intecto
1815 4450 1904 4516 Iih.
1944 4463 1973 4499 v
2005 4447 2394 4509 Decretalium,
2427 4448 2504 4500 tit.
2537 4448 2592 4512 ‘2,
2626 4449 2692 4501 de
2715 4447 3232 4506 Calumniatorilms.

158 4532 315 4588 postea,
363 4531 552 4576 contra
601 4520 831 4592 Aposloli
884 4521 1198 4574 voluntatem
1243 4522 1283 4589 (I
1313 4517 1436 4592 Cor.
1484 4521 1582 4589 XI),
1631 4523 1711 4571 in-
1891 4515 1930 4592 ί-
1960 4517 2295 4592 susurrones
2355 4525 2410 4592 et
2459 4519 2762 4592 turbatores
2812 4520 3220 4592 communitatis
3274 4523 3404 4592 olim

157 4585 338 4656 tersum
385 4594 602 4653 capite,
647 4585 744 4643 sed
793 4591 952 4656 ligato
1003 4593 1191 4655 pariter
1244 4585 1307 4642 ac
1360 4585 1550 4654 velato,
1599 4601 1707 4644 etc.
1815 4585 2139 4640 verberibus
2191 4585 2625 4656 coercitirAVide
2658 4588 2912 4655 [tegulam
2960 4589 3074 4640 divi
3128 4585 3407 4646 Betteditti

156 4655 522 4718 Videeumdeut
543 4661 596 4716 itt
622 4653 892 4728 epitaphii)
915 4653 1120 4727 Paulae,
1148 4661 1234 4714 ubi
1263 4653 1567 4714 tnoiiialiurn
1595 4660 1712 4726 ejus
1815 4672 1934 4723 cap.
1955 4657 2042 4728 A25
2073 4665 2122 4708 et
2153 4656 2244 4714 '28.
2283 4666 2398 4728 post
2431 4653 2753 4728 Cassianum
2775 4658 2862 4710 Iib.
2900 4673 2948 4711 tv
2976 4672 3026 4710 c.
3054 4656 3141 4728 I6.

153 4728 491 4797 disciplinam,
545 4725 806 4801 psallendi
835 4746 1061 4799 morem,
1093 4725 1306 4798 aliaque
1339 4730 1576 4781 instituta
1619 4725 1713 4801 de-
1890 4726 2079 4801 sputo
2123 4740 2246 4801 esse
2305 4725 2518 4801 ablativi
2570 4740 2758 4801 casus,
2787 4742 2895 4801 non
2952 4725 3309 4801 n_t_ut_tinativi;
3354 4740 3408 4801 et

157 4794 325 4859 Scribit.
355 4805 426 4860 ἓν,
460 4794 586 4857 item
631 4802 958 4870 Augustinus
989 4794 1105 4856 loco
1153 4794 1241 4855 illo
1271 4816 1415 4867 δωρο
1443 4803 1606 4854 citato
1645 4800 1712 4854 de
1747 4839 1790 4870 η
1817 4797 2245 4853 subaudiemltnn
2274 4794 2563 4870 verberibus
2593 4800 2707 4870 sive
2741 4800 2933 4868 plagis.
2973 4796 3232 4852 Videntur
3261 4797 3404 4858 enirn

159 4839 325 4859 mw...
415 4847 426 4858 ,
461 4839 494 4856 ,,
751 4839 958 4855 ww“,
989 4839 1105 4856 mw
1271 4839 1344 4854 σω
1386 4839 1414 4854 ν
1443 4839 1605 4854 ww,
1646 4839 1712 4854 μυ
2276 4839 2562 4848 --.--..-....
2593 4839 2707 4850 -..ν
2779 4839 2827 4849 ...
2871 4839 2933 4852 ..,.
3262 4839 3404 4858 .,....,.

159 4839 674 4938 Moribusicciesize,
709 4839 986 4940 postquam
1016 4873 1084 4927 de
1112 4839 1496 4927 monachorum
1520 4881 1571 4923 et
1599 4886 1710 4925 (ξω-ι
1747 4839 1790 4899 D
1817 4881 2094 4934 spectasse
2119 4869 2422 4940 cxernpluut
2449 4871 2486 4918 Λ
2501 4867 2716 4940 postoli,
2741 4839 2914 4938 ﬁnisse
2945 4871 3223 4940 profitetur
3252 4875 3404 4936 quiu-

161 4944 432 5001 nobitarmn
462 4947 569 4998 vita
606 4938 808 5013 egerat,
840 4938 1020 4998 subdit
1050 4945 1246 4998 deinde
1274 4943 1340 4996 de
1389 4943 1710 5013 tnonialibtts
1818 4945 1972 5007 quies
1995 4938 2386 5013 quadragenas,
2415 4954 2514 5013 uno
2545 4939 2741 5013 mimis,
2763 4941 2812 4992 id
2835 4950 2936 5013 est,
2967 4939 3180 5013 triginta
3206 4957 3401 4996 novent

159 5020 200 5086 et
221 5017 523 5086 virginibus,
566 5008 688 5082 quin
715 5016 918 5069 eisdem
956 5014 1171 5086 legibus
1203 5024 1256 5067 et
1283 5012 1712 5086 inistitutisvive-
1820 5012 2001 5086 plagas
2032 5027 2060 5063 a
2083 5009 2280 5062 .Iudtets
2307 5009 2583 5086 accepisse
2607 5008 2672 5086 (II
2701 5009 2818 5062 Cor.
2851 5010 3237 5086 xr)._Quors_um
3263 5015 3406 5067 enim

162 5081 444 5144 hantzvﬂtec
481 5081 562 5141 est
592 5088 754 5140 etiam
801 5086 905 5139 vita
950 5081 1268 5139 feminarum
1315 5083 1430 5138 Deo
1481 5082 1713 5137 sollicite
1821 5083 2032 5151 triginta
2065 5098 2254 5133 novem
2282 5081 2529 5135 titouachi
2563 5083 2628 5132 ad
2661 5097 2823 5134 unum
2854 5081 3248 5136 verberandum
3280 5099 3406 5138 con-

161 5165 374 5227 rastequc
408 5158 779 5220 servientium,
806 5171 927 5225 qua).
953 5157 1270 5212 habitaCnIis
1301 5164 1618 5224 srgt‘egalzu,
1649 5169 1713 5208 ac
1818 5152 2166 5227 currissent?
2196 5153 2395 5205 Eadem
2427 5154 2859 5227 pufnastatuitur
2886 5151 3018 5227 infra
3051 5162 3153 5227 art.
3193 5153 3317 5208 ιρι.

163 5221 344 5298 remota:
369 5245 404 5284 a
437 5231 600 5291 viris,
633 5244 791 5297 quam
825 5221 1146 5298 longissime
1175 5221 1480 5294 decetfpii
1509 5236 1710 5298 tantum
1892 5223 2143 5298 “AVllIlllll
2171 5224 2636 5298 _nturmt_trationis
2673 5221 2820 5298 olim
2840 5225 3085 5298 graviter
3115 5224 3255 5276 inter
3295 5237 3408 5298 mo-

163 5294 246 5351 illis
266 5299 520 5356 charitate
557 5294 874 5368 junguntur,
925 5294 978 5353 et
1021 5299 1320 5354 imitatione
1362 5299 1606 5361 virtutis;
1646 5295 1712 5350 ad
1823 5294 2023 5368 [tacitos
2057 5295 2320 5368 punitum.
2381 5295 2454 5368 De
2510 5308 2616 5360 quo
2671 5294 2963 5348 Cassianos
2996 5294 3088 5368 lib.
3117 5308 3171 5346 IV
3211 5307 3259 5346 c.
3294 5295 3407 5368 (iuet

163 5379 269 5433 quas
289 5365 758 5441 juveuum'mmus
799 5387 1049 5425 accessus
1102 5381 1213 5435 est,
1248 5385 1424 5438 neque
1474 5372 1708 5435 ipsnrum
1917 5366 2231 5441 Benedictus
2252 5365 2509 5441 tumulias
2534 5378 2700 5429 saepe,
2727 5377 2833 5441 tum
2867 5367 3133 5441 praecipue
3157 5378 3276 5431 cap.
3309 5365 3408 5420 ὄις

163 5435 372 5505 quamvis
405 5443 850 5516 gravissimorum
884 5454 932 5495 ct
967 5435 1460 5510 potentiSsimo‘rum
1489 5454 1711 5516 senum;
1818 5437 1948 5516 {inte
1971 5437 2160 5498 omnia,
2190 5435 2380 5515 inquit,
2410 5435 2918 5516 nenturinuraltionis
2950 5436 3146 5516 malunt
3169 5451 3262 5503 pro
3281 5450 3408 5516 qua:

163 5504 244 5581 nisi
269 5504 435 5581 usque
463 5517 530 5580 ad
561 5513 908 5573 vestibulum.
952 5504 1253 5568 necessaria
1287 5511 1555 5579 pracbeudi
1591 5510 1714 5579 qui-
1818 5508 2073 5581 licuntqtte
2103 5522 2293 5568 causa,
2336 5506 2389 5558 in
2439 5507 2619 5561 aiiauo‘
2647 5504 3004 5576 qualicumque
3042 5504 3193 5558 verba
3223 5506 3408 5581 volsis

163 5575 717 5663 Ilitsind—igent'gratia.
751 5583 1012 5640 Laniiicio
1058 5575 1297 5663 namque
1321 5598 1524 5663 corpus
1555 5575 1715 5636 eaer-

873 5584 1012 5638 iIicio
1058 5575 1297 5663 namque
1321 5598 1524 5663 corpus
1555 5575 1715 5636 eaer-
1819 5579 2154 5663 gilI‘ﬁftllIgne
2184 5585 2453 5663 appareat.

160 5661 266 5714 cent
281 5644 796 5736 etq'tiéjpuis'teutaut,
819 5669 1112 5726 vestesque
1145 5644 1288 5725 ipéas
1317 5644 1576 5711 fratribus
1611 5663 1718 5707 tra-

1233 5671 1288 5710 as
1317 5644 1576 5711 fratribus
1611 5663 1718 5707 tra-
1822 5644 1840 5652 ’
1899 5649 1915 5687 ί
1953 5651 2012 5703 D.
2045 5649 2364 5704 Benedictus
2393 5662 2514 5708 cap.
2547 5644 2618 5700 23
2643 5659 2698 5702 et
2724 5645 2813 5704 28.

3409 5735 3452 5768 κ.
