4000 6186
224 208 314 267 297

229 419 300 472 cui
326 417 586 487 deputatus
616 422 699 469 est
726 412 927 479 vivere,
968 412 1144 468 omnia
1173 428 1291 483 qua:
1331 422 1601 483 praecepta
1641 422 1765 469 sunt

230 525 394 565 coram
422 509 521 563 Deo
558 506 847 561 observare
875 504 1114 560 debebit.

294 600 413 656 CVI.
462 596 717 667 Quidquid
770 597 1133 653 necessarium
1185 606 1305 664 est,
1357 598 1470 655 sive
1514 599 1565 652 in
1610 613 1762 668 agro,

231 694 334 748 sive
356 691 403 747 in
428 691 761 757 monasterio,
793 689 1112 761 praepositus
1137 688 1297 745 etiam
1321 705 1430 745 non
1461 690 1764 762 postulatus

228 786 441 855 impleat.

285 873 419 929 CVII.
458 883 483 911 ι
516 873 629 931 Sex
668 874 944 929 orationes
980 873 1175 929 facient
1204 872 1565 944 vespertinas,
1609 874 1765 943 juxta

228 967 491 1037 exemplum
522 966 745 1036 majoris
763 965 1092 1033 collectm,in
1116 982 1219 1037 qua
1243 981 1432 1022 omnes
1456 966 1648 1020 fratres
1673 979 1767 1035 pa-

227 1057 337 1114 riter
368 1066 776 1128 congregantur.

281 1149 435 1205 CVIII.
462 1149 700 1206 Summae
742 1149 1043 1205 dilectionis
1070 1158 1151 1206 est
1178 1191 1192 1217 ,
1231 1149 1259 1188 b
1299 1149 1509 1206 etiamsi
1549 1148 1768 1203 difficile

223 1241 377 1309 fuerit,
398 1251 449 1297 ut
476 1242 687 1298 nullum
722 1257 856 1299 onus
884 1243 1139 1312 habeant,
1167 1258 1267 1299 nec
1293 1260 1358 1299 ex
1390 1258 1554 1299 onere
1580 1257 1769 1297 nasca-

224 1343 296 1390 tur
322 1336 538 1393 taedium.

282 1425 398 1483 CIX.
428 1427 482 1483 Si
508 1427 636 1498 quis
670 1426 868 1482 deforis
898 1427 1128 1495 venerit,
1169 1438 1223 1483 et
1257 1437 1392 1483 aestu
1424 1427 1767 1492 Iaboraverit,

220 1520 385 1592 aliique
412 1520 611 1576 fratres
638 1521 934 1576 orationem
963 1521 1387 1587 celebraverint,
1438 1522 1484 1576 si
1534 1522 1614 1576 ire
1652 1535 1760 1575 non

220 1622 390 1683 potest,
420 1628 525 1669 non
559 1621 805 1684 cogatur.

1428 199 1613 262 REGU
1624 202 1705 261 LA
1750 204 1808 263 S.
1849 202 2192 263 PACHOMII.

285 325 384 382 CV.
421 323 513 390 Qui
545 321 659 377 vult
689 319 805 376 sine
831 321 1036 376 macula
1076 326 1132 376 et
1166 328 1478 385 contemptu
1518 323 1571 376 in
1602 324 1763 379 domo
1786 328 1842 388 Α

3340 206 3443 265 298

2283 320 2359 375 De
2382 320 2600 374 uestibus
2635 319 3023 378 monac/torum.

1938 413 2122 469 CXIII.
2152 409 2181 449 λ
2205 412 2263 467 Si
2303 410 2423 481 quis
2442 410 2512 465 de
2535 410 2617 464 his
2645 426 2765 481 qua:
2792 419 3055 482 praecepta
3078 418 3199 467 sunt
3217 412 3447 481 amplius
3509 478 3518 486 _

1866 504 2116 560 habuerit
2143 503 2346 573 absque
2370 502 2723 557 concessione
2765 503 2981 570 majoris
3002 544 3016 569 ,
3043 503 3355 558 deferentur
3378 505 3447 559 ad

1868 598 2148 655 custodem
2177 596 2406 653 vestium
2432 612 2447 661 ;
2477 603 2533 650 et
2560 596 2793 650 intrandi
2828 596 2977 665 illuc,
3008 597 3093 650 vel
3134 595 3444 664 postulandi

1868 707 1975 747 non
1994 690 2211 745 habebit
2239 695 2583 758 potestatem,
2616 687 2711 742 sed
2738 696 2899 741 erunt
2924 686 3023 742 sub
3046 687 3320 757 praepositi
3356 702 3447 743 ar-

1869 783 2053 851 bitrio,
2079 789 2171 836 aut
2200 781 2291 849 qui
2319 779 2589 835 secundus
2616 787 2697 834 est
2722 779 2791 835 ab
2815 795 2899 835 eo.

1946 874 1963 911 ί
1999 873 2267 945 Praecepta
2295 873 2565 926 Pachomii
2595 873 2657 925 de
2686 873 2897 926 collecta
2916 874 3159 942 fratrum,
3179 876 3450 944 quomodo

1869 966 2093 1021 collecta
2124 965 2241 1019 ﬁeri
2271 964 2479 1031 debeat,
2518 972 2569 1017 et
2606 964 2798 1019 fratres
2838 965 2949 1018 sint
2977 966 3337 1034 congregandi
3377 966 3443 1020 ad

1870 1056 2195 1111 audiendum
2217 1055 2442 1110 verbum
2462 1054 2577 1118 Dei,
2610 1053 2762 1122 juxta
2787 1063 3052 1123 praecepta
3084 1056 3368 1122 majorum,
3394 1064 3451 1109 et

1871 1147 2166 1203 doctrinam
2195 1146 2936 1214 sanctarumScripturarmn,
2971 1156 3026 1200 ut
3057 1148 3351 1202 liberentur
3384 1148 3453 1203 de

1870 1256 2055 1296 errore
2085 1241 2277 1294 animae
2319 1254 2705 1294 conversorum
2726 1281 2740 1307 ,
2773 1248 2827 1294 et
2855 1240 3164 1309 glorificent
3204 1242 3367 1295 Deum
3400 1242 3455 1295 in

1872 1335 1993 1389 luce
2019 1335 2312 1388 viventium
2351 1350 2364 1386 :
2395 1341 2453 1386 ut
2482 1332 2657 1386 sciant
2686 1331 2954 1397 quomodo
2983 1340 3232 1398 oporteat
3262 1334 3313 1387 in
3358 1332 3455 1387 do-

1874 1440 1964 1480 mo
1992 1424 2089 1479 Dei
2122 1422 2432 1478 conversari
2476 1423 2593 1477 sine
2642 1422 2793 1475 ruina
2837 1430 2891 1476 et
2941 1422 3228 1489 seandalo,
3263 1431 3318 1478 et
3348 1438 3455 1477 non

1875 1515 2209 1571 inebrientur
2246 1514 2421 1583 aliqua
2470 1514 2760 1582 passione;
2795 1513 2888 1567 sed
2936 1520 3079 1567 stent
3116 1512 3170 1567 in
3201 1527 3457 1567 mensura

1877 1606 2119 1662 veritatis
2146 1617 2200 1662 et
2236 1604 2613 1660 traditionibus
2642 1603 3025 1673 Apostolorum
3071 1613 3126 1658 et
3156 1603 3457 1671 Propheta-

275 1703 371 1759 CX.
398 1714 418 1743 ε
444 1704 679 1773 Quando
712 1702 985 1773 praepositi
1013 1703 1295 1759 domorum
1325 1702 1520 1759 fratres
1544 1702 1612 1757 de
1644 1717 1773 1757 con-
1801 1722 1852 1783 Β
1878 1712 1997 1752 rum
2024 1737 2038 1763 ,
2072 1705 2124 1750 et
2162 1696 2560 1751 solemnitatum
2607 1694 2850 1749 ordinem
2896 1703 3146 1760 teneant,
3185 1694 3459 1751 imitantes

214 1798 429 1853 versione
468 1805 681 1853 sanctae
711 1797 836 1851 vitae
878 1796 1186 1867 docebunt,
1226 1798 1431 1868 absque
1460 1796 1773 1868 gravissima

210 1886 508 1957 aegritudine
534 1888 713 1941 nullus
742 1887 933 1942 aberit.

266 1979 385 2035 CXI.
420 1979 447 2018 ἀ
496 1979 733 2049 Majores
774 1980 1097 2051 quicumque
1129 1996 1160 2036 e
1190 1980 1448 2037 fratribus
1494 1982 1775 2036 mittuntur

210 2067 347 2133 foras,
370 2069 635 2143 quamdiu
664 2071 734 2124 ibi
764 2070 959 2125 fuerint
983 2112 999 2139 ,
1037 2072 1313 2126 habebunt
1339 2074 1427 2143 jus
1454 2074 1773 2142 prmposito-

208 2178 328 2231 rum,
356 2172 560 2221 cuncta
588 2173 842 2235 gerentur
866 2165 1094 2220 arbitrio
1124 2180 1336 2230 eorum,
1373 2165 1641 2221 docebunt
1674 2166 1779 2221 fra-

209 2262 306 2311 tres
324 2272 415 2327 per
433 2257 767 2314 constitutos
795 2257 943 2323 dies;
974 2265 1028 2312 et
1054 2258 1097 2313 si
1131 2258 1268 2313 forte
1291 2258 1489 2329 aliquid
1519 2259 1657 2314 inter
1684 2274 1778 2315 eos

207 2355 365 2402 ortum
381 2348 553 2405 fuerit
579 2348 885 2413 simultatis,
912 2348 1135 2404 audient
1160 2349 1260 2419 ipsi
1286 2351 1541 2418 majores,
1568 2351 1778 2420 ctjndic

208 2440 392 2495 cabunt
427 2456 675 2511 causam,
710 2448 765 2496 et
793 2441 1011 2511 dignum
1040 2442 1195 2511 culpa
1222 2443 1603 2514 increpabunt,
1634 2453 1686 2498 et
1710 2443 1780 2498 ad

208 2529 476 2600 imperium
507 2548 691 2589 eorum
735 2534 913 2588 statim
939 2533 1005 2589 ad
1048 2548 1233 2604 pacem
1259 2534 1419 2605 pleno
1453 2534 1617 2591 corde
1644 2550 1778 2591 con-

210 2624 452 2679 sentient.

272 2713 428 2770 CXII.
476 2727 503 2753 °
552 2717 751 2787 Siquis
790 2716 857 2771 de
900 2716 1165 2773 fratribus
1206 2727 1392 2774 contra
1433 2719 1779 2789 praepositum

211 2803 389 2862 domus
416 2822 531 2863 suae
559 2808 835 2863 tristitiam
867 2808 1152 2873 habuerit,
1192 2819 1285 2865 aut
1316 2811 1431 2880 ipse
1459 2812 1783 2881 praepositus

210 2909 383 2953 contra
446 2900 670 2956 fratrem
732 2902 965 2972 aliquam
1023 2904 1464 2973 querimoniam,
1520 2904 1537 2943 ί
1589 2906 1783 2961 fratres

209 2991 439 3058 probatae
471 2995 894 3050 conversationis
922 3004 975 3051 et
999 2997 1121 3053 fidei
1150 2999 1337 3053 audire
1361 3012 1454 3053 eos
1492 2998 1783 3064 debebunt,

1879 1788 2344 1844 conversationem
2375 1802 2562 1842 eorum
2591 1787 2641 1839 in
2668 1786 2828 1840 domo
2858 1786 2972 1853 Dei,
3003 1797 3055 1841 et
3073 1786 3274 1855 jejunia
3300 1796 3460 1856 atque

1880 1884 2150 1939 orationes
2175 1898 2239 1937 ex
2273 1896 2423 1936 more
2447 1881 2798 1950 complentes.
2840 1880 2939 1947 Qui
2964 1881 3105 1935 enim
3138 1880 3276 1937 bene
3300 1881 3459 1936 mini-

1881 1984 2056 2030 strant
2084 1984 2384 2046 sequuntur
2412 1976 2649 2045 regulam
2680 1974 3101 2044 Scripturarum.

1951 2071 2137 2127 CXIV.
2186 2071 2297 2126 Hoc
2326 2079 2409 2126 est
2445 2085 2572 2139 ergo
2613 2070 3002 2135 ministerium,
3046 2069 3185 2139 quod
3229 2068 3461 2124 ministri

1884 2162 2140 2218 Ecclesia:
2166 2162 2390 2231 implere
2416 2162 2705 2217 debebunt.
2736 2162 3077 2231 Congregent
3108 2160 3301 2213 fratres
3334 2175 3454 2215 ora-

1884 2254 2045 2311 tionis
2072 2263 2325 2324 tempore,
2357 2265 2410 2310 et
2439 2256 2615 2309 omnia
2648 2252 2847 2308 faciant
2875 2267 2995 2323 qum
3018 2251 3120 2307 rite
3144 2251 3458 2321 complenda

1884 2360 2029 2415 sunt,
2062 2359 2117 2403 ut
2143 2349 2338 2403 nullam
2367 2349 2702 2403 occasionem
2733 2347 3051 2402 detractioni
3076 2346 3334 2411 tribuant,
3366 2359 3465 2403 nec

1886 2443 2064 2497 sinant
2085 2443 2386 2513 quempiam
2428 2441 2702 2497 ambulare
2730 2450 2916 2496 contra
2938 2439 3103 2495 ritum
3138 2436 3461 2507 disciplinas.

1886 2538 1943 2593 Si
1973 2537 2211 2593 codicem
2234 2536 2638 2607 postulaverint,
2669 2534 2912 2590 deferant
2942 2535 3040 2589 eis.

1956 2628 2116 2684 CXV.
2158 2629 2214 2685 Si
2242 2630 2360 2700 quis
2386 2628 2587 2684 deforis
2618 2627 2827 2682 venerit
2859 2627 3071 2697 vesperi
3097 2670 3112 2693 ,
3140 2636 3196 2683 et
3230 2641 3339 2682 non
3370 2640 3463 2682 oc-

1887 2722 2122 2777 currerit
2168 2722 2413 2791 accipere
2454 2734 2590 2789 opus
2634 2720 2778 2788 quod
2823 2727 3044 2787 postera
3086 2718 3175 2772 die
3218 2718 3463 2771 facturus

1888 2825 2005 2884 est,
2040 2831 2197 2871 mane
2226 2816 2467 2871 tribuant
2493 2832 2507 2880 ;
2539 2814 2584 2867 si
2611 2812 2875 2867 defecerit
2899 2825 3036 2881 Oplts
3063 2808 3205 2879 quod
3238 2809 3468 2864 habebat

1889 2908 1944 2962 in
1990 2907 2278 2975 manibus,
2314 2908 2328 2955 i
2369 2906 2571 2960 referat
2616 2903 2685 2956 ad
2730 2901 2953 2971 majoris
2998 2900 3365 2963 sententiam,
3416 2910 3469 2953 et

1891 3000 2032 3069 quod
2061 3001 2153 3052 ille
2183 2998 2504 3067 praeceperit
2537 2995 2717 3049 faciat.

207 3090 252 3134 et
276 3082 601 3150 judicabunt
628 3085 771 3139 inter
798 3101 912 3141 eos.
957 3086 1014 3140 Si
1066 3098 1242 3141 tamen
1270 3089 1464 3143 absens
1508 3096 1588 3142 est
1627 3088 1787 3142 Pater
1812 3097 1859 3158 ρ
1962 3088 2145 3144 CXVI.
2174 3088 2199 3126 ιι
2227 3089 2330 3155 Qui
2353 3088 2599 3141 minister
2622 3096 2703 3139 est
2726 3126 2739 3150 ,
2766 3084 2961 3139 habeat
2986 3083 3221 3138 studium
3246 3100 3313 3140 ne
3340 3087 3471 3156 quid

205 3175 551 3241 monasterii,
594 3174 679 3229 vel
716 3174 895 3244 aliquo
936 3175 1214 3243 profectus
1240 3220 1253 3243 ,
1288 3179 1520 3245 primum
1565 3175 1784 3245 quidem

202 3264 605 3335 exspectabunt
632 3279 754 3318 eum
781 3281 795 3329 ;
834 3266 877 3319 si
908 3274 1085 3319 autem
1126 3267 1328 3321 diutius
1356 3266 1681 3320 commorari
1709 3267 1788 3320 vi-

201 3358 403 3423 derint,
438 3364 567 3410 tunc
595 3355 814 3410 audient
843 3357 989 3412 inter
1008 3358 1351 3426 praepositum
1382 3368 1434 3413 et
1456 3357 1695 3427 fratrem,
1720 3374 1787 3416 ne

201 3452 259 3506 de
287 3460 573 3518 suspenso
606 3446 810 3515 judicio
854 3447 1028 3517 major
1072 3448 1287 3503 tristitia
1318 3450 1521 3504 oriatur
1556 3468 1570 3504 :
1602 3461 1655 3507 et
1692 3452 1787 3508 ille

207 3544 288 3611 qui
315 3539 646 3613 praepositus
668 3549 770 3605 est,
793 3548 847 3594 et
875 3540 962 3595 ille
990 3540 1079 3609 qui
1111 3540 1384 3610 subjecms
1410 3552 1513 3609 est,
1538 3551 1590 3599 et
1622 3544 1673 3597 hi
1696 3546 1787 3614 qui

209 3636 448 3700 audiunt,
478 3633 624 3703 juxta
652 3633 900 3689 timorem
925 3634 1020 3690 Dei
1043 3642 1234 3691 cuncta
1258 3635 1474 3703 faciant,
1493 3646 1545 3692 et
1568 3638 1618 3691 in
1644 3637 1789 3692 nullo

214 3726 331 3782 dent
358 3724 699 3782 occasionem
728 3733 775 3776 κ.

1899 3179 2077 3248 operis
2104 3186 2293 3247 pereat
2328 3178 2380 3230 in
2425 3175 2793 3239 monasterio,
2829 3174 2880 3227 in
2914 3173 3057 3228 nulla
3086 3174 3308 3229 omnino
3350 3186 3469 3232 arte

1899 3284 2019 3341 qua:
2051 3274 2332 3324 exercetur
2359 3282 2386 3320 a
2418 3265 2692 3321 fratribus.
2721 3264 2874 3331 Quod
2903 3264 2948 3318 si
2978 3265 3104 3335 quid
3135 3268 3389 3335 perierit,
3418 3274 3473 3323 et

1902 3363 2226 3433 negligentia
2257 3361 2422 3417 fuerit
2447 3360 2765 3428 dissipatum
2793 3404 2805 3428 ,
2841 3360 3208 3430 increpabitur
3248 3378 3277 3415 a
3319 3371 3472 3431 patre

1900 3455 2150 3510 minister
2199 3470 2423 3524 operum
2474 3452 2846 3523 singulorum,
2896 3462 2950 3506 et
3002 3452 3118 3522 ipse
3174 3454 3475 3523 increpabit

1904 3547 2159 3612 alterum,
2192 3546 2282 3616 qui
2325 3559 2459 3615 opus
2482 3543 2795 3613 perdiderit,
2833 3543 3111 3599 dumtaxat
3142 3542 3157 3581 1
3192 3545 3343 3615 juxta
3383 3561 3474 3601 vo-

1899 3639 2162 3693 luntatem
2190 3648 2245 3693 et
2271 3638 2595 3693 sententiam
2623 3637 2880 3707 principis
2898 3677 2913 3704 ,
2943 3639 3145 3709 absque
3168 3657 3269 3711 qua
3297 3644 3474 3700 nullus

1900 3731 2212 3802 increpandi
2243 3730 2463 3788 fratrem
2494 3731 2714 3787 habebit
2742 3740 3081 3800 potestatem.

1280 3908 1535 3965 ALARDI
1574 3909 1806 3966 GAZIEI
1844 3909 2409 3969 COMMENTARIUS.

224 4101 235 4111 .
287 4034 531 4105 llMagna
569 4034 858 4111 verborum
912 4034 1197 4111 diversitas
1255 4041 1395 4109 apud
1441 4050 1691 4098 auctores
1740 4052 1794 4098 et

225 4104 741 4181 interpretesncirca
773 4105 929 4181 _liunc
959 4108 1267 4181 Aarticulum
1290 4104 1307 4109 ’
1326 4111 1540 4181 Regulae
1588 4113 1794 4167 Pacho-

227 4176 424 4253 mianag.
462 4174 739 4253 Palladius
760 4176 847 4253 _ita_
890 4176 1096 4253 refert:
1129 4174 1491 4235 Canstituitvut
1521 4200 1611 4253 per
1634 4194 1796 4238 totum

228 4244 349 4323 diem
375 4249 609 4323 facerent
634 4247 899 4323 duodecim
930 4249 1218 4323 orationes,
1235 4254 1357 4323 etin
1380 4244 1638 4307 nocturnis
1660 4256 1793 4323 vigi-

229 4312 300 4368 liis
319 4312 612 4388 duodecim,
643 4325 691 4370 et
718 4318 769 4370 in
790 4319 1038 4388 matutino
1078 4312 1366 4388 duodecim,
1398 4333 1442 4375 et
1480 4326 1609 4377 liora
1658 4312 1796 4379 mina

230 4392 332 4439 tres.
378 4387 749 4464 Sozomenus:
787 4386 1151 4464 Utduodecies
1178 4390 1231 4464 in
1257 4386 1485 4464 singulos
1522 4396 1629 4448 dies
1671 4411 1791 4447 ora-

230 4468 345 4521 rent,
364 4466 408 4511 et
437 4460 537 4513 sub
563 4460 1068 4531 vesperamAitidem;
1106 4461 1249 4531 toties
1276 4460 1409 4516 enim
1452 4474 1628 4531 noctu,
1669 4464 1794 4516 hora

233 4540 352 4580 nona
390 4531 554 4584 ternis
592 4529 802 4582 vicibus.
835 4529 1056 4598 Niceph.
1094 4548 1106 4582 :
1154 4529 1223 4585 Ut
1252 4533 1523 4587 duodecies
1569 4529 1795 4586 interdiu

232 4611 411 4671 semper
438 4606 649 4655 orarent
672 4614 691 4664 ;
717 4599 888 4653 itidem
918 4617 1033 4654 vero
1056 4601 1122 4654 ad
1150 4618 1447 4671 uesperum;
1477 4612 1629 4656 noctu
1653 4604 1797 4655 sinti-

234 4665 371 4733 liter;
396 4678 442 4721 et
470 4670 594 4724 item
624 4671 751 4723 hora
771 4685 905 4723 nona
925 4673 1089 4725 tertio.

293 4734 661 4818 {Legebatur
722 4739 774 4793 in
834 4740 1069 4796 editione
1118 4741 1460 4818 Lugdunensi
1506 4760 1532 4818 :_
1575 4739 1797 4818 Etiamsi

236 4808 370 4873 facile
393 4808 570 4878 fuerit,
600 4810 817 4866 inverso
841 4826 1004 4866 sensu
1029 4820 1082 4866 et
1102 4808 1269 4867 nullo.
1300 4813 1422 4867 Vult
1449 4814 1589 4868 enim
1615 4814 1796 4869 dicere

237 4881 417 4933 amanti
448 4891 506 4937 et
534 4897 661 4937 vere
690 4882 963 4936 obedienti
991 4881 1126 4937 nihil
1153 4898 1273 4938 esse
1297 4883 1513 4938 difficile
1541 4896 1631 4938 aut
1668 4900 1796 4939 one-

238 4958 433 5024 rosum:
458 4954 605 5024 quia
627 4953 853 5024 perfecta
894 4952 1177 5006 obedientia
1224 4953 1241 5021 (
1262 4970 1376 5024 qtae
1400 4970 1513 5007 cum
1546 4956 1797 5009 charitate

240 5020 495 5082 coniuncta
523 5020 808 5094 est)'legem
836 5023 1016 5088 nescit,
1044 5020 1390 5094 terministnon
1410 5034 1669 5092 arctatur;
1693 5044 1795 5080 non

240 5099 456 5165 contenta
482 5095 735 5165 angustiis
765 5094 1116 5165 professionis,
1155 5093 1366 5165 largiori
1392 5094 1651 5149 uoluntate
1688 5097 1792 5164 fer-

242 5164 314 5209 tur
334 5160 383 5212 in
423 5160 746 5235 latitudinem
766 5160 1060 5228 'c/ta'ritatis,
1089 5160 1376 5235 afacrisque
1399 5167 1555 5219 animi
1586 5160 1795 5219 modum

242 5234 696 5302 tton‘considerans,
724 5235 777 5288 in
798 5235 1051 5302 infinitam
1080 5234 1360 5290 libertatem
1381 5237 1703 5291 extenditur:
1728 5237 1804 5292 ait

242 5292 298 5378 EI“.
324 5298 627 5378 [fernardus
655 5292 747 5378 lib.
779 5292 1137 5378 de'Praycept.
1161 5315 1215 5378 et
1241 5308 1488 5378 Dispens.
1521 5307 1651 5361 Vide
1681 5323 1799 5378 cap.

242 5366 300 5421 68
330 5370 547 5450 Regula;
597 5376 661 5430 D.
710 5374 1002 5443 Benedicti,
1055 5366 1142 5431 cui
1172 5366 1355 5433 titulus
1393 5395 1405 5431 :
1438 5377 1498 5434 Si
1525 5379 1675 5450 fratri
1710 5366 1804 5432 itit-

245 5443 497 5518 possibilia
530 5447 888 5518 injungantar.

309 5521 327 5548 ε
356 5513 401 5567 Α
434 5513 702 5591 concione
735 5533 829 5573 seu
857 5516 1233 5577 exhortatione
1271 5520 1569 5591 superioris
1600 5522 1802 5577 nemini

243 5576 417 5638 abesse
456 5586 667 5644 licebat.

303 5647 329 5687 ἀ
363 5653 535 5715 Credo
588 5658 870 5731 legendum
894 5676 923 5755 ἐ
973 5660 1203 5735 Majom
1267 5662 1355 5733 qui
1401 5677 1518 5717 cum
1562 5661 1805 5735 fratribus

666 5756 943 5816 Panos.
1027 5754 1096 5817 L.

1899 4046 2167 4116 mittuntur
2220 4047 2386 4116 foras,
2431 4055 2536 4101 etc.
2599 4046 2857 4103 Solebant
2895 4048 3040 4103 enim
3086 4051 3325 4109 seniores
3357 4070 3475 4112 cum

1893 4115 2198 4185 junioribus
2221 4115 2383 4181 mitti,
2411 4118 2477 4172 ad
2508 4132 2692 4172 eorum
2719 4134 2899 4174 curam
2933 4130 2984 4174 et
3012 4122 3333 4179 custodiam.

1973 4197 1995 4223 ε
2032 4187 2217 4257 Magna
2260 4188 2543 4257 prudentia
2574 4198 2627 4244 et
2650 4189 3019 4247 moderatione
3035 4194 3261 4249 usisunt
3289 4195 3477 4256 Patres

1896 4257 1951 4311 in
1981 4257 2283 4325 iudicandis
2322 4268 2374 4313 et
2413 4260 2727 4315 dirimendis
2774 4261 2994 4317 fratrum
3033 4265 3209 4321 causis
3253 4276 3309 4322 et
3347 4284 3477 4328 con-

1896 4330 2196 4398 troversiis.
2230 4328 2360 4383 Vide
2384 4344 2543 4398 supra
2576 4340 2678 4383 art.
2708 4333 2795 4385 94.

1976 4396 1994 4433 ί
2024 4397 2099 4451 De
2139 4398 2332 4518 (lgibus
2371 4396 2532 4467 supra
2565 4408 2667 4453 nrt.
2722 4401 2811 4458 92.
2863 4402 3061 4473 Viginti
3098 4408 3195 4459 viri
3226 4415 3392 4466 sancti
3430 4426 3478 4468 et

1977 4476 2129 4518 tentes
2210 4483 2339 4518 eunt.
2370 4471 2473 4518 sive
2502 4470 2689 4518 decem.
2722 4482 2826 4518 etc.
2874 4473 3040 4518 Erunt
3073 4477 3231 4518 igitur
3263 4480 3314 4518 in
3361 4498 3476 4518 mn-

1901 4466 2129 4543 timentes
2157 4466 2339 4530 Deum,
2370 4466 2473 4543 sive
2498 4470 2689 4543 decem,
2722 4482 2826 4523 etc.
2874 4466 3041 4526 Erant
3072 4477 3231 4543 igitur
3262 4480 3314 4532 in
3360 4466 3477 4536 mo;

1903 4536 2172 4609 nasteriis,
2207 4538 2671 4609 prieterabbatem
2703 4548 2755 4609 et
2790 4536 3126 4609 praepositos]
3172 4545 3262 4599 alii
3294 4563 3361 4601 ex
3390 4565 3476 4605 se-

1905 4604 2147 4658 nioribus
2174 4606 2239 4657 ad
2272 4607 2374 4658 hoc
2404 4606 2597 4659 delecti
2621 4616 2675 4659 et
2699 4604 2958 4675 deputaii,
2992 4619 3047 4662 ut
3075 4604 3475 4675 cantroversias

1828 4666 1882 4726 D
1906 4683 1963 4751 et
1991 4677 2361 4751 contentiones
2386 4676 2529 4751 inter
2555 4677 2700 4751 ipsos
2727 4666 2871 4731 oitas
2901 4666 2982 4751 vel
3015 4666 3478 4751 emergentes—di:

1900 4744 2255 4815 rinierent,get
2290 4746 2344 4799 in
2386 4745 2529 4812 ipsos
2550 4746 2711 4801 etiam
2742 4749 3048 4815 superiores
3079 4744 3478 4815 aniinadverte-

1899 4822 2063 4869 rent:
2098 4813 2236 4868 unde
2266 4822 2320 4868 et
2342 4816 2547 4884 judices
2569 4813 2980 4883 ctdiflinitores,
3017 4818 3149 4874 alias
3182 4822 3403 4881 discreti
3424 4813 3479 4884 et

1899 4884 2243 4955 consultores
2272 4885 2423 4941 dicti.
2465 4885 2539 4939 De
2568 4901 2793 4955 quorttm
2837 4889 3159 4946 auctoritate
3204 4904 3256 4948 et
3300 4897 3475 4955 officio

1900 4957 2027 5011 vide
2050 4954 2484 5081 iCeonstitutiones
2521 4954 2952 5027 congregationis
2974 4958 3309 5023 Cassinensis
3332 4954 3472 5039 part.

1900 5042 1936 5081 ι.
1965 5042 2012 5081 c.
2120 5068 2132 5080 .

1894 5042 1936 5094 ι,
1965 5042 2012 5081 c.
2050 5042 2132 5081 12.

1973 5107 1998 5170 ξ
2031 5098 2254 5169 Supple,
2280 5100 2764 5170 conquerendiLaut
2787 5105 3162 5158 murmur-andi.

1976 5166 2005 5204 h
2034 5166 2171 5249 Yide
2188 5166 2347 5249 supra
2380 5166 2604 5249 art._45.
2631 5168 3003 5249 cassianus-in
3034 5174 3127 5226 lib.
3154 5191 3204 5229 IV
3233 5190 3349 5247 cap.
3383 5181 3471 5249 15,

1908 5238 2107 5309 Regula
2136 5241 2197 5295 D.
2227 5238 2500 5296 Benedicti
2531 5257 2649 5309 cap.
2676 5242 2745 5295 55
2774 5254 2828 5297 et
2854 5244 2944 5298 55.

1986 5312 2002 5345 ι
2028 5311 2145 5364 Alia
2163 5312 2902 5368 distinctioetconstitutiode
2918 5316 3279 5370 convocandis
3297 5322 3477 5375 etcol<

1907 5380 2135 5456 ligendis
2155 5380 2405 5441 fratribus
2423 5382 2622 5456 gsivead
2645 5386 2978 5456 concionem,
2996 5384 3192 5456 siverad
3206 5387 3473 5456 publicam

1909 5450 2176 5527 synaxjm,
2194 5466 2309 5519 quae
2331 5454 2499 5527 major
2526 5450 2749 5527 eollccta
2774 5454 3068 5521 dicebatur,
3096 5455 3160 5511 de
3186 5450 3289 5527 qua
3313 5459 3472 5517 infra.

1984 5524 1997 5592 ξ
2031 5520 2085 5574 ld
2120 5530 2221 5589 est,
2249 5524 2491 5577 consulat
2516 5525 2868 5592 superiorem.

1981 5588 2009 5668 ξι
2041 5588 2289 5668 Ciliciam
2316 5594 2543 5668 ministri
2573 5588 2667 5649 seu
2696 5594 2930 5668 praefecti
2953 5611 3196 5668 operum,
3226 5608 3334 5657 etc.

1983 5660 2003 5697 ι
2047 5661 2103 5718 ld
2128 5671 2229 5733 est,
2259 5663 2429 5722 Patris
2458 5664 2771 5724 monasterii
2806 5666 2917 5722 sive
2942 5660 3167 5725 abbatis.

2887 5759 2958 5822 1ο
