4000 6186
478 158 581 225 299

1510 158 1601 216 AD
1642 157 1871 217 OPERA
1911 158 1959 215 J.
2003 157 2315 218 CASSIANI
2356 146 2725 213 APPENDIX.

3660 148 3770 211 500

545 286 752 345 CXVII.
793 286 851 343 Si
876 287 1264 342 vestimentum
1298 282 1364 337 ad
1394 282 1571 337 solem
1616 297 1921 351 expansum
1958 291 2065 337 ter-
2092 287 2145 344 Α
2173 281 2418 336 tentiam.
2465 280 2619 346 Quod
2662 279 2704 332 si
2753 276 2941 333 eadem
2993 275 3157 343 hora,
3208 288 3316 345 qua
3369 270 3601 344 fugerit,
3652 288 3764 331 non

479 383 582 437 tius
628 379 895 435 invenerit
940 378 1092 443 dies,
1131 385 1156 413 ι
1190 374 1442 429 dominus
1489 374 1801 428 vestimenti
1852 390 1951 444 pro
1998 388 2065 430 eo

476 474 868 545 increpabitur,
902 480 957 526 et
983 479 1103 539 aget
1132 467 1511 539 paenitentiam
1547 466 1759 537 publice
1802 467 1855 522 in
1899 466 2067 523 colle-

475 578 560 624 cta
585 609 600 633 ,
632 567 657 605 δ
686 566 956 634 stabitque
988 563 1041 616 in
1072 560 1327 617 vescendi
1356 560 1502 616 loco.

544 657 778 715 CXVIII.
808 657 865 713 Si
892 657 1145 711 inventus
1172 654 1341 710 fuerit
1367 671 1502 710 unus
1526 669 1555 711 e
1584 653 1837 710 fratribus
1863 655 2065 725 aliquid

473 768 572 823 per
597 751 1003 806 contentionem
1036 764 1242 820 agens,
1283 749 1366 803 vel
1406 748 1795 803 contradicens
1839 748 2065 818 majoris

473 846 706 914 imperio
728 885 741 909 ,
774 840 1341 911 increpabitur,juxta
1372 856 1684 895 mensuram
1718 844 1926 911 peccati
1951 842 2059 898 sui.

542 935 732 992 CXIX.
786 936 887 1004 Qui
934 935 1213 1000 mentitur,
1259 942 1353 987 aut
1394 933 1520 987 odio
1568 933 1805 1004 aliquem
1856 934 2063 990 habere

467 1033 635 1090 fuerit
666 1030 1073 1101 deprehensus,
1102 1037 1195 1083 aut
1237 1027 1596 1093 inobcdicns,
1641 1038 1731 1081 aut
1774 1028 1893 1097 plus
1935 1028 2062 1096 joco

469 1138 627 1195 quam
660 1122 948 1178 honestum
980 1129 1095 1190 est,
1127 1120 1376 1187 deditus,
1407 1128 1500 1174 aut
1526 1119 1770 1187 otiosus,
1803 1131 1895 1173 aut
1925 1120 2061 1175 dure

465 1218 845 1289 reSpondens,
898 1226 992 1272 aut
1037 1216 1491 1271 consuetudinem
1537 1214 1749 1270 habens
1800 1215 2060 1269 fratribus

467 1313 827 1380 detrahendi,
862 1313 949 1366 Vel
980 1312 1066 1365 his
1093 1310 1183 1380 qui
1212 1310 1348 1364 foris
1379 1318 1535 1376 sunt,
1565 1319 1621 1365 et
1647 1310 1871 1363 omnino
1902 1310 2060 1380 quid-

467 1408 595 1479 quid
622 1418 812 1462 coutra
839 1406 1080 1475 regulam
1108 1403 1511 1474 Scripturarum
1542 1412 1628 1459 est
1657 1412 1713 1458 et
1740 1402 2059 1457 monasterii

467 1502 844 1572 disciplinam,
879 1498 1063 1553 audiet
1102 1495 1265 1551 Pater
1306 1496 1625 1551 monasterii
1670 1506 1723 1550 et
1764 1494 2059 1550 vindicabit

464 1594 617 1665 juxta
646 1606 954 1646 mensuram
983 1605 1226 1660 opusque
1258 1589 1487 1659 peccati.

2174 371 2505 428 nuntiaverit
2537 368 2719 434 Patri,
2754 383 2876 424 reus
2908 367 3010 422 erit
3042 369 3271 437 peccati.

2241 463 2454 520 CXXV.
2496 462 2553 519 Si
2584 463 2637 517 in
2670 461 2829 517 domo
2860 476 2957 518 sua
2998 461 3325 530 prmpositus
3352 454 3557 515 viderit
3580 459 3763 517 delin-

2169 568 2423 630 quentem
2445 600 2459 625 ,
2492 566 2544 612 et
2581 572 2688 610 non
2720 554 3052 610 nuntiaverit
3082 554 3233 610 Patri
3262 554 3615 623 monasterii,
3644 556 3765 626 ipse

2172 648 2565 719 increpationis
2596 647 2777 702 ordini
2810 646 3131 717 subjacebit.

2241 736 2475 797 CXXVI.
2511 749 2535 787 ε
2568 740 2670 795 Per
2695 739 2889 794 domos
2918 738 3155 808 singulas
3186 739 3401 808 vesperi
3429 754 3526 796 sex
3555 740 3760 797 oratio-

2169 850 2267 893 nes
2295 836 2645 905 psalmosque
2683 834 3065 904 complebuttt,
3098 832 3128 871 ιι
3160 834 3315 903 juxta
3357 835 3604 891 ordinem
3636 851 3762 892 ma-

2163 931 2306 1002 joris
2334 930 2581 985 collectae
2610 946 2732 998 qua:
2763 945 2793 983 a
2823 930 3036 985 cunctis
3074 928 3331 986 fratribus
3370 931 3424 985 in
3463 946 3763 988 commune

2168 1023 2496 1080 celebratur.
2526 1023 2631 1078 Per
2657 1023 2894 1093 singulas
2926 1022 3296 1078 hebdomadas
3326 1022 3341 1062 ί
3374 1024 3763 1093 diSpositiones

2165 1134 2197 1173 a
2229 1116 2536 1188 praepositis
2575 1116 3019 1184 complebuntur.
3065 1114 3256 1170 Nullus
3302 1115 3358 1169 in
3402 1114 3565 1171 domo
3603 1115 3761 1187 quid-

2166 1212 2314 1281 piam
2347 1209 2538 1278 faciet,
2568 1209 2673 1263 nisi
2705 1207 2847 1278 quod
2877 1206 3208 1278 prmpositus
3235 1207 3482 1277 jusserit.

2235 1301 2497 1359 CXXVII.
2532 1302 2587 1357 Si
2618 1316 2807 1357 omnes
2833 1300 3035 1355 fratres
3060 1300 3150 1371 qui
3179 1300 3233 1353 in
3263 1299 3427 1355 domo
3458 1310 3583 1355 sunt
3614 1300 3757 1356 vide~

2165 1398 2274 1453 rint
2322 1397 2675 1466 praepositum
2722 1393 2948 1448 nimium
3000 1392 3398 1463 negligentem,
3448 1407 3753 1448 mensuram

2165 1490 2486 1546 monasterii
2528 1488 2884 1543 excedentem
2903 1530 2917 1555 ,
2952 1484 3194 1540 referent
3224 1485 3292 1539 ad
3320 1485 3541 1540 Patrem
3560 1526 3575 1550 ,
3605 1494 3663 1540 et
3689 1490 3756 1540 ab

2165 1600 2230 1640 eo
2258 1582 2649 1653 iucrepabitur.
2682 1582 2804 1652 Ipse
2829 1589 3008 1636 autem
3042 1580 3372 1650 praepositus
3418 1580 3557 1635 nihil
3597 1580 3759 1635 faciat

536 1683 703 1741 CXX.
739 1696 758 1723 ο
788 1683 1047 1739 Pellicula
1068 1728 1081 1751 ,
1109 1683 1325 1751 caligat,
1357 1694 1410 1737 et
1438 1683 1743 1751 cingulum,
1770 1691 1824 1737 et
1853 1682 1898 1735 si
1928 1679 2057 1751 quid
2088 1694 2139 1755 Β
2167 1689 2364 1749 praeter
2396 1679 2447 1733 id
2476 1678 2619 1748 quod
2655 1678 2813 1732 Pater
2839 1675 3098 1746 jusserit,
3127 1676 3367 1730 maxime
3404 1675 3459 1730 itt
3492 1690 3554 1731 re
3584 1690 3753 1741 nova,

467 1777 614 1833 aliud
646 1777 900 1848 perierit,
935 1778 1022 1847 qui
1058 1775 1358 1846 perdiderit
1388 1776 1781 1845 increpabitur.

537 1870 725 1927 CXXI.
762 1870 818 1926 Si
847 1870 969 1940 quis
996 1869 1181 1924 tulerit
1209 1884 1326 1924 rem
1356 1886 1461 1921 non
1493 1883 1671 1931 suam,
1702 1878 1936 1938 ponetur
1961 1883 2057 1922 su‘

467 1980 563 2035 per
591 1964 846 2018 humeros
875 1962 992 2031 ejus
1014 2003 1028 2027 ,
1060 1970 1115 2016 et
1153 1971 1274 2031 aget
1316 1961 1695 2030 paenitentiam
1744 1961 1962 2032 publice
2002 1960 2056 2015 in

461 2058 739 2122 collecta,
772 2056 1042 2126 stabitque
1084 2054 1137 2108 in
1179 2053 1441 2109 vescendi
1486 2054 1627 2108 loco.
1673 2052 1730 2108 Si
1777 2063 1959 2107 autem
2002 2054 2058 2108 in

463 2150 609 2207 furto
638 2148 799 2205 fuerit
829 2147 1205 2217 deprehensus
1227 2188 1240 2214 ,
1266 2144 1292 2182 ἀ
1320 2147 1542 2216 triginta
1572 2160 1767 2201 novem
1795 2146 2059 2201 verbera-

467 2245 604 2301 hunt
627 2260 754 2300 eum
772 2288 786 2311 ,
807 2251 862 2299 et
891 2241 1018 2297 foris
1035 2241 1242 2296 dabunt
1268 2241 1317 2294 ei
1342 2240 1509 2295 edere
1534 2255 1764 2309 panem,
1789 2251 1843 2295 et
1866 2256 2060 2311 aquam

464 2345 672 2390 tantum
694 2377 710 2403 ,
755 2344 810 2390 et
852 2344 874 2370 ο
904 2343 1155 2403 opertum
1201 2332 1384 2387 cilicio
1411 2340 1463 2387 et
1494 2333 1679 2387 cinere
1710 2349 1804 2402 per
1847 2334 2056 2403 singula

466 2429 774 2481 orationum
805 2435 1047 2495 tempora
1078 2435 1275 2495 cogent
1308 2441 1430 2479 cum
1465 2440 1632 2495 agere
1661 2427 2055 2495 paenitentiam.

471 2520 491 2558 ¹
518 2519 827 2590 Eademque
856 2520 944 2574 lex
976 2520 1027 2573 in
1059 2520 1299 2589 fugitivis
1338 2520 1737 2575 observabitur.

535 2612 748 2668 CXXII.
790 2612 1126 2681 Praepositus
1168 2611 1364 2668 domus
1406 2614 1765 2683 increpationi
1807 2615 2060 2683 subjace-

464 2707 545 2763 bit
568 2747 581 2770 ,
615 2707 659 2760 si
692 2714 817 2760 ante
848 2712 957 2759 tres
987 2704 1103 2761 dies
1133 2720 1241 2760 non
1274 2706 1608 2761 nuntiaverit
1634 2706 1783 2761 Patri
1814 2752 1826 2774 ,
1861 2708 1977 2762 sive
2007 2707 2059 2762 in

474 2802 583 2865 via,
613 2799 726 2853 sive
758 2798 810 2853 in
842 2814 1002 2868 agro,
1036 2800 1149 2855 sive
1180 2800 1232 2854 in
1271 2802 1604 2856 monasterio
1637 2802 1762 2871 quid
1798 2802 2060 2871 perierit,

467 2905 524 2950 et
550 2904 673 2965 aget
709 2895 1083 2965 paenitentiam
1108 2896 1263 2965 juxta
1293 2896 1539 2951 ordinem
1571 2896 1949 2951 constitutum.

537 2987 770 3042 CXXIII.
806 2986 962 3053 Quod
993 2988 1039 3042 si
1070 2989 1233 3043 homo
1266 2987 1465 3055 fuerit,
1499 2998 1554 3043 et
1594 2998 1721 3043 ante
1754 2998 1865 3044 tres
1894 2989 2059 3044 ltoras

2166 1778 2179 1826 l
2213 1791 2337 1831 nam
2380 1790 2503 1846 quas
2548 1790 2615 1830 ex
2648 1788 2798 1829 more
2840 1771 3157 1838 descendit,
3196 1770 3508 1826 observabit
3544 1770 3758 1841 regulas

2162 1868 2505 1925 monasterii.

2231 1961 2517 2017 CXXVIII.
2550 1958 2577 1997 ¹ί
2608 1960 2946 2031 Praspositus
2985 1974 3091 2015 non
3131 1958 3453 2023 inebrietur,
3493 1956 3509 1995 ι
3542 1972 3651 2014 nec
3673 1973 3755 2015 se—

2164 2057 2288 2112 deat
2317 2056 2373 2109 in
2405 2053 2793 2109 humilioribus
2833 2052 3002 2123 locis,
3041 2052 3195 2121 juxta
3230 2066 3356 2105 vasa
3406 2051 3755 2118 monasterii,

2162 2162 2204 2191 ω
2228 2167 2297 2207 ne
2328 2159 2545 2219 rumpat
2577 2148 2792 2205 vincula
2823 2162 2943 2219 qute
2970 2147 3115 2202 Deus
3138 2147 3195 2201 in
3236 2146 3373 2202 caalo
3397 2144 3675 2210 condidit,
3697 2154 3758 2199 ut

2165 2245 2528 2301 observentur
2558 2243 2611 2297 in
2640 2243 2800 2297 terris
2824 2285 2837 2309 ,
2872 2250 2899 2277 ιι
2934 2256 3003 2297 ne
3034 2242 3212 2312 lugeat
3244 2242 3295 2294 in
3342 2238 3427 2294 die
3469 2237 3616 2293 festo
3649 2238 3758 2293 Βοι-

2163 2338 2301 2394 mini
2330 2336 2638 2393 salvatoris.
2666 2334 2988 2390 Dominetur
3030 2334 3181 2388 carni
3216 2347 3366 2399 sua,
3406 2332 3564 2401 juxta
3605 2346 3759 2386 meno

2164 2447 2347 2487 suram
2379 2439 2714 2485 sanctorum.
2749 2435 2773 2463 ο
2802 2426 2922 2483 Non
2955 2427 3261 2481 inveniatur
3302 2426 3355 2479 iu
3398 2423 3762 2479 encelsiseu-

2163 2526 2364 2582 bilibus
2394 2524 2638 2579 imitatus
2670 2537 2878 2577 morem
2909 2521 3212 2591 gentilium.
3256 2518 3372 2573 Non
3415 2518 3487 2572 sit
3529 2517 3765 2587 duplicis

2166 2619 2315 2675 fidei.
2345 2619 2464 2673 Non
2492 2625 2750 2688 sequatur
2777 2614 3135 2685 cogitationes
3160 2611 3339 2668 cordis
3368 2612 3449 2666 sui
3467 2654 3481 2677 ,
3511 2621 3577 2667 et:
3601 2612 3762 2667 subli-

2165 2712 2433 2767 mioribus
2460 2726 2568 2765 non
2598 2710 2817 2765 resistat
2861 2708 3089 2763 tumenti
3135 2706 3318 2760 animo
3359 2707 3753 2775 potestatibus,

2166 2824 2274 2863 non
2306 2807 2503 2862 fremat
2522 2847 2537 2864 .
2571 2819 2672 2860 nec
2698 2806 2875 2859 irruat
2894 2814 3056 2872 super
3082 2801 3426 2867 humiliores,
3454 2815 3577 2854 non.
3596 2810 3764 2855 trans-

2164 2899 2304 2953 ferat
2334 2898 2632 2963 terminos,
2666 2911 2773 2950 non
2800 2896 2871 2951 sit
2901 2893 3316 2958 fraudulentus;
3346 2907 3446 2947 nec
3477 2892 3535 2946 in
3568 2893 3765 2962 cogita—

2162 2991 2408 3048 tionibus
2435 2998 2622 3045 verset
2649 2989 2825 3058 dolos,
2850 3004 2961 3044 non
2992 2989 3233 3058 negligat
3250 2996 3532 3057 peccatum
3571 2988 3765 3042 animat

468 3097 576 3137 non
618 3080 950 3135 nuntiaverit
993 3079 1177 3145 Patri,
1224 3095 1349 3135 reus
1397 3080 1502 3136 erit
1545 3080 1863 3151 perditionis
1907 3081 2053 3151 ejus,
2089 3074 2136 3140 C
2166 3099 2282 3142 suae
2325 3085 2668 3153 exstirpare,
2719 3096 2818 3138 nec
2861 3081 3113 3136 vincatur
3151 3080 3329 3135 carnis
3370 3080 3630 3147 luxuria,
3665 3088 3766 3134 non

468 3177 572 3232 nisi
600 3190 723 3231 eum
752 3173 952 3230 iterum
984 3173 1274 3230 invenerit.

540 3265 775 3324 CXXIV.
811 3267 937 3322 Ilaec
967 3274 1053 3323 est
1081 3268 1220 3324 ultio
1250 3268 1305 3324 in
1336 3283 1463 3325 eum
1486 3268 1579 3339 qui
1611 3268 1833 3324 fratrem
1866 3268 1934 3325 de
1966 3270 2062 3326 do-

469 3377 558 3420 mo
599 3360 938 3433 perdiderit:
973 3360 1145 3416 tribus
1188 3361 1387 3416 diebus
1418 3371 1539 3431 aget
1570 3362 1838 3431 publicam
1883 3362 2063 3431 poeni-

2168 3177 2417 3234 ambulet
2468 3176 2842 3247 negligenter,
2900 3187 3007 3229 non
3060 3172 3172 3228 cito
3228 3173 3479 3243 loquatur
3545 3174 3777 3229 verbum

2169 3274 2444 3339 otiosum,
2496 3285 2605 3326 non
2651 3281 2815 3340 ponat
2861 3268 3177 3324 scandalum
3223 3277 3346 3323 ante
3387 3267 3560 3337 pedes
3603 3269 3765 3336 exerit,

2169 3380 2276 3419 non
2309 3364 2504 3420 doceat
2538 3364 2846 3435 voluptates
2886 3362 3123 3418 animam
3155 3374 3306 3416 suam
3333 3404 3347 3427 ,
3382 3376 3489 3417 non
3520 3365 3770 3420 solvatur

1548 3474 1804 3529 ALARDI
1844 3473 2081 3530 GAZ/EI
2118 3476 2684 3534 COMMENTARIUS.

541 3566 849 3622 ‘Dominus
887 3564 1180 3631 improprie
1223 3564 1437 3630 ponitur
1491 3579 1587 3631 pro
1642 3564 1882 3629 usuaria,
1938 3578 2061 3618 cum

469 3639 671 3697 nullius
712 3638 790 3691 rei
834 3635 1131 3689 dominium
1186 3633 1378 3687 habeat
1422 3634 1742 3703 monachus,
1790 3650 1860 3689 ne
1894 3636 2065 3689 vestis

469 3709 686 3781 quidem
717 3722 818 3776 qua
860 3705 1121 3781 induitur,
1166 3721 1263 3758 nec
1308 3706 1461 3774 panis
1489 3722 1595 3781 quo
1640 3706 2061 3781 vescitur,_sed

469 3778 771 3849 simplicem
810 3791 968 3834 usum
1010 3778 1311 3843 dumtaxat,
1358 3794 1387 3832 a
1438 3780 1714 3832 voluntate
1764 3778 2060 3847 superioris

470 3853 884 3963 dependentem.

608 3923 827 3963 Enopiae
852 3936 882 3963 ρ

608 3923 827 3993 Species
852 3920 1211 3993 correctionis
1240 3928 1291 3974 et
1333 3921 1764 3993 mortificationis
1792 3921 2061 3993 monasti-

469 4011 580 4061 cae,
628 3990 773 4049 stare
818 3995 870 4047 in
924 3990 1234 4061 relectorioi
1276 3998 1522 4060 tempore
1579 3991 1892 4045 refectionis
1920 4034 1934 4056 ,
1995 3990 2063 4046 de

470 4060 574 4136 qua
604 4066 726 4121 vide
767 4065 975 4133 insigne
1029 4060 1334 4129 exemplum
1365 4062 1505 4130 apud
1548 4061 1845 4116 Climacum
1892 4062 2062 4130 gradu

512 4147 681 4192 uarto.

470 4153 725 4275 ῳὲΐὸῗίω
754 4204 980 4260 melotes
1004 4200 1151 4275 apud
1178 4202 1328 4271 ipsos
1358 4200 1659 4269 dicebatur,
1690 4202 1758 4257 de
1786 4217 1890 4273 qua
1924 4202 2058 4259 Cas-

470 4274 655 4355 siapus
679 4278 770 4330 lib.
795 4290 814 4355 ξ
840 4289 960 4355 cap.
990 4274 1043 4327 8.

543 4346 569 4386 ἀ
617 4345 880 4415 Superius
911 4345 963 4399 id
994 4346 1318 4412 explicatum
1360 4355 1460 4399 art.
1491 4346 1581 4400 72.
1649 4345 1840 4400 Posset
1878 4354 2059 4402 tamen

469 4419 635 4475 etiam
677 4418 780 4471 hoc
810 4415 970 4489 modo
1002 4420 1197 4489 exponi
1235 4434 1250 4474 :
1294 4417 1665 4489 verberabant,
1702 4418 1752 4471 id
1785 4426 1885 4482 est,
1925 4432 2061 4484 prac-

468 4498 654 4546 sentes
679 4498 837 4545 erunt
865 4487 992 4543 dum
1026 4487 1414 4545 verberabitur.
1455 4487 1585 4542 Nam
1618 4490 1671 4543 in
1708 4490 2061 4558 singulist-

469 4561 647 4618 mibus
676 4570 832 4616 erant
880 4560 946 4613 ad
993 4575 1261 4615 sumntum
1298 4559 1653 4630 quadraginta
1697 4562 1968 4623 monachi,
2006 4570 2064 4616 ut

469 4633 672 4689 dictum
726 4639 812 4687 est
866 4632 918 4685 in
971 4634 1286 4701 praefatione
1335 4633 1396 4685 υ.
1430 4632 1774 4703 Hieronymi,
1827 4648 2057 4701 quorum

470 4704 600 4759 dum
648 4718 786 4759 unus
828 4704 1229 4773 verberaretur,
1284 4705 1479 4776 reliqui
1524 4704 1801 4760 restabant
1842 4705 2059 4774 triginta

469 4790 688 4832 novem.

548 4846 773 4919 fCilieii
809 4847 1060 4915 antiquus
1092 4862 1219 4919 usus
1264 4847 1407 4902 inter
1464 4846 1791 4919 monachos,
1846 4847 1914 4903 de
1953 4861 2062 4919 quo

471 4916 598 4987 vide
618 4918 1031 4987 annotationem
1062 4917 1127 4971 ad
1159 4919 1251 4972 lib.
1277 4934 1295 4972 I
1324 4933 1441 4987 cap.
1473 4917 1527 4971 '5.

547 4985 826 5061 f_li‘_ugi_t_ivi
856 4998 910 5061 et
937 4999 1197 5056 apostata:
1228 4985 1402 5045 etiam
1432 4988 1748 5044 verberibus
1779 4997 1833 5044 et
1878 4990 2063 5061 ﬂagris

469 5058 666 5129 puniti.
697 5056 828 5111 Vide
850 5057 1111 5114 Joannem
1138 5060 1434 5115 Climacum
1465 5062 1633 5127 gradu
1668 5061 1878 5129 quinto.

542 5137 569 5175 Β
593 5128 666 5183 Ita
695 5129 856 5183 etiam
886 5132 1135 5198 superius
1166 5140 1268 5185 art.
1294 5134 1383 5187 85.
1416 5131 1521 5187 Sed
1557 5128 1784 5185 fortasse
1814 5133 1937 5199 quia
1966 5147 2061 5187 sex

469 5202 811 5272 orationibus
856 5214 951 5255 sex
985 5202 1165 5255 itidem
1200 5205 1389 5270 psalmi
1418 5203 1785 5272 jungebantur
1807 5246 1820 5267 ,
1860 5202 2061 5258 idcirco

466 5271 743 5397 (lj’alladiuts
774 5278 828 5327 et
854 5272 946 5328 alii
978 5272 1260 5330 duodecim
1285 5271 1556 5330 orationes
1584 5275 1691 5330 illis
1718 5275 2060 5345 praescriptas

509 5358 696 5397 txerun
729 5385 743 5397 .

509 5352 743 5400 uerunt.

544 5410 574 5450 λ
604 5415 775 5484 Major
818 5418 1040 5473 collecta
1090 5416 1373 5472 dicebatur
1403 5460 1419 5484 ,
1478 5434 1599 5474 cum
1663 5418 2061 5474 conveniebant

466 5499 661 5559 omnes
687 5489 880 5559 fratres
906 5489 1148 5559 ejusdem
1182 5492 1495 5545 monasterii
1528 5493 1641 5545 sive
1680 5490 2058 5559 congregatio-

466 5557 555 5636 nis
587 5557 961 5636 in_e_ccle5tatn',
991 5560 1410 5636 diebusnetnpe
1433 5561 1731 5636 sabbatinis
1759 5557 2059 5636 etdomini-

469 5629 571 5705 eis,
604 5629 830 5705 aliisque
859 5630 1291 5705 solemnitatibus
1320 5629 1386 5686 ad
1413 5634 1594 5705 divina
1630 5634 1885 5705 mysteria
1909 5633 2057 5689 cele-

468 5694 677 5759 branda
721 5694 776 5757 et
828 5700 1203 5772 percipienda,
1239 5712 1292 5758 et
1320 5700 1544 5761 verbum
1571 5694 2053 5761 Dei'audien'dum.

2085 4384 2139 4445 D

2170 3566 2407 3639 Minores
2438 3578 2621 3622 autem
2648 3569 2893 3623 collecta!
2924 3566 3205 3639 etgprivati
3238 3576 3552 3639 conventus
3595 3568 3767 3639 quoti-

2169 3637 2258 3692 die
2288 3639 2489 3693 ftebant
2516 3640 2571 3695 in
2602 3640 2835 3709 singulis
2859 3637 3111 3693 domibus
3155 3638 3311 3693 statis
3341 3639 3489 3692 horis
3548 3637 3769 3695 et'temé

2167 3710 2411 3778 poribus,
2454 3712 2549 3765 ubi
2604 3710 2946 3766 solummodo
2990 3710 3353 3780 trigintaﬂaut
3411 3712 3768 3780 quadraginta

2166 3782 2587 3847 conveniebant,
2622 3791 2680 3836 ut
2707 3797 2777 3837 ex
2806 3782 2964 3836 dictis
2992 3780 3181 3850 liquet.
3219 3779 3353 3834 Vide
3383 3782 3542 3837 artic.
3578 3779 3696 3836 102.

2245 3850 2262 3889 ί
2302 3852 2357 3907 ld
2383 3860 2490 3918 est,
2530 3853 2900 3908 ordinationes
2926 3852 3041 3907 sive
3070 3852 3491 3907 constitutiones
3540 3860 3595 3908 et
3626 3855 3763 3923 leges

2166 3924 2433 3993 cujusque
2463 3925 2679 3979 domus.

2242 3996 2256 4048 l
2298 3995 2412 4049 IIoc
2443 4005 2548 4062 est,
2580 3997 2632 4049 in
2658 3994 2818 4049 rebus
2840 3995 3113 4048 consuetis
3138 4001 3188 4049 et
3218 3994 3429 4047 usitatis
3452 3994 3765 4050 observabit

2168 4068 2385 4135 regulas
2416 4068 2755 4123 monasterii.
2788 4064 3093 4136 Opponitur
3132 4065 3274 4119 enim
3316 4070 3404 4120 res
3458 4080 3598 4119 nova
3639 4080 3767 4119 con-

2166 4139 2360 4264 sugtis,
2392 4154 2514 4209 qua:
2555 4155 2621 4195 ex
2654 4152 2806 4193 more
2860 4137 3195 4192 descendunt
3235 4142 3299 4193 et‘
3337 4138 3652 4205 frequenter
3680 4151 3764 4191 ac-

2167 4222 2213 4263 et
2263 4219 2375 4263 unt.

2167 4219 2375 4263 Ctdtmt.

2238 4280 2266 4318 ¹ί
2300 4282 2472 4336 Mores
2503 4291 2555 4335 et
2581 4278 3243 4349 conditiones'praepositi,
3274 4280 3389 4334 sive
3418 4278 3640 4349 prioris;
3662 4280 3765 4335 late

2169 4350 2255 4407 hic
2282 4353 2681 4408 describuntur.

2243 4423 2263 4461 1
2300 4424 2435 4491 Quid
2470 4427 2595 4488 hoc,
2632 4439 2734 4477 non
2768 4422 2898 4477 satis
2927 4420 3197 4492 expedio;
3231 4419 3335 4476 nlsi
3378 4419 3517 4477 forte
3549 4438 3615 4477 ne
3643 4438 3761 4477 ver-

2166 4504 2316 4551 setur
2356 4498 2407 4549 in
2442 4496 2593 4549 cellis
2648 4495 2949 4565 penuariis,
2996 4496 3084 4548 ubi
3130 4496 3357 4565 vinum,
3422 4494 3612 4547 saltem
3670 4507 3761 4565 pro

2166 4568 2396 4622 inﬁrmis
2422 4579 2475 4622 et
2502 4563 2721 4621 senibus
2747 4567 3082 4619 schabatur.
3114 4563 3187 4618 De
3216 4580 3321 4634 quo
3351 4579 3517 4633 supra
3539 4574 3641 4620 art.
3671 4564 3758 4617 22.

2237 4648 2277 4675 σι
2310 4639 2476 4702 Puto,
2510 4649 2637 4691 vota
2678 4638 2935 4700 fratrum,
2965 4646 3057 4689 aut
3079 4645 3275 4689 statuta
3310 4637 3600 4704 majorum.

2238 4718 2265 4745 η
2290 4710 2346 4764 ld
2369 4720 2472 4775 est,
2505 4724 2573 4763 ne
2598 4710 2808 4778 jejunet
2836 4708 2921 4762 die
2950 4706 3243 4771 dominico,
3292 4717 3348 4761 ut
3377 4718 3529 4762 recte
3572 4705 3755 4762 Ciaco-

2166 4782 2286 4836 nius
2307 4782 2603 4834 annotavit.
2636 4780 2789 4845 Quod
2822 4788 2997 4832 utrum
3026 4779 3182 4831 liceat
3212 4793 3402 4843 necne,
3430 4779 3555 4832 vide
3590 4778 3756 4845 expli-

2166 4859 2341 4907 catum
2376 4851 2515 4918 apud
2548 4852 2863 4905 Cassianum
2916 4850 3013 4904 lib.
3048 4862 3085 4903 II
3139 4864 3259 4920 cap.
3295 4849 3414 4916 ult.,
3466 4850 3649 4905 collat.
3690 4846 3752 4900 2i

2166 4938 2286 4992 cap.
2314 4922 2379 4978 I9
2411 4930 2465 4977 et
2494 4931 2746 4992 sequent.
3132 4991 3137 4992 ί
3374 4991 3380 4992 ί
3603 4988 3629 4992 _

2240 4990 2265 5031 δ
2290 4995 2548 5063 Respicit,
2574 4990 2634 5048 ut
2667 4994 2795 5047 mihi
2845 4992 3060 5062 quidem
3093 4991 3327 5060 videtur,
3370 4991 3422 5046 id
3477 4990 3635 5063 quod
3670 5004 3757 5043 su-

2166 5066 2347 5133 perius
2374 5060 2511 5121 dixit
2538 5060 2643 5119 art.
2677 5066 2767 5131 45,
2805 5060 2906 5117 non
2936 5064 3156 5117 dormiat
3183 5065 3297 5133 quis
3332 5060 3756 5133 extra'rcclinnnt

2166 5131 2430 5203 aettulam,
2462 5136 2514 5192 id
2538 5146 2641 5201 est,
2676 5137 2930 5190 humilem
2969 5131 3249 5200 lectulum,
3274 5136 3357 5190 vel
3385 5136 3562 5201 potius
3590 5131 3753 5187 sedile

2168 5224 2476 5272 recurvum,
2508 5217 2568 5263 ιιι
2598 5208 2668 5261 ibi
2698 5209 2898 5261 dictum
2930 5215 3031 5259 est.
3069 5204 3191 5260 Vult
3234 5206 3754 5278 ergo__pr:eposit_us,

2167 5281 2282 5337 sive
2312 5282 2540 5350 priores,
2573 5279 2798 5350 perinde
2826 5292 2888 5332 ac
2918 5286 3147 5350 cmteros
3177 5272 3605 5350 monaclinsnon
3638 5272 3751 5325 aliis

2166 5355 2243 5407 uti
2276 5346 2553 5425 cubilibus
2575 5346 2747 5425 quam
2777 5352 2886 5403 suis
2916 5349 3188 5425 psiatltiis,
3239 5349 3351 5425 sive
3399 5346 3604 5425 sellulis
3629 5361 3657 5425 ;⁹
3694 5356 3753 5395 ne

2165 5440 2378 5495 morem,
2412 5417 2618 5495 inquit;
2654 5423 2880 5495 imitetur
2920 5417 3219 5495 gentilium,
3273 5421 3387 5474 sive
3418 5417 3750 5495 saecularium

2166 5494 2469 5558 hominum,
2487 5491 2587 5567 'qui
2608 5510 2717 5565 quo
2740 5491 3233 5567 honoratior-esum
3254 5491 3587 5567 potentiores
3605 5494 3750 5567 sapt,

2166 5581 2233 5621 eo
2259 5556 2668 5623 sublimioribus
2697 5573 2761 5623 et
2781 5561 3239 5635 splendidioribus
3255 5556 3447 5619 'thoris
3469 5567 3526 5616 et
3565 5556 3751 5615 cubili-

2164 5637 2265 5696 bus
2294 5638 2373 5695 uti
2394 5639 2590 5696 solent.

2205 5653 2265 5696 us
2294 5638 2373 5695 uti
2394 5639 2590 5696 solent.
