4000 6186
294 171 383 233 ³01

1533 174 1812 238 REGULA
1851 179 1909 238 S.
1950 179 2277 241 PACHOMII

3434 192 3535 252 302

294 291 566 348 stultorum
595 289 707 345 risu
736 302 800 344 ac
822 290 969 358 joco,
1001 303 1112 346 non
1142 292 1383 367 rapiatur
1411 305 1506 346 cor
1535 293 1653 362 ejus
1678 294 1857 350 abhis
1884 321 1935 381 Α
1961 294 2176 351 ritatem
2223 296 2295 351 ob
2334 304 2597 354 tumorem
2639 300 2833 369 animi,
2881 318 2981 361 nec
3024 305 3246 363 deserat
3283 309 3546 380 justitiam

294 388 372 458 qui
402 386 571 456 inepta
604 386 913 455 loquuntur,
943 394 1036 442 aut
1075 385 1286 454 dulcia;
1322 403 1429 445 non
1456 390 1703 446 vincatur
1733 408 1853 446 mu-

294 478 530 545 neribus,
576 492 681 532 non
730 479 1078 548 parvulorum
1124 495 1381 538 sermone
1434 482 1699 550 ducatur;
1747 500 1856 541 non

297 573 539 642 aiﬂigatur
562 573 612 627 in
646 571 1030 643 tribulatione,
1075 590 1181 629 non
1226 576 1417 632 timeat
1451 586 1680 633 mortem
1703 619 1717 646 ,
1758 578 1853 635 sed

297 666 484 730 Deum,
525 680 585 719 ne
627 666 1013 734 praevaricator
1056 670 1125 723 sit
1172 681 1392 740 propter
1433 672 1757 728 eminentem
1792 675 1857 727 ti-

293 774 519 825 morem;
551 768 575 795 ι
605 775 675 815 ne
712 761 981 831 relinquat
1010 777 1199 817 verum
1229 763 1406 819 lumen
1438 775 1656 835 propter
1682 767 1856 821 modi-

290 866 372 912 cos
396 852 532 908 cibos
551 894 566 918 ,
598 867 706 908 non
734 854 952 909 vacillet
982 869 1079 909 nec
1106 855 1331 911 ﬂuctuet
1358 856 1410 911 in
1437 858 1691 926 operibus
1714 859 1847 927 suis,

288 959 381 999 non
409 954 573 1000 mutet
601 946 931 1001 sententiam
963 960 1144 1001 veram
1165 990 1180 1014 ,
1214 946 1309 1002 sed
1340 947 1533 1003 ﬁrmus
1565 950 1638 1004 sit
1666 949 1853 1004 solidi-

285 1052 375 1106 que
409 1038 604 1093 decreti
644 1038 789 1108 juSta
832 1048 1022 1093 cuneta
1067 1039 1457 1105 considerans,
1501 1040 1749 1110 judicans
1797 1043 1851 1096 in

282 1130 486 1186 veritate
511 1131 718 1201 absque
760 1132 999 1201 appetitu
1039 1130 1262 1201 gloriae,
1300 1132 1621 1188 manifestus
1656 1134 1767 1189 Deo
1796 1142 1851 1189 et

283 1223 605 1293 hominibus,
649 1233 707 1279 et
748 1224 1004 1293 elongans
1047 1238 1105 1279 se
1147 1240 1176 1278 a
1220 1226 1439 1293 fraude,
1491 1241 1597 1281 non
1642 1228 1852 1297 ignoret

280 1318 729 1373 conversationem
756 1328 1066 1373 sanctorum
1090 1359 1104 1383 ,
1137 1333 1235 1373 nec
1263 1318 1328 1373 ad
1358 1333 1544 1374 eorum
1572 1321 1848 1376 scientiam

280 1425 436 1466 circus
462 1412 665 1466 existat
686 1452 700 1478 ,
736 1411 867 1466 nulli
900 1421 1091 1467 noceat
1122 1428 1216 1481 per
1255 1413 1602 1482 superbiam;
1648 1430 1713 1469 ne
1757 1428 1847 1471 se-

275 1512 449 1573 quatur
478 1503 950 1574 concupiscentias
980 1505 1260 1560 oculorum
1295 1518 1517 1561 suorum
1536 1548 1550 1571 ,
1586 1518 1694 1562 nun
1721 1522 1846 1563 eum

274 1606 509 1665 superent
555 1597 832 1651 incentiva
884 1596 1177 1663 vitiorum,
1226 1599 1508 1654 veritatem
1550 1614 1843 1671 numquam

1965 399 2186 459 propter
2241 390 2643 460 lassitudinem,
2703 410 2803 451 nec
2856 398 3047 466 perdat
3097 399 3333 457 animant
3390 420 3543 463 suam

1961 491 2181 552 propter
2224 485 2608 540 verecundiam
2635 526 2648 552 ,
2682 502 2783 543 nec
2813 491 3068 560 respiciat
3103 492 3268 563 dapes
3298 496 3543 555 lautioris

1962 590 2185 644 mensae,
2216 592 2317 632 nec
2350 579 2575 647 pulchra
2605 582 2926 637 veStimenta
2956 584 3251 655 desideret,
3287 605 3355 646 ne
3380 605 3541 650 senes

1960 668 2234 739 negligat,
2285 683 2505 741 semper
2555 671 2815 741 dijudicet
2858 676 3213 745 cogitationes
3264 695 3421 749 suas,
3472 699 3544 740 ne

1959 760 2259 817 inebrietur
2300 764 2456 831 vino,
2509 764 2606 821 sed
2654 766 3014 824 humilitatem
3059 770 3298 840 junctam
3344 774 3545 833 habeat

1958 854 2208 925 veritati,
2242 856 2456 925 quando
2481 858 2711 927 judicat.
2748 859 3019 931 Sequatur
3050 874 3319 935 prtecepta
3365 869 3539 938 majo-

1958 960 2106 1013 rum,
2154 957 2205 1002 et
2247 948 2419 1018 legem
2463 949 2591 1017 Dei,
2636 967 2755 1021 quae
2798 963 2907 1009 toto
2946 954 3077 1011 orbe
3106 958 3401 1027 praedicata
3432 970 3537 1016 est.

1956 1039 2015 1096 Si
2044 1041 2329 1112 quidquam
2361 1042 2429 1099 de
2459 1043 2545 1100 his
2588 1048 2947 1116 praeterierit,
2994 1050 3251 1107 reddetur
3294 1054 3345 1109 ei
3390 1071 3543 1111 men-

1953 1146 2077 1186 sura
2103 1132 2254 1202 juxta
2284 1149 2446 1203 quam
2479 1151 2699 1192 mensus
2728 1147 2839 1205 cst,
2881 1147 2938 1194 et
2978 1142 3204 1212 recipiet
3246 1146 3542 1202 secundum

1954 1236 2117 1291 opera
2147 1238 2241 1277 sua
2261 1266 2276 1292 ,
2308 1228 2434 1295 quia
2464 1226 2763 1283 moechatus
2792 1238 2878 1284 est
2906 1232 2959 1284 in
2990 1232 3135 1303 ligno
3164 1244 3217 1289 et
3247 1236 3452 1307 lapide,
3487 1249 3545 1294 et

1954 1324 2175 1386 propter
2204 1316 2467 1388 fulgorem
2499 1323 2613 1375 auri
2646 1331 2700 1376 et
2728 1323 3111 1395 splendorem,
3143 1330 3307 1383 animi
3337 1331 3542 1387 dimisit

1946 1406 2242 1475 judicium,
2273 1420 2327 1466 et
2357 1411 2642 1468 desideriis
2682 1417 3078 1484 temporalibus
3125 1420 3291 1487 lucri,
3338 1423 3542 1491 laqueis

1951 1515 2010 1556 se
2042 1501 2214 1556 induit
2243 1501 2548 1574 iniquorum
2571 1549 2585 1575 ,
2617 1514 2673 1561 et
2707 1505 2735 1544 δ
2767 1500 2979 1564 eveniet
3011 1512 3058 1564 ei
3092 1513 3349 1567 contritio
3380 1514 3534 1586 Heli,

1952 1602 2006 1649 et
2035 1594 2267 1650 ﬁliorum
2298 1596 2415 1667 ejus
2460 1596 2525 1670 (Ι
2555 1598 2684 1670 Reg.
2713 1598 2836 1671 tv),
2884 1601 3195 1659 maledictio
3237 1606 3331 1660 Dei
3376 1622 3540 1677 quam

273 1699 577 1759 przetereat,
629 1690 809 1745 oderit
855 1690 1172 1758 iniustitiam
1195 1736 1208 1759 ,
1255 1700 1311 1747 et
1353 1707 1641 1762 personam
1684 1709 1843 1748 num-
1876 1686 2281 1775 Bimprecatus
2312 1698 2394 1745 est
2423 1688 2554 1744 Cain
2586 1688 2741 1760 (Gen.
2776 1692 2898 1763 tv);
2932 1694 3161 1762 perditio
3201 1712 3305 1766 qua
3349 1712 3541 1767 pecca-

269 1801 419 1855 quam‘
442 1787 654 1856 iudicet
686 1802 783 1856 pro
815 1787 1158 1854 muneribus,
1194 1801 1293 1843 nec
1324 1788 1649 1844 condemnet
1690 1791 1849 1844 inno-

266 1884 463 1936 centem"
508 1896 616 1951 per
657 1880 999 1951 superbiam,
1047 1895 1154 1935 non
1202 1880 1378 1934 rideat
1427 1880 1569 1936 inter
1614 1898 1842 1951 pueros,

268 1987 361 2026 non
389 1974 614 2029 deserat
643 1973 923 2028 veritatem
957 1972 1151 2027 timore
1192 1984 1510 2043 superatus,
1556 1988 1662 2030 non
1701 1990 1850 2031 com-

267 2063 375 2119 edat
405 2081 606 2135 panem
637 2065 707 2121 de
746 2064 1138 2131 fraudulentia,
1175 2074 1289 2119 non
1311 2064 1588 2120 desideret
1616 2067 1845 2121 alienam

267 2167 449 2215 terram
468 2204 482 2228 ,
514 2176 627 2215 non
656 2159 928 2229 opprimat
950 2158 1182 2213 animam
1214 2165 1437 2227 propter
1464 2158 1693 2214 aliorum
1720 2175 1842 2229 spo-

265 2251 354 2317 lia,
384 2268 488 2307 non
512 2251 779 2321 deSpieiat
811 2264 906 2305 eos
928 2249 1016 2319 qui
1040 2248 1283 2319 indigent
1313 2250 1709 2317 misericordia,
1743 2267 1845 2307 nec

263 2343 444 2400 falsum
479 2342 852 2401 testimonium
882 2341 1025 2397 dicat
1054 2341 1310 2397 seductus
1339 2342 1489 2398 lucro
1514 2359 1528 2409 ;
1562 2360 1661 2399 nec
1692 2360 1844 2400 men-

265 2436 418 2493 sane
444 2434 674 2508 propter
700 2434 1041 2507 superbiam,
1077 2444 1177 2489 nec
1204 2436 1496 2491 contendat
1525 2446 1712 2492 contra
1742 2444 1842 2494 ve-

1955 1790 2099 1835 torcs
2140 1790 2298 1836 terrae
2330 1781 2512 1837 hiatus
2542 1782 2819 1838 absorbuit
2850 1783 3039 1855 (Num.
3076 1788 3200 1858 xvi)
3229 1804 3244 1855 ;
3278 1798 3334 1845 et
3368 1790 3542 1846 inter-

1953 1875 2060 1929 itus
2088 1875 2541 1941 Chananacorum,
2574 1885 2628 1931 et
2660 1888 2681 1915 ο
2713 1879 2969 1934 contritio
2995 1879 3207 1952 hydrice
3233 1883 3303 1939 ad
3332 1884 3542 1943 fontem

1955 1969 2125 2041 (Eccl.
2153 1968 2293 2040 xu),
2338 1980 2391 2025 et
2430 1986 2718 2026 arenarum
2761 1975 3121 2032 comminatio
3152 1979 3204 2032 in
3235 1978 3540 2049 littoribus,

1953 2078 2073 2134 quae
2097 2064 2257 2119 salsis
2280 2063 2534 2120 ﬂuctibus
2559 2064 2945 2134 verberantur;
2971 2078 3023 2123 et
3046 2066 3073 2105 ἀ
3102 2070 3400 2128 coniractio
3427 2076 3543 2130 vir-

1953 2174 2033 2227 gae
2064 2159 2314 2229 gloriosa:
2355 2156 2593 2229 (Jerem.
2625 2160 2865 2227 xcvnt),
2900 2170 2922 2196 ο
2952 2169 3013 2215 ut
3053 2162 3124 2217 sit
3170 2166 3324 2233 quasi
3367 2180 3544 2222 caecus

1953 2251 2180 2320 palpans
2203 2264 2363 2305 manu
2392 2249 2653 2318 parietem
2681 2248 2869 2321 (Isaia:
2893 2250 3028 2322 ιιι).
3059 2252 3186 2309 Haec
3214 2258 3395 2312 omnia
3419 2272 3544 2313 eve-

1954 2344 2105 2399 nient
2131 2344 2213 2409 ei,
2243 2344 2367 2412 quia
2397 2357 2505 2397 non
2533 2342 2775 2397 servavit
2816 2344 3102 2401 veritatem
3143 2347 3197 2401 in
3242 2347 3450 2417 judicio
3490 2359 3545 2407 et

1954 2437 2137 2507 inique
2168 2436 2281 2506 egit
2310 2435 2363 2489 in
2396 2434 2647 2491 omnibus
2675 2450 2796 2506 quae
2825 2435 2875 2491 ei
2904 2437 3109 2494 credita
3139 2450 3282 2497 sunt.

1317 2576 1575 2632 ALARDI
1610 2575 1841 2633 GAZASI
1877 2572 2447 2633 COMMENTARIUS.

331 2703 356 2730 ει
382 2694 498 2750 Alia
549 2695 709 2750 lectio
753 2694 961 2749 habet:
994 2693 1107 2749 Nec
1132 2695 1386 2763 relinquat
1432 2710 1603 2748 verum
1646 2695 1842 2763 ﬂumen

260 2776 460 2836 prapter
488 2765 719 2819 modicos
760 2770 912 2819 rivos.
947 2765 1044 2821 Ubi
1076 2768 1268 2820 allusio
1295 2774 1376 2818 est
1406 2764 1471 2819 ad
1527 2766 1656 2818 illud
1686 2763 1839 2819 Jere-

256 2836 373 2892 mite
400 2853 437 2893 tt
468 2856 480 2891 :
520 2836 604 2891 Me
625 2838 996 2906 dereliqueruut
1030 2841 1221 2904 [autem
1250 2852 1399 2905 aqua:
1432 2837 1573 2901 view,
1609 2842 1654 2890 et
1699 2838 1843 2905 fode-

255 2921 372 2961 runt
402 2906 507 2963 sibi
530 2910 795 2977 cisternas,
824 2909 1070 2963 cisternas
1099 2910 1402 2977 dissipatas,
1430 2924 1544 2977 qua:
1583 2910 1844 2962 continere

254 2996 352 3033 non
372 2981 547 3034 valent
576 2997 759 3048 aquas.

318 3049 346 3089 δ
378 3050 487 3117 Qui
518 3065 637 3103 cum
664 3050 920 3104 audiisset
947 3060 1160 3120 captam
1190 3064 1308 3104 esse
1341 3048 1431 3101 Dei
1462 3063 1639 3101 arcam
1669 3048 1849 3120 aPlti-

1951 2696 2061 2764 ejus
2084 2690 2296 2764 inbello
2340 2689 2631 2764 peremptis,
2651 2689 2774 2764 ipse
2800 2689 2864 2764 de
2894 2688 3020 2764 sella
3044 2708 3310 2764 corruens
3364 2695 3548 2760 fractis

1950 2759 2230 2817 cervicibus
2252 2759 2547 2830 exspiravit.
2579 2759 2659 2812 Ad
2681 2761 3011 2829 corrigendos
3034 2763 3193 2830 igitur
3219 2759 3551 2821 subditorum

1952 2830 2712 2905 excessustanto‘diligeutius
2765 2831 2909 2905 debet
2959 2832 3207 2905 pralatus
3250 2850 3541 2905 assurgere,

1951 2916 2142 2975 quanto
2182 2900 2527 2975 damnabilius
2572 2916 2752 2954 eorum
2802 2900 3030 2967 offensas
3079 2902 3334 2960 desereret
3371 2900 3549 2959 incon-

1953 2974 2138 3031 rectas.
2168 2974 2292 3027 Haec
2323 2974 2416 3026 ibi.

2031 3058 2051 3084 ε
2079 3045 2515 3118 Ecclesiastzestt
2534 3058 2545 3093 :
2564 3039 3167 3118 Antequantcouteratur
3187 3043 3375 3118 hydria
3393 3062 3550 3118 super

247 3107 460 3184 “statis,
497 3123 673 3173 cecidit
702 3122 764 3174 de
786 3122 911 3173 sella
954 3107 1253 3185 reirorsum,
1282 3129 1330 3172 et
1370 3120 1548 3188 fractis
1577 3118 1852 3170 cervicibus
1878 3107 1927 3170 C
1961 3117 2171 3188 fontem.
2191 3114 2287 3167 Ubi
2308 3114 2367 3164 D.
2403 3107 2761 3188 Hieronymus
2786 3132 2795 3165 :
2823 3112 3096 3188 (.‘ontritio,
3124 3107 3323 3188 inquit,
3344 3107 3547 3185 hydria

244 3191 562 3265 exspiravit.
589 3191 787 3265 Notent
824 3190 911 3265 hic
964 3192 1278 3265 superiores
1315 3188 1532 3265 quantis
1581 3188 1753 3265 poenis
1785 3202 1843 3241 se

235 3257 487 3318 reddant
516 3261 802 3323 obnoxios,
856 3260 901 3311 si
946 3257 1046 3313 suo
1076 3261 1281 3314 muneri
1314 3258 1513 3318 desint,
1557 3257 1643 3309 vel
1686 3257 1736 3308 in
1778 3272 1844 3311 co

228 3331 597 3399 negligenter
616 3344 675 3382 se
703 3339 912 3398 gerant,
941 3333 1240 3397 praesertim
1271 3330 1322 3381 in
1357 3325 1691 3399 corrigendis
1720 3326 1844 3380 sub-

226 3398 484 3458 ditorum
524 3400 855 3455 excessibus.
888 3400 1002 3467 Qua
1026 3399 1094 3454 de
1122 3415 1178 3455 re
1200 3406 1378 3454 exstat
1415 3398 1636 3466 insignis
1673 3408 1846 3453 textus

234 3485 289 3531 et
320 3472 455 3528 huic
497 3472 616 3525 loco
656 3470 1099 3525 accommodatus
1124 3474 1173 3524 in
1197 3471 1319 3540 jure
1349 3472 1614 3525 canonico
1646 3472 1695 3524 itt
1730 3471 1847 3524 lucc

240 3545 412 3601 verba
440 3541 579 3610 (Tit.
604 3544 666 3596 de
694 3541 953 3610 Simonia)
991 3560 1002 3594 :
1029 3542 1171 3596 Licet
1198 3541 1322 3597 Heli
1348 3558 1573 3596 summus
1604 3542 1844 3596 sacerdos

243 3618 294 3670 in
318 3633 369 3670 se
398 3615 569 3669 bonus
602 3614 857 3678 existeret,
890 3614 1011 3681 quia
1041 3621 1209 3667 tamen
1240 3614 1467 3684 ﬁliorum
1508 3629 1741 3668 excessus
1771 3613 1846 3681 ef-

249 3689 482 3755 ﬁcaciter
530 3702 632 3738 non
682 3686 962 3755 corripuit,
1006 3693 1053 3737 et
1106 3684 1158 3737 in
1197 3700 1249 3738 se
1300 3686 1495 3754 pariter
1534 3692 1581 3738 et
1618 3686 1673 3738 in
1721 3686 1846 3753 ipsis

252 3754 707 3813 animadversionis
738 3754 925 3808 divinae
965 3755 1243 3808 uindictam
1291 3756 1516 3827 excepit;
1555 3757 1680 3809 dum
1724 3755 1845 3824 [iliis

1947 3202 2100 3254 super
2131 3186 2343 3264 fontem,
2378 3192 2423 3234 et
2450 3191 2576 3232 rota:
2603 3183 2884 3248 confractio
2908 3199 3064 3252 super
3087 3183 3548 3253 cisternam—mor-

1951 3258 2014 3309 tis
2036 3258 2319 3325 Amnigmata
2338 3261 2619 3325 sunt_,_etc.
2668 3323 2678 3325 ῃ
2722 3322 2723 3325 η

2022 3323 2048 3361 ά
2073 3321 2313 3397 Respicit
2334 3321 2732 3397 illudJei'emim
2756 3324 2917 3397 sunt
2945 3342 2955 3375 :
2985 3323 3252 3390 Quomodo
3280 3328 3546 3397 confracta

1952 3406 2023 3451 est
2044 3397 2183 3466 virga
2207 3395 2379 3462 fortis,
2410 3394 2617 3447 baculus
2650 3394 2901 3466 gloriosus
2913 3398 2938 3449 ,7

2029 3478 2051 3503 ο
2086 3464 2373 3540 lieuleron.
2410 3480 2581 3540 xitvnt
2609 3482 2620 3517 :
2653 3464 2718 3517 Et
2748 3466 2926 3540 palpes
2953 3468 3007 3522 in
3039 3469 3250 3523 meridie
3275 3471 3408 3524 sicut
3430 3473 3546 3540 pal-

1954 3556 2077 3611 pare
2104 3538 2236 3613 solet
2257 3553 2417 3613 caecus
2444 3537 2497 3590 in
2525 3540 2759 3591 tenebris.
2781 3538 2848 3613 Et
2865 3538 3017 3613 lsaizc
3042 3556 3124 3594 ιιι
3151 3537 3545 3613 :Patpavimus,

1952 3613 2083 3665 sicut
2118 3610 2236 3663 σαεσί
2265 3610 2526 3676 parietem,
2559 3611 2797 3681 etquasi
2828 3610 3012 3681 absque
3053 3612 3217 3666 oculis
3254 3610 3546 3669 attrectauio

1954 3698 2087 3746 mus,
2122 3682 2424 3751 impegimus
2445 3678 2678 3758 meridie,
2712 3681 2858 3749 quasi
2900 3678 2955 3734 in
2988 3682 3241 3749 tenebris;
3272 3687 3325 3739 in
3363 3686 3547 3758 caligi-

1955 3755 2116 3817 nosis,
2149 3756 2298 3821 quasi
2324 3752 2532 3803 mortui.

257 3882 3541 3909 _———————————————————————-—————————-'h—————.

539 3960 899 4042 EJUSDEM
939 3979 1000 4040 s.
1052 3960 1442 4041 eacnonu
1485 3962 1807 4042 REGULA
1852 3978 2114 4042 PROUT
2161 3980 2211 4040 A
2255 3958 2671 4041 PALLADIOD
2708 3950 3031 4036 RELATA
3075 3958 3246 4038 EST.

322 4228 698 4304 Tabennensis
728 4252 813 4300 est
860 4244 1033 4312 locus,
1089 4241 1180 4312 qui
1234 4240 1311 4295 sic
1349 4246 1570 4292 vocatur
1604 4237 1655 4290 in
1699 4234 1844 4291 The~

261 4340 426 4407 baide,
459 4342 518 4395 in
549 4353 655 4408 quo
684 4337 782 4391 fuit
825 4334 1151 4392 Pachomius
1198 4332 1516 4397 monachus,
1567 4328 1651 4384 vir
1681 4344 1748 4383 ex
1779 4328 1846 4383 iis

262 4432 341 4501 qui
369 4433 627 4487 vixerunt
675 4430 725 4483 in
773 4440 986 4483 summo
1017 4435 1071 4483 et
1102 4425 1341 4497 perfecto
1370 4424 1494 4478 vitae
1554 4420 1803 4475 instituto
1825 4462 1839 4486 ,

262 4524 385 4579 adeo
411 4534 471 4580 ut
502 4525 548 4578 is
580 4521 740 4578 fuerit
779 4521 1027 4592 dignatus
1056 4528 1111 4576 et
1139 4518 1442 4574 futurorum
1482 4513 1843 4585 praedictioni-

263 4616 353 4673 bus
379 4628 431 4673 et
463 4618 727 4689 angelicis
759 4613 1079 4671 visionibus.
1120 4613 1171 4667 Is
1200 4613 1295 4666 fuit
1320 4610 1476 4664 valde
1502 4622 1689 4662 amans
1714 4620 1843 4674 pau-

266 4718 464 4779 perum,
501 4718 558 4765 et
587 4722 778 4779 magna
808 4706 1069 4762 charitate
1099 4705 1152 4759 in
1182 4703 1452 4758 ltomines.
1495 4699 1574 4753 Eo
1602 4711 1731 4767 ergo
1761 4710 1844 4750 se-

265 4802 409 4859 dente
441 4805 499 4859 in
538 4804 639 4859 hac
668 4797 929 4872 spelunca
949 4800 1099 4855 visus
1130 4806 1213 4853 est
1260 4797 1311 4852 ei
1341 4793 1561 4881 angelus
1602 4791 1843 4859 Domini,

266 4898 347 4963 qui
377 4896 428 4952 ei
457 4896 591 4951 dicit
626 4914 639 4948 :
678 4893 951 4962 Paehomi,
987 4906 1048 4947 ea
1089 4888 1304 4960 quidem
1348 4901 1465 4957 qum
1496 4884 1560 4939 ad
1602 4894 1651 4939 te
1684 4882 1848 4953 perti-

265 4997 383 5044 nent
416 5000 565 5045 recte
607 4996 663 5045 et
689 5003 756 5043 ex
782 4987 981 5042 virtute
1010 4982 1257 5053 gessisti:
1291 4990 1687 5048 supervacanee
1717 4991 1847 5046 ergo

268 5078 412 5136 sedes
434 5081 487 5135 in
516 5078 619 5136 hcc
657 5082 800 5135 loco.
836 5078 950 5149 Age
991 5090 1141 5147 ergo,
1175 5074 1432 5145 egredere
1481 5082 1534 5127 et
1581 5084 1845 5141 congrega

266 5186 442 5230 omnes
460 5174 708 5245 iuniores
750 5172 1070 5241 monachos,
1097 5182 1150 5226 et
1176 5169 1359 5224 habita
1382 5182 1503 5224 cum
1532 5166 1635 5234 eis,
1663 5176 1716 5221 et
1762 5180 1847 5220 se-

266 5281 424 5337 quens
464 5268 693 5324 formam
721 5283 883 5340 quam
934 5267 1072 5323 dabo
1099 5265 1213 5331 tibi,
1252 5263 1332 5320 eis
1374 5263 1523 5333 leges
1553 5259 1843 5316 constitue.

267 5359 424 5433 Eique
476 5361 629 5419 dedit
677 5361 916 5420 tabulam
965 5376 1196 5429 aeneam,
1246 5360 1299 5416 in
1325 5372 1431 5431 qua
1479 5357 1593 5413 haec
1648 5355 1845 5426 scripta

269 5450 494 5512 fuerant.

331 5547 370 5604 l.
399 5547 655 5608 Concede
694 5551 1013 5624 unicuique,
1056 5560 1108 5607 ut
1156 5548 1405 5606 comedat
1453 5556 1509 5604 et
1549 5545 1695 5603 bibat
1750 5557 1848 5615 pro

337 5716 363 5748 ⁸
387 5710 444 5770 ld
472 5724 580 5781 est,
602 5715 867 5785 psiathiis‘.

1952 4234 2161 4291 viribus
2218 4237 2617 4295 comedentium
2656 4259 2669 4295 :
2714 4240 2794 4298 eis
2846 4257 3059 4316 quoque
3098 4242 3299 4299 manda
3348 4260 3545 4318 opera,

1950 4344 2071 4398 quae
2118 4332 2474 4400 preportione
2516 4335 2877 4401 conveniant,
2926 4352 2992 4393 ac
3038 4337 3440 4408 respondeant;
3489 4350 3547 4397 et

1950 4435 2124 4491 neque
2148 4436 2429 4477 remanere
2460 4425 2704 4493 prohibe,
2735 4442 2834 4483 nec
2864 4430 3173 4485 comedere.
3202 4431 3290 4488 Sic
3318 4434 3536 4503 quidem

1946 4511 2173 4566 fortibus
2224 4512 2381 4568 fortia
2429 4516 2627 4572 manda
2668 4516 2832 4586 opera
2872 4537 2885 4573 :
2934 4522 3203 4576 imbecilla
3251 4535 3432 4580 autem
3485 4539 3541 4583 et

1947 4603 2083 4658 levia
2112 4604 2199 4671 iis,
2224 4608 2314 4675 qui
2345 4621 2404 4661 se
2432 4610 2601 4679 magis
2627 4620 2918 4679 exercent,
2951 4622 3005 4669 et
3031 4623 3158 4670 sunt
3209 4617 3534 4676 imbecillio-

1871 4663 1923 4724 Β
1952 4709 2058 4751 res.

2023 4786 2087 4843 ll.
2122 4787 2234 4844 Fac
2257 4792 2436 4844 autem
2488 4786 2733 4850 diversas
2766 4794 2935 4852 cellas
2982 4797 3039 4853 in
3068 4797 3257 4855 eadem
3289 4800 3411 4856 aula
3440 4819 3454 4858 :
3487 4813 3542 4860 et

1954 4891 2065 4938 tres
2094 4882 2146 4938 in
2167 4882 2303 4938 cella
2334 4894 2605 4941 maneant.

2021 4973 2109 5030 Ill.
2136 4974 2220 5031 Ab
2245 4973 2498 5033 omnibus
2537 4987 2719 5036 autem
2761 4958 2927 5037 cibus
2954 4983 3015 5038 in‘
3038 4998 3141 5039 una
3174 4985 3333 5045 demo
3362 4990 3540 5060 capia-

1951 5075 2058 5124 tur.

2019 5162 2110 5220 ιν.
2149 5163 2426 5220 Dormiunt
2468 5174 2647 5221 autem
2691 5181 2800 5223 non
2853 5148 3255 5239 recumbentes,
3297 5171 3394 5228 sed
3442 5187 3538 5229 ex-

1950 5256 2165 5312 structis
2210 5256 2314 5311 sibi
2364 5265 2391 5295 α
2435 5259 2652 5313 sedibus
2693 5258 2852 5330 paulo
2903 5261 3270 5331 supinioribus
3320 5273 3375 5320 et
3426 5266 3539 5323 illic

1952 5351 2219 5423 impositis
2240 5352 2511 5425 stragulis,
2539 5354 2807 5411 dormiant
2834 5356 3108 5413 sedentes.

2024 5444 2088 5499 V.
2120 5440 2288 5501 Noctu
2342 5456 2518 5505 autem
2552 5459 2762 5520 gestent
2808 5450 3124 5509 blebitones
3175 5446 3378 5525 lineas,
3420 5446 3540 5515 suc-

1952 5540 2135 5595 cincti.

2066 5708 2093 5748 δ
2116 5708 2171 5763 id
2200 5717 2300 5775 est,
2334 5710 2541 5765 tunicas
2572 5712 2761 5767 lineas.
