4000 6186
322 195 424 257 30‘5

1346 182 1436 237 AD
1474 171 1705 236 OPERA
1744 171 1789 230 .I.
1836 166 2149 230 CASSIANI
2188 165 2560 225 APPENDIX.

3490 151 3606 214 3M

391 309 479 366 VI.
506 308 714 364 Habeat
760 301 1130 371 unusquisque
1159 308 1183 334 ει
1230 297 1425 367 pellem
1458 295 1675 349 ovillam
1726 292 1901 347 albam
1932 293 1986 354 Α
2080 290 2149 344 Χ.
2183 287 2240 341 Si
2272 285 2484 341 venerit
2541 282 2740 353 hospes
2787 281 3011 337 alterius
3063 276 3402 345 monasterii,
3458 274 3607 347 quod

324 407 641 462 laboratam.
676 398 893 467 Absque
919 411 979 451 ea
1026 406 1198 460 neque
1226 389 1533 457 comedant,
1568 392 1743 456 neque
1774 388 1905 439 dor-

323 501 513 555 miant.

395 588 507 644 V'II.
542 585 907 657 Ingredientes
935 589 1110 634 autent
1137 578 1201 633 ad
1230 577 1427 631 Christi
1453 574 1907 637 communionem,

324 684 549 737 sabbato
578 688 632 733 et
663 670 1127 731 dominicazonas
1174 672 1405 729 solvant.
1441 678 1495 723 et
1528 668 1723 736 pellem
1772 665 1909 719 ovil-

326 777 429 830 lam
456 774 747 840 deponunt,
768 760 821 823 et
851 783 972 821 cum
1004 767 1119 819 sola
1152 764 1361 818 cuculla
1392 761 1781 829 ingrediantur.

403 864 534 917 VIII.
569 861 716 916 Fecit
755 870 935 914 autem
976 860 1054 913 eis
1106 856 1347 911 cucullas
1399 854 1589 907 molles
1640 860 1912 918 tamquam

329 958 507 1026 pueris
534 972 544 1006 :
573 955 623 1007 in
658 952 849 1024 quibus
866 951 1029 1007 etiam
1059 950 1216 1019 jussit
1244 947 1442 1017 imponi
1477 945 1702 1014 ﬁguram
1733 941 1912 997 crucis

326 1068 630 1124 purpurea}.

398 1144 489 1199 IX.
522 1144 741 1199 blussit
791 1153 971 1197 autem
1019 1156 1138 1195 esse
1167 1140 1350 1209 viginti
1402 1145 1633 1207 quatuor
1690 1135 1913 1189 ordines

327 1237 583 1305 fratrum,
628 1228 707 1291 ex
766 1252 990 1291 numero
1047 1234 1231 1303 viginti
1287 1241 1514 1301 quatuor
1567 1229 1911 1282 litterarum:

327 1333 687 1401 prmcepitque
712 1329 997 1396 unicuique
1030 1325 1204 1380 ordini
1240 1325 1517 1392 imponere
1550 1335 1748 1374 nomen
1800 1318 1917 1372 ele-

326 1414 571 1478 mentum
598 1424 863 1477 Graecum
900 1421 964 1473 ab
994 1443 1047 1481 α,
1081 1420 1116 1489 β
1145 1426 1198 1471 et
1236 1432 1356 1485 qua:
1395 1416 1649 1482 deinceps
1680 1426 1917 1480 sequun-

329 1524 415 1571 tur
447 1506 613 1583 usque
642 1514 705 1567 ad
737 1538 797 1577 ω,
830 1522 882 1565 ιιι
916 1512 1040 1565 dum
1089 1512 1450 1578 interrogaret
1496 1505 1915 1561 archimandrita

326 1608 393 1663 de
419 1608 597 1675 aliquo
630 1606 682 1658 in
727 1615 869 1657 tanta
923 1602 1289 1665 multitudine,
1326 1595 1915 1667 sciscitaturquontodo

326 1715 387 1752 se
428 1698 589 1750 habet
639 1696 771 1749 ordo
800 1696 879 1748 A?
911 1705 999 1747 aut
1028 1693 1297 1761 quomodo
1347 1708 1407 1745 se
1450 1690 1611 1743 habet
1652 1687 1785 1741 ordo
1834 1686 1914 1740 B?
1946 1686 1995 1746 B

326 1792 537 1847 Rursus
563 1792 735 1845 saluta
764 1790 829 1856 Β,
865 1788 1141 1859 sequendo
1190 1786 1458 1855 quoddam
1491 1784 1765 1853 proprium
1815 1795 1915 1834 no-

324 1900 451 1939 men
482 1884 799 1936 litterarum.
835 1882 900 1933 Et
944 1879 1366 1947 simplicioribus
1418 1884 1472 1929 et
1526 1872 1915 1928 sincerioribus

326 1978 607 2045 imponens
628 1990 825 2029 nomen
849 1975 887 2041 I,
915 1972 1315 2025 difﬁcilioribus
1345 1980 1519 2023 autem
1544 1977 1582 2022 Ξ
1604 1952 1656 2021 et
1680 1970 1915 2021 sicxcon-

326 2068 1109 2125 venienterinstitutiscorum,
1126 2066 1337 2129 etvitaz,
1354 2075 1409 2117 et
1433 2062 1693 2125 moribus,
1710 2058 1918 2113 unicui-

326 2177 433 2232 que
469 2162 643 2216 ordini
693 2161 1020 2215 elementum
1054 2157 1254 2210 litterm
1287 2152 1737 2216 accommodans,
1786 2150 1917 2205 solis

324 2253 698 2324 Spiritualibus
756 2249 1184 2319 intelligentibus
1242 2262 1307 2301 ea
1352 2262 1470 2316 qua:
1521 2244 1916 2314 signiﬁcantur.

406 2415 434 2443 ⁸
455 2410 509 2461 Id
533 2421 635 2472 est,
662 2409 935 2461 melotetn.

400 2478 427 2516 δ
458 2460 812 2532 ιιυὶῐίιόοὶιίιη
840 2460 1033 2530 melius
1072 2477 1344 2545 cxpres~it
1367 2474 1706 2541 Nicephorus
1739 2474 1832 2528 lib.
1859 2460 1929 2529 η’

325 2566 373 2605 c.
414 2549 479 2603 Μ
504 2550 584 2601 bis
607 2550 788 2602 verbis
818 2568 829 2600 ε
862 2549 1115 2602 Prtvterea
1144 2544 1197 2600 ut
1226 2548 1292 2599 ad
1324 2564 1590 2599 numerum
1616 2544 1913 2599 Grtccarttm

324 2622 619 2675 litterarum
671 2632 851 2673 coetum
891 2620 1257 2671 monachorum
1293 2619 1691 2670 cohabitantium
1744 2618 1797 2669 in
1841 2619 1914 2669 vi-

324 2694 456 2764 ginti
486 2701 709 2760 quatuor
749 2693 951 2764 ordines
999 2691 1265 2749 divideret,
1298 2700 1342 2741 et
1371 2690 1549 2757 cuique
1590 2689 1759 2740 ordini
1785 2705 1912 2740 con-

324 2762 609 2833 gruentem,
660 2763 809 2815 sieuti
849 2764 1071 2818 animus.
1109 2762 1209 2813 rita
1240 2770 1286 2814 et
1332 2778 1493 2833 mares
1524 2762 1771 2829 Cujusque
1806 2772 1913 2824 (er-

324 2830 435 2888 rent
456 2876 468 2895 ,
504 2836 785 2901 imponeret
814 2834 1236 2901 appellationem,
1264 2830 1454 2884 scilicet
1489 2840 1543 2883 ut
1576 2831 1913 2896 simpliciores

326 2906 345 2957 ἱ
373 2917 416 2958 et
439 2922 491 2970 ο,
511 2907 596 2974 qui
637 2922 752 2960 vero
785 2907 928 2973 pravi
968 2923 993 2957 θ
1022 2915 1131 2957 seut
1178 2913 1221 2956 et
1252 2904 1419 2955 minus
1450 2903 1573 2974 recti
1595 2907 1623 2965 ζ
1644 2912 1689 2953 et
1718 2904 1744 2965 ξ
1772 2918 1919 2954 reca—

324 2973 529 3042 rentur,‘
563 2989 716 3048 atque
747 2978 899 3030 aliter
941 2976 1031 3029 alii
1051 2978 1207 3046 juxta
1250 2977 1494 3045 cujusque
1529 2973 1822 3025 institutum
1868 2982 1916 3025 et

2013 381 2177 440 habet
2199 380 2355 434 aliam
2390 377 2616 431 formam
2651 374 2743 445 (id
2769 383 2850 429 est
2877 372 3094 429 vivendi
3120 374 3389 428 rationem
3418 370 3435 432 l
3476 384 3609 426 cum

2014 477 2093 533 eis
2138 490 2238 529 nec
2267 470 2536 535 comedat,
2569 483 2670 523 nec
2717 467 2884 533 bibat,
2913 483 3016 523 nec
3046 466 3385 539 ingrediatur
3412 477 3608 522 mona-

2014 570 2261 633 sterium,
2298 566 2400 620 nisi
2431 564 2592 618 fuerit
2618 563 2869 617 inventus
2898 561 2954 614 in
2985 561 3096 615 via.

2086 660 2177 715 XI.
2222 660 2392 715 Porro
2446 672 2567 710 eum
2595 656 2684 723 qui
2732 652 2900 708 semel
2940 651 3257 724 ingreditur,
3292 665 3391 707 nec
3425 656 3614 721 potest

2016 767 2138 807 cum
2188 751 2267 805 eis
2322 748 2387 803 ad
2441 746 2733 801 triennium
2790 744 3061 798 sustinere
3091 754 3113 781 ο
3147 751 3444 807 certamen,
3494 754 3617 796 non

2016 843 2318 897 admittent.
2361 840 2468 894 Sed
2516 853 2637 892 cum
2686 850 2853 905 opera
2895 835 3086 889 fecerit
3130 833 3434 889 difﬁciliora
3466 872 3483 899 ,
3522 831 3617 887 sic

2017 934 2237 1004 prodeat
2269 933 2319 985 in
2352 931 2589 985 stadium
2618 939 2741 999 post
2768 930 2797 969 (ι
2822 926 3133 981 triennium.

2089 1028 2203 1082 XII.
2232 1025 2592 1082 Comedentes
2616 1033 2795 1076 autem
2820 1021 3000 1075 velent
3043 1020 3220 1091 capita
3258 1018 3503 1085 cucullis,
3533 1031 3620 1073 ne.

2015 1123 2182 1177 frater
2208 1120 2422 1174 fratrem
2455 1116 2638 1169 videat
2669 1114 3032 1169 mandentem.

2089 1215 2230 1270 XIII.
2256 1210 2572 1267 Comedenti
2604 1220 2627 1246 ο
2652 1224 2758 1263 non
2812 1208 2936 1263 licet
2965 1204 3133 1275 loqui,
3167 1219 3266 1260 nec
3296 1211 3449 1259 extra
3472 1216 3616 1273 qua-

2018 1311 2169 1365 dram
2194 1319 2247 1363 et
2276 1320 2519 1361 mensam
2540 1318 2763 1373 usquam
2793 1300 2900 1355 alio
2930 1299 3121 1354 oculos
3148 1307 3489 1354 convertere.

2090 1400 2229 1454 XIV.
2262 1396 2753 1453 Constituitautem
2785 1402 2843 1448 ut
2870 1408 2966 1462 per
2993 1400 3162 1446 totum
3194 1390 3337 1445 diem
3369 1390 3618 1444 facerent

2019 1492 2305 1549 duodecim
2341 1489 2615 1543 orationes
2653 1505 2665 1539 :
2696 1495 2752 1541 et
2790 1489 2841 1539 in
2876 1483 3154 1539 nocturnis
3184 1481 3381 1551 vigiliis
3410 1480 3618 1535 duode-

2020 1585 2158 1649 cim,
2193 1594 2246 1637 et
2280 1583 2331 1636 in
2386 1580 2650 1635 matutino
2693 1577 2975 1633 duodecim
3013 1596 3025 1631 :
3059 1586 3115 1630 et
3143 1575 3277 1629 hora
3306 1588 3446 1628 nona
3476 1585 3613 1625 tres.

2024 1676 2043 1715 ε
2075 1676 2301 1744 Quando
2330 1682 2509 1727 autem
2544 1672 2820 1727 videretur
2851 1669 3242 1725 comedendum
3272 1682 3389 1723 esse
3430 1666 3618 1722 multi-

2024 1770 2217 1835 tudini,
2251 1766 2532 1823 constituit
2554 1774 2612 1819 ut
2641 1765 3009 1834 unusquisque
3036 1761 3171 1817 ordo
3206 1760 3258 1814 in
3289 1772 3619 1827 unaquaque

2025 1867 2274 1922 oratione
2306 1862 2567 1932 psalmum
2613 1860 2763 1929 prius
2814 1864 3055 1912 caneret.
3086 1855 3357 1910 Hactenus
3407 1850 3619 1920 Regula

2025 1963 2107 2017 vel
2134 1976 2259 2030 pars
2283 1956 2502 2025 Regulze
2532 1952 2589 2008 S.
2619 1950 2894 2007 Pachumii
2916 1966 2983 2006 ex
3006 1948 3245 2005 Palladio
3267 1946 3615 2016 deprompta,

2024 2069 2185 2127 quam
2217 2052 2336 2105 aliis
2368 2058 2531 2115 atque
2556 2046 2677 2101 aliis
2703 2043 2885 2101 verbis
2912 2042 3247 2099 Sozomeuus
3272 2047 3327 2095 et
3342 2036 3616 2107 Nicepho-

2024 2164 2118 2204 rus
2148 2148 2566 2216 expresserunt.

2019 2403 2204 2457 littera
2219 2404 2382 2470 ipsius
2396 2402 2649 2463 habitum,
2664 2406 2843 2465 aptum
2856 2389 3297 2470 accommodanda
3309 2401 3619 2460 cognomen.

2095 2486 2117 2512 ο
2154 2476 2208 2527 Id
2237 2468 2339 2538 est,
2371 2473 2653 2537 religionis
2682 2468 3079 2538 austeritatem.

2091 2542 2118 2582 ἀ
2154 2534 2410 2599 Probatio
2436 2534 2719 2598 triennalis
2741 2548 2868 2592 ante
2899 2534 3317 2607 professionem.

2093 2626 2116 2653 °
2151 2616 2313 2670 Addit
2341 2616 2695 2683 Nicephorus,
2727 2604 2911 2683 Signis
2926 2616 3093 2659 autem
3142 2604 3468 2683 quibusdam,
3485 2615 3616 2683 “sna.—

2020 2704 2178 2740 nuum
2209 2671 2538 2757 impulsione,
2584 2671 2912 2739 vel'nut'ibus
2938 2694 3047 2731 rem
3093 2671 3440 2730 necessariam
3479 2671 3620 2727 insi-

2020 2758 2230 2811 nuando
2258 2766 2514 2830 peterent.

2099 2830 2119 2867 ί
2151 2819 2279 2883 Cani
2313 2833 2455 2882 cibus
2488 2835 2617 2882 esset
2645 2824 2949 2896 capiendus,
2981 2819 3341 2896 ut__orationem
3365 2832 3622 2896 quamqua

2026 2903 2257 2969 psalmus
2289 2900 2614 2968 prtccederet.
2651 2886 2985 2953 Sdzomcnus
3030 2891 3123 2948 lib.
3147 2906 3229 2958 ιιι,
3257 2886 3492 2961 “p.15;
3517 2886 3622 2942 Ni-

2026 2976 2297 3042 cephorus
2332 2972 2425 3025 lib.
2458 2986 2534 3038 tv,
2562 2983 2681 3039 cap.
2712 2969 2800 3023 14.
3244 3008 3247 3012 .

325 3128 3194 3154 ______________———————_-—-_———————————————-———

1011 3254 1980 3371 APPENDIX
2051 3250 2977 3393 SECUNDA._

1180 3599 1624 3685 FLORES
1700 3599 2190 3685 JOANNIS
2270 3600 2791 3687 CASSIANI

1905 3780 2023 3819 SIVE

610 3904 1065 3960 ILLUSTRIORES
1101 3904 1384 3964 QU/‘EDAM
1421 3902 1499 3955 AC
1532 3902 1885 3953 BREVIORES
1919 3902 2291 3953 SENTENTIE
2323 3903 2405 3954 EX
2437 3903 2587 3953 EJUS
2620 3902 2934 3954 OPERIBUS
2967 3901 3330 3955 DECERPT/E.

406 4044 541 4113 (Lib.
572 4060 587 4097 ι
614 4044 792 4096 Instit.
824 4072 899 4113 --7
923 4039 1052 4109 Cap.
1076 4038 1156 4107 5.)
1185 4036 1453 4113 Quidquid
1506 4036 1647 4088 inter
1679 4034 1911 4113 famulos
1942 4038 1987 4099 C

332 4105 425 4172 Dei
469 4115 809 4184 prtcsumitur
858 4112 925 4184 ab
955 4105 1212 4184 uno,_ve-l
1262 4107 1469 4175 paucis,
1506 4120 1603 4159 nec
1648 4105 1913 4159 catholice

330 4203 428 4256 per
450 4177 610 4240 omne
640 4198 834 4256 corpus
883 4177 1235 4234 fraternitatis
1281 4186 1531 4256 tenetur.
1588 4186 1679 4256 aut
1724 4190 1915 4256 super-

331 4247 520 4319 iluum,
550 4266 640 4310 aut.
682 4247 877 4306 elatum
909 4259 1028 4303 est:
1060 4259 1114 4302 et
1154 4257 1375 4316 propter
1401 4248 1501 4299 hoc
1533 4247 1916 4319 noxiumjudi-

331 4318 584 4389 cundum,
620 4325 895 4392 magisque
925 4320 1160 4390 speciem
1194 4320 1478 4385 vanitatis,
1510 4334 1670 4388 quam
1703 4318 1917 4372 virtutis

331 4406 630 4454 ostentans.

405 4466 593 4538 (lbid.)
625 4464 894 4538 Generali
927 4465 1179 4538 omnium
1203 4462 1573 4538 constitutioni
1619 4475 1914 4538 paucorum

329 4532 436 4597 non
469 4532 627 4593 debet
655 4536 898 4608 prwponi
932 4550 1030 4608 n_ec
1056 4534 1405 4608 prmjudicare
1429 4532 1718 4587 sententia.

408 4610 557 4671 (Lib.
584 4626 619 4663 ιι
647 4603 821 4661 Instit.
851 4636 917 4647 --
941 4603 1069 4674 Cap.
1101 4607 1192 4676 5.)
1229 4608 1369 4659 Bene
1404 4620 1610 4673 regere,
1658 4603 1741 4658 vel
1775 4604 1911 4673 regi,

327 4682 588 4751 sapientis
627 4696 755 4751 esse?
792 4682 1171 4747 pronuntiant,
1208 4691 1599 4751 summumque
1629 4676 1829 4729 donum
1861 4684 1916 4728 et.

329 4747 555 4823 gratiam
587 4750 761 4806 saneti
800 4751 1029 4817 Spiritus
1076 4763 1195 4823 esse
1228 4748 1505 4802 definiunt.
1529 4747 1688 4823 _Nani
1743 4760 1914 4823 neque

328 4818 583 4878 salutaria
624 4832 889 4890 praecepta
943 4820 1248 4887 quempiam
1298 4834 1455 4887 posse
1493 4818 1915 4885 obtemperanti-

329 4893 431 4948 bus
487 4896 823 4959 przestituere
849 4931 864 4954 ,
899 4892 995 4945 nisi
1040 4891 1131 4960 qui
1164 4891 1310 4956 prius
1342 4890 1607 4960 universis
1650 4890 1906 4960 virtutum

328 4958 628 5032 disciplinis
663 4963 825 5016 fuerit
848 4958 1142 5015 instructus
1169 4978 1181 5012 :
1206 4975 1307 5013 nec
1347 4959 1572 5013 obedire
1602 4958 1910 5032 quempiam

328 5029 533 5088 seniori
560 5048 737 5101 posse,
773 5035 871 5086 nisi
904 5049 1023 5086 eum
1049 5032 1136 5100 qui
1154 5042 1559 5085 consummatus
1586 5032 1776 5083 timore
1793 5029 1906 5096 Dei,

326 5114 384 5162 et
400 5106 714 5159 humilitatis
744 5105 901 5157 fuerit
931 5107 1127 5157 virtute
1152 5103 1436 5169 perfectus.
1658 5118 1665 5125 ·

400 5177 538 5240 (Lib.
556 5194 612 5232 III
641 5174 813 5229 Instit.
844 5205 916 5215 --
941 5175 1067 5243 Cap.
1103 5174 1184 5235 8.)
1212 5174 1555 5243 Nullatenus
1582 5178 1759 5238 potest
1802 5170 1907 5224 fra-

322 5248 443 5319 gilis
482 5264 609 5302 caro
654 5250 722 5302 ita
759 5248 919 5299 totius
969 5242 1141 5319 nectis
1180 5252 1367 5319 quiete
1409 5242 1667 5302 fraudari.
1701 5251 1757 5319 ut
1813 5258 1909 5319 per

325 5313 742 5389 Eonscquentem
771 5320 910 5373 diem
944 5318 1061 5369 sine
1101 5313 1502 5381 dormitatione,
1558 5313 1907 5389 mentisani-

322 5386 526 5459 Inique
550 5403 767 5458 torpore
794 5391 1163 5444 inconcussam
1195 5390 1361 5455 possit
1392 5401 1611 5459 servare
1644 5386 1902 5459 vigiliam.

394 5458 548 5532 (Cap.
576 5462 687 5529 Η.)
718 5464 945 5527 Semper
977 5459 1330 5527 a-quanitnins
1378 5458 1635 5532 quadibet
1668 5458 1903 5532 fatigatio

322 5528 641 5598 sustinetur,
672 5528 726 5587 et
756 5536 870 5585 sine
922 5532 1136 5583 fastidio
1165 5531 1313 5585 labor
1348 5530 1702 5599 impenditur;
1740 5530 1783 5580 si
1825 5528 1905 5581 in-

324 5611 547 5670 terjecta
591 5620 637 5657 et
668 5602 981 5657 vicissitudo
1014 5602 1257 5669 quaedam
1287 5643 1300 5670 ,
1328 5601 1415 5657 vel
1442 5600 1624 5671 operis
1657 5601 1908 5654 immuta-

324 5674 403 5731 tio
442 5674 844 5744 qualisCutnque
874 5673 1143 5729 succedat.

1932 5428 1987 5488 D

2094 4035 2233 4118 (Lib.
2287 4052 2343 4118 ιν.
2395 4036 2797 4118 Insul—Cap.
2858 4037 2939 4107 8.)
2981 4038 3162 4118 Multis
3212 4037 3606 4118 eapeyimentis

2022 4106 2198 4161 edoczi
2230 4108 2447 4162 tradunt
2488 4111 2832 4172 monachum,
2892 4106 2944 4162 et
2978 4110 3211 4163 maxime
3248 4106 3510 4176 iuniores,
3541 4124 3612 4165 ne

2022 4178 2348 4246 voluptatem
2374 4180 2592 4249 quidem
2622 4180 3079 4249 concupiscentia:
3107 4195 3220 4233 sua:
3245 4196 3400 4246 posse
3440 4179 3612 4234 refre-

2021 4264 2177 4329 nare,
2221 4251 2322 4329 nisi
2370 4251 2519 4329 prius
2565 4251 2898 4306 mortiticare
2946 4266 3041 4321 per
3082 4250 3440 4306 obedientiam
3481 4266 3611 4308 suas

2017 4320 2268 4375 didicerit
2295 4324 2622 4376 voluntates.

2090 4391 2241 4472 (Cap:
2271 4393 2352 4463 9.)
2384 4392 2556 4472 ᾼΙὶιᾳιε
2607 4391 3003 4447 subtilissimus
3048 4391 3303 4472 diabolus
3354 4390 3604 4463 illudere,

2018 4462 2102 4543 vel
2129 4462 2365 4530 dejicere
2402 4463 2673 4543 iuniorem
2730 4479 2837 4543 non
2889 4462 3117 4535 poterit,
3154 4464 3258 4517 nisi
3305 4478 3423 4543 cum
3475 4478 3604 4518 eum

2020 4534 2131 4605 sive
2182 4550 2280 4601 per
2333 4534 2724 4601 arrogantiam,
2768 4535 2881 4589 sive
2924 4550 3021 4605 per
3071 4534 3474 4605 verecundiam,
3535 4535 3604 4589 ad
3662 4540 3678 4555 ‘

2017 4604 2397 4671 cogitationum
2450 4619 2668 4658 suarum
2729 4604 2975 4659 velamen
3025 4606 3278 4661 illexerit.
3335 4604 3605 4662 Generale

2018 4690 2249 4743 namque
2274 4685 2327 4728 et
2347 4674 2566 4730 evidens
2612 4675 2869 4731 indicium
2922 4675 3208 4731 diabolicae
3257 4675 3605 4742 cogitationis

2016 4759 2142 4825 esse
2192 4749 2581 4814 pronuntiant,
2626 4747 2671 4801 si
2703 4763 2819 4802 eam
2866 4746 3069 4804 seniori
3095 4747 3444 4802 confunditur
3473 4760 3605 4815 ape-

2017 4832 2060 4869 ΓΙ
2072 4832 2145 4868 re.

2087 4886 2241 4957 (Cap.
2278 4885 2392 4955 12.)
2418 4887 2751 4942 Obedientia:
2790 4890 3041 4944 virtutem
3075 4906 3180 4944 non
3228 4888 3405 4944 solum
3451 4889 3603 4958 operi

2014 4973 2293 5025 manuum,
2344 4974 2439 5012 seu
2469 4959 2705 5019 lectioni.
2740 4962 2823 5015 vel
2854 4962 3090 5029 silentio,
3128 4970 3183 5015 et
3210 4961 3377 5029 quieti
3422 4958 3599 5026 cella,

2015 5045 2199 5101 verum
2251 5033 2411 5084 etiam
2458 5032 2668 5084 eunetis
2707 5032 2995 5085 virtutibus
3046 5036 3117 5086 ita
3168 5033 3509 5101 praeferunt,
3542 5039 3601 5086 ut

2015 5100 2407 5170 huicjudicent
2433 5103 2613 5154 omnia
2660 5103 3061 5169 postponenda;
3112 5100 3452 5158 et’universa
3486 5100 3601 5153 dis-

2016 5174 2206 5238 pendia
2238 5172 2424 5225 subire
2478 5176 2714 5225 contenti
2760 5175 2887 5240 sint,
2920 5173 3211 5229 dummodo
3238 5173 3343 5228 hoc
3390 5175 3599 5228 bonum

2012 5242 2064 5295 in
2095 5244 2245 5297 nullo
2273 5244 2475 5295 violare
2513 5244 2812 5297 videantur.

2068 5312 2235 5395 .(Cap.
2267 5313 2386 5395 20..)
2416 5313 2529 5368 Non
2560 5319 2731 5367 solum
2773 5314 2977 5383 seipsos
3002 5331 3112 5395 non
3142 5329 3460 5395 essecons,
3492 5312 3597 5369 sed

2010 5385 2172 5439 etiam
2202 5385 2409 5449 omnia,
2446 5401 2564 5453 qua:
2588 5402 2680 5438 sua
2706 5396 2852 5451 sunt,
2888 5388 3117 5440 credunt
3142 5385 3374 5441 Domino
3400 5399 3597 5441 conse-

2011 5465 2179 5509 crata.
2213 5456 2438 5519 Proiiter
2468 5456 2609 5523 quod
2640 5456 2686 5508 si
2716 5457 2841 5525 quid
2873 5457 3032 5511 fuerit
3064 5458 3396 5512 monasterio
3422 5455 3596 5511 semel

2010 5527 2240 5593 illatum,
2265 5538 2321 5580 ut
2343 5536 2769 5595 sacrosanctum,
2797 5543 2918 5582 cum
2936 5528 3084 5582 omni
3112 5527 3406 5583 decernant
3437 5541 3593 5582 reve-

2014 5599 2185 5653 rentia
2215 5598 2415 5651 debere
2446 5598 2683 5653 tractari.

2091 5669 2241 5739 (Cap.
2277 5671 2390 5736 53.)
2430 5668 2581 5725 Sicut
2613 5671 2877 5727 immensa
2896 5668 3067 5737 gloria
3089 5667 3322 5729 ﬁdeliter
3351 5669 3592 5729 servien~
