4000 6186
240 5721 256 5783 1

295 395 398 458 305

298 585 535 639 rentibus
559 582 885 654 promittitur
915 582 967 636 in
999 584 1241 654 futurum
1287 602 1300 636 :
1349 583 1424 637 ita
1450 597 1622 652 poena:
1652 585 1860 654 gravis-

300 656 445 709 sima:
467 661 828 722 prmparantur
857 653 938 706 his
970 653 1062 722 qui
1105 654 1283 721 lepide
1329 669 1446 708 eam
1499 655 1861 722 negligenter-

301 741 400 796 que
423 726 604 796 fuerint
626 725 867 796 exsecuti
885 735 977 796 :tet
1006 725 1301 796 secundum
1325 724 1448 785 hoc,
1465 726 1604 789 quod
1630 725 1860 794 professi

295 795 444 858 sunt,
483 795 560 848 vel
600 796 744 864 quod
797 795 864 848 ab
907 795 1212 848 hominibus
1250 809 1370 848 esse
1411 795 1708 849 creduntur
1753 798 1862 850 frti-

293 876 402 920 ctus
427 867 589 919 etiam
633 879 900 935 congruos
929 865 1234 919 sanctitatis
1264 865 1438 920 eidem
1477 866 1735 920 exhibere
1765 881 1861 921 ne-

322 936 566 990 lexerint.

287 951 1092 1077 ειῖῖἳῗιΐρῗὲι.)Αὺγεηιιηιίτιιὶο
1121 1006 1251 1060 nihil
1279 1015 1362 1061 est
1384 1005 1529 1059 aliud
1549 1021 1708 1074 quam
1733 1021 1858 1060 cru-

285 1076 456 1130 cis'ac’
482 1076 917 1132 mortificationis
957 1077 1235 1136 indicium.
1279 1079 1316 1129 i.
1347 1092 1396 1130 e.
1428 1080 1858 1144 repraesentatio.

352 1146 498 1217 (Cap.
532 1145 654 1216 57.)
686 1146 827 1201 Bene
857 1148 1088 1214 cmpisse
1117 1147 1250 1201 nihil
1285 1146 1542 1211 proderit,
1566 1161 1678 1217 nec
1702 1149 1862 1214 pleno

287 1216 492 1272 fervore
531 1219 956 1272 renuntiationis
1011 1219 1302 1286 arripuisse
1349 1216 1631 1286 principia;
1662 1218 1706 1270 si
1749 1217 1862 1270 haec

287 1302 545 1357 congruus
583 1289 748 1342 etiam
787 1290 908 1343 linis
951 1289 1197 1343 similiter
1246 1303 1351 1342 non
1398 1287 1862 1342 commendaverit

285 1367 436 1427 atque
465 1359 822 1413 concluserit.

347 1427 493 1498 (Cap.
517 1429 647 1497 41.)
671 1430 799 1482 'l‘ria
830 1429 946 1484 hac
997 1429 1050 1483 in
1102 1430 1523 1498 congregatione
1550 1429 1862 1484 necessario

279 1501 639 1554 custodienda
677 1509 804 1554 sunt
835 1500 951 1566 tibi,
981 1508 1041 1553 ut
1068 1501 1277 1554 scilicet
1311 1500 1604 1553 secundum
1639 1499 1863 1552 Psalmi-

276 1577 368 1624 sta:
393 1570 730 1625 sententiam
775 1573 918 1624 velut
955 1571 1181 1632 surdus,
1231 1583 1284 1624 et
1331 1583 1528 1634 mutus,
1583 1580 1636 1624 et
1684 1585 1862 1624 caecus

279 1641 530 1694 incedas:
557 1649 620 1693 iit
644 1641 888 1696 universa
913 1656 1260 1711 quaecumque
1289 1641 1487 1694 videris
1529 1641 1703 1694 minus
1731 1640 1862 1711 aedi-

276 1711 539 1766 ficationis
572 1712 847 1773 habentia,
869 1713 1016 1766 velut
1040 1727 1213 1766 caecus
1242 1726 1349 1764 non
1372 1712 1580 1777 videas,
1609 1724 1714 1765 etc.
1741 1710 1861 1765 Ve—

277 1797 386 1835 rum
410 1793 466 1836 et
489 1791 754 1852 quartum
801 1782 903 1837 hoc
933 1799 1040 1850 prie
1086 1784 1337 1836 omnibus
1389 1783 1595 1852 excole.
1629 1793 1684 1835 ut
1729 1782 1863 1852 stul-

277 1861 380 1906 tum
415 1863 467 1908 te
489 1851 798 1907 Secundum
820 1853 1062 1918 Apostoli
1088 1855 1432 1917 sententiam,
1480 1851 1642 1906 facias
1671 1852 1726 1905 in
1757 1851 1860 1906 huc

274 1900 492 1986 mundo,
549 1932 614 1977 ut
658 1924 733 1977 sis
772 1900 1019 1992 Sapiens,
1070 1924 1200 1977 nihil
1261 1900 1474 1977 scilicet
1520 1922 1854 1989 discernens,
1887 1900 1937 1960 Β

275 1993 398 2048 nihil
418 1995 734 2063 dijudicans
755 2010 818 2047 ex
843 1994 925 2048 his
949 2010 1070 2063 quae
1093 1995 1191 2048 tibi
1214 1993 1410 2047 fuerint
1436 1993 1721 2061 imperata,
1747 2000 1852 2047 etc.

340 2065 480 2134 (Lib.
538 2081 574 2118 v
611 2063 780 2118 quit.
835 2093 906 2104 —
946 2063 1076 2133 Cap.
1123 2064 1206 2135 4.)
1254 2063 1546 2135 Monachus
1594 2065 1857 2135 spiritalia

268 2137 431 2189 mella
484 2135 729 2190 condere
774 2136 1032 2204 cupiens,
1083 2134 1225 2189 velut
1256 2136 1372 2204 apis
1418 2134 1852 2203 prudentissima,

269 2205 427 2261 debet
456 2220 902 2276 unamquamque
925 2206 1179 2260 virtutem
1203 2206 1269 2257 ab
1312 2206 1393 2258 his
1422 2206 1509 2276 qui
1551 2219 1671 2258 eam
1699 2205 1854 2257 fami-

268 2276 456 2332 liarius
493 2279 784 2345 possident
818 2275 1118 2343 deflorare,
1157 2287 1211 2329 et
1257 2276 1308 2329 in
1351 2275 1433 2328 sui
1468 2277 1698 2342 pectoris
1728 2289 1858 2329 vase

269 2348 579 2403 recondere
610 2367 624 2403 :
656 2362 759 2402 nec
774 2349 897 2415 quid
921 2349 1094 2401 minus
1120 2346 1310 2415 aliquis
1339 2347 1527 2400 habeat
1551 2346 1855 2410 discutere;

271 2420 368 2472 sed
398 2424 508 2474 hoc
539 2427 783 2480 tantum,
813 2421 954 2486 quod
986 2419 1198 2473 virtutis
1228 2418 1443 2484 habeat,
1472 2419 1856 2486 contemplari,

278 2489 633 2558 studioseque
661 2489 971 2557 decerpere.

347 2561 504 2629 (Cap.
532 2562 610 2629 6.)
651 2559 987 2626 Quibuslibet
1027 2561 1165 2615 escis
1204 2558 1434 2614 refertus
1473 2569 1661 2613 venter
1695 2559 1860 2612 semi-

277 2634 433 2684 naria
458 2633 685 2686 luxuria:
719 2633 874 2700 parit,
906 2645 1004 2684 nec
1047 2633 1297 2696 praevalet
1327 2646 1478 2684 mens
1517 2630 1858 2684 discretionis

271 2701 645 2770 gubernacula
677 2702 970 2767 moderari,
1003 2703 1244 2756 ciborum
1281 2702 1518 2769 p0ndere
1548 2703 1855 2769 praelocata.

346 2773 644 2828 Verissiuia
665 2782 744 2826 est
780 2773 1022 2838 Patrum,
1056 2771 1541 2842 probatissimaque
1567 2772 1856 2836 sententia,

266 2843 603 2912 jejiiniorum
645 2853 700 2898 et
738 2846 1085 2900 continentia:
1123 2843 1335 2896 modum
1371 2845 1420 2895 in
1454 2858 1706 2897 mensura
1741 2856 1860 2908 par-

267 2913 456 2970 citatis
488 2927 692 2971 tantum
716 2961 731 2984 ,
774 2926 831 2971 et
861 2917 1212 2983 casngatione
1240 2915 1537 2968 consistere
1574 2931 1585 2964 :
1619 2927 1697 2984 et_
1719 2916 1861 2965 hunc

267 3000 396 3041 esse
421 2989 682 3056 perfectae
712 2982 928 3041 virtutis
961 2982 1018 3038 in,
1042 3001 1328 3039 commune
1375 2985 1623 3056 omnibus
1674 2982 1858 3046 finem,

263 3065 326 3109 ut
378 3054 454 3112 ab
481 3063 647 3116 escis.
682 3072 813 3126 quas
857 3071 1070 3109 sumere
1100 3054 1442 3109 sustentaudi
1490 3068 1732 3120 corporis
1767 3068 1863 3103 ne-

261 3131 534 3182 cessitate
584 3127 1002 3193 compclluutur,
1043 3128 1221 3179 adhuc
1275 3128 1328 3178 iu
1374 3127 1621 3192 appetitu
1673 3135 1860 3174 earum

261 3199 442 3265 positi
475 3209 860 3265 temperemus.

1536 397 1802 457 FLOBES
1840 401 1892 456 ³.
1934 397 2263 457 CASSIANI.

297 515 460 590 tibus,
485 526 547 568 ac
587 510 880 590 secundum
917 509 1148 590 _Re_gulae
1179 513 1568 590 institutionem
1598 514 1648 568 ei
1678 515 1860 590 adligic-
1887 531 1937 590 Α

3442 409 3544 464 306

2036 513 2219 588 (Inst.
2238 517 2274 568 ι.
2309 516 2626 588 vnn—Cap.
2656 519 2782 587 16.)
2814 518 3034 574 Summa
3063 521 3454 576 emendationis
3483 537 3547 580 ac

1968 587 2378 654 tranquillitatis
2403 587 2603 641 nostrae
2637 605 2740 642 non
2763 601 2843 643 est
2872 591 2922 643 in
2951 593 3169 646 alterius
3189 592 3412 645 arbitrio
3437 596 3546 648 col-

1966 655 2218 732 locanda.
2238 657 2380 724 quod
2405 672 2738 732 nequaquam
2772 672 2971 714 nostrae
2994 663 3233 730 subiacet
3253 664 3541 732 potestati:

1965 726 2062 780 sed
2094 727 2144 778 in
2179 737 2364 779 nostra
2397 731 2574 794 potius
2601 731 2804 785 ditione
2835 726 3103 785 consistit:

2038 794 2189 866 (Cap.
2216 797 2329 863 17.)
2362 796 2606 852 Solitudo
2638 801 2774 854 sicut
2807 803 2952 854 novit
2981 802 3277 857 emendatis
3305 803 3546 860 moribus

1964 867 2479 940 contemplationem
2532 870 2871 936 purissimam
2929 888 3209 940 reserare,
3254 882 3307 926 et
3350 875 3546 929 intuitu

1963 936 2336 990 sincerissimo
2363 939 2729 1004 spiritualium
2773 936 3231 996 sacramentorum
3265 944 3545 1000 scientiam

1963 1010 2205 1080 revelare
2235 1025 2247 1059 :
2283 1008 2352 1060 ita
2383 1023 2568 1063 eorum
2612 1013 2699 1078 qui
2729 1014 2904 1065 minus
2931 1014 3196 1066 emendati
3228 1024 3386 1080 sunt,
3418 1017 3545 1069 vitia

1962 1091 2070 1130 non
2103 1078 2277 1158 solum
2327 1092 2568 1147 servare,
2603 1097 2787 1135 verum
2837 1083 2995 1138 etiam
3037 1078 3380 1154 exaggerare'
3417 1101 3548 1140 con-

1963 1156 2160 1200 suevit.

2038 1216 2228 1292 (Ιὺὶιί.)
2261 1221 2428 1290 Magis
2457 1223 2598 1275 enim
2622 1223 2886 1276 exercitio
2915 1239 3122 1292 usuque
3151 1225 3390 1279 humano
3423 1240 3544 1279 ces-

1963 1298 2118 1341 sante
2141 1291 2436 1347 ell‘erantur
2474 1294 2526 1346 in
2557 1293 2710 1347 nobis
2738 1293 2898 1359 vitia,
2951 1295 2995 1348 si
3035 1291 3139 1348 non
3180 1297 3381 1351 fuerint
3415 1306 3542 1351 ante

1963 1371 2210 1427 purgata.

2042 1427 2200 1499 (Inst.
2233 1432 2270 1484 ι.
2304 1431 2583 1501 ix.—Cap.
2617 1433 2696 1503 8.)
2723 1433 3123 1489 Procurandum
3170 1437 3348 1503 itaque
3388 1437 3544 1492 nobis

1963 1507 2067 1565 est,
2102 1509 2159 1554 ut
2181 1513 2362 1558 nostra
2393 1506 2570 1572 potius
2601 1506 2891 1559 emendare
2912 1506 3037 1558 vitia
3079 1515 3130 1559 et
3173 1521 3349 1560 iiiores
3376 1507 3544 1561 corri-

1963 1585 2090 1642 gere
2117 1573 2450 1627 festinemus.
2482 1575 2612 1642 Quae
2645 1576 2834 1642 procul
2864 1575 3028 1630 dubio
3057 1577 3100 1629 si
3132 1575 3332 1630 fuerint
3358 1591 3544 1631 emen-

1963 1641 2110 1711 data,
2146 1659 2251 1698 non
2285 1646 2456 1697 dicam
2502 1641 2621 1698 cum
2649 1641 2998 1711 hominibus,
3046 1646 3142 1698 sed
3196 1647 3358 1700 etiam
3416 1661 3540 1702 cum

1962 1709 2095 1764 fei'is
2117 1723 2172 1767 et
2197 1715 2388 1769 belluis
2414 1716 2668 1770 facillime
2697 1716 2851 1768 nobis
2880 1709 3186 1770 conveniet.

2037 1780 2192 1852 (Inst.
2293 1787 2555 1860 x.—Cap_.
2586 1785 2662 1857 li.)
2688 1787 2835 1860 Mens
2862 1787 3019 1840 otiosi
3050 1787 3184 1842 nihil
3222 1788 3365 1844 aliud
3390 1790 3540 1860 cogi-

1966 1858 2083 1906 tare
2114 1856 2284 1916 novit,
2315 1871 2474 1924 quam
2506 1857 2573 1909 dc
2603 1856 2742 1910 escis
2774 1871 2834 1910 ac
2866 1865 3072 1910 ventre.

2037 1925 2187 2000 (Cap.
2219 1925 2335 1995 25.)
2377 1927 2504 2000 11ωο
2549 1935 2630 1980 est
2673 1927 2813 2000 apud
2857 1927 3146 1997 (Egyptum
3195 1929 3262 1982 ab
3306 1932 3541 2000 antiquis

1962 1992 2461 2066 Patribusgsa'ncita
2507 1992 2808 2061 sententia,
2859 1992 3170 2066 operantem
3221 1992 3540 2056 monachum

1962 2063 2210 2142 d_:_eni0i_ie
2239 2063 2347 2119 uno
2375 2068 2578 2142 pulsari
2612 2086 2624 2121 :
2649 2069 2879 2123 otiosum
2899 2063 3034 2123 vero
3059 2069 3355 2140 innumeris
3384 2074 3542 2142 spiri-

1964 2134 2105 2187 tibus
2130 2134 2422 2191 devastari.
3125 2136 3131 2140 ’

2033 2204 2188 2280 (Cap.
2222 2208 2337 2278 24.)
2366 2209 2751 2279 Experimento
2775 2210 3061 2280 probatum
3085 2219 3167 2265 est
3197 2211 3407 2267 Acedite
3439 2213 3543 2267 im-

1961 2279 2346 2351 pugnationem
2387 2297 2491 2334 non
2532 2281 2855 2336 declinando
2897 2281 3240 2351 fugiendam,
3273 2283 3365 2338 sed
3408 2287 3545 2338 resi-

1961 2349 2155 2422 stendo
2181 2352 2558 2419 superandam.
2961 2349 2976 2351 ⁷
3129 2414 3138 2422 ,

2034 2416 2196 2494 (hist.
2247 2416 2284 2474 2.
2329 2422 2607 2491 x1.—Cap.
2656 2423 2735 2494 7.)
2782 2424 2908 2477 llmc
2951 2433 3032 2478 est
3073 2416 3287 2478 subtilis
3340 2425 3540 2481 inimici

1961 2493 2226 2565 versutia,
2267 2501 2322 2546 ut
2355 2494 2578 2547 militem
2610 2493 2808 2548 Christi
2834 2495 3065 2565 propriis
3094 2495 3251 2549 faciat
3283 2497 3400 2549 telis
3441 2512 3536 2552 oc-

1961 2562 2417 2636 cumbereqtuem
2448 2566 2731 2620 hostilibus
2753 2562 2918 2620 armis
2937 2562 3192 2632 superare
3216 2582 3319 2620 non
3344 2570 3537 2636 potuit.

2034 2631 2200 2706 (Cap.
2231 2633 2351 2704 11.)
2387 2635 2461 2688 Ita
2489 2638 2676 2691 videtis
2718 2652 2873 2706 quain
2911 2631 3196 2706 perniciosi
3239 2631 3418 2691 rerum
3454 2653 3540 2692 se-

1961 2705 2261 2756 cundarum
2312 2707 2521 2760 soleant
2563 2723 2683 2761 esse
2731 2705 3054 2762 successus:
3087 2710 3157 2760 ita
3203 2718 3260 2760 ut
3306 2709 3396 2776 qui
3430 2724 3534 2762 non

1963 2781 2255 2847 potuerunt
2279 2776 2518 2830 adversis
2548 2778 2754 2847 frangi;
2788 2780 3080 2845 prosperis,
3111 2780 3152 2830 si
3189 2780 3383 2830 incauti
3428 2779 3541 2831 fue-

1963 2845 2295 2923 rinttacrius
2321 2848 2590 2901 elidantur
2621 2845 2723 2923 aet
2749 2850 2838 2923 qui
2870 2852 2920 2900 in
2944 2849 3381 2923 conflictuatque
3421 2850 3539 2923 acie

1962 2918 2154 2966 mortis
2230 2928 2523 2971 evaserunt
2603 2919 2949 2984 discrimina,
3021 2918 3235 2984 trOpmis
3312 2921 3541 2985 propriis

1964 2986 2358 3055 triumphisque
2387 2990 2758 3042 succumbant.

2038 3052 2214 3126 (litat.
2243 3052 2288 3108 ιζ
2310 3073 2403 3112 xit.
2426 3088 2495 3098 -—
2517 3057 2645 3126 Cap.
2675 3059 2767 3126 5.)
2800 3057 3014 3110 Nullum
3045 3067 3127 3109 est
3155 3056 3338 3109 vitium
3370 3057 3536 3123 aliud,

1964 3125 2102 3190 quod
2128 3124 2203 3176 ita
2237 3143 2424 3180 omnes
2447 3124 2672 3182 virtutes
2694 3124 2994 3191 ειέιιςιιιτίιιι,
3014 3135 3313 3195 eunt-taque
3333 3128 3539 3195 justilia

1965 3203 2018 3267 et
2048 3197 2336 3250 sanctitate
2358 3197 2629 3251 hominem
2665 3199 2862 3267 Spoliet
2889 3213 2949 3250 ac
2972 3199 3205 3251 denudet
3224 3238 3237 3263 ,
3272 3208 3327 3251 ut
3355 3214 3540 3266 super-

338 3268 510 3336 (Cap.
552 3258 666 3336 11.)
704 3266 1001 3334 Numquam
1052 3267 1253 3334 poterit
1307 3261 1572 3336 ardentis
1597 3258 1854 3336 concupi-
1885 3265 1928 3324 α
1963 3260 2310 3336 ιιίιιξιιιειιιιιιι.

261 3331 512 3390 εοεηιὶω
552 3331 801 3391 stimulos
834 3331 1106 3401 inhibere,
1148 3333 1397 3404 quisquis
1425 3331 1689 3384 desideria
1719 3331 1857 3396 gulte

260 3406 565 3477 refrenare
593 3406 928 3477 nequiverit.

345 3476 511 3550 (Cap.
537 3479 656 3548 21.)
684 3473 960 3547 Quidquid
1004 3485 1155 3532 extra
1183 3473 1624 3550 consuetudinem
1659 3487 1861 3542 przesu-

264 3546 477 3616 mitur,
507 3546 772 3621 usumque
799 3546 1141 3621 communem
1167 3590 1181 3612 ,
1217 3559 1274 3600 ut
1305 3561 1457 3621 vanae
1485 3546 1671 3621 gloriae
1696 3557 1858 3612 atque

268 3624 658 3677 ostentationis
685 3617 899 3675 'morbo
930 3620 1190 3690 pollutum
1238 3617 1608 3688 antiquissima
1641 3617 1857 3670 Patrum

269 3693 505 3746 traditio
533 3702 700 3747 notat.

345 3763 506 3835 (Cap.
532 3763 650 3836 41.)
685 3765 760 3818 ita
811 3761 974 3817 debet
1003 3761 1326 3836 monachus
1367 3758 1590 3832 jejuuiis
1639 3772 1856 3828 operam

275 3834 434 3905 dare,
455 3834 874 3905 ’quasi'centnm
892 3835 1044 3887 annis
1071 3835 1121 3886 in
1143 3847 1368 3900 corpore
1398 3843 1854 3905 commoraturus;

273 3904 346 3958 ita
381 3901 567 3962 motus
596 3909 757 3962 animi
792 3903 1087 3972 refrenare,
1125 3915 1178 3957 et
1217 3904 1559 3972 injuriaiuin
1592 3901 1855 3962 oblivisci,

277 3979 639 4047 tristitiasque
695 3991 991 4042 reSpuere,
1043 3971 1366 4043 doloresque
1416 3986 1472 4029 et
1534 3971 1858 4026 detrimenta

276 4060 656 4113 comemnere,
683 4061 951 4116 tamquam
980 4047 1219 4116 quOtidie
1247 4050 1560 4100 moriturus.

347 4119 493 4190 (Lib.
529 4136 578 4174 Vt
605 4118 779 4174 limit.
813 4148 881 4158 -—
912 4117 1038 4188 Cap.
1070 4119 1148 4187 6.)
1180 4117 1333 4190 Nulla
1372 4125 1577 4190 virtute
1600 4125 1704 4190 tam
1733 4128 1857 4183 pro-

277 4187 392 4259 prie
439 4192 686 4247 carnales
731 4187 994 4245 homines
1032 4188 1395 4258 spiritualibus
1429 4189 1634 4257 angelis
1677 4187 1854 4259 imita-

280 4258 430 4316 tione
482 4263 913 4317 conversationis
957 4271 1280 4330 aequaiitur,
1340 4275 1500 4328 quam
1565 4258 1759 4312 merito
1802 4265 1857 4310 et

279 4334 454 4402 gratia
480 4335 761 4398 castitatis,
797 4348 894 4400 per
923 4347 1080 4400 quam
1114 4332 1287 4384 adhuc
1321 4333 1372 4383 iu
1407 4342 1546 4384 terra
1577 4331 1852 4402 degentes,

282 4399 511 4469 habent,
533 4399 1179 4468 secundumApOStolum,
1201 4403 1585 4469 municipatum
1606 4401 1854 4454 iiicoetis:

283 4476 428 4544 quod
495 4478 736 4544 deposita
785 4474 1086 4544 corruptela
1144 4475 1344 4526 carnali
1407 4474 1686 4544 habituros
1735 4483 1858 4544 pro-

285 4540 516 4600 mittitur
543 4540 597 4600 iii
629 4547 886 4612 futurum,
919 4543 1006 4598 hic
1029 4547 1140 4614 jam
1169 4546 1223 4598 in
1278 4557 1439 4598 carne
1473 4542 1644 4610 fragili
1688 4540 1858 4608 possi-

285 4617 492 4672 dentes.

350 4687 507 4760 (Cap.
539 4685 658 4759 25.)
704 4686 853 4742 Sicut
887 4687 1092 4760 puritas
1123 4693 1178 4740 et
1203 4682 1451 4760 custodia
1489 4681 1591 4735 diei
1625 4688 1857 4760 noctur-

289 4750 409 4831 nam
453 4750 768 4828 'praapa'rant
805 4750 1162 4831 castitatem;
1195 4757 1288 4831 ita
1343 4763 1618 4807 nocturnae
1661 4750 1859 4831 vigilia:

289 4828 431 4883 cordi
462 4821 673 4899 pariter
698 4840 750 4883 et
776 4829 1137 4882 observationi
1178 4825 1382 4880 diurnae
1407 4834 1604 4878 statum
1644 4821 1860 4875 solidis-

289 4901 482 4973 simum
515 4901 789 4973 roburque
818 4899 1221 4973 promittunt.”
1263 4969 1271 4973 _
1340 4967 1380 4973 __
1695 4971 1700 4973 Α
1807 4961 1819 4973 .

355 4968 506 5044 (ιίινζ
537 4967 832 5044 virumn.
883 4969 1106 5044 --_Cap.
1163 4967 1280 5044 l9_.)
1340 4967 1535 5044 Fertur
1588 4967 1856 5044 sententia

290 5034 457 5096 sancti
481 5041 659 5095 Basilii
693 5043 898 5110 prolata
931 5039 997 5093 ad
1037 5034 1320 5105 quemdam
1375 5035 1748 5108 synclcticum,
1802 5034 1854 5088 id

292 5123 388 5177 est,
413 5121 743 5177 senatorem,
785 5113 871 5179 qui
904 5119 1111 5164 retenta
1140 5111 1239 5162 sibi
1274 5122 1419 5176 parte
1448 5113 1704 5161 bonorum
1733 5120 1855 5159 suo-

291 5193 403 5236 rum
424 5184 808 5237 monachatum
844 5181 1117 5249 professus
1149 5180 1322 5236 fuerat
1354 5198 1366 5232 :
1415 5180 1477 5232 Et
1525 5189 1855 5242 senatorem,

291 5250 481 5323 inquit,
507 5253 752 5323 amisisti,
784 5262 839 5307 et
865 5253 1182 5306 monachum
1211 5266 1314 5305 non
1337 5249 1531 5306 fecisti.

356 5317 509 5395 (Cap.
543 5321 663 5394 21.)
717 5325 831 5380 Non
885 5324 1056 5378 solum
1100 5324 1447 5391 pecuniarum
1489 5329 1571 5395 est
1619 5317 1860 5395 cavenda

293 5390 560 5462 possessio
581 5437 594 5456 ,
624 5390 809 5450 verum
849 5398 1007 5447 etiam
1039 5390 1284 5447 voluntas
1323 5395 1431 5463 ipsa
1465 5393 1532 5444 ab
1560 5390 1742 5463 animo
1770 5403 1866 5463 pe-

294 5461 430 5520 nitus
455 5467 808 5521 extrudenda.
828 5464 942 5520 Non
966 5466 1106 5518 enim
1140 5475 1244 5518 tam
1277 5461 1500 5520 affectus
1525 5461 1862 5530 philargyrite

293 5534 417 5597 (Le.
447 5538 816 5605 proprietatis)
851 5537 1102 5590 vitandus
1131 5547 1233 5594 est.
1258 5551 1415 5604 quam
1446 5533 1668 5587 affectus
1698 5533 1862 5605 ipsius

294 5602 932 5676 radicitus—amputandus
965 5622 978 5657 :
1014 5606 1142 5659 nihil
1169 5602 1310 5676 enini
1345 5602 1865 5676 priiderittpecutiias

295 5690 393 5732 non
418 5679 640 5745 habere,
672 5671 718 5731 si
745 5680 988 5732 voluntas
1020 5678 1072 5730 in
1097 5679 1249 5730 nobis
1275 5671 1431 5729 fuerit
1463 5671 1790 5745 pUSsidendi.

363 5748 514 5821 (Cap.
544 5742 663 5819 27.)
694 5748 860 5804 Nemo
888 5758 970 5803 est
1006 5749 1233 5821 qui_non
1263 5745 1456 5821 habeat
1500 5742 1644 5821 quod
1681 5742 1864 5821 dimit-

297 5811 388 5874 ιιι.
427 5811 706 5876 Πηῖνετέιε
728 5811 1060 5876 renuntiavit
1094 5815 1435 5870 facultatibus
1464 5811 1647 5866 mundi
1668 5852 1680 5873 ,
1716 5813 1866 5878 quis-

301 5889 412 5950 quis
436 5890 684 5949 affectum
716 5887 1024 5956 possidendi
1047 5901 1137 5943 eas
1171 5883 1427 5942 radicitus
1457 5881 1768 5948 amputavit.

2039 3331 2205 3400 (Cap.
2237 3336 2366 3407 27.)
2399 3337 2649 3403 Quisquis
2680 3336 2947 3407 superbia:
2984 3338 3172 3392 morbo
3200 3338 3359 3394 fuerit
3389 3354 3539 3394 occu-

1963 3416 2143 3471 patus,
2177 3422 2280 3458 non
2303 3412 2474 3462 stilum
2510 3409 2708 3463 nullam
2741 3409 3090 3477 subjectionis
3112 3411 3537 3466 autobedientiar

1962 3477 2200 3552 regulam
2229 3481 2500 3534 custodire
2527 3484 2794 3550 dignatur,
2821 3497 3004 3534 verum
3033 3497 3098 3534 ne
3128 3483 3296 3548 ipsam
3320 3483 3536 3552 quidem

1961 3547 2178 3622 auribus
2207 3552 2319 3622 suis
2350 3547 2644 3606 doctrinam
2672 3552 3014 3622 perl‘eCIionis
3042 3553 3295 3606 admittit.

2003 3617 2186 3697 .(Cap.
2210 3620 2324 3692 52.)
2374 3622 2529 3676 Nullo
2586 3617 2746 3678 modo
2797 3626 2994 3691 poterit
3039 3624 3092 3676 in
3133 3625 3307 3697 auiiiia
3353 3633 3536 3679 nostra

1961 3695 2222 3767 virtutum
2254 3703 2518 3767 structura
2545 3709 2900 3767 consurgere,
2936 3697 3037 3749 nisi
3071 3695 3214 3767 prius
3247 3695 3384 3763 iacta
3418 3699 3535 3750 lue-

1959 3762 2070 3811 riiit
2098 3775 2236 3814 verte
2283 3762 2597 3818 humilitatis
2639 3768 2691 3818 in
2733 3774 2921 3818 nostro
2958 3766 3123 3818 corde
3156 3762 3533 3830 fundamenta;

1961 3844 2080 3903 quae
2116 3831 2426 3888 firmissime
2469 3835 2733 3889 collocata
2770 3836 3117 3903 perfectionis
3155 3844 3209 3888 et
3257 3836 3536 3890 charitatis

1959 3901 2175 3955 culmen
2202 3906 2413 3959 valeant
2435 3905 2723 3960 sustinere.

2031 3972 2244 4038 (Collat.
2281 3976 2406 4028 1.-
2432 3975 2557 4044 Cap.
2593 3978 2671 4034 4.)
2707 3973 2852 4029 Finis
2879 3973 3094 4044 quidem
3116 3983 3314 4028 nostra:
3333 3977 3538 4043 profes-

1959 4041 2377 4116 sionisregiinm
2414 4041 2540 4112 Dei,
2588 4062 2684 4102 seu
2719 4041 2940 4116 regnum
2972 4045 3234 4116 caelorum
3279 4041 3364 4100 est
3396 4063 3408 4098 :
3436 4047 3534 4100 ile-

1957 4114 2177 4186 stiiiatio
2207 4132 2354 4184 vero,
2387 4120 2435 4172 id
2471 4129 2554 4173 est
2581 4114 2800 4186 scopus,
2837 4119 3040 4186 puritas
3061 4115 3263 4183 cordis,
3298 4118 3414 4170 sine
3436 4133 3538 4180 qua

1957 4183 2026 4236 ad
2057 4186 2396 4260 i_l_lumtlincm
2428 4183 2762 4260 iiiipOssiIiile
2787 4183 2870 4242 est
2896 4188 3198 4260 quempiam
3221 4189 3532 4260 pervenire.

2030 4254 2185 4330 (Cap.
2211 4254 2536 4330 7.).lejuuia.
2568 4263 2786 4330 vigiliae,
2812 4254 3085 4313 uie-dilatio
3113 4254 3535 4329 Scripturarum,

1958 4328 2174 4379 nuditas
2206 4345 2266 4382 ac
2310 4328 2540 4397 priVatio
2579 4328 2816 4386 omnium
2857 4331 3191 4396 facultatum,
3226 4347 3328 4384 non
3365 4328 3538 4394 pcrleé

1959 4398 2088 4470 clio,
2125 4398 2216 4450 sed
2248 4402 2588 4466 perfectionis
2618 4405 2972 4455 instrumenta
3001 4409 3124 4454 sunt
3153 4418 3165 4452 :
3195 4417 3316 4470 quia
3349 4419 3454 4454 non
3482 4401 3537 4456 in

1959 4467 2092 4538 ipsis
2113 4471 2357 4522 consistit.
2384 4473 2684 4537 disciplin-.13
2713 4472 2864 4523 istius
2892 4473 3032 4530 linis.
3065 4471 3158 4524 sed
3183 4467 3278 4537 per
3305 4474 3394 4525 illa
3418 4487 3535 4538 per-

1962 4536 2173 4588 venitur
2201 4541 2264 4588 ad
2299 4541 2478 4592 finem.
2515 4536 2788 4594 Incassutii
2815 4543 2973 4606 igitur
3003 4545 3114 4592 haec
3143 4536 3300 4591 etterc
3326 4544 3395 4590 tia
3418 4536 3538 4593 ino-

1963 4606 2142 4667 lietur,
2176 4609 2417 4677 quisquis
2449 4609 2532 4662 his
2559 4614 2700 4662 velut
2725 4625 2934 4660 summu
2969 4611 3109 4660 bono
3138 4617 3424 4660 contentus
3458 4612 3539 4660 iii-

1967 4677 2258 4728 tentionein
2290 4683 2369 4730 sui
2395 4680 2573 4731 cordis
2613 4680 2892 4744 hucusque
2927 4678 3204 4741 delixerit,
3236 4687 3290 4729 et
3319 4693 3424 4728 non
3471 4680 3539 4735 ad

1963 4745 2282 4811 capiendum
2332 4751 2525 4811 linem,
2586 4757 2804 4817 propter
2851 4763 3008 4814 quem
3067 4749 3181 4800 haec
3237 4750 3539 4814 appetenda

1961 4826 2107 4879 sunt,
2137 4820 2281 4870 omni
2311 4827 2503 4872 eoiiatu
2532 4833 2702 4872 semet
2729 4818 3051 4871 cxtenderit.

2035 4886 2184 4958 (Cap.
2218 4888 2298 4958 8.)
2330 4889 2427 4942 llic
2466 4891 2623 4942 nobis
2662 4889 2971 4957 principalis
3009 4887 3171 4941 debet
3210 4900 3330 4942 esse
3375 4902 3540 4944 cona-

1960 4969 2068 5025 tus,
2114 4959 2227 5013 litec
2280 4961 2567 5014 immobilis
2617 4959 2903 5014 destinatio
2948 4959 3125 5012 cordis
3165 4958 3362 5028 iugiter
3411 4960 3540 5014 affe-

1961 5032 2176 5098 ctanda,
2207 5041 2262 5084 ut
2293 5030 2486 5086 divinis
2515 5031 2674 5085 rebus
2716 5045 2778 5084 ac
2808 5030 2920 5083 Deo
2950 5045 3101 5083 incus
3123 5044 3336 5097 semper
3368 5031 3540 5085 iulia:-

1960 5112 2076 5157 reat
2127 5121 2140 5155 :
2193 5105 2448 5172 quidquid
2507 5104 2574 5155 ab
2627 5101 2730 5155 hac
2791 5101 3059 5155 diversum
3124 5111 3237 5162 est,
3295 5103 3540 5170 quamvis

1961 5189 2244 5244 maguum;
2274 5174 2567 5228 secundum
2595 5184 2768 5226 tamen
2793 5216 2806 5239 ,
2841 5181 2931 5226 aut
2953 5176 3112 5226 etiam
3137 5173 3380 5225 intimum
3401 5213 3416 5238 ,
3441 5187 3540 5227 seu

1961 5259 2110 5300 certe
2139 5248 2353 5298 noxium
2374 5244 2721 5312 judicaiidum
2748 5252 2851 5297 est.

2038 5317 2196 5385 (Cap.
2233 5317 2318 5369 17.
2339 5318 2355 5381 )
2376 5310 2610 5369 Mentem
2642 5318 2854 5383 quidem
2888 5328 2992 5368 non
3025 5310 3357 5380 interpellari
3386 5313 3538 5384 cogi-

1967 5387 2260 5440 tatiOuiliiis
2300 5385 2636 5451 impossibile
2663 5395 2780 5450 est;
2814 5385 3091 5452 suscipere
3117 5399 3244 5437 vero
3275 5399 3365 5438 eas
3383 5425 3400 5451 ,
3425 5389 3541 5442 sive

1967 5471 2220 5525 respuere
2239 5498 2252 5520 ,
2279 5458 2421 5508 omni
2455 5457 2691 5519 studenti
2726 5456 2978 5525 possibile
3005 5464 3110 5508 est.

2040 5524 2263 5598 (Collat.
2292 5524 2345 5578 2.
2371 5557 2437 5566 -
2460 5525 2586 5596 Cap.
2617 5527 2706 5596 4.)
2747 5527 2995 5598 Omnium
3030 5526 3286 5598 viitutum
3316 5538 3540 5595 genera-

1970 5600 2094 5660 lrix,
2128 5607 2333 5661 custos,
2359 5598 2797 5661 moderatrixque
2825 5597 3079 5651 discretio
3111 5607 3213 5649 est.

2041 5667 2193 5739 (Cap.
2222 5668 2334 5739 10.)
2369 5668 2500 5722 Vera
2541 5668 2796 5722 discretio
2820 5684 2923 5720 non
2957 5667 3058 5719 nisi
3091 5683 3214 5719 veta
3239 5666 3539 5724 humilitate

1968 5739 2330 5808 coiiquiritur.
2363 5741 2526 5807 Cujus
2567 5740 2880 5806 humilitatis
2911 5742 3024 5793 huic
3053 5741 3157 5791 erit
3200 5742 3367 5808 prima
3412 5756 3539 5808 pro:

1969 5807 2137 5875 batio,
2176 5810 2221 5863 si
2255 5813 2504 5864 universa
2535 5826 2637 5863 non
2668 5811 2841 5864 solum
2882 5825 3000 5879 quae
3031 5807 3234 5878 agenda
3264 5807 3538 5879 suiit,_sed

1973 5882 2132 5937 etiam
2147 5896 2263 5948 quae
2284 5882 2605 5948 cogitantur,
2623 5877 3499 5940 seniorum—reserventurexamiui
3524 5893 3538 5931 :
