4000 6186
274 333 374 393 509

1518 332 1787 390 FLORES
1821 333 1870 388 J.
1912 334 1994 389 CA
2005 335 2244 392 SSIANI.

3415 337 3520 395 310

273 452 444 508 renda:
462 447 638 506 laudis
666 446 943 515 humanae,
975 449 1154 506 studio
1194 451 1442 508 lectionis
1475 450 1703 517 insistit,
1733 450 1830 508 do-
1859 452 1914 512 A
1938 452 2084 508 inani
2133 461 2342 508 tumore
2377 456 2720 521 persuadeat,
2749 452 2891 522 quod
2923 453 3094 522 possit
3123 453 3413 510 collatione
3441 454 3521 515 al-

280 538 398 578 num
423 537 556 577 verre
579 522 823 575 scientia:
852 523 1170 590 promereri.

346 591 624 666 (Cathl)
680 591 1066 666 Festinandum
1120 594 1214 647 tibi
1259 604 1372 666 est,
1425 596 1469 648 si
1530 595 1596 650 ad
1653 607 1832 666 veram

277 663 648 733 Scripturarum
682 665 959 718 scientiam
992 667 1274 733 pervenire
1302 665 1611 732 desideras,
1644 672 1702 720 ιιι
1737 663 1836 718 hu-

284 736 538 806 militatem
572 734 1042 806 cordisAprimitus
1075 739 1454 804 consequaris,
1487 752 1605 806 qua:
1648 746 1698 790 te
1730 749 1837 790 non

284 807 345 860 ad
371 805 499 876 illam
535 821 653 872 qute
696 803 867 871 inﬂat,
901 806 994 860 sed
1028 821 1148 861 eam
1178 803 1297 876 qum
1329 803 1626 873 illuminat,
1661 806 1837 862 scien-

280 876 392 930 tiam
417 874 693 944 charitatis
719 874 1494 944 consummatione‘perducat.

331 945 662 1014 Impossibile
693 963 922 1018 namque
964 957 1048 1002 est
1091 949 1420 1008 immundam
1463 957 1695 1006 mentem
1736 947 1836 1006 do-

274 1032 388 1089 num
407 1018 654 1089 (scientiae
678 1019 935 1089 spiritalis
960 1020 1181 1088 adipisci
1207 1019 1259 1084 (l
1284 1020 1402 1073 Cor.
1450 1022 1596 1089 vm).

333 1087 539 1156 (ibid)
573 1089 639 1141 Et
671 1088 873 1142 idcirco
910 1093 1054 1143 omni
1093 1091 1346 1146 caurione
1382 1087 1590 1158 devita,
1631 1106 1702 1146 ne
1743 1090 1839 1145 tibi

271 1173 358 1228 per
378 1158 607 1212 studium
639 1159 921 1223 lectionis,
952 1176 1060 1214 non
1093 1163 1332 1216 scientiae
1365 1163 1580 1229 lunten,
1623 1177 1722 1216 nec
1749 1161 1839 1216 illa

273 1238 529 1301 perpetua,
558 1245 682 1299 quae
706 1245 800 1298 per
825 1231 1275 1286 illuminationem
1297 1233 1559 1286 doctrinm
1583 1233 1841 1301 promitti-

276 1309 357 1381 tur
375 1300 533 1382 gloria
553 1343 568 1366 ,
598 1301 696 1354 sed
735 1302 1090 1357 instrumenta
1131 1303 1450 1373 perditionis
1487 1304 1554 1360 de
1583 1300 1842 1373 arrogan-

277 1382 354 1424 tne
381 1381 614 1424 vanitate
640 1385 956 1426 naSCatttnr.

333 1440 483 1510 (Cap.
536 1440 665 1514 15.)
719 1443 922 1499 Vacare
968 1444 1174 1498 cunctis
1226 1445 1635 1515 cogitationibus
1687 1460 1843 1500 mens

270 1511 481 1590 humana
521 1511 861 1590 non‘_potest
896 1533 906 1566 :
935 1523 988 1568 et
1021 1515 1142 1568 ideo
1178 1511 1430 1586 quamdiu
1469 1516 1843 1590 spiritualibus

266 1583 443 1636 studiis
483 1599 594 1638 non
640 1583 805 1638 fuerit
844 1594 1134 1654 occupata,
1182 1583 1403 1642 necesse
1444 1583 1528 1642 es't
1553 1603 1670 1644 eam
1703 1588 1840 1652 illis,

268 1654 610 1726 qutepridem
644 1654 856 1722 didicit,
889 1656 1179 1726 implicari.

327 1722 509 1800 (Ibid)
539 1726 783 1800 Evidens
806 1737 888 1781 est
910 1722 1100 1800 tepidae
1124 1742 1186 1782 ac
1213 1728 1459 1800 superine
1485 1729 1684 1783 mentis
1706 1727 1846 1782 indi-

263 1795 410 1869 cium,
443 1797 487 1850 si
520 1797 816 1851 verborum
851 1795 1164 1855 salutarium
1210 1797 1566 1866 medicinam,
1599 1800 1845 1869 quamvis

261 1867 425 1920 studio
450 1870 638 1923 nimiae
669 1869 1001 1926 assiduitatis
1028 1869 1315 1940 ingestam,
1346 1867 1644 1936 fastidiose,
1678 1871 1847 1940 negli-

263 1948 545 2008 gentcrque
578 1939 861 2008 suscipiat.

328 2007 485 2078 (Cap.
530 2008 655 2079 l6.)
687 2007 874 2066 Nullus
900 2011 952 2067 in
983 2027 1088 2082 quo
1117 2011 1293 2066 adhuc
1322 2012 1613 2068 carnalium
1644 2012 1848 2079 passio-

265 2093 382 2133 num
437 2091 492 2134 et
543 2082 785 2134 maxime
835 2082 1215 2140 fornicationis
1261 2083 1573 2140 dominatur
1625 2083 1848 2138 allectus

267 2150 556 2224 Spiritalem
600 2153 791 2224 poterit
818 2155 1098 2208 scientiam
1129 2154 1435 2224 possidere.

283 2291 291 2300 .
328 2219 488 2290 (Cap.
523 2222 655 2294 18.)
689 2225 903 2279 Duabus
944 2219 1221 2300 excatisis
1262 2225 1594 2300 inefficacem
1629 2224 1846 2300 spirita:

263 2290 382 2364 lium
414 2308 605 2348 rerum
631 2290 837 2351 constat
863 2311 982 2351 esse
1008 2297 1328 2352 doctrinam.
1354 2295 1486 2349 Nam
1519 2307 1609 2349 aut
1641 2290 1728 2350 ille
1758 2292 1849 2364 qui

263 2362 415 2441 docet
453 2365 738 2441 inexperta
773 2368 1160 2441 commendans
1197 2367 1345 2421 vario
1382 2367 1671 2424 verborum
1715 2362 1849 2420 sono

267 2437 533 2514 instruere
585 2437 1154 2514 nititurhanditorem,
1194 2451 1285 2493 aut
1323 2448 1471 2514 certe
1495 2454 1739 2514 nequam
1783 2453 1848 2493 ac

269 2506 409 2557 vitiis
432 2506 669 2561 refertus
697 2509 909 2563 auditor
939 2512 1230 2564 salutarem
1264 2509 1558 2578 spiritualis
1591 2506 1685 2564 viri
1719 2525 1847 2564 san-

269 2582 513 2650 elatoque
545 2578 847 2634 doctrinam
878 2581 1143 2638 obdurato
1168 2581 1330 2634 corde
1361 2597 1468 2638 non
1499 2581 1714 2650 recipit.

339 2643 562 2724 (Cellat.
623 2650 935 2724 lii—Cap.
996 2651 1080 2722 7.)
1146 2652 1428 2724 Humilitas
1477 2664 1560 2706 est
1605 2643 1846 2706 omnium

266 2721 519 2790 magistra
578 2721 1154 2790 virtutmn,'ca:lestis
1214 2723 1428 2777 aedificii
1480 2724 1846 2778 firmissimum

263 2787 712 2860 fundamentum,
757 2787 1055 2850 Salvatoris
1101 2793 1273 2849 nostri
1317 2794 1516 2848 donum
1572 2793 1846 2864 proprium

263 2868 424 2928 atque
458 2865 828 2931 magnificum.

329 2931 500 3006 (Cap.
534 2937 624 3005 8.)
661 2936 833 3006 Majus
872 2936 1184 2992 miraculum
1211 2947 1294 2993 est
1329 2937 1397 2991 de
1437 2937 1650 3006 propria
1688 2951 1849 2991 carne

260 2998 510 3076 fomitem
544 2998 819 3061 eradicare
849 3008 1073 3062 luxuriae
1111 3025 1267 3076 qttam
1304 2998 1576 3075 expellere
1616 3008 1851 3076 immun-

258 3072 356 3154 dos
388 3076 622 3142 Spiritus
650 3078 716 3154 de
741 3072 1393 3154 corporibusalienis,_et
1419 3075 1850 3154 magnificentius

256 3145 480 3210 Sitinum
515 3155 596 3199 est
630 3145 1132 3214 virtute’patientize
1167 3151 1500 3204 truculentos
1531 3158 1706 3200 motus
1740 3145 1847 3202 ira-

255 3202 484 3266 crittdite
517 3215 774 3268 cohibere
812 3202 969 3283 qt'tam
1011 3202 1151 3270 aeris
1187 3202 1520 3284 principibus
1557 3218 1853 3280 imperare,
1883 3202 1930 3264 C

250 3286 508 3353 plusque
536 3293 615 3336 est
645 3287 943 3338 exclusisse
976 3287 1326 3339 edacissimos
1347 3287 1414 3338 de
1444 3286 1610 3342 corde
1643 3285 1857 3353 proprio

250 3351 518 3407 tristitiae
548 3355 766 3408 morbos
792 3370 950 3424 quam
974 3356 1305 3411 valetudines
1327 3355 1548 3410 alterius
1575 3351 1859 3425 febresque

246 3436 572 3490 corporeas
603 3425 894 3492 expulisse.

325 3492 544 3565 (Ibid)
561 3496 741 3551 Multis
764 3496 934 3551 modis
949 3497 1259 3566 praeclarior
1283 3496 1456 3551 virtus
1469 3496 1856 3566 sublimiorque

259 3566 552 3637 profectus
581 3575 664 3620 est
692 3568 886 3638 anima:
913 3567 1147 3638 proprite
1173 3583 1363 3623 curare
1390 3568 1671 3638 languores
1693 3584 1853 3636 quam

265 3637 520 3706 corporis
559 3637 740 3692 alieni.
780 3637 995 3706 Quanto
1035 3640 1178 3693 enim
1219 3642 1331 3694 haec
1369 3637 1654 3693 sublimior
1693 3655 1854 3694 carne

265 3721 388 3773 est,
441 3720 594 3780 tanto
645 3713 988 3778 prtestantior
1032 3711 1149 3780 ejus
1192 3719 1277 3770 est
1318 3711 1491 3780 salus;
1545 3717 1854 3779 quantoque

268 3778 622 3854 pretiosioris
655 3778 1162 3854 exr-ellentiorisque
1205 3791 1286 3838 est
1330 3778 1670 3851 substantiae,
1707 3791 1853 3838 tanto

269 3851 534 3920 gravioris
559 3868 620 3907 ac
643 3852 1046 3923 perniciosioris
1075 3851 1156 3907 est
1183 3855 1370 3908 ruinre.

339 3922 499 3991 (Cap.
533 3922 650 3995 10.)
687 3923 857 3992 Major
896 3933 975 3978 est
1007 3925 1194 3989 virtus,
1243 3940 1307 3978 ac
1349 3923 1632 3980 sublimior
1657 3927 1850 3993 gratia,

273 3993 544 4066 internam
580 3993 851 4066 libidinem
883 3995 1059 4049 carnis
1089 3997 1453 4066 exstinguere,
1477 4010 1636 4066 quam
1661 3998 1850 4064 nequi-

273 4066 370 4117 tias
399 4065 669 4136 όίυιηοηίε
701 4065 1036 4120 extrinsecus
1064 4067 1352 4136 irruentes,
1381 4067 1531 4134 signo
1552 4065 1760 4122 Domini
1789 4083 1852 4125 ac

272 4136 488 4189 virtutis
507 4135 768 4208 Altissimi
801 4137 1036 4208 potentia
1063 4135 1374 4208 subjugare,
1407 4138 1488 4191 vel
1516 4137 1582 4190 de
1613 4137 1852 4194 obsessis

273 4207 596 4272 corporibus
625 4207 787 4262 divini
815 4207 1044 4261 nominis
1083 4208 1421 4263 invocatione
1454 4209 1774 4276 propellere.

339 4277 558 4346 (Collat.
595 4278 679 4334 l6.
702 4310 774 4319 —
799 4277 926 4349 Cap.
960 4277 1039 4347 5.)
1067 4279 1193 4335 Haec
1227 4288 1311 4334 est
1338 4278 1586 4336 amicitia!
1616 4279 1738 4344 fida,
1772 4282 1854 4337 in-

275 4349 632 4420 sululijliSque
655 4351 985 4420 conjunctio,
1017 4366 1133 4416 quae
1160 4353 1273 4408 sola
1298 4350 1549 4405 virtutum
1577 4350 1852 4417 parilitate

278 4420 546 4491 ll)lld8llll'.
586 4419 834 4475 Dominus
865 4423 994 4475 enim
1025 4423 1310 4475 inhabitare
1349 4423 1472 4491 facit
1509 4423 1659 4476 unius
1695 4424 1850 4480 moris

276 4489 322 4541 in
348 4491 504 4544 domo
543 4491 715 4560 (Paul.
745 4493 931 4564 vall).
967 4491 1030 4548 Et
1063 4493 1262 4548 idcirco
1293 4489 1452 4564 ill-llis
1485 4501 1688 4546 tantum
1713 4491 1848 4546 indi-

1940 523 2109 578 terius
2143 538 2245 577 non
2277 539 2434 590 egere
2465 543 2474 577 :
2504 540 2624 578 nam
2656 525 2866 579 etiamsi
2894 525 3150 591 judicium
3181 525 3303 592 ejus
3333 525 3520 580 diabo-

1937 593 2038 650 lica
2074 609 2185 668 gnon
2239 596 2392 668 fallat
2445 595 2643 662 illusio,
2688 595 2932 668 elationis
2962 605 3136 651 tamen
3167 605 3224 651 et
3250 597 3520 668 superbiae

1939 666 2212 736 graviores
2242 666 2465 736 laqueos
2499 683 2604 721 non
2632 667 2845 723 evadet.

2011 736 2163 808 (Cap.
2194 738 2311 806 98.)
2350 736 2664 793 Certissima
2696 747 2779 792 est
2811 737 3348 806 prudentissimorum
3381 738 3520 792 viro-

1938 823 2057 864 rum
2087 809 2178 863 illa
2210 808 2496 871 sententia,
2524 824 2706 864 veram
2737 808 3083 863 concordiam
3111 817 3166 862 et
3192 808 3518 864 individuam

1941 880 2280 945 societatem,
2313 880 2416 935 nisi
2449 880 2589 936 inter
2620 879 2937 935 emendatos
2963 893 3142 933 mores
3172 878 3522 948 ejusdemque

1941 951 2155 1004 virtutis
2183 966 2246 1005 ac
2281 953 2540 1019 propositi
2573 953 2717 1005 viros
2747 961 2894 1004 stare
2923 964 3031 1004 non
3066 963 3254 1017 posse.

2015 1020 2172 1090 (Coll.
2219 1021 2305 1076 18.
2333 1020 2560 1093 —Cap.
2606 1023 2722 1090 10.)
2763 1022 2913 1076 Licet
2939 1037 2984 1093 a7
3014 1019 3286 1093 nonnullis
3314 1020 3523 1093 soleant

1941 1091 2314 1147 inditl'erenter
2337 1091 2661 1147 monaéteria
2691 1108 2785 1160 pro
2815 1091 3074 1147 C(Bnobiis
3103 1091 3359 1162 appellari
3392 1107 3404 1144 :
3438 1101 3524 1162 ta-

1937 1179 2062 1218 men
2104 1163 2207 1222 ltoc
2236 1164 2487 1230 interest,
2513 1164 2658 1231 quod
2687 1165 3072 1217 monasterium
3103 1161 3299 1216 nomen
3329 1171 3411 1215 est
3439 1161 3524 1215 di-

1944 1236 2196 1300 versorii,
2225 1235 2359 1288 nihil
2393 1235 2624 1302 amplius
2652 1250 2812 1303 quam
2847 1235 3044 1298 locum,
3092 1233 3143 1286 id
3172 1241 3277 1296 est,
3313 1231 3524 1285 habita-

1941 1305 2118 1359 culum
2179 1305 2490 1374 significans
2542 1305 2982 1360 monachorum:
3032 1303 3340 1374 coenobium
3393 1317 3526 1356 vero

1943 1377 2103 1430 etiam
2133 1373 2489 1443 professionis
2521 1377 2689 1441 ipsius
2719 1376 3032 1444 qualitatem
3069 1373 3524 1441 disciplinamque

1942 1445 2220 1514 designat;
2255 1457 2307 1501 et
2333 1448 2720 1502 monasterium
2752 1453 2929 1514 potest
2951 1446 3118 1499 etiam
3150 1446 3308 1499 unius
3339 1458 3526 1497 mona-

1944 1517 2027 1570 chi
2058 1519 2318 1574 habitatio
2349 1518 2614 1573 nominari
2651 1535 2663 1570 :
2705 1517 3012 1572 etenobium
3045 1523 3222 1569 autem
3261 1514 3526 1583 appellari

1945 1603 2049 1643 non
2081 1599 2276 1654 potest,
2313 1591 2414 1644 nisi
2447 1589 2536 1642 ubi
2571 1587 2923 1657 plurimorum
2969 1585 3330 1640 habitantium
3379 1585 3529 1653 degit

1944 1661 2090 1718 ltuita
2124 1662 2502 1717 communitas.

2014 1729 2141 1800 Cap.
2194 1731 2308 1802 11.)
2351 1731 2490 1802 Vera
2545 1739 2630 1785 est
2672 1729 2850 1802 cordis
2897 1725 3522 1802 humilitasretinenda,

1873 1825 1920 1885 Β
1947 1815 2064 1885 quae
2089 1796 2195 1885 non
2236 1796 2304 1857 de
2345 1801 2588 1885 affectata
2617 1800 2862 1885 corporis
2892 1811 3055 1885 atque
3083 1796 3526 1885 verborumnsed

1948 1868 2016 1926 de
2048 1872 2230 1926 intima
2263 1873 2458 1926 mentis
2487 1868 2855 1925 htnniliatione
2893 1868 3209 1924 descendit:
3240 1883 3359 1933 quae
3399 1877 3528 1923 tunc

1950 1944 2163 1998 demum
2203 1943 2626 1999 evidentissimis
2663 1943 2936 2011 patientiae
2968 1954 3079 1994 suae
3125 1938 3525 2011 fulgebitiindi~

1948 2017 2072 2074 ciis,
2095 2030 2214 2068 cum
2248 2017 2368 2084 quis
2411 2029 2515 2068 non
2565 2009 2678 2082 ipse
2725 2014 2791 2068 de
2820 2030 2878 2067 se
2910 2012 3134 2084 crimina
3182 2011 3248 2064 ab
3276 2009 3394 2063 aliis
3417 2023 3527 2064 non

1947 2084 2218 2142 credenda
2248 2082 2568 2155 jactaveril;
2601 2085 2692 2138 sed
2725 2085 2792 2138 ab
2822 2084 2938 2136 aliis
2961 2082 3179 2155 sibimet
3210 2089 3529 2150 arroganter

1949 2160 2155 2225 ingesta
2187 2153 2596 2223 contempserit,
2622 2166 2675 2209 et
2711 2157 2972 2224 irrogatas
2999 2153 3220 2220 injurias
3247 2160 3529 2207 mansueta

1946 2230 2130 2282 cordis
2164 2228 2564 2292 mquanimitate
2594 2227 2860 2281 tolerarit.

2018 2298 2173 2368 (Cap.
2206 2297 2322 2368 15.)
2361 2299 2476 2353 Non
2523 2307 2670 2352 esset
2715 2296 3016 2368 laudabilis,
3070 2309 3170 2350 nec
3213 2293 3532 2368 admiranda

1949 2365 2229 2438 patientia,
2262 2365 2311 2425 si
2334 2371 2496 2424 nullis
2528 2370 2867 2423 inimicorum
2897 2367 3092 2436 jaculis
3121 2365 3359 2434 impetita
3389 2375 3530 2422 trau-

1950 2441 2230 2511 quillitatis
2253 2443 2590 2511 propositum
2622 2449 2948 2504 retentaret;
2977 2439 3071 2492 sed
3103 2439 3155 2511 in
3196 2452 3261 2491 eo
3284 2446 3364 2492 est
3388 2450 3529 2511 pra:-

1947 2508 2090 2567 elara
2116 2508 2276 2581 atque
2305 2508 2559 2581 gloriosa,
2589 2512 2731 2581 quod
2765 2512 3090 2564 irruentibus
3118 2510 3170 2563 in
3195 2523 3253 2562 se
3285 2508 3532 2581 tentatio-

1950 2599 2076 2638 num
2121 2580 2370 2648 procellis
2416 2580 2710 2637 immobilis
2758 2590 3090 2651 perseverat.
3145 2580 3275 2633 Nam
3320 2580 3371 2633 in
3425 2594 3532 2647 quo

1951 2654 2158 2719 vexari,
2190 2654 2474 2724 frangique
2510 2654 2930 2707 adversitatibus
2971 2652 3230 2724 creditur,
3264 2651 3317 2704 in
3342 2664 3407 2704 eo
3439 2664 3532 2717 po-

1950 2726 2052 2780 tius
2085 2721 2402 2790 roboratur;
2436 2736 2487 2780 et
2515 2725 2570 2777 in
2605 2740 2670 2778 eo
2697 2725 2865 2793 magis
2904 2721 3128 2787 acuitur,
3164 2721 3213 2776 in
3245 2737 3350 2788 quo
3380 2729 3532 2788 puta-

1950 2809 2036 2852 tur
2057 2797 2298 2852 obtundi.

2021 2868 2233 2939 (Ibid).
2269 2867 2313 2926 Α
2359 2865 2700 2939 passionibns
2729 2866 2964 2939 enimet
3008 2861 3533 2939 sustentatione_pa—

1952 2931 2326 2993 tientium'dici
2357 2931 2534 2992 nullus
2562 2938 2806 3010 ignorat:
2842 2935 3305 3010 ideoqueconstat
3327 2931 3533 3010 pptien.

1951 3020 2056 3063 tem
2087 3011 2420 3078 pronuntiari
2444 3000 2723 3078 "neminem
2758 3019 2936 3073 posse,
2960 3004 3090 3078 _nisi
3133 3000 3376 3078 eumqui
3413 3000 3534 3078 _uni-

1953 3070 2106 3132 versa
2140 3095 2260 3147 qua:
2299 3079 2401 3134 sibi
2432 3077 2629 3134 fuerint
2660 3070 2890 3144 irrogata
2925 3070 3129 3139 absque
3171 3070 3536 3140 indignatione

1955 3149 2280 3203 toleraverit.

2034 3216 2237 3287 (Ibid).
2276 3217 2390 3272 Non
2415 3218 2468 3269 in
2498 3217 2597 3269 hoc
2618 3214 2797 3270 differt
2823 3228 2851 3265 a
2883 3220 3163 3282 peccatore
3188 3212 3271 3287 vir
3298 3220 3534 3287 sanctus,

1957 3281 2084 3356 quia
2131 3281 2236 3343 non
2269 3288 2518 3342 similiter
2564 3295 2618 3340 et
2663 3288 2777 3355 ipse
2825 3281 3083 3356 tentatur,
3127 3281 3396 3356 sed___quia
3452 3281 3537 3338 hic

1956 3352 2117 3414 etiam
2149 3375 2338 3428 magna
2369 3352 2770 3426 impugnatione
2806 3370 2908 3408 non
2943 3354 3198 3420 vincitur,
3225 3352 3316 3408 ille
3357 3359 3538 3408 autem

1957 3430 2117 3486 etiam
2152 3446 2310 3498 parva
2335 3428 2632 3488 tentatione
2660 3435 2963 3496 superatur.

2027 3495 2176 3573 (Cap.
2216 3500 2327 3572 16.)
2359 3499 2469 3573 Nec
2497 3495 2777 3568 perversos
2803 3507 2966 3573 atque
2991 3495 3352 3573 exsecrabiles
3378 3507 3539 3573 quos-

1954 3565 2058 3644 que
2088 3565 2395 3644 sanctorum
2425 3565 2659 3644 virorum
2679 3565 2918 3644 numero
2937 3570 3174 3644 insertos
3198 3568 3404 3644 latitare
3435 3565 3539 3618 nti-

1955 3638 2169 3710 remnr;
2191 3646 2335 3714 quia,
2361 3643 2485 3697 dum
2518 3642 2571 3695 in
2603 3642 2757 3711 hujus
2789 3641 2968 3694 saeculi
3001 3654 3123 3694 arca
3154 3638 3539 3714 conculcamur

1954 3725 2115 3782 atque
2158 3707 2518 3776 conterimur,
2572 3707 2792 3765 necesse
2847 3719 2932 3782 est
2979 3714 3154 3782 etiam
3189 3710 3373 3778 paleas
3429 3707 3538 3782 igni

1958 3776 2216 3855 perpetuo
2242 3783 2577 3854 deputandas
2605 3782 2746 3837 inter
2773 3781 3102 3836 electissima
3131 3776 3402 3835 frumenta
3440 3776 3540 3830 mi-

1953 3873 2116 3912 SCL‘I‘l.

2027 3927 2178 3999 (Cap.
2229 3925 2342 3998 l7.)
2383 3922 2681 3999 Sciendum
2729 3936 2857 3975 sane
2902 3931 2985 3976 est
3030 3918 3247 3999 invidiae
3291 3918 3539 3999 morbum

1954 3989 2228 4053 difﬁcilius
2273 3989 2338 4051 ad
2383 3995 2645 4052 medelam
2676 4009 2837 4065 quam
2867 4003 3063 4065 caetera
3114 3991 3242 4044 vitia
3294 3989 3536 4065 perduci.

1955 4070 2084 4124 Nam
2124 4085 2246 4124 eum
2279 4085 2435 4135 quem
2468 4067 2636 4121 semel
2669 4061 2862 4120 veneni
2906 4061 2992 4118 sui
3033 4070 3184 4132 peste
3210 4063 3535 4130 corruperit,

1955 4157 2094 4211 penc
2126 4143 2360 4200 dixerim
2388 4154 2574 4196 carere
2604 4138 2867 4211 remedio.

2025 4211 2240 4282 (Ibid).
2280 4213 2500 4267 Cunctis
2545 4225 2674 4278 ergo
2715 4207 2861 4262 vitiis
2893 4204 3541 4282 perniciosiorem‘atque

1953 4274 2392 4353 ad‘purgandum
2425 4274 2783 4353 difficiliorem
2836 4274 2957 4353 esse
2998 4286 3211 4353 constat
3257 4274 3538 4340 invidiam,

1954 4351 2079 4423 quae
2114 4351 2246 4422 ipsis
2273 4354 2524 4408 remediis
2549 4352 2742 4420 quibus
2771 4351 2970 4418 reliqua
3006 4351 3419 4420 exstinguuntur
3447 4360 3538 4398 ac-

1952 4425 2218 4478 cendttur.

2028 4493 2216 4546 Collat.
2263 4496 2345 4547 19.
2371 4525 2439 4533 -
2464 4491 2594 4560 Cap.
2618 4490 2697 4559 5.)
2733 4492 2922 4545 Melius
2953 4499 3035 4560 est
3059 4491 3308 4560 devotum
3340 4490 3390 4540 in
3413 4485 3538 4560 _mi-

278 4572 419 4628 rupta
436 4553 618 4632 potest
641 4564 858 4618 dilectio
885 4553 1220 4634 permanere,
1246 4564 1298 4616 in
1322 4563 1513 4634 quibus
1545 4577 1856 4634 unnmpro-
1882 4572 1935 4632 Ῑ)
1964 4565 2184 4615 noribus
2213 4553 2862 4634 professionibus,‘quam
2897 4559 3204 4614 indevotnm
3237 4559 3291 4610 in
3321 4553 3540 4622 majori-

278 4631 505 4696 pOsitlttll
543 4652 606 4687 ac
638 4631 894 4690 voluntas
922 4651 1084 4690 unum
1116 4635 1259 4688 velle
1299 4631 1360 4686 ac
1399 4631 1544 4685 nolle
1587 4631 1852 4688 consistit.

339 4701 556 4774 (Ibid).
590 4706 747 4775 Apud
776 4708 937 4759 [)enm
963 4720 1172 4760 morum
1204 4702 1558 4775 eobabitatio,
1579 4717 1682 4756 non
1709 4701 1858 4760 locn-

279 4784 381 4826 rnm
422 4773 572 4830 unita
605 4773 800 4832 fratres
847 4776 1109 4830 habitatio
1161 4773 1477 4843 conjungit:
1527 4786 1631 4830 nec
1679 4781 1855 4840 potest

279 4856 526 4924 umquam
565 4848 712 4924 pacis
753 4847 1028 4924 integritas
1072 4845 1357 4912 custodiri,
1397 4843 1488 4900 ubi
1517 4843 1852 4902 Voluntatum

279 4912 580 4972 diversitas
594 4912 886 4973 invenitur:

344 4985 498 5060 (Cap.
531 4989 612 5060 ti.)
643 4987 1104 5060 Quemadmodum
1135 4984 1338 5060 poterit
1364 4985 1448 5040 vel
1484 4992 1694 5060 tenuem
1725 5001 1856 5041 con-

283 5063 353 5108 tra
381 5057 607 5116 fratrem
637 5062 875 5118 retinere
918 5057 1210 5124 tristitiam,
1240 5057 1328 5127 qui
1369 5071 1428 5110 se
1465 5057 1639 5110 credit
1677 5060 1855 5127 quoti-

282 5127 378 5193 die,
421 5133 588 5188 immo
609 5132 870 5186 continuo
902 5131 966 5186 ab
1001 5132 1100 5184 hoc
1131 5130 1328 5184 saecqu
1357 5128 1748 5197 migraturum?

283 5267 293 5278 .
343 5200 496 5274 (Cap.
537 5204 615 5274 7.)
654 5203 808 5260 Sicut
837 5201 972 5282 nihil
1003 5199 1424 5326 praeponendum
1465 5208 1552 5254 est
1582 5200 1850 5265 charitati,

284 5275 346 5323 tta
381 5272 580 5326 furori.
615 5278 697 5326 vel
732 5273 1026 5326 iracundiae
1054 5290 1105 5326 nt
1154 5272 1187 5326 ll
1230 5280 1314 5324 est
1359 5273 1664 5326 ecttntrario
1708 5280 1850 5326 nost-

284 5272 346 5323 ita
381 5272 697 5340 furori,’ve|
732 5273 1026 5331 iracundiae
1054 5272 1187 5328 nihil
1230 5280 1314 5324 est
1359 5273 1664 5326 ecttntrario
1708 5280 1854 5338 post-

285 5345 608 5405 ponendnm.
640 5346 830 5402 Omnia
853 5359 1102 5414 namque,
1130 5343 1373 5414 quamvis
1392 5342 1542 5395 utilia
1568 5357 1630 5396 ac
1661 5356 1850 5396 neces-

283 5414 410 5486 saria
435 5416 747 5486 videantur,
773 5417 1075 5485 spernenda
1099 5426 1278 5480 tamen
1301 5422 1424 5474 sunt
1451 5423 1506 5466 ut
1526 5414 1618 5468 irae
1644 5422 1856 5486 pertur-

283 5479 418 5540 batio
439 5479 744 5553 deviteturi
769 5479 823 5548 ei
847 5488 1026 5541 omnia
1051 5487 1214 5542 etiam
1238 5500 1356 5554 quze
1384 5479 1853 5554 putantur—adver-

283 5566 357 5620 sa,
386 5559 755 5629 suscipienda,
775 5569 933 5627 atque
955 5559 1228 5613 toleranda
1261 5564 1405 5623 sunt,
1437 5565 1493 5614 ut
1518 5555 1846 5623 dilectionis,

284 5629 537 5706 pacisque
579 5630 942 5706 tranquillitas
997 5630 1207 5706 illibata
1235 5636 1535 5706 servetur:
1586 5629 1851 5706 quia_nee

284 5698 543 5771 iragatque
573 5703 698 5757 odio
721 5698 1078 5770 perniciosius
1121 5699 1410 5768 quidquam
1449 5712 1549 5752 nec
1587 5698 1852 5753 charitate

283 5768 466 5828 utilius
481 5783 567 5829 est
594 5768 947 5830 credendum.

343 5839 498 5911 (Cap.
532 5845 647 5911 12.)
690 5843 876 5902 Nullus
899 5842 1025 5909 sibi,
1052 5839 1295 5908 quamvis
1321 5839 1539 5892 scientia
1573 5839 1848 5906 praeditus,

1963 4633 2060 4686 bus
2092 4634 2511 4695 professionibus
2539 4629 2788 4684 inveniri.

2033 4701 2184 4774 (Cap.
2217 4703 2293 4769 5)
2329 4705 2579 4758 Miserum
2619 4713 2848 4774 namque
2874 4697 3282 4774 estncujuslibet
3315 4695 3448 4774 artis
3465 4710 3536 4774 "ac

1960 4765 2141 4828 studii'
2166 4765 2499 4840 disciplinam
2531 4765 2837 4841 quempiam
2869 4765 3134 4840 profiteri,
3173 4775 3228 4822 et
3263 4765 3328 4822 ad
3362 4766 3538 4836 perfe-

1959 4850 2192 4899 cnonem
2227 4845 2341 4914 ejus
2374 4840 2595 4898 minime
2621 4840 2919 4914 pervenire.

2031 4915 2181 4984 (Cap.
2217 4909 2296 4987 8.)
2329 4915 2472 4970 Finis
2498 4912 2780 4987 emnobitae
2819 4918 2900 4966 est
2931 4923 3118 4964 omnes
3145 4924 3269 4987 suas
3307 4909 3534 4963 mortifi-

1959 4982 2083 5043 care
2113 4982 2168 5044 et
2192 4982 2507 5054 crucifigere
2530 4984 2853 5046 voluntates,
2887 4995 2950 5035 ac
2977 4982 3268 5054 secundum
3305 4994 3534 5054 evange-

1959 5060 2077 5114 licae
2126 5051 2474 5128 perfectionis
2509 5058 2745 5113 salutare
2779 5053 3109 5118 mandatum,
3139 5051 3274 5112 nihil
3315 5051 3381 5108 de
3413 5066 3532 5106 cra-

1957 5132 2100 5186 stino
2128 5132 2382 5200 Cogitare.

2031 5195 2239 5274 (Ibid).
2271 5200 2523 5274 Ercmitm
2554 5211 2682 5250 vero
2708 5195 2965 5274 perfectio
3004 5205 3086 5251 est
3125 5201 3337 5274 exutam
3383 5206 3534 5274 men-

1959 5263 2064 5328 tem
2089 5291 2116 5327 a
2148 5263 2352 5328 cunctis
2383 5272 2580 5324 habere
2612 5263 2859 5332 terrenis,
2897 5282 3122 5328 eamque
3151 5273 3406 5334 quantum
3435 5263 3535 5326 ltu—

1959 5360 2112 5398 mana
2150 5343 2492 5398 imherillitas
2519 5341 2666 5406 sinit,
2688 5343 2839 5394 nnire
2865 5353 2981 5392 cum
3012 5335 3248 5391 Christo.

2031 5413 2178 5487 (Cap.
2216 5415 2326 5484 15.)
2359 5415 2424 5487 lu,
2454 5404 2951 5487 congregationibus
2983 5408 3188 5462 initium
3220 5404 3408 5487 salut-is
3443 5420 3536 5487 a_c-_-

1958 5478 2208 5560 quiritnr,
2241 5478 2428 5538 et'sani
2455 5485 2507 5560 in
2543 5478 2829 5560 solitudine
2858 5494 2980 5560 esse
3015 5496 3120 5531 non
3149 5485 3393 5560 possunt,
3428 5478 3534 5533 nisi

1959 5551 2092 5628 quos
2123 5558 2270 5623 prius
2292 5556 2661 5628 cminohiornm
2690 5551 2950 5606 medicina
2984 5551 3206 5604 sanarit.

2031 5629 2182 5698 (Cap.
2213 5628 2323 5698 11.)
2365 5627 2438 5680 De
2471 5625 2780 5698 morborum
2821 5637 3042 5676 suorum
3075 5622 3352 5698 curatione
3374 5622 3534 5698 solli-

1958 5690 2079 5754 citis
2101 5690 2393 5752 ri-mcdtinn
2429 5700 2659 5751 salutare
2675 5693 2862 5749 deesse
2897 5709 3000 5747 non
3025 5690 3250 5766 poterit,
3284 5704 3335 5760 et
3373 5693 3533 5766 idcir-

1958 5785 2022 5825 co
2053 5771 2237 5824 eodem
2273 5769 2449 5832 modo,
2484 5784 2588 5838 quo
2636 5763 3050 5835 uniuscujusque
3086 5764 3198 5818 vitii
3230 5763 3533 5829 deprehen-

1958 5841 2156 5896 duntur
2188 5841 2404 5901 indicia.
2429 5842 2588 5896 etiam
2615 5838 2856 5897 remedia
2879 5845 3009 5894 sunt
3037 5844 3328 5895 quaerenda
