4000 6186
434 278 530 334 3H

1467 272 1558 327 AD
1594 271 1819 327 OPERA
1858 272 1911 328 J.
1950 270 2256 329 CASSIANI
2300 268 2662 326 APPENDIX.

3590 270 3693 326 512

506 392 714 464 (Collat.
738 390 1036 462 20.--Cap.
1062 388 1266 460 l0.)Ut
1289 387 1702 464 unumquodque
1731 396 2011 457 peccatum
2039 388 2092 448 Α
2119 402 2245 441 num
2292 386 2505 451 merita,
2556 384 2808 438 universa
2839 384 3095 439 virtutum
3141 384 3320 441 studia
3362 392 3693 455 postponun-

435 460 607 535 possit
637 464 925 535 exstingui,
969 460 1136 535 causa
1160 469 1318 528 atque
1346 460 1577 535 occasio,
1609 474 1703 527 per
1742 474 1898 527 quam
1927 466 2011 512 est

386 536 393 551 ‘
436 530 764 595 admissum,
796 530 957 587 debet
986 533 1231 597 primitus
1264 530 1548 597 amputari.

510 602 723 674 (Collat.
746 604 835 658 ει.
864 631 935 643 --
958 599 1195 674 Cap.»5.)
1225 601 1354 674 Non
1381 609 1489 674 tam
1533 598 1801 653 laudabile
1832 609 1936 665 est,
1968 600 2013 652 si

437 671 751 737 ab'illicitis,
780 687 934 742 quam
962 674 1008 726 si
1039 672 1198 725 etiam
1242 686 1272 724 a
1323 671 1483 724 licitis
1530 678 1908 742 temperemus,
1960 678 2016 723 et

436 746 523 800 his
548 755 763 813 propter
793 740 909 811 ejus
936 742 1293 813 reverentiam
1316 756 1423 793 non
1441 749 1672 813 utamur,
1704 740 1795 809 qui
1826 756 1894 813 ea
1920 754 2017 793 no.

438 816 522 870 bis
549 810 771 883 propter
796 810 1159 883 infirmitatem
1180 819 1421 865 nostram
1451 810 1644 883 utenda
1678 810 1942 883 permisit.

509 881 667 953 (Cap.
708 883 819 953 14.)
861 882 1131 951 Quidquid
1158 883 1473 949 imperative
1502 881 1834 942 decernitur,
1874 895 2019 934 mor-

440 966 546 1011 tem
595 958 794 1023 irrogat
839 969 944 1007 non
991 953 1267 1019 impletum
1304 970 1315 1003 :
1356 966 1703 1023 quaecumque
1733 964 1865 1023 vero
1890 964 2021 1023 sua-

441 1027 637 1081 dentur
668 1020 843 1093 potius
872 1038 1029 1093 quam
1062 1022 1343 1093 jubentur,
1378 1021 1518 1075 facta
1547 1031 1795 1091 prosunt,
1823 1020 2020 1075 infecta

441 1111 547 1151 non
578 1097 823 1162 puniunt.

514 1161 803 1236 (Cap.26.)
840 1165 997 1220 Omni
1024 1164 1181 1218 nobis
1206 1163 1457 1217 cautione
1493 1161 1787 1236 curandum
1818 1170 1921 1236 est.
1966 1170 2025 1217 ut

442 1231 632 1293 omnes
672 1231 841 1289 nostri
890 1236 1132 1304 corporis
1174 1249 1384 1297 sensus,
1434 1233 1709 1304 matutinis
1752 1231 2024 1300 praecipue

446 1306 617 1370 horis,
646 1317 913 1375 tamquam
944 1302 1283 1358 sacrosancta
1337 1303 1547 1357 Domini
1601 1302 1911 1357 holocausta
1970 1304 2024 1357 in

449 1378 699 1433 omnibus
728 1377 932 1429 illibata
954 1383 1114 1443 atque
1142 1375 1339 1427 intacta
1367 1388 1663 1427 servemus.

516 1447 634 1500 Non
664 1457 748 1501 est
779 1454 987 1499 tantum
1022 1447 1222 1498 lucrum
1252 1444 1461 1513 jejunii,
1494 1451 1753 1511 quantum
1786 1444 1877 1497 ira:
1921 1443 2025 1497 dis-

448 1517 735 1587 pendium;
763 1531 863 1570 nec
891 1515 1327 1587 tantuslectione
1346 1515 1566 1587 capitur
1598 1513 1819 1587 fructus,
1852 1528 2025 1582 quan-

453 1584 566 1641 tum
599 1595 906 1654 contemptu
938 1585 1119 1639 fratris
1159 1586 1449 1639 incurritur
1478 1584 1881 1639 detrimentum.

522 1656 638 1709 Duo
668 1657 784 1710 haec
825 1656 1047 1710 credere
1093 1670 1192 1709 nos
1243 1665 1497 1722 Oportet:
1560 1654 1733 1723 primo
1783 1655 2023 1723 quidem,

448 1727 589 1796 quod
615 1728 732 1780 sine
765 1728 855 1779 Dei
884 1730 1148 1794 permissu
1182 1726 1358 1779 nullus
1386 1725 1607 1779 omnino
1642 1734 1903 1790 tentetur;
1948 1741 2027 1779 se-

451 1772 652 1863 cundo,
676 1798 817 1866 quod
845 1772 1023 1851 orrnnia
1043 1812 1164 1866 quas
1193 1812 1221 1849 a
1258 1797 1367 1851 Deo
1390 1798 1543 1850 nobis
1566 1772 2027 1861 illfel'Ullllll',,SlV8
2058 1772 2105 1831 Β

452 1868 625 1922 tristia
676 1869 742 1921 ad
785 1882 1041 1935 praesens,
1088 1868 1171 1919 vel
1204 1867 1324 1920 ireta
1366 1868 1637 1930 videntur,
1669 1867 1819 1919 velut
1848 1883 1875 1917 a
1907 1867 2032 1934 piis-

453 1940 591 1991 simo
620 1950 771 2004 patre
796 1938 1325 2007 clementissimoque
1353 1938 1563 1992 medico
1586 1951 1680 2007 pro
1705 1938 1901 1991 nostris
1926 1938 2030 1992 uti-

450 2008 693 2063 litatibus
720 2010 1039 2077 irrogentur.

524 2078 733 2149 (Collat.
765 2080 856 2133 22.
887 2112 956 2120 —
978 2078 1107 2148 Cap.
1157 2078 1233 2149 1.)
1276 2079 1526 2147 anlices
1554 2086 1843 2146 congregat
1887 2094 2032 2147 qum-

453 2158 572 2205 stus
613 2167 789 2205 rerum
820 2151 1139 2218 Spiritalium
1196 2149 1553 2215 dispensator.
1612 2149 1842 2201 Lucrum
1887 2152 2029 2203 enim

452 2236 563 2275 non
588 2223 759 2275 solum
788 2224 839 2275 in
878 2222 1020 2275 illius
1049 2222 1138 2291 qui
1170 2220 1317 2273 audit
1348 2219 1612 2287 profectu,
1648 2233 1831 2291 verum
1868 2220 2030 2273 etiam

452 2292 510 2345 in
540 2307 634 2346 sua
675 2293 1041 2362 disputatione
1068 2290 1447 2358 consequitur,
1490 2305 1597 2342 non
1631 2290 1805 2362 minus
1834 2300 2031 2362 semet-

451 2364 628 2429 ipsum
677 2379 740 2417 ac
766 2360 1096 2417 desiderium
1148 2362 1489 2430 perfectionis
1536 2360 1860 2426 accendens,
1905 2360 2032 2415 dum

455 2433 675 2485 instruit
706 2434 1026 2486 auditorem.

532 2501 744 2569 (Cottat.
776 2505 830 2556 2.
858 2532 929 2540 —
955 2502 1086 2573 Cap.
1112 2502 1190 2573 5.)
1236 2502 1351 2557 Una
1375 2512 1427 2556 et
1451 2502 1564 2557 sola
1595 2510 1678 2557 est
1710 2501 1939 2565 theoria,
1983 2501 2035 2555 id

455 2581 560 2637 est,
594 2573 976 2639 contemplatio
1007 2572 1123 2638 Dei,
1153 2574 1241 2627 cui
1271 2574 1466 2628 merito
1488 2574 1664 2628 omnia
1688 2573 2035 2641 justilicatio-

2117 471 2220 513 tur.

2188 527 2338 599 (Cap.
2371 526 2488 599 20.)
2530 526 2739 591 Quanto
2766 526 2937 599 magis
2952 526 3245 599 profecerit
3268 525 3693 599 mens‘humana,

2118 608 2173 654 et
2203 601 2266 653 ad
2289 596 2638 652 sinceriorem
2671 596 3141 666 contemplationis
3168 596 3469 665 pervenerit
3495 599 3701 666 purita-

2120 679 2250 734 tcm,
2288 678 2437 722 tanto
2460 682 2516 720 se
2549 667 2956 721 immundiorem
2986 668 3136 735 quasi
3166 682 3263 736 per
3283 668 3562 733 speculum
3589 683 3702 723 suae

2119 740 2373 809 puritatis
2396 738 2648 804 inspiciet
2677 754 2691 792 :
2724 738 2845 805 quia
2870 752 3091 809 necesse
3118 748 3217 802 est,
3252 748 3309 792 ut
3331 736 3458 791 dum
3482 738 3705 793 animus

2121 807 2187 863 ad
2239 810 2607 863 sublimiorem
2637 824 2694 862 se
2744 807 2987 861 extendit
3043 810 3309 874 intuitum,
3367 816 3421 863 et
3467 809 3705 877 majora,

2122 896 2281 947 quam
2306 881 2433 944 agit,
2466 879 2797 947 prospiciens
2815 878 3162 946 concupiscit,
3184 878 3271 932 illa
3299 878 3565 947 inquibus
3588 889 3704 945 est,

2127 960 2183 1003 ut
2210 952 2457 1003 inferiora
2488 964 2550 1003 ac
2578 965 2792 1016 semper
2820 949 3008 1001 viliora
3038 948 3318 1015 despiciat.

2197 1020 2408 1089 (Collat.
2433 1021 2503 1074 24
2523 1059 2537 1072 .
2556 1018 2755 1088 —Cap.
2784 1018 2866 1087 2.)
2907 1019 3099 1072 Parum
3122 1029 3203 1073 est
3224 1018 3564 1073 renuntiasse
3587 1033 3711 1074 mo-

2127 1088 2356 1145 nachum
2389 1091 2581 1156 semel,
2606 1091 2657 1144 id
2675 1098 2777 1152 est,
2799 1090 2850 1143 in
2880 1090 3175 1158 primordio
3195 1088 3567 1143 conversionis
3591 1106 3709 1145 suae

2126 1163 2517 1227 contempsisse
2544 1161 2850 1230 praesentia,
2882 1160 2981 1215 nisi
3012 1162 3091 1215 eis
3119 1160 3360 1230 quotidie
3390 1161 3707 1215 renuntiare

2129 1233 2443 1301 perstiterit.

2201 1302 2356 1371 (Cap.
2381 1302 2459 1371 8.)
2490 1303 2792 1356 Mensuram
2818 1301 3011 1354 virium
3034 1316 3249 1355 suarum
3273 1316 3713 1371 unumquemque

2130 1384 2371 1427 nostrum
2397 1374 2647 1427 convenit
2679 1372 2992 1441 diligentius
3022 1382 3149 1426 ante
3182 1386 3425 1438 pensare,
3453 1382 3611 1441 atque
3637 1373 3711 1427 ad

2130 1443 2245 1511 ejus
2278 1444 2549 1497 modulum
2597 1444 2836 1511 arripere
2879 1457 3039 1510 quam
3073 1442 3293 1497 libuerit
3321 1443 3663 1510 disciplinam
3696 1462 3710 1497 :

2130 1514 2273 1581 quia,
2305 1516 2546 1582 quamvis
2568 1528 2755 1568 omnes
2782 1513 2945 1567 utiles
2972 1514 3099 1580 sint,
3126 1522 3306 1568 tamen
3332 1524 3472 1583 apta:
3501 1516 3717 1569 cunctis

2132 1593 2337 1637 cuncta:
2361 1599 2481 1639 BSGG
2506 1598 2610 1637 ηοιι
2640 1592 2880 1650 ροδειιηι.

2204 1652 2354 1725 (Cap.
2383 1655 2501 1723 25.)
2549 1654 2605 1708 Si
2656 1669 2973 1719 comparare
3022 1653 3254 1708 volueris
3308 1654 3711 1709 suaveolentem

2132 1725 2447 1793 virginitatis
2476 1727 2661 1779 ﬂorem
2688 1735 2741 1778 et
2771 1725 3115 1778 tenerrimam
3142 1726 3477 1779 castimoniae
3511 1728 3717 1794 purita-

2133 1805 2237 1849 tem
2271 1797 2422 1849 tetris
2471 1812 2533 1849 ac
2578 1795 2755 1850 fetidis
2795 1794 3077 1849 libidinum
3120 1796 3446 1859 volutabris;
3477 1796 3717 1863 quietem

2140 1866 2595 1933 securitatemque
2635 1865 3045 1927 monachorum,
3089 1866 3341 1933 periculis
3378 1878 3429 1921 et
3460 1868 3721 1922 mrumnis

2138 1938 2331 2005 quibus
2360 1938 2541 1991 mundi
2576 1937 2733 2002 hujus
2756 1935 3003 1990 homines
3032 1937 3404 2003 implicantur;
3432 1947 3723 2006 pauperta-

2140 2010 2205 2061 tis
2231 2020 2427 2063 nostrte
2454 2007 2690 2077 requiem
2722 2006 2977 2060 edacibus
3000 2006 3220 2060 divitum
3253 2008 3476 2061 tristitiis
3505 2022 3566 2060 ac
3589 2022 3724 2075 per-

2138 2079 2393 2143 vigilibus
2421 2081 2582 2142 curis,
2612 2079 2803 2147 quibus
2825 2091 2929 2131 non
2960 2078 3161 2146 absque
3185 2091 3388 2131 summo
3416 2078 3534 2130 vitae
3568 2080 3721 2145 peri-

2140 2151 2261 2203 culo
2288 2148 2577 2213 diebus'ac
2619 2148 2859 2202 noctibus
2888 2158 3304 2208 consumuntur;
3333 2149 3725 2203 suavissimum

2135 2220 2320 2343 {mium
2343 2213 2546 2275 Christi
2565 2234 2805 2274 onusuue
2828 2218 3157 2273 levissimum
3189 2218 3437 2272 facillime
3458 2232 3689 2287 compro
3707 2247 3725 2257 -

2179 2306 2205 2342 a
2251 2305 2313 2343 IS.

2179 2292 2313 2344 abis.

2215 2360 2363 2431 (Cap.
2397 2360 2514 2431 26.)
2574 2361 2817 2415 Monachi
2866 2361 2965 2414 soli
3000 2367 3277 2428 perpetua:
3320 2356 3728 2431 coniunctionis

2140 2428 2377 2487 retinent
2396 2428 2680 2498 unitatem,
2706 2440 2867 2500 atque
2892 2431 3177 2484 indiscrete
3203 2428 3478 2497 possident
3497 2430 3727 2500 univer-

2141 2518 2219 2567 sa,
2252 2504 2341 2571 qui
2371 2504 2547 2556 omnia
2577 2516 2671 2556 sua
2701 2498 2819 2556 esse
2848 2518 2965 2571 quae
2997 2501 3242 2567 fratrum,
3275 2500 3455 2555 omnia
3488 2498 3727 2557 fratrum

2142 2575 2369 2629 credunt
2389 2587 2510 2628 esse
2536 2587 2654 2643 qum
2675 2587 2768 2626 sua
2798 2580 2940 2627 sunt.

1199 2838 2153 2950 APPENDIX
2230 2840 2995 2952 TERTIA.

1100 3115 1233 3195 H.
1313 3113 1911 3197 CUYCHII
1987 3107 3060 3197 ANNOTATIONES

1747 3282 1889 3332 SIVE
1922 3279 2247 3332 CENSORI/13
2278 3280 2465 3332 NOTIE

1393 3429 1537 3501 AD
1608 3430 1694 3504 J.
1772 3423 2277 3499 CASSIANI
2356 3426 2793 3500 LIBROS.

536 3700 1425 3777 Gelasius_pontifex_distinotione
1458 3701 1664 3777 lscap.
1698 3702 1890 3757 Sancta
1928 3705 2036 3759 Ro-
2061 3706 2106 3767 C
2139 3718 2366 3777 prorsus
2388 3701 3102 3777 sitdiflitendumnostrum
3130 3717 3355 3777 quoque
3375 3719 3495 3759 esse
3526 3706 3733 3776 adniti,

465 3792 642 3843 mana,
668 3774 733 3828 D.
787 3766 1009 3828 Joannis
1044 3766 1493 3845 Cassianippera
1538 3766 1681 3827 inter
1727 3777 2036 3845 apocrypha

465 3841 734 3901 numerat.
783 3846 846 3899 Et
890 3845 947 3898 Β.
1003 3845 1239 3913 Prosper
1291 3841 1663 3897 Chaaremonis
1709 3841 2039 3900 abbzttis'de

464 3917 647 3972 Gratia
695 3924 751 3969 et
798 3916 973 3970 libero
1026 3917 1259 3969 hominis
1291 3916 1530 3968 Arbitrio
1558 3915 2035 3983 disceptationem,
2106 3918 2113 3927 '

465 4003 588 4057 qua:
623 3988 912 4041 collatione
942 3988 1102 4041 tertia
1136 3986 1341 4057 decima
1367 3985 1693 4057 continetur,
1729 4002 1793 4037 ex
1825 3986 2037 4052 profes-

469 4054 534 4112 so
567 4059 809 4120 damnat,
849 4059 993 4111 edito
1030 4058 1096 4109 ad
1128 4056 1245 4121 ejus
1267 4054 1691 4108 confutationem
1728 4057 1877 4108 brevi
1908 4072 2041 4123 opu-

469 4129 641 4191 sculo,
671 4129 812 4197 quod
849 4128 1113 4197 inscribit,
1148 4125 1366 4197 Contra
1394 4125 1740 4197 Collatorem.
1776 4126 2039 4190 Quocirca

471 4215 543 4252 uc
597 4195 842 4252 incautus
888 4196 1057 4249 lector
1102 4198 1255 4248 istius
1312 4195 1678 4249 Cliteretnonis
1731 4204 1784 4248 et
1811 4199 2039 4252 aliorum

472 4270 751 4331 abbatum,
786 4282 1011 4336 quorum
1041 4266 1339 4319 sententias
1368 4266 1420 4317 in
1450 4263 1843 4320 Collationibus
1873 4267 2043 4322 refert

469 4338 788 4403 Cassianus,
824 4338 1145 4391 auctoritate
1179 4351 1494 4402 persuasus,
1524 4337 1574 4387 in
1605 4352 1844 4389 errorem
1879 4338 2040 4391 ullum

466 4408 817 4475 impingeret,
854 4422 1111 4462 censuras
1160 4408 1288 4460 istas
1329 4408 1391 4461 ad
1434 4408 1634 4460 calcem
1665 4408 1846 4475 Operis
1877 4408 2043 4477 ipsius

470 4478 726 4533 consulto
756 4478 1015 4533 duximus
1036 4477 1390 4547 adjiciendus.

860 4571 1025 4626 Libro
1058 4586 1112 4625 v1
1143 4570 1377 4625 Institut.
1410 4586 1531 4641 cap.
1568 4571 1635 4625 18

468 4664 691 4719 Diversa
716 4674 835 4719 sunt
865 4665 1019 4730 dona,
1037 4674 1203 4718 etnon
1231 4667 1463 4719 omnibus
1496 4682 1597 4717 una
1622 4666 1791 4734 gratia
1819 4664 2046 4736 Spiritus

541 4737 705 4789 sancti
733 4738 997 4799 tribuitur,
1021 4736 1110 4788 sed
1145 4736 1213 4787 ad
1242 4752 1393 4803 quam
1421 4738 1764 4805 unusquisque
1794 4754 1846 4789 se
1874 4738 2047 4789 studio

540 4808 617 4859 vel
648 4807 903 4859 industria
938 4823 1031 4858 sua
1062 4807 1273 4877 dignum
1301 4818 1574 4876 aptumque
1614 4809 1904 4873 prwbuerit.
1944 4806 2049 4860 De-

540 4878 695 4946 nique
724 4894 839 4929 cum
884 4878 937 4928 in
968 4879 1201 4929 omnibus
1230 4877 1476 4944 apostolis
1506 4879 1698 4930 sanctis
1728 4879 1887 4929 virtus
1916 4879 2049 4931 inte—

537 4948 743 5017 gritatis
789 4948 1012 5013 perfecta
1068 4948 1226 5016 fuisse
1273 4947 1533 5011 credatur,
1577 4947 1919 5001 abundantius
1967 4959 2050 5001 tao

538 5031 654 5070 men
706 5018 929 5069 scientia:
958 5017 1145 5069 donum
1185 5018 1476 5071 exuberavit
1508 5018 1561 5068 in
1604 5017 1804 5081 Paulo,
1837 5021 1961 5087 quia
1999 5035 2051 5073 se

540 5092 610 5140 ad
638 5088 771 5159 lianc
820 5096 1001 5156 aptum
1035 5088 1211 5140 solerti
1250 5089 1420 5141 studio
1451 5099 1600 5157 atque
1628 5087 1880 5140 industria
1910 5106 2045 5159 prte-
2076 5090 2131 5149 D

541 5158 767 5223 paravit.

540 5249 757 5321 (Annot.
792 5247 870 5319 l.)
891 5247 1300 5317 Pelagianorum
1336 5249 1733 5318 sententiafuit,
1761 5250 1929 5306 Deum
1950 5266 2045 5308 sua

465 5336 696 5377 munera
725 5336 829 5375 non
865 5335 1013 5374 mere
1037 5321 1294 5387 gratuito,
1318 5322 1410 5375 sed
1435 5322 1729 5376 secundum
1767 5323 2042 5377 hominum

466 5392 664 5449 merita
681 5392 1024 5447 distribuere.
1043 5391 1146 5446 Sed
1163 5391 1306 5445 aliud
1328 5393 1483 5447 docet
1497 5393 1760 5447 catholica
1788 5405 1838 5447 et
1860 5394 2045 5448 ortho-

465 5462 614 5517 doxa
644 5462 794 5517 fides.
822 5462 939 5517 Non
971 5463 1113 5517 enim
1145 5462 1779 5532 efficiuntur,sapientes,
1816 5464 1947 5533 justi
1980 5480 2044 5521 ac

464 5534 757 5605 temperati
791 5534 883 5603 qui
910 5549 969 5605 se
991 5534 1057 5586 ad
1088 5533 1252 5588 hasce
1285 5533 1513 5605 virtutes
1534 5546 1687 5602 aptos
1712 5536 2043 5605 idoneOsque

464 5600 947 5680 faciunt,sedquos
962 5604 1099 5658 Deus
1122 5604 1331 5680 liberali
1356 5614 1409 5659 et
1434 5600 1668 5680 gratuita
1692 5621 1787 5661 sua
1806 5600 2043 5680 bonitate

462 5672 758 5744 virtutibus
791 5672 908 5729 istis
937 5689 1133 5729 ornare
1168 5672 1453 5744 dignatur.
1472 5675 1603 5729 Nam
1640 5678 1779 5731 Deus
1803 5678 1856 5731 in
1883 5678 2040 5734 donis

461 5740 584 5801 suis
612 5740 751 5801 liber
780 5756 884 5802 est.
916 5754 968 5809 et
1000 5744 1202 5801 nemini
1221 5740 1545 5811 obstrictus;
1575 5762 1897 5813 quamquam
1933 5763 2039 5808 non

2142 3772 2283 3831 velle
2318 3787 2371 3829 et
2414 3775 2680 3838 laborare,
2720 3781 2777 3827 ut
2812 3772 3006 3827 divinzc
3040 3772 3410 3829 beneficentia:
3438 3792 3500 3829 ac
3530 3772 3739 3832 mune;

2144 3863 2266 3902 rum
2308 3846 2474 3915 ipsius
2520 3859 2745 3912 capaces
2792 3843 3125 3911 efficiamur;
3186 3846 3478 3900 dummodo
3543 3856 3737 3905 tamen

2145 3919 2284 3973 hanc
2312 3918 2479 3986 ipsam
2511 3916 2671 3969 animi
2706 3917 3157 3987 praeparationem
3190 3918 3265 3970 illi
3303 3932 3516 3987 quoque
3549 3920 3739 3972 ascri-

2144 3989 2351 4053 bamus,
2382 4003 2409 4040 a
2440 4002 2546 4055 quo
2593 4003 2742 4039 omne
2785 3986 2964 4040 datum
3004 3988 3252 4052 Optimum
3283 3999 3331 4038 et
3360 3986 3504 4041 autne
3530 3991 3741 4043 donum

2147 4061 2430 4130 perfectum
2460 4058 2727 4130 descendit
2751 4056 2893 4130 (lar.
2919 4058 2991 4130 ι).
3023 4060 3092 4114 At
3120 4058 3252 4112 fides
3282 4068 3339 4111 et
3362 4060 3533 4127 prima
3562 4059 3738 4113 banti:

2145 4128 2435 4183 voluntatis
2468 4129 2710 4187 motio,a
2755 4129 2871 4182 solo
2918 4128 3048 4190 Deo,
3080 4130 3230 4182 nullo
3286 4143 3473 4184 nosuro
3525 4131 3737 4185 merito

2147 4201 2326 4265 datur,
2361 4200 2412 4253 id
2436 4198 2582 4268 quod
2617 4198 2755 4267 apud
2792 4200 3055 4253 Joannem
3090 4200 3301 4253 indicat
3340 4200 3587 4255 Christus
3618 4202 3737 4255 illis

2147 4272 2364 4351 verbis:
2400 4269 2727 4351 Nemo-venit
2757 4269 2827 4351 ad
2875 4286 2976 4351 an,
3008 4272 3104 4351 nisi
3138 4268 3302 4351 Pater
3327 4272 3416 4351 qui
3455 4274 3590 4351 trusit
3620 4288 3731 4335 me,

2150 4341 2359 4395 traxerit
2389 4357 2502 4394 eum
2528 4338 2708 4404 (Joan.
2742 4340 2841 4409 vr).
2870 4341 3128 4408 Quamvis
3159 4341 3302 4395 enim
3336 4338 3367 4394 ii
3408 4343 3494 4410 qui
3530 4357 3733 4396 secun-

2149 4412 2275 4467 dum
2309 4421 2511 4464 natura:
2544 4412 2715 4479 legem
2747 4411 2977 4465 honeste
3022 4422 3077 4467 et
3125 4411 3467 4467 laudabiliter
3510 4413 3727 4481 vivunt,

2150 4485 2286 4536 tales
2317 4496 2437 4536 sese
2465 4491 2721 4547 prmstent
2752 4484 2842 4551 qui
2884 4484 3062 4536 tniuus
3094 4486 3198 4537 sint
3230 4485 3398 4550 inepti
3432 4483 3732 4551 minusque

2150 4553 2354 4621 indigni
2399 4552 2567 4621 gratia
2610 4552 2703 4607 Dei
2746 4568 2808 4607 ac
2839 4554 3154 4608 muneribus
3186 4554 3372 4619 illius;
3407 4570 3512 4607 non
3544 4567 3726 4610 tamen

2152 4631 2332 4693 aptos,
2353 4622 2577 4676 idoneos
2605 4632 2693 4676 aut
2725 4624 2917 4691 dignos
2945 4640 3023 4685 se,
3046 4625 3228 4678 divino
3250 4625 3520 4692 adjutorio
3549 4627 3729 4679 exclu-

2153 4710 2243 4759 so,
2283 4696 2745 4765 facerepossunt.
2777 4694 2975 4748 Verum
3001 4696 3125 4761 quia
3163 4695 3370 4749 homini
3413 4711 3506 4765 per
3544 4697 3727 4763 bapti-

2154 4780 2298 4835 mum
2329 4764 2497 4835 semel
2531 4764 2842 4835 iustiﬁcam,
2879 4778 2931 4817 et
2960 4775 3218 4835 quantum
3252 4766 3304 4819 in
3334 4782 3391 4821 se
3416 4764 3512 4821 est
3548 4783 3609 4819 ex
3642 4768 3729 4822 in-

2154 4834 2432 4889 habitante
2473 4833 2676 4902 Spiritu
2708 4836 2947 4900 facienti,
2980 4833 3123 4888 Dens
3166 4837 3219 4889 in
3252 4837 3332 4890 his
3373 4853 3491 4903 qua:
3519 4846 3641 4890 sunt
3671 4848 3729 4892 et

2154 4906 2221 4959 ad
2256 4904 2673 4975 permanendum
2705 4905 2985 4974 injustitia
3016 4914 3071 4960 et
3104 4907 3168 4959 ad
3213 4908 3441 4962 salutem
3471 4922 3729 4961 necessa-

2155 4976 2236 5029 ria
2260 4974 2554 5045 numquam
2578 4974 2731 5030 deest
2762 4977 3022 5045 (Spiritus
3067 4977 3208 5031 enim
3242 4979 3461 5045 adjuvat
3503 4979 3728 5031 infirmi-

2156 5054 2322 5118 tatem
2373 5054 2632 5118 nostram,
2667 5047 2836 5117 inquit
2869 5048 3162 5116 Apostolus
3200 5047 3375 5118 (Rom.
3404 5051 3484 5117 It);
3516 5058 3571 5118 et
3607 5048 3727 5115 ipse

2156 5117 2301 5189 Deus
2329 5117 2469 5184 apud
2495 5116 2745 5171 eumdem
2782 5121 3095 5185 Apostolum
3129 5116 3315 5188 (Hebr.
3350 5116 3487 5189 xui),
3520 5116 3640 5189 _Non
3679 5129 3728 5173 te

2157 5188 2385 5243 deseram
2414 5204 2573 5254 neque
2602 5190 2998 5259 derelinquam),
3032 5189 3232 5244 idcirco
3282 5200 3427 5245 reete
3446 5187 3475 5241 a
3507 5187 3725 5242 Cassia-

2156 5274 2226 5313 no
2254 5260 2458 5313 dictum
2485 5268 2590 5324 est,
2615 5275 3050 5329 unumquemque
3080 5270 3324 5315 nostrum
3360 5262 3409 5313 in
3440 5275 3501 5315 ea
3546 5261 3723 5326 potis-

2154 5331 2347 5383 simum
2372 5330 2573 5385 virtute
2598 5332 2884 5397 excellere,
2916 5331 2969 5384 in
3000 5346 3106 5400 qua
3130 5345 3188 5385 se
3217 5331 3393 5385 smdio
3439 5345 3500 5384 ac
3542 5330 3730 5386 lahore

2152 5400 2424 5455 indefesso
2452 5401 2789 5466 exercuerit;
2817 5411 2871 5456 et
2893 5401 3137 5455 scientiae
3167 5401 3363 5455 donum
3399 5403 3451 5455 in
3480 5404 3729 5469 apostolo

2151 5469 2319 5525 Paulo
2354 5471 2764 5537 exuberavisse,
2801 5474 2923 5541 quia
2952 5488 3010 5529 se
3038 5473 3104 5527 ad
3148 5472 3285 5528 hanc
3324 5472 3514 5528 solerti
3544 5472 3729 5527 studio

2149 5548 2315 5610 atque
2353 5542 2617 5598 industria
2648 5544 2991 5613 praeparavit.

2583 5657 2701 5714 Lib.
2729 5674 2802 5713 xu
2836 5656 3013 5714 Instit.
3046 5672 3165 5727 cap.
3204 5657 3288 5711 l4.

2155 5749 2224 5807 Ut
2255 5752 2386 5807 enim
2413 5750 2632 5807 dicimus
2674 5761 2891 5807 conatus
2920 5752 3169 5822 humanos
3203 5750 3577 5821 apprehendere
3606 5768 3728 5821 per-
