4000 6186
200 258 302 317 515

1335 260 1400 316 H.
1442 258 1720 318 CUYCHll
1757 257 2298 317 ANNOTATIONES.

3352 253 3457 331 δη

274 379 541 455 {ectionem
568 394 657 455 per
688 379 883 455 seipsos
911 376 1322 455 sine__adjutorio
1351 377 1449 432 Dei
1474 396 1577 455 non
1603 395 1769 455 posse,
1799 378 1849 436 Α
1879 377 2022 455 enim
2066 377 2153 455 hic
2180 378 2775 455 exclusituadjutorium
2806 382 2993 451 gratia
3030 382 3145 450 Dei,
3173 382 3267 439 sed
3295 393 3453 455 negat

271 449 345 505 ita
373 451 761 522 pronuntiamus
784 449 1133 522 laborantibus
1162 458 1358 503 tantum
1385 468 1446 502 ac
1472 451 1780 504 desudanti-

275 520 383 576 bus
413 521 810 591 misericordiam
843 520 937 574 Dei
981 522 1299 591 gratiamque
1345 522 1591 591 conferri,
1627 533 1693 585 et,
1727 533 1783 577 ut

277 594 438 647 verbis
488 591 717 661 Apostoli
773 590 977 657 loquar,
1028 590 1311 645 volentibus
1358 602 1403 645 et
1448 590 1779 650 currentibus

273 663 543 729 impartiri,
565 674 664 717 etc.
704 662 769 715 Et
793 676 1007 715 rursum
1036 679 1049 716 :
1085 661 1287 716 Praesto
1315 672 1387 716 est
1423 680 1659 731 namque,
1691 682 1778 718 oc-

275 738 476 788 casione
516 733 615 787 sibi
660 734 1011 787 tantummodo
1052 749 1084 784 a
1134 734 1279 787 nobis
1324 735 1467 788 bona:
1496 736 1777 791 voluntatis

170 859 179 875 Γ
267 806 447 870 oblata,
478 804 548 857 ad
588 804 698 858 lucc
726 805 899 857 omnia
920 805 1251 873 conferenda.

263 897 469 966 (Annal.
495 896 578 969 2.)
606 896 1056 969 Videnturetiam
1089 898 1204 951 hzcc
1227 898 1392 969 verba
1424 898 1772 969 Pelagianam

197 968 434 1022 haeresim
465 967 744 1033 redolere,
774 967 971 1037 quibus
1000 970 1198 1022 asserit
1219 968 1421 1022 Auctor
1446 967 1609 1024 Deum
1630 971 1776 1027 labo-

195 1040 423 1093 rantibus
457 1048 673 1092 tantum
706 1053 855 1093 suam
878 1039 1103 1107 gratiam
1138 1039 1343 1109 largiri,
1366 1048 1608 1095 nostrum
1640 1057 1773 1098 vero

196 1125 307 1165 esse
344 1110 497 1164 bona:
528 1110 831 1164 voluntatis
864 1110 1361 1181 occasionemDeo
1403 1110 1598 1167 offerre
1619 1156 1632 1179 ,
1667 1130 1769 1181 qua

194 1189 527 1249 provocatus,
564 1195 794 1235 munera
828 1196 922 1234 sua
953 1180 1003 1233 in
1038 1195 1135 1234 nos
1158 1180 1421 1236 effundat.
1452 1181 1651 1235 Verum
1683 1180 1771 1239 Se-

191 1268 279 1306 cus
311 1268 391 1306 res
414 1252 619 1316 habet;
650 1251 891 1320 loquitur
941 1251 1084 1304 enim
1132 1267 1237 1322 non
1288 1251 1358 1305 de
1410 1254 1629 1322 paganis
1678 1266 1769 1311 aut

190 1322 641 1394 infidelibusiaut
678 1321 1251 1394 impiisihomiuibus,
1290 1322 1385 1376 sed
1432 1321 1498 1378 de
1548 1324 1628 1377 his
1675 1326 1765 1394 qui

188 1393 463 1462 adoptione
495 1393 632 1448 facti
657 1402 783 1446 sunt
805 1392 918 1457 lilii,
944 1401 998 1446 et
1025 1407 1160 1462 quos
1189 1394 1426 1461 Spiritus
1463 1392 1760 1460 inhabitat;

188 1474 330 1534 atque
358 1466 429 1519 ita
460 1480 578 1520 non
617 1463 856 1519 excludit
886 1464 936 1517 in
963 1463 1065 1516 ista
1089 1464 1480 1531 praeparatione
1522 1466 1761 1520 divinum

186 1537 525 1602 adiutorium,
554 1536 712 1603 quasi
745 1535 918 1603 possit
956 1534 1121 1588 homo
1148 1544 1337 1601 suapte
1378 1546 1572 1602 sponte
1607 1537 1758 1591 labo-

186 1621 313 1668 rare,
345 1616 399 1661 et
424 1623 488 1661 se
511 1607 587 1661 ad
614 1606 841 1675 gratiam
877 1605 970 1658 Dei
1014 1605 1410 1673 suscipiendam
1442 1606 1756 1675 disponere,

185 1678 264 1731 sed
293 1681 495 1732 excitat
518 1678 579 1731 in
600 1677 682 1730 his
706 1676 883 1729 verbis
903 1676 1170 1746 ignaviam
1189 1684 1451 1743 nostram,
1471 1689 1526 1731 ut
1549 1695 1644 1731 nos
1668 1680 1757 1746 qui

184 1746 424 1820 Spiritum
453 1749 554 1804 Dei
588 1748 1006 1816 accipimus,qui
1038 1748 1202 1801 semel
1228 1746 1512 1820 illuminati
1546 1764 1751 1817 sumus,
1785 1760 1832 1820 Β

183 1820 257 1886 qui
284 1819 485 1873 donum
521 1821 752 1874 caeleste
785 1820 1229 1890 gustavirntts,_in
1261 1817 1345 1871 his
1384 1833 1501 1887 qua:
1545 1823 1747 1890 sempi-

183 1900 371 1945 ternam
418 1902 675 1946 nostram
730 1898 1048 1958 promovent
1101 1888 1352 1954 salutem,
1395 1888 1750 1958 ingeniunret

180 1960 306 2014 vires
331 1977 532 2017 omnes
561 1961 957 2030 impendamus,
984 1960 1036 2013 id
1060 1960 1200 2027 quod
1226 1958 1383 2013 unice
1409 1961 1477 2014 ab
1500 1964 1748 2018 omnibus

180 2030 224 2102 in
251 2030 464 2087 Christo
497 2043 558 2088 et
586 2048 683 2100 per
715 2032 971 2102 Spiritum
1002 2040 1245 2102 sanctum
1272 2032 1472 2084 renatis
1497 2044 1749 2102 expostu-

178 2101 239 2153 lat
263 2104 442 2159 divina
470 2104 757 2172 majestas.
788 2101 941 2169 Quod
974 2116 1102 2155 vero
1140 2102 1191 2154 in
1225 2101 1371 2154 hisce
1404 2101 1582 2158 verbis
1610 2106 1745 2160 nihil

176 2172 360 2229 divinae
396 2176 596 2245 gratia:
618 2173 877 2245 derogare
904 2174 1134 2245 voluerit
1154 2172 1465 2245 Cassianus,
1497 2189 1563 2228 ex
1584 2178 1743 2245 quin-

175 2258 269 2312 que
308 2242 582 2314 subjectis
631 2242 900 2313 capitibus
966 2244 1197 2297 dilucide
1253 2242 1437 2298 videre
1489 2242 1643 2312 licet,
1689 2249 1742 2302 in

174 2316 358 2380 quibus
400 2334 560 2371 suam
590 2317 657 2369 de
681 2317 866 2386 gratiae
895 2317 1215 2369 necessitate
1243 2317 1564 2369 sententiam
1595 2318 1744 2372 latis-

174 2387 304 2459 sime
333 2389 705 2459 prosequitur,
737 2402 963 2456 eamque
996 2396 1103 2459 tum
1146 2386 1373 2459 ratione,
1402 2394 1514 2441 tum
1548 2388 1742 2445 divina:

177 2454 473 2524 Scripturae
515 2454 1261 2522 'auctoritatecorroborat,
1311 2456 1510 2512 docens
1558 2460 1737 2514 omnia

173 2527 347 2599 studia
368 2539 575 2595 nostra,
607 2530 839 2589 labores,
872 2538 923 2583 et
950 2538 1176 2582 conatus
1214 2542 1395 2581 cassos
1423 2544 1545 2583 esse
1583 2541 1741 2599 atque

173 2596 375 2665 irritos,
410 2603 517 2655 nisi
559 2601 745 2655 divino
774 2600 1043 2667 adjutorio
1071 2608 1118 2653 et
1152 2601 1546 2668 prmveuiamur
1574 2602 1623 2655 in
1649 2596 1743 2656 bo-

176 2683 256 2735 no,
290 2679 345 2725 et
399 2674 552 2726 omni
594 2682 868 2726 momento
914 2670 1197 2725 fulciamur
1245 2685 1306 2723 ac
1354 2681 1737 2727 sustentemur.

174 2737 331 2805 Quam
362 2743 694 2798 sententiaru
722 2744 856 2797 adeo
880 2741 1072 2797 diffuse
1102 2750 1157 2795 et
1183 2741 1329 2795 clare
1352 2739 1438 2795 hic
1471 2747 1741 2813 prosequi-

174 2819 271 2884 tur,
301 2822 360 2866 ut
380 2829 709 2884 persuasum
744 2814 873 2867 rnilti
907 2814 1126 2868 habeam
1157 2827 1217 2867 ea
1249 2828 1367 2881 quae
1390 2814 1442 2865 iu
1476 2813 1623 2868 hisce
1652 2830 1741 2868 ca-

172 2882 476 2955 pitibus'ex
525 2887 735 2955 propria
775 2885 990 2952 scripsit
1020 2884 1311 2947 sententia,
1345 2884 1514 2937 instar
1556 2887 1740 2952 apolo-

172 2953 321 3027 getici
361 2953 650 3025 cujusdam
693 2956 1035 3025 suscipienda
1084 2970 1203 3027 esse
1241 2955 1500 3007 adversus
1527 2969 1620 3008 eos
1651 2958 1742 3023 qui

170 3023 306 3078 illum
341 3027 415 3081 de
435 3023 638 3081 divinae
664 3023 854 3095 gratiae
874 3026 1141 3095 adjutorio
1164 3040 1445 3092 perperam
1480 3034 1534 3076 et
1556 3036 1739 3077 contra

170 3096 459 3152 catholica:
506 3106 665 3165 atque
707 3096 1022 3150 orthodoxa:
1062 3095 1184 3149 fidei
1227 3095 1524 3147 doctrinam
1550 3095 1746 3146 sensis-

170 3177 217 3216 se
260 3168 530 3222 arbitrati
568 3164 725 3229 sunt;
784 3166 838 3218 in
886 3167 967 3219 his
1013 3166 1273 3232 siquidem
1326 3164 1749 3216 monasricarum

169 3232 637 3290 Constitutionum
661 3235 945 3288 duodecim
978 3236 1147 3300 libris,
1175 3235 1315 3287 sicut
1343 3240 1401 3286 et
1430 3233 1483 3284 in
1507 3232 1656 3287 libris
1686 3234 1755 3289 de

169 3303 563 3361 incarnatione
589 3306 751 3361 Verbi
777 3306 1046 3374 propriam
1070 3304 1395 3359 sententiam
1426 3302 1662 3369 exponit.
1698 3306 1753 3361 In

172 3374 571 3432 Collationibus
622 3386 799 3431 autem
838 3378 1050 3431 illoruru
1096 3375 1262 3430 refert
1292 3374 1578 3443 opiniones
1619 3392 1754 3444 quos

173 3446 462 3516 loquentes
485 3448 810 3511 introducit;
847 3450 896 3501 in
929 3448 1123 3515 quibus
1149 3448 1193 3501 si
1223 3446 1314 3516 qui
1346 3445 1574 3499 subinde
1599 3462 1752 3502 erro-

176 3530 254 3571 res
288 3534 417 3573 cum
454 3534 581 3576 vera
606 3529 662 3574 et
689 3519 952 3573 catholica
992 3518 1235 3573 doctrina
1270 3526 1570 3589 pugnantes
1602 3518 1752 3573 iuve-

180 3589 408 3658 niantur,
466 3592 501 3646 ii
547 3591 902 3646 collatorihus
952 3590 1103 3660 ipsis,
1160 3587 1281 3644 non
1320 3587 1581 3643 Cassiano
1629 3599 1753 3644 sunt

182 3661 505 3719 ascribendi.

732 3734 847 3789 Col.
877 3735 902 3788 1
948 3748 1067 3802 cap.
1102 3732 1187 3788 l7.

188 3820 397 3880 Mentem
428 3827 641 3897 quidem
668 3844 767 3881 non
792 3826 1106 3897 interpellari
1129 3824 1520 3895 cogitationibus
1560 3824 1749 3894 impos-

248 3897 387 3952 sibile
413 3906 515 3966 est,
549 3899 805 3968 suscipere
837 3915 952 3951 vero
981 3913 1065 3949 eas
1095 3901 1196 3950 sive
1216 3911 1454 3961 respuere
1475 3897 1612 3948 omni
1638 3904 1747 3949 stu-

252 3969 383 4023 denti
411 3971 659 4043 possibile
686 3980 797 4043 est.
834 3968 1276 4043 Quemadmodum
1301 3968 1459 4043 igitur
1487 3977 1627 4043 ortus
1661 3985 1745 4043 eaj

250 4056 359 4094 rum
408 4037 517 4095 non
558 4041 765 4095 omnino
807 4040 987 4110 pendet
1028 4057 1058 4091 a
1098 4040 1261 4103 nobis,
1296 4037 1365 4091 ita
1403 4037 1631 4101 probatio
1666 4040 1744 4092 vel

252 4111 418 4166 electio
437 4113 671 4167 consistit
694 4114 746 4165 in
776 4111 939 4164 nobis.
961 4110 1070 4164 Nec
1094 4120 1256 4163 tamen
1282 4125 1344 4162 ex
1372 4124 1429 4161 eo
1449 4110 1585 4175 quod
1602 4110 1745 4163 dixi-

252 4198 355 4237 ntus
376 4183 702 4252 impossibile
732 4199 838 4236 esse
868 4192 1081 4235 mentem
1107 4178 1503 4253 regitationibus
1522 4197 1620 4233 non
1644 4182 1742 4253 nd-

254 4253 331 4322 iri,
356 4250 523 4309 totum
536 4254 853 4307 velincursui
878 4254 1116 4305 velmalis
1129 4250 1391 4321 spiritibus
1416 4250 1742 4305 tribuendum

255 4329 454 4397 φησι.ιὶ
490 4342 577 4380 eas
610 4327 843 4377 nituntur
872 4326 1132 4397 ingerere;
1160 4322 1353 4397 alioqui
1392 4337 1482 4397 nec
1506 4322 1743 4397 liberum

254 4392 301 4446 in
336 4392 545 4451 homine
572 4404 797 4449 maneret
837 4396 1122 4461 arbitrium,
1156 4410 1243 4447 nec
1294 4394 1347 4446 in
1394 4394 1540 4445 nobis
1584 4400 1743 4446 staret

257 4478 429 4523 nostrae
461 4467 797 4538 correptionis
825 4466 1102 4519 industria.

259 4556 460 4625 (Annot.
498 4560 580 4630 '5.)
611 4559 849 4613 Abhates
880 4559 967 4613 isti
998 4556 1218 4630 q_uosiin
1249 4554 1639 4630 Coliationibus
1670 4554 1749 4630 io-

202 4638 394 4693 Queutes
426 4625 723 4685 introducit
748 4630 983 4684 Joannes
1011 4628 1318 4692 Cassianus,
1345 4626 1651 4693 frequenter
1679 4625 1750 4678 ita

204 4692 321 4771 loqui
348 4704 601 4758 videntur
627 4702 780 4769 quasi
825 4702 1015 4771 gratiae
1057 4699 1258 4771 Christi
1294 4712 1399 4771 una
1432 4692 1555 4750 cum
1595 4696 1752 4771 Pela-

204 4766 274 4832 gio
293 4770 488 4828 fuerint
514 4766 851 4842 iniquiores;
875 4771 969 4842 sed
1016 4768 1172 4822 facile
1201 4779 1289 4842 est
1320 4768 1610 4842 plerosque
1634 4768 1754 4820 illo-

210 4850 304 4893 Tum
344 4847 415 4897 ab
462 4844 565 4899 hoc
610 4838 794 4897 errore
838 4841 1135 4902 vindicare,
1170 4840 1212 4893 si
1257 4838 1751 4891 animadvertamus

208 4919 282 4986 gos
309 4929 411 4969 non
440 4915 587 4981 loqui
612 4915 678 4969 de
710 4914 793 4986 his
818 4914 906 4986 qui
955 4911 1101 4965 omni
1130 4912 1299 4979 gratia
1335 4909 1424 4986 Dei
1456 4910 1753 4986 vacuisolo

209 4975 360 5050 liberte
394 4975 685 5040 voluntatis
717 4975 942 5039 arbitrio
974 4975 1223 5050 aguntur,
1255 4981 1348 5035 sed
1386 4980 1454 5035 de
1493 4978 1755 5034 Christia-

208 5049 275 5126 [tis
298 5066 341 5109 el
365 5057 454 5111 his
479 5057 570 5126 qui
593 5057 645 5111 itt
678 5057 799 5111 vita:
832 5049 1140 5109 monasticae
1166 5050 1755 5126 perfectionemagnos

209 5116 424 5199 iecerunt
476 5116 824 5199 progressus;
872 5126 981 5199 qui
1008 5139 1101 5192 per
1154 5116 1401 5192 spiritum
1455 5116 1756 5191 adoptionis

208 5184 309 5249 facti
336 5198 452 5265 filii,
479 5184 533 5253 in
558 5184 624 5254 ἐξ)
646 5198 784 5267 quod
812 5184 985 5251 semel
1007 5184 1352 5267 acceperunt,
1380 5184 1751 5267 perseverant,

213 5270 445 5339 Crescunt,
479 5279 535 5324 et
560 5265 1003 5339 progrediuntur:
1026 5267 1109 5339 De
1129 5266 1329 5339 quibus
1355 5266 1515 5319 etiam
1548 5265 1757 5339 locutus

213 5341 276 5401 ξεί
302 5338 532 5394 Pinuﬁus
554 5337 722 5395 abbas
750 5340 847 5399 lib,
889 5354 939 5391 tv
986 5338 1160 5392 Instit.
1192 5354 1241 5393 c.
1272 5337 1363 5401 42,
1394 5352 1513 5391 cum
1547 5338 1617 5390 ait
1648 5352 1757 5391 non

212 5398 376 5465 debere
403 5428 503 5465 nos
538 5412 808 5481 patientia:
836 5409 1088 5481 virtutem
1119 5408 1187 5464 de
1213 5398 1442 5462 aliorum
1477 5409 1749 5476 probitate

215 5482 262 5525 ³ο
284 5480 894 5553 ωοάεειίαθχερερῐενθ,
928 5480 979 5535 id
1006 5490 1109 5544 est,
1130 5490 1194 5553 ut
1222 5488 1347 5553 tunc
1367 5494 1491 5553 eam
1521 5487 1755 5553 tantum-

214 5550 341 5623 modo
371 5550 748 5623 possideamus
778 5568 899 5607 cum
932 5552 1213 5623 anemine
1242 5551 1503 5606 fuerimus
1534 5552 1752 5615 irritati,

215 5622 325 5695 ψιοᾱ
365 5621 433 5680 ire
474 5626 649 5695 possit
685 5640 795 5679 non
831 5621 1073 5695 evenire,
1098 5632 1463 5695 inustrteuuon
1514 5623 1756 5695 subiacet

214 5692 585 5765 Potestati,'sed
620 5695 799 5765 potius
825 5694 894 5750 de
922 5694 1144 5764 propria
1178 5692 1483 5765 humilitate
1506 5702 1581 5765 _et
1634 5694 1755 5765 ion-

213 5759 508 5831 tanitnitate,
557 5759 678 5835 quae
739 5768 796 5827 in
841 5759 1046 5824 nostro'
1072 5761 1277 5833 pendet
1330 5761 1577 5819 arbitrio.
1638 5762 1753 5821 Non

1889 448 2203 517 patientiam
2235 451 2346 503 sola
2373 448 2597 504 aliormn
2636 448 2911 524 hominum
2948 448 3211 510 modestia
3241 448 3451 524 acqu'iri

1889 534 2069 593 posse,
2105 529 2293 574 nostro
2315 532 2494 593 autem
2544 522 2723 593 studio
2758 537 2821 576 ac
2857 524 3043 579 labore
3076 540 3214 593 opus
3242 522 3362 580 esse
3396 535 3451 581 ut

1884 592 2223 665 acquiratur;
2258 592 2441 665 procul
2466 592 2632 647 dubio
2653 593 2719 646 de
2760 593 2865 647 illis
2893 592 3124 663 loquens
3146 610 3283 665 quos
3311 596 3449 651 divis

1884 676 1983 715 nus
2008 663 2239 730 Spiritus
2270 663 2575 717 inhabitans
2595 668 2658 715 ad
2688 665 2899 717 culmen
2929 663 3279 734 perfectibnis
3300 682 3449 721 asse-

1882 734 2152 799 quendum
2186 735 2331 787 omni
2364 743 2637 788 momento
2675 736 2987 789 exstimulat
3027 745 3081 790 et
3110 736 3319 789 invitat.
3356 736 3451 793 His

1880 802 2064 874 itaque
2108 816 2329 873 propter
2359 803 2688 857 habitualem
2717 807 2965 874 gratiam,
2997 814 3057 860 ut
3080 817 3269 861 vocant
3291 806 3448 862 theo-

1878 871 2006 945 logi,
2040 871 2163 928 cum
2200 871 2417 929 assidue
2463 884 2692 944 agantur
2722 871 2920 944 spiritu
2950 876 3065 937 Dei,
3099 876 3445 945 quemadmo-

1877 943 2002 996 dum
2030 945 2248 999 dilftcile
2284 961 2388 999 non
2420 943 3166 1002 estassidtta’exercitatione
3196 957 3249 1001 et
3280 947 3446 1003 malo-

1876 1028 1993 1087 rum
2020 1016 2299 1069 tolerantia
2330 1017 2600 1085 patientia:
2624 1030 2892 1087 summum
2921 1020 3125 1086 apicem
3157 1020 3444 1087 attingere,

1873 1084 1946 1137 ita
1971 1100 2185 1155 quoque
2217 1084 2453 1155 impuras
2489 1095 2544 1140 et
2571 1088 2637 1140 ab
2668 1084 2970 1141 immundis
3001 1084 3443 1158 spiritibus'sug;

1874 1165 2076 1228 gestas,
2112 1159 2225 1228 sive
2248 1173 2277 1212 e
2301 1158 2456 1211 nobis
2490 1157 2619 1225 ipsis
2642 1164 2857 1211 exortas
2884 1160 3240 1228 cogitationes
3263 1159 3442 1226 repel-

1870 1226 1983 1280 lere
2030 1237 2084 1281 et
2134 1227 2409 1291 refutare;
2452 1242 2777 1296 quamquam
2828 1226 3041 1282 interim
3088 1229 3442 1284 dubitandum

1870 1311 1977 1369 non
2005 1297 2071 1369 sit
2100 1300 2223 1365 quin
2257 1300 2397 1351 sicut
2422 1298 2504 1352 ha:
2530 1300 2883 1369 cogitationes
2908 1299 3102 1367 partim
3132 1314 3159 1351 a
3195 1300 3441 1369 malignis

1868 1367 2149 1438 spiritibus
2200 1378 2580 1438 suggeruntur,
2615 1367 2806 1437 partim
2859 1372 3107 1422 oriuntur
3144 1384 3211 1423 ex
3259 1367 3433 1435 nobis,

1867 1436 1938 1490 ita
1966 1454 2176 1505 quoque
2205 1436 2519 1493 earumdem
2551 1436 2799 1492 refutatio
2830 1446 2990 1508 atque
3011 1439 3233 1508 reiectio
3266 1440 3437 1494 libero

1865 1520 2054 1579 nostro
2082 1510 2309 1562 arbitrio
2341 1519 2395 1563 et
2422 1511 2607 1579 gratiae
2640 1510 2731 1563 Dei
2761 1510 3087 1577 conjunctim
3119 1509 3437 1563 ascribenda

1864 1578 1949 1630 sit.
1979 1578 2183 1633 Omitto
2212 1580 2353 1649 quod
2396 1578 2447 1633 in
2480 1580 2799 1647 quibusdam
2828 1596 2960 1634 mss.
2989 1580 3269 1634 codicibus
3300 1579 3435 1649 legi-

1864 1656 1947 1701 tur
1980 1666 1991 1701 :
2019 1649 2294 1718 Suscipere
2343 1666 2458 1703 vero
2489 1667 2572 1703 eas
2615 1652 2718 1703 sive
2745 1667 3003 1718 respuere,
3034 1652 3171 1703 omni
3208 1650 3438 1705 studenti

1861 1736 1951 1788 per
1975 1722 2198 1789 gratiam
2233 1721 2326 1773 Dei
2366 1720 2606 1791 possibile
2634 1730 2725 1785 est,
2758 1722 2899 1789 quod
2930 1737 2988 1774 ea
3019 1722 3183 1775 lectio
3217 1736 3321 1775 non
3353 1720 3437 1775 vi—

1861 1791 2049 1843 deatur
2079 1806 2199 1845 esse
2244 1794 2501 1858 genuina,
2534 1802 2585 1844 et
2632 1791 2681 1843 in
2715 1793 2995 1859 perpaucis
3020 1792 3189 1861 iisque
3235 1806 3430 1848 recen-

1854 1861 2082 1916 tioribus
2114 1872 2316 1915 tantum
2341 1862 2745 1930 exemplaribus
2774 1862 3097 1917 inveniatur.

2413 1997 2549 2053 Coll.
2588 1998 2609 2049 l
2645 2012 2765 2067 cap.
2799 1999 2887 2054 i9.

1847 2088 1932 2142 Ea:
1961 2091 2102 2173 nobis
2126 2092 2357 2173 oriuntur
2379 2092 2729 2173 cogitationes,
2756 2093 3205 2173 cunt-naturaliter
3234 2109 3296 2173 ea
3318 2108 3431 2162 qua:

1917 2164 2160 2232 gerimus,
2189 2164 2265 2233 vel
2300 2161 2572 2233 gessimus,
2594 2161 2670 2215 vel
2716 2164 3023 2221 audivimus.
3067 2161 3433 2228 recordamur;

1917 2230 1981 2285 de
2001 2233 2183 2302 quibus
2214 2230 2281 2284 Β.
2302 2230 2499 2292 Ὧαυὶά,
2534 2230 2763 2303 Cogitavi
2791 2237 2897 2286 dies
2939 2234 3199 2301 antiquos,
3222 2235 3422 2303 inquit,

1918 2316 1963 2356 et
1994 2321 2157 2357 annos
2189 2312 2405 2357 retentos
2434 2305 2486 2357 in
2520 2313 2683 2357 mente
2708 2303 2889 2371 habui,
2923 2314 2971 2357 et
3001 2304 3268 2357 meditatus
3315 2321 3427 2358 sunt

1916 2387 2079 2439 nocte,
2106 2391 2221 2427 cum
2250 2376 2401 2429 corde
2430 2390 2562 2443 meo,
2596 2384 2641 2428 et
2680 2375 3018 2442 exercitabar,
3060 2385 3109 2429 et
3158 2374 3427 2447 scopebam

1915 2448 2151 2517 spiritum
2183 2462 2369 2499 meum.

1915 2563 2131 2633 (Annot.
2152 2561 2243 2633 4.)
2274 2562 2469 2617 Beatus
2501 2560 2666 2616 David
2695 2563 2751 2616 in
2780 2563 2988 2631 psalmo
3027 2561 3425 2631 septuagesimo

1843 2632 2019 2696 sexto,
2054 2632 2197 2687 unde
2233 2646 2481 2698 sumptus
2508 2643 2587 2688 est
2620 2633 2706 2687 hic
2733 2647 2946 2699 versus,
2989 2632 3057 2687 de
3088 2634 3178 2687 illa
3209 2635 3420 2688 dierum

1843 2705 2188 2771 antiquorum
2213 2714 2267 2757 et
2288 2706 2740 2772 sempiternorum
2764 2718 3027 2758 annorum
3050 2703 3423 2757 recordatione

1846 2774 2102 2844 loquitur,
2137 2790 2255 2844 qua:
2282 2775 2492 2829 confert
2523 2775 2589 2829 ad
2619 2790 2802 2829 veram
2834 2783 2887 2829 et
2929 2774 3279 2827 christianam
3305 2788 3425 2844 pa:-

1845 2842 2168 2909 rtitentiam;
2219 2861 2321 2913 qua
2375 2854 2597 2915 peccata
2654 2846 2942 2898 commissa
2994 2842 3424 2915 consideratione

1847 2919 2033 2970 aeterni
2064 2928 2115 2970 et
2148 2913 2433 2969 infernalis
2462 2915 2711 2984 supplicii
2745 2915 3067 2983 plangimus,
3097 2924 3151 2968 et
3199 2913 3278 2966 sic
3324 2927 3425 2967 nos

1849 2986 2157 3040 exercendo
2204 3000 2595 3055 expurgamus,
2628 2995 2682 3037 et
2720 2998 3006 3055 scopamus
3043 2984 3426 3055 spiritumino-

1850 3064 2043 3108 strum.
2080 3056 2160 3108 Ad
2192 3050 2353 3123 quem
2374 3050 2533 3109 etiam
2564 3056 2785 3107 modum
2814 3050 2873 3108 S.
2906 3050 3190 3120 Ezechias,
3218 3054 3268 3107 in
3285 3050 3423 3107 Can-

1780 3129 1825 3191 ρ
1859 3126 1986 3187 tico,
2010 3126 2273 3191 recogitat
2291 3139 2480 3177 omnes
2502 3139 2627 3178 suos
2642 3124 2758 3177 dies
2778 3126 2828 3178 iu
2852 3125 3210 3179 amaritudine
3228 3125 3423 3179 anima:

1859 3209 1994 3249 suae.
2030 3195 2199 3247 Porro
2238 3194 2388 3248 istius
2416 3194 2555 3247 modi
2589 3194 2887 3248 recordatio
2921 3209 3030 3248 non
3052 3195 3222 3249 oritur
3248 3195 3300 3247 in
3330 3210 3425 3248 uo-

1858 3264 1941 3319 bis
1985 3280 2050 3320 es
2104 3265 2236 3318 solis
2284 3265 2440 3319 liberi
2490 3265 2698 3319 arbitrii
2744 3265 2964 3329 viribus,
2996 3265 3092 3320 sed
3138 3282 3164 3318 a
3200 3266 3423 3320 Domino

1858 3336 2072 3391 cmlitus
2105 3336 2310 3404 percuti
2352 3335 2511 3390 debet
2554 3347 2701 3405 petra
2759 3336 2991 3406 pectoris
3032 3337 3227 3403 nostri,
3263 3345 3317 3390 ut
3358 3351 3422 3391 ex

1858 3408 2029 3462 oculis
2060 3408 2261 3461 nostris
2288 3407 2511 3477 largiter
2536 3408 2882 3477 fluantaqute
2927 3417 2980 3462 et
3022 3407 3203 3463 fontes
3252 3408 3427 3477 lacry-

1857 3494 2087 3545 marum,
2132 3478 2327 3547 quibus
2379 3487 2558 3533 vetera
2601 3490 2821 3547 peccata
2878 3488 3057 3534 nostra
3103 3480 3419 3535 defleamus.

1855 3549 2186 3619 Quamquam
2220 3549 2333 3604 fieri
2366 3550 2535 3618 possit
2562 3561 2617 3602 ut
2656 3559 2970 3618 peccatores
2999 3551 3229 3606 subinde
3276 3549 3417 3605 male

1855 3634 1886 3673 a
1909 3636 1967 3674 se
1995 3620 2249 3673 trausacti
2274 3624 2528 3689 temporis
2547 3622 2760 3689 exigant
2785 3622 3067 3689 rationem,
3086 3632 3139 3677 et
3162 3636 3422 3676 annorum

1856 3702 2185 3747 mternorum
2214 3693 2585 3757 recordentur,
2620 3692 2685 3745 de
2711 3707 2839 3745 vera
2871 3692 3035 3746 animi
3066 3695 3421 3747 conversione

1854 3773 1911 3817 et
1946 3763 2068 3816 vita:
2110 3762 2346 3816 melioris
2390 3762 2665 3830 pr0posito
2697 3762 2931 3814 nondum
2973 3764 3261 3830 quidquam
3291 3763 3423 3815 defi-

1853 3834 2064 3887 nientes
2090 3851 2101 3884 :
2126 3832 2428 3903 cujusmodi
2450 3833 2750 3903 recordatio
2771 3846 2840 3885 ex
2866 3832 2946 3903 his
2970 3848 3087 3900 quae
3114 3832 3425 3903 naturaliter

1850 3905 2117 3973 gessimus
2150 3900 2229 3959 vel
2254 3905 2578 3965 audivimus,
2607 3902 2828 3957 excluso
2857 3902 3019 3973 etiam
3058 3902 3238 3955 divino
3268 3900 3423 3973 adju-

1852 3972 2011 4038 torio,
2038 3975 2091 4029 in
2139 3976 2293 4030 nobis
2321 3988 2443 4030 esse
2474 3982 2668 4043 potest.
2706 3973 2773 4027 Et
2803 3973 2916 4028 haec
2953 3972 3161 4028 videtur
3188 3987 3310 4027 esse
3333 3972 3427 4028 ab-

1848 4044 1987 4101 batis
2012 4046 2180 4103 Movsi
2206 4047 2497 4102 sententia.

2401 4139 2539 4196 Coll.
2574 4142 2608 4195 5
2632 4154 2752 4210 cap.
2787 4140 2873 4193 12.

1850 4234 2000 4290 Sicut
2029 4237 2323 4289 occasiones
2347 4235 2531 4287 salutis
2570 4234 2785 4287 diversis
2830 4235 2995 4286 modis
3042 4231 3204 4285 Deum
3243 4246 3432 4297 cogno-

1920 4308 2109 4359 scimus
2138 4306 2455 4376 operari,ita
2484 4314 2711 4376 nostrum
2735 4315 2805 4356 est
2831 4305 3193 4376 occasionibus
3224 4319 3253 4354 (ι
3280 4288 3428 4376 [gitti-

1927 4378 2084 4429 nitate
2104 4372 2358 4428 concessis
2388 4376 2583 4426 enixius
2604 4374 2680 4425 vel
2712 4375 2976 4427 remissius
2999 4376 3261 4440 fantufari.
3290 4372 3430 4427 Nam

1930 4448 2059 4499 sicut
2095 4447 2187 4498 Dei
2217 4446 2313 4514 fuit
2342 4447 2569 4496 uocantis
2598 4444 2809 4505 oblatio,
2841 4444 2939 4497 Exi
2972 4446 3034 4493 de
3062 4455 3195 4495 terra
3226 4452 3333 4507 tua,
3358 4446 3432 4495 ita

1786 4504 1839 4564 D
1936 4514 2155 4569 Abrahae
2183 4504 2279 4583 fuit
2310 4516 2536 4567 exeuntis
2566 4504 2867 4577 obedientia,
2898 4524 3006 4567 etc.

1926 4628 2138 4697 (Annot.
2172 4626 2250 4695 5.)
2269 4626 2326 4697 In
2350 4639 2515 4693 opere
2536 4624 2941 4697 justifiea_tionis
2964 4632 3160 4675 nostra:
3190 4622 3433 4697 quaedam

1854 4716 1885 4754 a
1936 4693 2057 4752 solo
2118 4693 2239 4751 Deo
2270 4696 2601 4757 efficiuntur,
2632 4695 2876 4763 quaedam
2921 4709 3052 4747 vero
3105 4693 3434 4757 comttttctiut

1856 4778 1911 4825 et
1958 4770 2128 4822 libero
2170 4776 2358 4821 nostro
2407 4765 2631 4819 arbitrio
2676 4776 2729 4820 et
2781 4766 2887 4819 Deo
2928 4774 3050 4817 sunt
3090 4764 3433 4818 ascribenda.

1855 4842 1987 4896 Nam
2018 4840 2131 4908 ipse
2177 4840 2321 4907 prior
2370 4836 2618 4904 spiritum
2652 4836 2839 4891 salutis
2880 4834 3039 4889 nobis
3066 4834 3242 4908 adhuc
3274 4834 3326 4887 in
3358 4835 3436 4908 ira

1858 4927 1952 4968 sua
1975 4906 2281 4966 constitutis
2309 4918 2363 4964 et
2394 4909 2676 4963 immeritis
2701 4908 2925 4975 inspirat
2947 4913 3022 4970 et,
3056 4918 3112 4960 ut
3141 4906 3276 4960 bene
3302 4906 3436 4961 veli-

1861 5000 2002 5045 mus,
2034 4981 2231 5046 efficit;
2257 4980 2452 5036 deinde
2478 4994 2625 5044 vero,
2659 4978 2891 5034 excitata
2928 4994 3084 5045 prava
3111 4986 3292 5033 nostra
3344 4993 3437 5030 vo-

1861 5055 2088 5117 luntate,
2122 5065 2373 5125 aperatur:
2404 5064 2510 5125 una
2542 5052 2817 5125 nobiscum
2850 5050 2974 5125 uelle
2996 5061 3042 5104 et
3070 5051 3313 5125 perficere
3345 5064 3438 5117 pro

1862 5126 1991 5180 bona
2030 5119 2287 5179 voluntate
2318 5123 2581 5193 (Philipp.
2612 5124 2696 5192 tt),
2722 5136 2791 5193 ac
2840 5121 3060 5193 demum
3116 5119 3333 5193 perficit
3383 5128 3439 5172 et

1862 5212 2167 5265 supremam
2200 5188 2384 5263 adjicit
2414 5188 2665 5247 ma‘riumJ
2692 5192 2802 5265 Nec
2828 5192 2985 5265 aliud
3012 5192 3151 5265 vult
3171 5190 3295 5265 hoc
3322 5188 3439 5265 ioco

1863 5259 2195 5335 Paphnutius
2236 5259 2424 5333 abbas,
2475 5262 2935 5333 quemadmodum
2990 5262 3193 5330 liquido
3250 5259 3436 5312 videre

1862 5338 1988 5393 licet
2013 5353 2078 5391 es
2109 5338 2191 5391 his
2220 5352 2337 5403 qua:
2369 5344 2479 5388 tum
2511 5336 2563 5389 in
2594 5336 2697 5389 hoc
2735 5336 2933 5403 capite,
2970 5342 3082 5387 tum
3132 5335 3185 5385 in
3213 5344 3439 5403 sequen~

1865 5410 2008 5463 tibus
2037 5422 2204 5477 usque
2228 5407 2293 5460 ad
2335 5409 2493 5460 linem
2526 5402 2859 5469 collationis,
2893 5419 2953 5459 ac
2974 5402 3287 5477 praesertim
3318 5415 3437 5468 cap.

1861 5481 1928 5535 19
1958 5492 2014 5533 et
2038 5475 2514 5547 22'subjiciuntur.
2546 5476 2654 5531 Nos
2685 5476 2948 5549 enim_p_er
2974 5475 3089 5549 haec
3119 5488 3237 5549 quae
3267 5481 3440 5549 protu-

1862 5550 2045 5613 limus,
2072 5542 2263 5619 inquit,
2292 5564 2397 5603 non
2432 5549 2660 5603 liberum
2697 5545 2930 5601 hominis
2971 5542 3252 5619 arbitrium
3284 5542 3439 5619 voiu-_

1861 5637 1979 5677 mus
2002 5614 2349 5687 submovere,
2378 5622 2471 5675 sed
2498 5621 2621 5675 huic
2650 5619 2980 5689 adiutorium
3006 5627 3060 5672 et
3088 5618 3313 5686 gratiam
3344 5614 3441 5673 Dei

1861 5693 2222 5819 Egresingulos
2252 5692 2370 5750 dies
2393 5706 2453 5748 ac
2484 5702 2757 5751 momenta
2786 5690 3157 5750 necessariam
3187 5699 3440 5765 compro-

1935 5780 1960 5819 r
1999 5803 2013 5819 .

1901 5778 2013 5821 are.
