4000 6186
601 368 707 427 519

1625 359 1718 416 AD
1755 357 1985 416 OPERA
2024 359 2074 415 J.
2114 357 2426 416 CASSIANI
2467 356 2831 414 APPENDII.

3754 360 3848 420 390

603 483 669 540 D.
701 482 930 550 Gregor.
953 478 1049 534 lib.
1073 493 1090 532 ι
1119 474 1305 533 Morel.
1337 488 1457 546 cap.
1483 474 1536 530 9.
1567 474 1684 541 Quo
1715 475 1834 529 loco
1858 473 2182 550 scribit_v_ir-
2209 477 2264 537 Α
2288 473 2537 550 Satanam
2567 475 2696 528 sicut
2723 475 2900 546 fulgur
2919 475 3186 550 cadentem
3205 474 3442 550 desueto.
3465 475 3682 550 Clarum
3704 479 3851 548 igitur

605 555 780 625 ginem
813 545 1661 625 quamdamenergumeuamAper
1691 557 1949 625 magoset
1983 545 2186 625 ariolus

607 615 676 680 ab
703 615 857 677 unico
886 619 1152 674 daemonio
1203 615 1484 673 liberatam
1535 615 1698 669 fuisse
1729 658 1742 679 ,
1797 615 1889 668 sed
1924 617 1976 669 in
2009 616 2187 669 locum

607 695 752 750 illius
772 708 862 747 sex
887 700 980 744 aut
1001 700 1205 758 septem
1231 690 1392 743 millia
1416 687 1805 758 diemouiorum
1833 688 2185 758 successisse.

609 763 678 820 Et
699 763 885 819 B.Leo
912 756 1077 816 serml
1111 761 1178 815 l9
1205 759 1272 814 de
1296 761 1448 814 Pass.
1483 757 1692 811 Domini
1717 756 1950 811 affirmat
1980 756 2188 810 ἀτειηο-

608 851 754 900 nem,
789 835 834 888 si
859 849 964 887 non
993 834 1044 886 in
1067 845 1316 900 c0rpore,
1346 831 1398 884 in
1427 829 1604 883 anima
1635 836 1812 880 tamen
1844 843 2059 900 semper
2090 843 2190 880 non

609 921 735 961 cere
773 920 836 959 ac
882 904 1093 958 ltedere.
1148 899 1300 968 Quod
1340 901 1497 955 etiam
1538 900 1826 953 c0nlirmat
1866 899 1931 952 D.
1963 901 2188 968 August.

609 976 704 1032 lib.
737 990 932 1031 Lxxxttt
953 975 1346 1042 Quaestionum,
1379 979 1572 1041 quaest.
1606 971 1693 1026 78.

1165 1065 1302 1120 Coll.
1347 1064 1380 1119 8
1419 1078 1541 1132 cap.
1581 1062 1637 1114 7.

615 1160 746 1216 Ante
782 1159 1124 1214 conditionem
1160 1158 1313 1227 hujus
1334 1154 1564 1227 Luisibilis
1608 1161 1857 1227 creatura:
1878 1197 1892 1219 ,
1941 1153 2196 1227 spiritales

685 1233 1010 1299 caelestesque
1064 1225 1275 1281 virtutes
1322 1225 1489 1299 Deum
1536 1225 1755 1299 fecisse,
1802 1239 1918 1299 qua;
1960 1241 2054 1299 pro
2100 1225 2199 1299 hoc

689 1303 800 1373 ipso
827 1293 962 1373 quod
984 1301 1260 1373 scirentse
1284 1298 1351 1350 ad
1379 1293 1572 1373 tantam
1601 1293 2199 1373 beatitudinisgloriant

691 1365 934 1440 beneﬁcio
970 1369 1226 1424 Creatoris
1273 1385 1336 1421 ex
1377 1367 1541 1420 nihilo
1591 1366 1748 1440 fuisse
1774 1365 2116 1440 productas,
2155 1365 2200 1418 ei

694 1435 887 1514 gratias
932 1440 1586 1514 referentes“indesinenter
1611 1439 1724 1506 ejus
1765 1435 2004 1489 laudibus
2041 1436 2202 1489 inhw—

694 1509 860 1568 Ferent
883 1552 899 1576 ,
929 1509 1074 1564 nemo
1102 1511 1330 1578 fidelium
1361 1509 1555 1562 dubitat
1577 1549 1591 1570 ,
1622 1517 1724 1562 etc.

699 1603 932 1673 (Annot.
966 1602 1100 1670 η.)
1140 1601 1421 1672 Spiritales
1469 1599 1795 1673 substantias
1855 1597 2021 1651 multo
2077 1607 2202 1673 ante

629 1668 956 1732 creationem
981 1668 1102 1728 caeli
1126 1668 1360 1728 et'terra:
1393 1672 1684 1735 exsutisse,
1721 1669 1996 1739 Deumque
2024 1668 2203 1723 inultis

629 1755 755 1802 ante
781 1743 990 1799 smculis
1016 1744 1320 1798 laudavisse
1348 1783 1362 1806 ,
1391 1751 1602 1808 recepta
1635 1741 1732 1794 fuit
1759 1742 1885 1793 olim
1917 1741 2054 1807 apud
2090 1740 2199 1808 pri-

631 1831 752 1872 scos
778 1815 1110 1871 Christianos
1136 1815 1400 1869 sententia
1427 1856 1442 1879 ,
1490 1813 1628 1866 sicut
1673 1811 1776 1865 hoc
1819 1812 1938 1865 loco
1966 1812 2203 1865 Serenus

631 1888 799 1942 abbas
850 1885 1098 1940 afﬁrmat.
1147 1887 1246 1939 Cui
1293 1885 1456 1938 etiam
1498 1883 1817 1952 astipulatur
1869 1884 1926 1933 D.
1968 1881 2198 1952 Basilius

634 1959 780 2012 hom.
816 1957 842 2010 1
878 1956 1104 2011 Hexam.
1129 1997 1144 2024 ,
1188 1969 1445 2010 enarrans
1477 1954 1566 2009 illa
1609 1951 1773 2006 verba
1805 1953 2032 2024 Genesis
2073 1969 2084 2003 :
2130 1951 2197 2024 lu

632 2028 884 2101 principio
914 2029 1096 2101 creauit
1128 2026 1265 2101 [λειω
1293 2027 1471 2080 caelum
1496 2032 1541 2077 et
1568 2034 1754 2101 terram
1773 2040 1793 2077 :
1820 2033 1873 2101 et
1904 2023 2091 2076 homil.
2123 2023 2156 2074 2
2179 2064 2194 2089 ,

635 2096 703 2153 ad
748 2099 836 2153 illa
883 2099 1082 2163 verba,
1136 2097 1290 2151 Terra
1344 2107 1515 2150 autem
1563 2105 1670 2148 erat
1713 2096 1884 2147 inanis
1933 2103 1978 2146 et
2016 2110 2196 2148 vacua.

634 2169 892 2241 Origenes
920 2184 1134 2238 quoque
1162 2169 1217 2241 in
1236 2169 1387 2222 libris
1411 2170 1528 2241 περὶ
1554 2171 1765 2241 ᾁρχων,
1783 2174 1848 2241 et_
1862 2165 2200 2241 potissimum

635 2235 819 2295 libftn
848 2235 968 2305 cap.
998 2235 1072 2303 5—,
1113 2251 1164 2294 et
1206 2238 1346 2291 hom.
1397 2238 1430 2290 4
1469 2235 1522 2292 in
1552 2235 1776 2299 Isaiam;
1811 2237 2036 2305 Gregor.
2069 2235 2194 2288 Naz.

635 2321 774 2366 orat.
805 2313 858 2366 itt
882 2310 1082 2366 Christi
1113 2309 1484 2374 Nativitalem;
1516 2308 1767 2366 Ambros.
1803 2307 1893 2361 lib.
1927 2323 1942 2359 ι
1976 2306 2195 2360 Hexam.

637 2397 753 2451 cap.
801 2381 835 2435 5
858 2427 872 2447 ,
917 2391 972 2437 et
1001 2383 1050 2434 in
1084 2381 1397 2450 prmfatione
1429 2380 1584 2449 primi
1614 2378 1842 2451 psalmi;
1895 2378 2070 2451 llilar._

641 2447 718 2507 xti
744 2453 812 2509 de
831 2453 1050 2512 Trinit..
1079 2447 1238 2521 paqu
1264 2453 1396 2505 ultra
1421 2447 1696 2504 dimidium
1727 2449 1956 2521 libri,4et
1982 2449 2032 2500 in
2059 2447 2199 2521 bello

641 2536 828 2578 comra
859 2519 1180 2578 Auxentium
1206 2566 1219 2584 ,
1254 2523 1410 2590 paulo
1450 2531 1574 2575 ante
1620 2522 1811 2582 linem;
1849 2519 2152 2590 Hierou.rin
2186 2532 2203 2570 ι

643 2608 762 2665 cap.
807 2594 1065 2662 Epistolas
1092 2596 1157 2647 ad
1185 2589 1404 2658 Titum;
1446 2593 1680 2646 Isidorus
1708 2591 2020 2665 Hispuletls.
2058 2589 2150 2665 lib.
2185 2604 2202 2640 ι

644 2661 959 2720 (165υηὶωο
987 2665 1134 2722 Bono
1161 2680 1278 2735 cap.
1325 2665 1422 2730 12;
1455 2665 1698 2735 Datnasc.
1735 2661 1822 2716 lib.
1851 2677 1888 2735 tt
1930 2661 2078 2735 Fidei
2109 2663 2208 2712 0r-

645 2735 896 2791 thodoxat
923 2751 1039 2804 cap.
1065 2739 1098 2792 5
1121 2779 1135 2802 ,
1167 2734 1556 2805 θιίροηιριυτθε
1583 2734 1673 2786 alii
1707 2744 1810 2786 tam
1846 2734 2015 2787 Graici
2047 2745 2206 2800 quam

646 2805 844 2861 Latini.
877 2809 1042 2862 Porro
1065 2808 1123 2861 Β.
1152 2811 1502 2875 Augustinus,
1534 2819 1856 2874 quamquam
1888 2809 2055 2871 magis
2086 2818 2208 2875 pro-

645 2877 736 2932 bet
759 2879 1063 2946 Opinionem
1094 2873 1448 2934 asserentiqu
1479 2873 1697 2941 angelos
1725 2875 1884 2928 simul
1915 2889 2034 2946 cum
2069 2873 2210 2926 coelo

643 2958 698 3003 et
725 2942 867 3004 terra
895 2959 1112 3005 creatos
1140 2965 1278 3010 esse,
1318 2952 1369 3002 in
1397 2947 1677 3002 undecimo
1705 2955 1878 2999 tatuen
1903 2945 1968 2999 de
1990 2942 2213 2998 Civitate

647 3020 740 3074 Dei
768 3022 1038 3076 volumine
1067 3036 1184 3090 cap.
1228 3019 1331 3082 52,
1376 3018 1636 3089 permittit
1681 3027 1736 3070 ut
1761 3017 1830 3090 in
1871 3017 2214 3090 haccontro-

645 3092 821 3162 versia
849 3094 991 3161 quod
1020 3086 1244 3162 quisque
1275 3086 1401 3146 velit
1430 3093 1710 3159 opinetur,
1742 3088 2031 3141 dummodo
2057 3086 2217 3162 spirit

647 3161 782 3216 tales
829 3157 1172 3218 substantias
1201 3166 1308 3218 Deo
1355 3157 1482 3216 nou'
1510 3162 1671 3215 faciat
1715 3169 2017 3214 coarteruas
2048 3198 2061 3223 ,
2119 3157 2213 3211 sed

646 3235 826 3288 omnia
873 3236 1108 3290 visibilia
1153 3243 1206 3289 et
1254 3232 1546 3289 invisibilia
1589 3233 1820 3286 fateatur
1869 3232 1920 3284 in
1972 3239 2215 3294 tempore

646 3306 862 3360 condita
891 3321 1032 3361 esse.
1074 3307 1154 3360 Ad
1197 3306 1447 3360 eumdem
1477 3317 1690 3372 quoque
1722 3302 1936 3356 modum
1968 3300 2217 3355 Theodo-

649 3386 798 3430 rettts
824 3387 1014 3445 quaest.
1041 3379 1074 3433 5
1103 3379 1155 3431 in
1185 3377 1416 3432 Genesin
1437 3416 1452 3440 ,
1487 3384 1834 3443 posteaquam
1864 3372 2121 3445 adversus
2152 3373 2211 3425 Ι).

647 3443 902 3501 Basiliu‘m
969 3449 1187 3516 c0piose
1230 3451 1395 3500 multa
1441 3445 1824 3509 disseruisset,
1877 3445 1948 3496 ita
1998 3443 2213 3516 dentium

647 3517 920 3571 concludit
945 3515 1132 3590 :rlllud
1160 3533 1312 3590 porro
1342 3517 1469 3570 scire
1496 3531 1694 3590 necesse
1718 3523 1794 3590 est
1815 3557 1828 3578 ,
1875 3515 2045 3566 omnia
2077 3528 2216 3581 qutt-

648 3602 860 3658 curnque
898 3589 1119 3642 existunt
1142 3584 1170 3651 ,⁷
1200 3597 1404 3658 excepta
1444 3595 1622 3658 saneta
1649 3584 1899 3638 Trinitate
1922 3624 1938 3648 ,
1978 3591 2215 3636 naturam

647 3656 832 3730 habere
872 3661 1189 3730 corruptioni
1219 3656 1512 3712 obnoxiam.
1566 3657 1676 3711 Hoc
1705 3663 1882 3708 autem
1911 3669 2172 3708 concesso
2199 3695 2212 3716 ,

647 3728 693 3781 si
738 3727 859 3795 quis
904 3727 1214 3797 angelorum
1265 3731 1448 3785 turbas
1475 3771 1488 3790 .
1544 3737 1667 3782 ante
1707 3731 1900 3782 cmlum
1933 3737 1985 3780 et
2016 3736 2212 3797 terram

648 3799 891 3870 conditas
913 3796 1034 3856 esse
1061 3802 1279 3870 dixerit,
1316 3818 1422 3855 non
1463 3800 1698 3856 olfettdet
1729 3799 1949 3851 verbum
1978 3796 2211 3870 pietatis.

645 3868 799 3937 Quod
824 3872 983 3996 igitur
1004 3865 1384 3929 Laterane'nsis
1415 3872 1652 3942 synodus
1695 3870 1882 3923 Romm
1915 3869 2014 3919 sub
2057 3865 2215 3920 luno-

646 3944 823 3996 centio
875 3943 914 3996 ll
945 3945 1211 3996 celebrata
1243 3945 1423 3996 ρειαί
1481 3945 1679 3996 habet.
1735 3941 2042 3993 Creatorem
2096 3953 2214 3990 om-

646 3944 823 3996 centio
851 3941 914 3996 ΙΙΙ
945 3945 1211 4000 celebrata
1243 3961 1363 4012 cap.
1400 3941 1452 3997 1’
1481 3945 1644 3996 habet
1667 3984 1679 4001 ,
1725 3941 2042 4012 Creatorem
2096 3953 2214 3990 om-

650 4013 794 4065 nium
826 4013 1116 4069 visibilium
1146 4025 1200 4071 et
1227 4009 1574 4070 inv'isibiliunt
1604 4054 1616 4076 ,
1659 4009 2072 4080 spiritaliumget
2096 4024 2217 4062 cor-

650 4084 906 4152 poralium
958 4101 1052 4139 sua
1103 4084 1459 4153 omnipotenti
1511 4078 1706 4136 virtute
1758 4081 1913 4133 simul
1953 4078 2214 4153 θ-ὺλὶιι-ἱιίυ

647 4149 933 4222 utramque
958 4155 1025 4210 de
1057 4155 1224 4209 nihilo
1250 4149 1553 4208 condidisse
1583 4163 1824 4206 naturam
1851 4191 1865 4215 ,
1915 4149 2211 4222 spiritalem

645 4231 700 4276 et
727 4221 1063 4292 corporalem
1091 4266 1105 4287 ,
1145 4226 1442 4296 angelicam
1481 4223 1728 4296 videlicet
1757 4231 1824 4296 et_
1841 4221 2164 4296 mundanam
2197 4262 2210 4284 ,

647 4308 754 4364 non
785 4291 864 4348 sic
888 4291 1252 4364 accipiendum
1283 4306 1364 4352 est
1385 4337 1399 4359 ,
1445 4295 1592 4364 quasi
1623 4295 1671 4346 in
1718 4294 1894 4364 verbis
1925 4291 2040 4344 istis
2069 4294 2214 4355 prior

647 4363 736 4417 illa
764 4363 1024 4420 sententia
1057 4370 1129 4420 uti
1164 4368 1292 4421 falsa
1339 4363 1695 4435 reprobetur;
1740 4363 1833 4417 sed
1880 4364 2211 4435 propositum

651 4435 866 4508 concilii
900 4448 1026 4508 erat
1070 4437 1317 4508 Origcnis
1361 4433 1787 4508 caeterornmque
1818 4435 1906 4502 qui
1943 4433 2212 4508 spiritales

645 4506 972 4562 substantias
1019 4503 1302 4575 productas
1335 4527 1364 4562 a
1411 4508 1522 4562 Deo
1567 4507 1840 4565 dixerunt.
1889 4513 1947 4557 ut
1985 4503 2212 4570 Spiritali

647 4576 905 4659 dignitate
934 4581 1232 4645 potirentur
1256 4598 1270 4646 ;
1291 4579 1486 4659 deinde
1512 4594 1632 4659 cum
1664 4583 2004 4659 peccassent,
2031 4585 2209 4659 creata

645 4644 814 4720 fuisse
879 4644 1104 4717 corpora
1172 4644 1389 4713 omnia,
1451 4644 1846 4720 quibus‘velut
1901 4644 2210 4720 carceribus

647 4718 868 4774 inclusae
911 4716 1173 4776 scelerum
1220 4722 1414 4776 darent
1454 4716 1642 4788 poenas
1667 4759 1683 4784 ,
1739 4733 1977 4773 errorem
2009 4716 2215 4788 confu-

646 4798 782 4844 tare.
841 4790 932 4845 Sic
978 4792 1122 4846 euim
1160 4793 1330 4846 locum
1382 4787 1522 4846 hunc
1572 4790 1835 4844 intellexit
1875 4788 1932 4844 S.
1979 4787 2214 4842 Thomas

647 4862 698 4914 in
730 4861 1066 4930 expositione
1097 4863 1280 4931 prima:
1311 4863 1620 4916 decretalis.
1652 4861 1782 4914 Esse
1810 4871 1986 4913 autem
2031 4867 2214 4926 poste-

645 4931 842 4984 riorem
885 4933 1026 4986 illam
1074 4933 1396 4986 sententiam
1449 4934 1656 4986 veritati
1706 4933 1875 5000 magis
1927 4939 2213 4984 consenta-

645 5015 822 5066 neam,
856 5001 1156 5056 divinarum
1191 5003 1486 5057 litterarum
1529 5011 1584 5056 et
1607 5002 1895 5054 multorum
1926 5002 2086 5053 etiam
2120 5015 2216 5053 ve-

645 5081 818 5124 terum
841 5073 1160 5140 scriptorum
1190 5073 1525 5128 demonstrat
1547 5073 1867 5125 auctoritas:
1899 5087 2018 5123 nam
2048 5069 2215 5124 Exodi

645 5155 713 5194 xx
745 5143 931 5196 scribit
953 5144 1163 5214 Moyses
1192 5144 1357 5198 Deum
1387 5158 1479 5197 sex
1507 5144 1713 5197 dierum
1759 5142 1931 5209 spatio
1971 5142 2169 5195 coelum
2197 5182 2211 5205 ,

644 5219 866 5278 terram,
899 5229 1068 5278 mare,
1099 5225 1153 5268 et
1190 5215 1367 5268 omnia
1410 5214 1605 5282 qumin
1643 5214 1720 5266 eis
1761 5220 1918 5271 sunt.
1963 5225 2213 5276 creasse;

644 5284 864 5351 angelos
889 5296 1066 5339 autem
1095 5299 1217 5340 esse
1241 5287 1292 5340 in
1319 5285 1476 5351 ctelo,
1511 5294 1565 5338 et
1587 5283 1788 5337 idcirco
1816 5285 2086 5338 coele5tem
2121 5285 2221 5336 mi-

643 5353 812 5408 litiam
864 5357 1125 5424 appellari
1173 5373 1330 5410 nemo
1377 5366 1460 5410 est
1512 5355 1601 5424 qui
1651 5355 1902 5422 ambigat.
1958 5353 2217 5416 Quocirca

642 5425 890 5482 conﬁteri
919 5437 1131 5496 oportet
1162 5427 1285 5482 illos
1313 5429 1475 5481 etiam
1505 5441 1602 5479 sex
1628 5425 1834 5479 dierum
1861 5425 2071 5478 illorum
2096 5438 2218 5494 spa-

643 5497 718 5549 tio
763 5507 974 5552 creatos
1017 5513 1158 5552 esse.
1214 5496 1623 5552 Ecclesiasticus
1667 5510 1879 5565 quoque
1926 5509 2052 5549 xvttt
2096 5510 2214 5563 cap.

640 5567 796 5631 dicit,
819 5569 919 5634 Qui
942 5569 1058 5621 uiuit
1078 5571 1131 5622 in
1150 5578 1415 5633 talentum,
1439 5568 1620 5621 creavit
1639 5568 1809 5619 omnia
1828 5567 2002 5628 simul,
2030 5581 2220 5635 nempe

644 5638 786 5693 intra
815 5655 907 5694 sex
940 5639 1140 5702 primos
1169 5640 1350 5692 mttndi
1381 5640 1518 5693 dies.
1551 5638 1615 5690 Et
1645 5636 1958 5691 DJoannes
1993 5638 2009 5689 Ι
2045 5637 2214 5704 Epist.

643 5721 703 5761 nt
733 5724 851 5777 cap.
878 5709 1148 5764 diabolum
1174 5710 1242 5762 ab
1267 5711 1418 5763 initio
1447 5721 1696 5776 peccasse
1719 5706 1876 5766 dicit:
1908 5717 2112 5762 certum
2137 5714 2220 5760 est

644 5786 825 5832 autem
861 5781 1035 5845 ipsum
1081 5781 1241 5834 fuisse
1274 5781 1322 5832 in
1365 5779 1502 5832 coelo
1536 5777 1749 5844 quando
1783 5781 2021 5845 peccavit
2051 5796 2061 5829 :
2097 5793 2217 5832 nam

646 5847 746 5906 hoc
778 5849 1079 5908 signiﬁcant
1104 5851 1191 5905 illa
1226 5851 1389 5905 verba
1419 5846 1621 5902 Christi
1649 5846 1806 5903 Luca:
1843 5864 1873 5901 x
1913 5866 1922 5899 :
1980 5847 2218 5903 Videbunt

2234 1856 2282 1917 B

2291 547 2468 600 evadit
2494 545 2665 613 ipsum
2690 545 2939 600 una’cum
2963 547 3105 600 coelo
3125 547 3405 603 conditum
3431 563 3572 603 esse.
3606 548 3696 604 His
3717 545 3857 606 acce-

2291 616 2421 690 dunt
2453 621 2618 690 prima
2651 616 2736 668 illa
2770 618 2930 669 verba
2962 618 3190 690 Genesis
3214 659 3228 684 ,
3277 619 3342 672 In
3387 621 3641 690 principio
3684 625 3855 676 creavit

2292 687 2429 741 Deus
2455 689 2635 740 caelum
2664 695 2711 740 et
2743 697 2962 740 terram:
2994 688 3096 742 hoc
3139 698 3240 753 est,
3275 699 3332 744 ut
3363 687 3516 744 Pltilo
3537 687 3589 744 et
3609 691 3696 745 alii
3717 707 3848 746 comv

2293 759 2476 827 plures
2514 767 2825 826 exponunt,
2879 759 3075 812 caelum
3121 770 3176 814 et
3221 770 3360 815 terra
3404 773 3526 815 ante
3556 763 3734 816 omnia
3761 763 3852 817 alia

2293 839 2472 902 creata
2502 841 2623 881 sunt
2655 847 2665 880 :
2693 830 2761 882 ita
2793 839 2967 883 tamen
2992 840 3048 884 ut
3069 832 3188 885 caeli
3219 832 3434 886 nomine
3456 833 3632 899 angeli
3656 848 3853 902 quoque

2295 908 2347 953 et
2383 900 2481 972 sub
2524 909 2660 952 terra
2692 915 2971 967 corporea:
2999 917 3086 956 res
3110 910 3164 954 et
3193 903 3442 956 animatae
3473 900 3852 972 intelligantur.

2294 971 2630 1038 Sttilragatttr
2654 985 2865 1037 quoque
2891 973 3256 1039 superioribus
3286 973 3346 1026 Ι).
3379 971 3730 1041 Ερὶριηηξὶη
3761 975 3857 1028 ha!-

2295 1043 2403 1096 resi
2430 1041 2577 1094 Pauli
2607 1042 2967 1105 Samosateui,
2998 1059 3117 1110 quae
3139 1053 3219 1097 est
3247 1043 3317 1097 65
3346 1043 3572 1110 August.
3603 1044 3698 1097 lib.
3725 1059 3777 1099 ιι
3797 1045 3858 1100 de

2296 1112 2603 1184 Civit._cap.
2629 1110 2661 1163 6
2683 1121 2736 1165 et
2757 1112 2811 1184 9_,
2837 1123 2888 1165 et
2911 1113 3002 1165 lib.
3027 1128 3096 1168 xu
3118 1129 3237 1182 cap.
3259 1114 3362 1184 157;
3387 1113 3656 1167 Theodor.
3681 1124 3855 1184 quaest.

2301 1183 2334 1236 3
2368 1183 2417 1234 in
2447 1182 2646 1253 Cenes.
2686 1194 2736 1234 et.
2765 1182 2991 1249 Gregor.
3025 1184 3246 1253 Magnus
3282 1183 3379 1238 lib.
3417 1199 3563 1238 xxxn
3601 1182 3778 1238 Moral.
3811 1200 3854 1238 c.

2302 1253 2389 1308 lO.
2444 1252 2510 1306 Ut
2556 1253 2766 1306 interim
2797 1252 3336 1309 omittamus’mullos
3368 1269 3432 1310 ex
3481 1255 3561 1308 his
3588 1268 3718 1322 quos
3746 1263 3858 1308 ante

2303 1323 2655 1390 produximus
2687 1326 2736 1376 in
2772 1326 3128 1390 patrocinium
3162 1326 3357 1394 prioris
3380 1327 3691 1387 sententias,
3723 1325 3764 1378 si
3787 1325 3857 1378 di-

2302 1395 2531 1464 ligenter
2553 1394 3011 1461 introspiciantur,
3047 1406 3242 1450 nostra:
3269 1395 3552 1451 sententia:
3583 1411 3685 1450 non
3713 1395 3856 1450 dero-

2301 1481 2430 1534 gare
2457 1482 2468 1515 :
2501 1481 2619 1518 nam
2646 1465 2885 1533 plerique
2913 1467 3122 1520 illorum
3156 1482 3260 1521 non
3302 1478 3407 1520 tam
3440 1476 3687 1521 asserunt
3714 1480 3856 1532 quam

2304 1536 2571 1606 dubitant,
2603 1547 2889 1604 utramque
2927 1539 3246 1591 sententiam
3293 1546 3651 1606 proponentes
3679 1537 3728 1590 in
3759 1552 3856 1590 me-

2304 1605 2482 1660 dium:
2515 1608 2604 1659 alii
2634 1622 2759 1660 vero
2787 1608 2867 1660 sui
2903 1610 3159 1675 temporis
3181 1605 3338 1677 vulgo
3369 1617 3638 1672 receptam
3663 1607 3858 1674 opitth-

2307 1692 2427 1730 nem
2457 1680 2732 1742 relerunt,
2763 1678 2903 1730 sicut
2948 1679 3050 1732 hoc
3093 1681 3211 1733 loco
3258 1679 3382 1732 fecit
3420 1679 3586 1732 abbas
3619 1677 3852 1733 Serenus.

2309 1748 2549 1816 Denique
2579 1749 2829 1816 Magi5ter
2860 1746 3103 1803 Senicut.
3131 1766 3250 1802 cum
3277 1759 3384 1804 tota
3408 1749 3563 1802 turba
3593 1749 3856 1802 scholasti-

2309 1833 2492 1872 corum
2527 1819 2810 1886 posteriori
2835 1825 3112 1874 sententiae
3131 1820 3419 1875 subscribit
3452 1820 3543 1873 lib.
3572 1834 3604 1872 ll
3633 1820 3856 1874 Seutent.

2309 1891 2545 1944 distinct.
2569 1889 2622 1942 ‘2.
2655 1890 2991 1958 QuaprOpter
3020 1893 3173 1944 nobis
3201 1906 3412 1959 quoque
3434 1890 3600 1960 magis
3625 1889 3860 1959 probatur

2305 1977 2365 2014 ea
2392 1963 2680 2025 sententia,
2703 1977 2821 2028 qua:
2844 1977 2965 2014 cum
2991 1962 3285 2030 Augustino
3311 1970 3364 2015 et
3388 1961 3468 2014 his
3491 1976 3625 2028 quos
3644 1976 3862 2014 comme-

2305 2034 2649 2092 moravimus.
2682 2033 2898 2097 angelos
2925 2033 3002 2084 ait
3027 2033 3320 2101 significari
3347 2033 3605 2085 caelorum
3639 2030 3844 2083 nomine

2306 2103 2518 2170 quando
2547 2102 2752 2169 Moyses
2787 2101 2951 2155 Deum
2984 2103 3036 2156 in
3072 2105 3328 2172 principio
3357 2103 3544 2156 canum
3589 2111 3640 2154 et
3673 2110 3862 2155 terrant

2309 2173 2500 2226 fecisse
2532 2173 2688 2236 dicit;
2724 2173 2948 2242 ideoque
2974 2176 3143 2240 primo
3171 2174 3257 2227 die
3279 2189 3395 2227 cum
3423 2173 3540 2240 ipse
3568 2173 3704 2226 caelo
3731 2186 3863 2225 erea-

2309 2255 2394 2298 tos
2416 2259 2554 2298 esse.
2578 2243 2710 2296 llinc
2731 2243 2889 2296 etiam
2918 2245 2974 2299 Β.
2995 2246 3222 2311 Gregor.
3248 2246 3340 2300 lib.
3367 2260 3526 2297 xxvnt
3552 2243 3734 2296 Moral.
3758 2257 3862 2306 cap.

2312 2315 2398 2376 14.
2431 2316 2496 2367 ad
2525 2315 2612 2366 illa
2644 2314 2826 2378 verba,
2858 2313 2983 2366 Cum
3012 2333 3089 2369 me
3124 2318 3396 2368 laudarent
3420 2326 3561 2368 astra
3594 2312 3863 2371 maturina.

2314 2385 2445 2440 dicit
2467 2384 2684 2452 angelos
2707 2387 2885 2437 vocari
2910 2397 3048 2440 astra
3075 2387 3354 2451 matutina,
3384 2389 3506 2453 quia
3538 2385 3704 2453 primo
3726 2399 3864 2436 mane

2313 2457 2479 2512 creati
2525 2466 2687 2519 sunt;
2736 2471 2834 2509 nec
2868 2457 3027 2510 debet
3070 2456 3360 2526 quid-tuam
3409 2471 3629 2510 movere
3659 2457 3783 2508 ratio
3801 2453 3865 2526 ab

2311 2528 2503 2579 abbate
2535 2527 2738 2580 Sereno
2769 2526 2820 2578 in
2849 2525 3180 2580 contrarium
3225 2528 3449 2581 adducta
3475 2542 3546 2582 ex
3583 2528 3683 2581 illis
3713 2525 3866 2580 verbis

2311 2597 2433 2659 Job,
2468 2597 2688 2662 Quando
2717 2597 2851 2667 facta
2881 2609 2999 2650 sunt
3027 2598 3180 2650 simul
3208 2599 3404 2661 sidera,
3442 2598 3772 2651 laudauerunt
3801 2609 3865 2645 me

2311 2670 2466 2722 simul
2504 2685 2677 2721 omnes
2714 2667 2883 2737 angeli
2925 2670 3041 2721 mei.
3089 2669 3218 2722 Nam
3247 2670 3310 2722 ad
3341 2670 3484 2722 illam
3536 2668 3866 2736 objectionetu

2314 2740 2645 2805 respondent
2673 2739 3046 2794 Tbeodoretus
3073 2753 3123 2793 et
3151 2739 3478 2809 Epiphmius
3506 2741 3641 2793 locis
3671 2737 3866 2795 notatis.

2313 2811 2496 2864 stellas
2519 2821 2708 2879 quarto
2730 2811 2943 2864 demum
2967 2811 3053 2864 die
3075 2823 3283 2864 creatas
3307 2811 3493 2873 fuisse,
3523 2825 3591 2865 ac
3612 2821 3869 2879 propterea

2309 2882 2420 2950 jam
2452 2890 2562 2934 tum
2594 2883 2829 2949 potuisse
2861 2884 3080 2949 angelos
3128 2881 3408 2935 Dominum
3440 2882 3667 2935 laudare
3691 2923 3704 2944 ,
3746 2881 3870 2950 sicut

2318 2967 2502 3006 revera
2543 2968 2754 3022 quoque
2801 2953 3106 3006 laudabant.
3142 2952 3292 3019 Quod
3321 2967 3450 3006 vero
3493 2952 3789 3021 objiciunt,
3832 2949 3868 3000 :i

2317 3024 2492 3091 angeli
2527 3040 2630 3076 non
2660 3025 2882 3079 fuissent
2905 3033 3030 3077 ante
3054 3027 3306 3077 mundum
3332 3023 3525 3088 creati,
3564 3033 3871 3091 consequens

2319 3094 2435 3147 fore
2469 3095 2635 3148 Deum
2665 3094 2953 3163 aliquando
2985 3095 3351 3147 laudatoribus
3378 3097 3645 3160 caruisse,
3678 3095 3744 3147 ita
3775 3092 3871 3144 dis-

2320 3165 2484 3218 solvit
2513 3167 2880 3219 Theodoretns
2904 3209 2919 3234 ,
2960 3174 3018 3218 ut
3054 3166 3197 3218 dicat
3232 3165 3399 3218 Deum
3447 3182 3564 3220 non
3611 3165 3875 3234 indiguisse

2241 3236 2288 3299 C
2321 3236 2691 3290 laudatoribus
2714 3277 2728 3300 ,
2778 3233 3224 3302 quemadmodum
3259 3251 3327 3290 ne
3357 3250 3498 3289 nunc
3549 3236 3754 3304 quidem
3787 3233 3876 3285 illis

2320 3323 2453 3376 opus
2501 3308 2676 3362 habet.
2731 3307 2934 3360 Deinde
2963 3310 3122 3360 etiam
3174 3307 3224 3359 lti
3269 3307 3356 3376 qui
3401 3316 3653 3360 statumit
3681 3305 3877 3376 angelos

2319 3374 2470 3446 prius
2493 3378 2657 3431 factos
2681 3392 2820 3435 esse.
2846 3378 3060 3431 difliteri
3088 3386 3262 3430 tamen
3291 3374 3574 3446 nequeunt
3601 3377 3756 3432 Deum
3784 3374 3873 3426 illis

2318 3450 2487 3502 multo
2509 3464 2720 3517 semper
2743 3448 2906 3501 fuisse
2928 3449 3313 3516 antiquiorem;
3344 3464 3405 3501 ac
3430 3449 3666 3514 proinde
3691 3458 3880 3509 semper

2317 3519 2481 3572 fuisse
2509 3530 2718 3588 tempus
2739 3519 2952 3586 aliquod
2976 3534 3080 3588 quo
3106 3523 3242 3573 Deus
3267 3519 3512 3573 laudator
3529 3523 3648 3575 ibus
3668 3524 3878 3575 careret.

2318 3605 2604 3660 numquam
2631 3600 2802 3644 tamen
2827 3590 3108 3658 indigeret.

2865 3682 3000 3737 Coll.
3031 3683 3062 3737 8
3092 3698 3210 3752 cap.
3247 3682 3332 3737 10.

2320 3775 2554 3829 Priorem
2590 3775 2783 3828 diaboli
2830 3775 3052 3843 lapsum,
3093 3792 3190 3843 quo
3221 3776 3579 3846 superbiendo
3619 3781 3883 3838 corruerat,

2385 3865 2484 3917 quo
2503 3849 2655 3899 etiam
2672 3862 2876 3918 serpens
2900 3857 3146 3899 meruerat
3170 3848 3477 3916 nuncupari,
3505 3850 3730 3902 secundo
3750 3847 3881 3918 ruina

2388 3935 2476 3986 per
2502 3920 2747 3970 invidiam
2773 3917 3038 3970 subsecuta
3059 3927 3151 3981 est;
3172 3933 3285 3985 qum
3311 3919 3577 3972 inveniens
3597 3935 3708 3972 eum
3729 3917 3880 3969 adhuc

2385 3990 2584 4058 aliquid
2609 3989 2661 4040 in
2684 4005 2789 4040 sese
2813 3999 3003 4040 rectum
3029 3987 3309 4050 habentem,
3342 3989 3413 4058 ita
3445 4000 3504 4041 ut
3539 3991 3689 4042 etiam
3723 3991 3880 4058 cujus—

2387 4057 2504 4112 dant
2533 4058 2776 4122 colloquii
2803 4072 2954 4125 atque
2991 4060 3193 4111 consilii
3233 4074 3348 4110 cum
3376 4057 3588 4112 homine
3615 4068 3775 4127 posset
3803 4059 3879 4107 ha-

2385 4129 2500 4183 bere
2537 4133 2879 4192 etmsorttttm,
2919 4131 3165 4181 sententia
3211 4128 3423 4180 Domini
3470 4132 3661 4183 utiliter
3699 4131 3748 4180 in
3789 4129 3877 4178 ima

2386 4202 2587 4270 dejecit,
2613 4210 2666 4252 ut
2692 4217 2789 4252 non
2803 4202 2916 4270 jam
2937 4203 3068 4253 sicut
3091 4209 3218 4270 ante
3239 4199 3456 4270 sublime
3476 4201 3678 4266 aliquid
3701 4203 3880 4251 intuens

2385 4268 2608 4325 excelsus
2639 4268 2908 4334 incederet,
2945 4272 3033 4323 sed
3063 4280 3115 4322 ut
3141 4268 3252 4322 solo
3287 4269 3551 4324 cohwrens
3591 4279 3799 4341 reparet,
3839 4276 3879 4318 et

2385 4343 2682 4394 humiliatus
2697 4359 2846 4411 super
2867 4353 3086 4394 uentrem
3107 4343 3320 4395 terrenis
3333 4342 3576 4396 vitiorum
3597 4343 3721 4395 escis
3744 4349 3879 4408 atque

2386 4414 2619 4482 operibus
2657 4422 2968 4482 pasceretur.

2386 4505 2606 4575 (Annot.
2644 4504 2754 4568 l3.)
2803 4504 3079 4558 Geminam
3127 4501 3343 4557 diabolo
3390 4504 3599 4557 ruinam
3643 4504 3697 4575 in
3744 4501 3878 4554 hisce

2313 4574 2493 4631 verbis
2522 4575 2703 4629 tribuit
2725 4575 2888 4628 abbas
2910 4578 3176 4628 Serenus:
3207 4577 3439 4640 priorem
3467 4574 3758 4639 superbiae.
3787 4585 3878 4637 qua

2239 4617 2292 4678 Β
2323 4651 2372 4702 in
2405 4648 2597 4701 coelum
2632 4646 2948 4709 ascendere,
2990 4661 3150 4714 super
3181 4617 3323 4698 a'slra
3356 4645 3447 4698 Dei
3491 4617 3686 4700 sblium
3733 4617 3876 4695 suinn

2320 4721 2575 4780 exaltare,
2609 4730 2661 4770 et
2700 4717 2976 4770 Altissimo
3006 4713 3196 4768 similis
3225 4731 3346 4770 esse
3386 4717 3584 4779 voluit;
3629 4713 3878 4786 posterio;

2319 4806 2431 4844 rem
2459 4789 2692 4852 invidiae,
2722 4801 2822 4856 qut
2850 4787 3048 4854 primos
3076 4787 3241 4839 nostri
3293 4786 3510 4855 generis
3539 4780 3794 4856 auc-tores
3819 4780 3876 4834 ad

2318 4857 2647 4929 peccandum
2695 4853 2922 4911 induxit.
2957 4857 3116 4911 Addit
3164 4853 3396 4929 quoque,
3429 4869 3554 4912 ante
3602 4853 3874 4929 secundant

2320 4924 2455 4984 hanc
2487 4928 2702 4982 invidiae
2731 4930 2967 4992 ruinam,
3004 4928 3170 4981 fuisse
3199 4927 3374 4980 adhuc
3413 4929 3462 4980 in
3496 4929 3742 4980 danunne
3785 4924 3874 4974 ali-

2317 5001 2445 5070 quid
2468 4999 2824 5062 rectitudinis,
2845 5014 3001 5066 quam
3026 5003 3325 5070 posteriore
3351 4998 3437 5070 illa
3463 4996 3878 5070 transgressione

2321 5066 2590 5125 amiserit:
2635 5083 2826 5136 nempe
2869 5085 2989 5122 cum
3035 5068 3293 5122 Dmuinus
3339 5069 3410 5122 illi
3454 5069 3677 5135 diceret,
3721 5066 3906 5130 Super,

2323 5152 2496 5210 pectus
2525 5151 2665 5193 tuum
2695 5140 2966 5210 gradieris,
3000 5151 3058 5210 et
3075 5150 3260 5192 terram
3287 5140 3517 5192 contedes
3545 5137 3742 5210 cunctis
3778 5137 3872 5210 dte-
3902 5151 3906 5155 ·

2323 5203 2413 5264 bus
2442 5214 2555 5265 vine
2581 5203 2857 5277 lutelGeu.
2892 5211 2989 5274 tu).
3016 5207 3313 5279 Utrumque
3339 5211 3440 5264 hoc
3463 5210 3583 5263 loco
3613 5207 3764 5279 nobis
3785 5203 3880 5256 erit

2323 5276 2725 5336 excutiendum.
2760 5285 2835 5335 Ac
2879 5285 3106 5348 primum
3153 5276 3367 5348 quidem
3399 5280 3539 5350 quod
3569 5280 3634 5332 ad
3685 5276 3877 5331 ruinam

2325 5353 2584 5406 dammnis
2614 5354 2832 5416 attinet,
2866 5351 2991 5404 illud
3043 5353 3092 5403 in
3125 5353 3373 5405 confesso
3415 5362 3500 5405 est
3532 5351 3727 5417 ipsum,
3765 5355 3876 5398 cum

2326 5423 2395 5477 sit
2441 5423 2696 5490 Spiritalis
2745 5431 2797 5475 et
2837 5425 3209 5490 incurporeus,
3265 5424 3476 5489 propria
3529 5422 3738 5472 actione
3786 5424 3877 5464 non

2327 5495 2566 5564 potuisse
2619 5506 2844 5564 peccare
2892 5492 2996 5546 nisi
3047 5491 3243 5564 duplici
3296 5491 3392 5564 illo
3437 5491 3642 5560 peccati
3673 5494 3876 5564 genere.

2329 5555 2591 5632 superbiae
2617 5555 2867 5617 videlicet
2909 5575 2960 5617 et
2992 5555 3223 5625 invidiae,
3257 5562 3395 5622 quod
3439 5555 3718 5632 utriusque
3745 5555 3908 5632 obje-t

2325 5623 2468 5690 ctum
2500 5637 2588 5701 (ut
2612 5633 2834 5702 vocant)
2865 5638 2932 5687 sit
2959 5623 3224 5702 spiritale;
3277 5633 3420 5685 illius
3461 5623 3683 5702 quidem
3723 5623 3880 5702 excel:

2327 5691 2763 5774 lentia'propria,
2805 5691 2955 5772 hujus
2991 5691 3179 5754 'autem
3212 5691 3554 5757 vexcelleuiia
3606 5699 3776 5774 aliena
3803 5691 3881 5774 ubi

2327 5765 2550 5844 impedit
2581 5765 2840 5828 noStram.
2872 5765 3111 5828 Aliorum
3147 5788 3277 5825 vero
3306 5779 3655 5839 peccatorum
3696 5765 3885 5844 objecti

2327 5837 2450 5903 sunt
2478 5848 2756 5911 pronubo,
2801 5850 2970 5909 cibus,
3017 5856 3190 5910 polus,
3227 5837 3539 5910 voluptates
3573 5837 3815 5902 tangendi
3845 5841 3887 5884 et
