4000 6186
601 223 709 283 327

603 408 750 462 varia
782 393 1139 469 est-Opinatio
1185 396 1474 466 (Epipltan.
1520 394 1571 446 in
1612 394 1792 448 hwresi
1818 393 1881 447 51
1911 410 1925 457 ;
1968 394 2179 463 Origen.

606 478 781 519 hnmil-
811 476 843 519 Ω
890 474 952 519 de
991 468 1198 519 diversis
1234 478 1359 519 tom.
1400 465 1481 519 ll:
1515 464 1689 517 Anibr.
1720 482 1871 518 serm.
1900 465 1990 519 22.
2032 475 2080 517 et
2113 462 2179 519 D.

605 478 784 532 homil.
811 476 843 529 8
890 474 952 527 de
991 472 1198 524 diversis
1234 478 1359 521 tom.
1400 472 1481 529 ll;
1515 472 1689 517 Anibr.
1720 482 1871 518 serm.
1900 472 1990 529 22,
2032 475 2080 517 et
2113 472 2180 519 ι).

602 546 877 602 Iansenius
896 546 947 597 in
981 538 1261 595 Concordia
1308 536 1680 605 Evangelica);
1722 550 1882 604 quam
1926 549 2024 590 nos
2062 534 2183 605 aliis

554 628 577 667 ἐ
604 617 956 686 relinquimus
980 608 1391 686 discutiendam.
1411 604 1685 686 Caeterum
1726 606 1866 673 quod
1898 604 2182 686 attineLad

602 674 1017 744 celebrationem
1049 681 1271 735 istarqu
1305 678 1676 744 festivitatum,
1715 686 1927 730 constat
1956 692 2022 730 ex
2065 674 2184 729 Flo.
2221 714 2230 722 .

603 760 808 815 rentina
858 750 1436 825 synodotoccasi‘one
1468 752 1824 825 Armenorum
1870 758 2185 825 controver-

602 832 733 883 siam
767 818 1053 895 aliquando
1100 822 1272 895 fuisse
1305 820 1357 873 in
1397 818 1659 882 Ecclesia,
1696 833 1801 887 quo
1843 818 2183 895 potissimum

603 890 1147 967 tempore-celebrari
1188 891 1507 967 deberent;
1543 904 1702 957 quam
1752 890 2181 967 controversiain

598 958 873 1039 Eugenius
902 962 1142 1039 pontifex
1169 961 1543 1039 ejusuominis
1581 968 1806 1039 quai'tus
1824 958 1899 1039 .in
1942 973 2040 1039 suo
2064 958 2185 1039 “illo

598 1028 814 1096 dec'reto
845 1028 985 1107 quod
1014 1028 1221 1107 synodo
1258 1028 2183 1107 Fiorentinze__a_djuagitur,ideﬁni-

596 1114 690 1167 vit.
728 1100 874 1165 Nam'
906 1109 962 1162 in
990 1100 1106 1161 c..'8
1140 1102 1548 1157 Constitutionis
1588 1100 1729 1154 illius
1760 1102 2047 1165 apostolica
2082 1115 2179 1153 au-

594 1184 840 1238 ctoritate
872 1178 1087 1233 mandat
1112 1175 1387 1237 Armenis,
1417 1184 1471 1226 ut
1516 1170 1957 1225 consuetudinem
1981 1170 2182 1223 Roma-

597 1269 678 1308 mn
708 1252 986 1315 Ecclesia),
1018 1261 1139 1315 qua:
1171 1256 1475 1299 sanctorum
1517 1241 1731 1315 Patrum
1775 1242 2097 1295 testimoniis
2128 1248 2181 1295 et

595 1326 832 1379 omnium
864 1313 1087 1375 aliarum
1129 1316 1489 1371 Eeclesiarum
1531 1322 1637 1366 tam
1669 1313 1975 1367 Graecarum
2018 1326 2179 1381 quam

596 1396 904 1450 Latinarum
944 1386 1317 1445 consuetudini
1348 1394 1701 1439 consentanea
1744 1393 1846 1446 est,
1888 1384 2181 1446 suscipiant

595 1476 1027 1535 sequamurque;
1057 1467 1225 1535 utque
1253 1455 1689 1535 Annuntiatiouis
1726 1454 1972 1535 Deipara;
2003 1452 2180 1535 ιρι-εξ-

596 1523 688 1591 ηἱέ
712 1523 1021 1589 festum-die
1064 1523 1318 1598 vigesima
1348 1529 1533 1598 quinta
1571 1526 1769 1580 mensis
1800 1523 2182 1598 MartiipNati-

596 1605 778 1661 vitatis
812 1606 871 1675 D.
902 1604 1065 1675 ἄοιιηῖ
1087 1594 1344 1675 Baptista:
1369 1594 1636 1675 vigesima
1669 1606 1855 1675 quarta
1886 1595 2049 1675 intrii,
2075 1594 2181 1675 Na-

597 1678 759 1732 talem
787 1672 990 1728 Christi
1018 1671 1272 1741 vigesima
1303 1670 1491 1741 quinta
1521 1668 1861 1731 Decembris,
1886 1667 2180 1741 Circumci-

597 1749 799 1801 sionem
835 1745 1001 1812 prima
1032 1736 1293 1805 Januarii,
1321 1736 1704 1812 Epiphaniam
1730 1747 1878 1812 sexta
1918 1736 2173 1799 Januarii,

596 1826 651 1872 et
681 1808 1110 1871 Puriﬁ'cationem
1167 1812 1400 1867 secunda
1434 1810 1709 1864 Februarii
1740 1808 1929 1864 festiva
1970 1824 2031 1863 ac
2084 1822 2177 1863 so-

598 1889 760 1945 lemni
789 1885 1163 1943 recordatione
1192 1883 1486 1938 celebrent.

1167 1976 1283 2031 Col.
1318 1976 1382 2028 l3
1408 1988 1525 2044 cap.
1557 1976 1610 2028 8.

596 2072 724 2127 Cum
764 2073 816 2124 in
848 2072 988 2125 nobis
1036 2070 1170 2124 Deus
1210 2078 1376 2120 ortum
1412 2068 1683 2135 quemdam
1725 2066 1868 2119 bona:
1905 2064 2177 2118 voluntatis

666 2143 962 2214 inspexerit,
990 2140 1249 2214 illuminat
1281 2153 1393 2191 eam
1418 2138 1691 2214 confestim
1717 2147 1866 2205 atque
1894 2137 2172 2214 ςςιοηῙογιαι2

667 2224 713 2267 et
750 2206 957 2267 'incitat’
989 2214 1055 2264 ad
1108 2210 1357 2272 salutem;
1410 2212 1775 2261 incrementum
1842 2206 2065 2259 tribuens
2132 2206 2177 2257 ei

665 2300 815 2354 quam
860 2286 938 2337 vel
986 2282 1236 2352 plantavit
1262 2279 1339 2332 vel
1366 2287 1539 2332 nostro
1577 2289 1763 2331 conatu
1783 2278 1961 2330 viderit
2009 2291 2175 2330 emer-

666 2357 790 2409 sisse
806 2395 821 2421 ,
851 2364 955 2410 etc.

669 2449 879 2517 (Annot.
915 2447 1050 2517 20.)
1083 2447 1208 2500 llaec
1250 2442 1618 2517 Chmremouis
1666 2441 1872 2517 abbatis
1915 2439 2177 2517 sententia

600 2512 823 2589 prorsus
870 2512 1118 2571 haeretica
1162 2524 1273 2589 est,
1311 2530 1469 2589 quam
1498 2513 1697 2568 idcirco
1734 2513 1969 2589 prudens
2010 2512 2177 2589 lector

598 2582 767 2658 usque
805 2589 869 2641 ad
902 2590 1059 2642 ﬁnem
1100 2586 1402 2658 collationis
1441 2595 1795 2658 pertranseat.
1831 2584 1993 2658 Multa
2033 2586 2176 2658 enim
2207 2582 2214 2591 '

601 2653 695 2715 hic
720 2658 1067 2729 proferuntur
1095 2657 1161 2712 ad
1202 2657 1537 2729 extollendas
1568 2656 1721 2729 liberi
1765 2653 1971 2729 arbitrii
2012 2653 2172 2718 vires,

599 2742 654 2786 et
692 2726 759 2785 ad
805 2729 1207 2799 deprimendam
1256 2728 1421 2781 divini
1470 2727 1721 2799 adiutorii
1768 2726 2172 2799 necessitatem;

600 2819 721 2874 qua:
759 2795 958 2857 idcirco
996 2803 1156 2874 etiam
1188 2798 1473 2874 Dionysius
1499 2796 1761 2874 Carthus.
1793 2796 1846 2851 in
1876 2811 1971 2850 sua
2008 2795 2175 2849 Para-
2214 2850 2217 2853 .

602 2868 785 2944 phrasi
835 2872 1079 2927 consulto
1108 2871 1311 2944 omisit,
1341 2878 1395 2924 et
1422 2871 1473 2944 in
1499 2870 1671 2944 locum
1700 2868 1913 2944 illorum
1942 2875 2167 2944 rectam,

601 2938 956 3000 orthodoxam
988 2952 1041 2997 et
1069 2941 1383 2997 catholicam
1414 2939 1481 2993 de
1510 2940 1680 3010 gratia
1710 2948 1764 2993 et
1793 2938 1963 2993 libero
2005 2940 2175 2990 homi-

602 3020 685 3072 nis
705 3016 928 3070 arbitrio
948 3015 1249 3070 doctrinam
1273 3013 1569 3066 substituit.
1598 3010 1693 3065 Est
1718 3019 1918 3075 autem,
1948 3017 2009 3062 ut
2028 3024 2177 3063 com-

603 3088 800 3158 pendio
844 3103 956 3142 rem
1006 3095 1172 3158 totam
1201 3098 1553 3158 exponamus,
1589 3082 1703 3158 lucc
1718 3081 1933 3158 abbatis
1961 3078 2177 3158 Chaeref

604 3152 778 3214 inouis
819 3156 1109 3219 sententia,
1139 3152 1381 3225 quaedam
1433 3157 1500 3209 ab
1530 3152 1839 3207 hominibus
1873 3162 2035 3225 recte
2063 3152 2177 3225 geii

606 3231 968 3300 praeveniente
997 3238 1052 3283 et
1082 3222 1336 3282 incitante
1366 3225 1487 3300 iilos
1516 3224 1717 3278 divina:
1746 3224 1935 3300 gratia:
1979 3222 2179 3300 beneﬁ-

604 3294 725 3367 cio;
776 3302 1020 3367 qutedam
1051 3313 1179 3353 vero
1218 3312 1284 3351 ex
1321 3296 1442 3350 solo
1482 3303 1693 3367 naturae
1727 3295 1918 3367 ductu,
1954 3294 2179 3367 excluso

606 3364 998 3439 Dei'ad—jutorio
1024 3388 1035 3422 :
1068 3372 1141 3425 ita
1168 3378 1345 3422 tamen
1389 3376 1446 3420 ut
1474 3366 1615 3439 Deus
1644 3367 1757 3439 ipse
1782 3366 1922 3434 quod
1952 3364 2177 3439 inchoa-

604 3452 718 3497 tum
750 3435 835 3497 est
863 3452 1023 3511 atque
1059 3444 1350 3511 inemptum
1376 3436 1823 3511 perﬁciat._lla_n_c
1854 3435 2177 3511 sententiam

645 3506 955 3581 osteaquam
982 3511 1083 3564 sub
1114 3506 1270 3563 ﬁnem
1299 3508 1469 3581 octavi
1506 3506 1697 3576 capitis
1724 3507 1827 3559 illis
1850 3507 2030 3581 verbis
2057 3521 2177 3581 qua:

645 3528 955 3581 05teaquam
982 3528 1083 3564 sun
1114 3528 1270 3563 tinem
1299 3528 1469 3561 OCtuvI
1506 3528 1697 3576 captus
1724 3528 1827 3559 tttts
1855 3528 2030 3559 vernis
2060 3528 2177 3574 qua:

606 3528 697 3637 Βία
722 3592 973 3635 annotata
1005 3589 1131 3635 sunt
1171 3580 1567 3647 proposuisset,
1615 3575 1957 3645 prosequitur
1985 3576 2177 3632 deinde

606 3662 663 3709 et
685 3654 967 3707 conﬁrmat
1006 3656 1062 3705 in
1090 3665 1229 3721 cap.
1262 3664 1441 3714 nouo;
1472 3647 1665 3702 deinde
1702 3661 1835 3721 vero
1868 3647 2173 3721 undecimo,

605 3724 947 3791 duodecimo,
1001 3717 1175 3779 tertio'
1203 3720 1431 3787 decimo,
1483 3728 1674 3791 quarto
1722 3717 1950 3787 decimo,
1990 3720 2179 3788 quinto

604 3794 836 3859 decimo,
868 3790 1174 3864 et'septimo
1195 3793 1407 3847 decimo
1435 3790 1719 3864 capitibus,
1752 3793 2080 3864 argumentis
2111 3806 2178 3845 ex

605 3881 757 3921 sacra
800 3861 1107 3936 Scriptura,
1151 3880 1219 3920 ex
1245 3864 1409 3918 variis
1437 3862 1696 3936 exemplis
1716 3903 1754 3936 ,_
1776 3876 1837 3915 ac
1867 3861 2083 3936 demum
2112 3875 2179 3915 ex

604 3939 717 4008 ipsa
750 3932 957 3993 ratione
985 3936 1317 4007 depromptis
1355 3934 1687 4008 corroborat.
1718 3932 1918 4008 Verum
1953 3932 2012 3984 Β.
2038 3932 2179 4008 _Pro-

603 4002 731 4079 s'per
777 4002 1070 4079 Regiensis'
1103 4002 1386 4079 episcopus
1417 4004 1685 4079 peculiari
1729 4002 1995 4079 volumine
2026 4003 2178 4079 hunc

604 4071 844 4135 errorem
860 4071 1193 4141 'confutavit,
1242 4071 1384 4143 quod
1416 4071 1690 4143 inscribit,
1718 4083 1905 4127 contra
1946 4071 2179 4127 Collatu-

603 4166 741 4206 rem.
779 4150 877 4204 Est
903 4160 1081 4203 autem
1111 4142 1360 4217 perplexa
1388 4156 1439 4200 et
1467 4142 1700 4198 difﬁcilis
1728 4143 1795 4197 de
1833 4144 1999 4211 gratia
2026 4154 2079 4198 et
2116 4144 2180 4199 li-

603 4222 736 4277 hero
768 4220 990 4274 arbitrio
1016 4217 1353 4285 disceptatio,
1388 4223 1609 4285 propter
1636 4224 1934 4283 pugnantes
1966 4227 2013 4269 et
2048 4229 2179 4269 con-

605 4291 801 4370 trarias
823 4290 1079 4370 hair-eses,
1107 4303 1330 4370 quarum
1352 4286 1718 4370 altera‘libero
1740 4285 2177 4370 arbiirionaltera

603 4363 792 4432 gratia;
819 4359 1020 4414 Christi
1065 4356 1441 4432 iniquior-est;
1485 4356 1711 4425 ideoque
1751 4356 2176 4432 mediocritatem

604 4426 659 4489 ét
686 4431 965 4487 veritatem
1012 4426 1179 4500 ipsau}
1230 4429 1494 4499 attingere
1523 4442 1781 4500 perquam
1813 4426 2033 4500 difﬁcile
2068 4441 2172 4484 est.

603 4503 702 4560 Cui
725 4504 931 4559 accedit
959 4498 1101 4573 quod
1130 4501 1242 4571 ipsa
1271 4498 1484 4569 quoque
1506 4499 1791 4573 Scriptura
1819 4498 1995 4573 divina
2022 4500 2176 4573 liberi

602 4576 811 4631 arbitrii
844 4572 989 4629 vires
1023 4577 1093 4628 ita
1121 4573 1347 4628 subinde
1375 4572 1588 4625 extollit
1615 4572 1763 4639 quasi
1806 4572 1996 4639 gratia:
2035 4572 2176 4625 mul-

601 4657 713 4702 tum
742 4647 1054 4714 derogatum
1096 4646 1346 4708 voluerit,
1385 4641 1616 4697 subinde
1645 4642 1711 4714 ad
1738 4641 1963 4710 gratiam
1995 4644 2174 4697 omnia

599 4718 802 4774 referre
832 4713 1046 4771 videtur
1076 4715 1249 4770 libero
1296 4714 1522 4769 arbitrio
1550 4713 1807 4779 excluso;
1850 4728 2175 4783 quamquam

599 4804 754 4845 secus
804 4802 891 4847 res
921 4788 1156 4841 habeat:
1200 4801 1321 4840 nam
1354 4785 1585 4853 Spiritus
1626 4794 1844 4838 sanctus
1892 4792 2175 4852 utramque

600 4858 853 4923 heresin,
902 4858 968 4913 de
997 4857 1165 4927 gratia
1219 4857 1427 4910 scilicet
1463 4853 1870 4927 Pelagianorum
1913 4865 1965 4908 et
2006 4856 2175 4909 Mani-

595 4931 869 4984 chaeorum
910 4929 978 4983 de
1008 4926 1207 4982 natura
1234 4928 1562 4981 exorituram
1600 4926 1928 4995 pra-videns,
1968 4940 2175 4981 sermo-

597 5014 721 5055 nem
753 5014 908 5054 suum
934 5001 985 5053 in
1012 4999 1209 5053 divinis
1240 5000 1432 5052 litteris
1464 4998 1533 5051 ita
1566 5008 1867 5062 temperare
1896 4995 2083 5060 voluit,
2117 5007 2173 5052 ut

634 5079 817 5139 ropter
843 5079 1127 5138 utrumque
1157 5084 1399 5124 errorem
1428 5068 1554 5139 alibi
1577 5068 1642 5121 ad
1668 5067 1918 5135 gratiam,
1951 5066 2075 5121 alibi
2103 5069 2170 5123 ad

622 5138 828 5197 iberum
850 5140 1131 5195 arbitrium
1153 5142 1333 5194 omnia
1358 5138 1606 5193 retulisse
1626 5140 1898 5191 videretur
1923 5152 1938 5189 :
1978 5153 2171 5208 nempe

591 5222 651 5269 ut
683 5214 805 5267 hinc
835 5210 1259 5287 intelligeretuns
1287 5224 1550 5287 _nos_e_sse
1600 5210 1897 5287 συνεργούς,
1934 5210 2165 5287 hocest,

592 5296 973 5353 coorteratores
994 5275 1179 5353 gratim
1206 5283 1320 5337 Dei.
1375 5275 1885 5353 Coitcurruntienim
1912 5282 2082 5349 gratia
2115 5275 2169 5336 et

590 5352 818 5411 liberum
844 5352 1145 5419 arbitrium,
1178 5362 1337 5423 atque
1368 5352 1439 5407 ita
1472 5368 1534 5407 ea
1567 5353 1689 5423 loca
1714 5352 2003 5421 Scripturae
2042 5367 2167 5406 san-

588 5435 690 5482 ctae
718 5444 834 5496 qua:
860 5441 1098 5496 pugnare
1122 5422 1261 5479 inter
1280 5440 1339 5480 se
1366 5424 1632 5485 videntur,
1668 5422 1824 5477 facile
1853 5424 2167 5491 rediguntur

588 5498 641 5553 in
670 5498 1041 5562 concordiam,
1073 5497 1120 5550 si
1153 5506 1353 5551 nostrae
1383 5496 1674 5549 voluntatis
1721 5504 1897 5549 aetum
1928 5505 1979 5548 et
2005 5510 2167 5548 cona-

590 5579 699 5623 tum
730 5584 855 5622 cum
900 5568 991 5621 Dei
1019 5568 1217 5622 auxilio
1266 5568 1619 5635 copulemus:
1654 5567 1723 5620 ita
1770 5578 1946 5620 tamen
1981 5577 2037 5620 ut
2066 5566 2166 5634 ipsi

589 5638 701 5693 Deo
734 5639 934 5707 primas
962 5647 1016 5692 et
1047 5640 1282 5707 potiores
1307 5649 1485 5707 partes
1521 5639 1836 5695 tribuamus.
1864 5638 1981 5707 lpse
2018 5640 2164 5692 enim

585 5708 644 5777 in
674 5708 830 5766 nobis
853 5723 1070 5766 omnem
1094 5709 1249 5765 bona:
1273 5710 1566 5765 voluntatis
1591 5710 1885 5766 motionem
1911 5718 2163 5767 antever-

1631 210 1719 267 ΔΙ)
1758 208 1985 267 OPERA
2022 208 2072 264 J.
2114 204 2426 265 CASSIANI
2463 204 2829 261 APPENDIX.

602 349 745 392 anno
790 330 1116 401 baptizatus.
1184 326 1262 401 De
1301 322 1594 401 Nativilate
1621 324 2080 401 autem-incerta
2130 329 2185 376 et
2210 329 2264 387 Α

2207 1710 2257 1770 Β

3765 203 3878 260 328

2290 318 2372 381 tit,
2402 328 2456 372 et
2482 333 2549 373 ex
2578 317 2907 381 nolentibus,
2932 314 3223 371 rebellibus
3244 322 3298 371 et
3326 313 3658 371 refractariis
3684 317 3880 375 voien-

2290 398 2370 443 tes
2400 388 2555 451 facit;
2604 390 2656 442 id
2687 387 2828 458 quod
2875 388 2928 441 in
2956 388 3154 442 nostris
3195 386 3403 441 viribus
3432 388 3591 440 situm
3624 404 3729 442 non
3764 402 3875 445 est.

2288 460 2421 513 Nam
2449 462 2703 514 voluntas
2729 468 2914 513 nostra
2936 474 3036 528 qua
3069 458 3317 527 eligimus
3352 466 3406 512 et
3446 458 3757 527 refugimus,
3794 462 3877 517 ita

2286 540 2371 585 est
2399 530 2693 599 depravata
2719 545 2815 599 per
2838 537 3115 599 peccatum
3145 537 3199 583 et
3228 528 3641 583 inobedientiam
3668 534 3878 598 primo-

2287 617 2406 655 rum
2438 600 2739 666 hominum,
2766 610 2823 653 ut
2843 600 2956 655 suis
2979 600 3315 670 naturalibus
3335 601 3601 668 praesidiis
3618 618 3723 656 non
3749 619 3878 670 pos-

2286 673 2357 725 sit
2385 673 2672 741 quidquam
2705 671 2866 737 velle,
2898 671 3093 725 nedum
3137 669 3338 732 facere,
3369 671 3512 740 quod
3544 672 3609 724 ad
3640 669 3875 729 salutent

2285 743 2549 809 conferat,
2579 742 2678 795 nisi
2704 746 2937 810 gratuito
2965 742 3057 795 Dei
3081 756 3306 795 munere
3338 744 3483 809 prius
3516 743 3746 797 excitata
3790 755 3876 799 at-

2284 828 2389 881 que
2418 814 2595 881 adjuta
2624 812 2807 866 fuerit.
2842 812 3044 866 Deinde
3082 827 3211 865 vero
3236 814 3401 866 semel
3429 828 3525 881 per
3556 816 3783 882 gratiam
3811 815 3876 870 li-

2284 883 2467 937 berata
2498 895 2551 938 et
2575 893 2786 947 sanata,
2828 898 2933 936 non
2967 891 3141 951 potest
3168 882 3221 935 in
3252 897 3317 936 eo
3364 883 3505 951 quod
3539 886 3738 938 bonum
3786 902 3877 941 re-

2285 961 2537 1022 ctumque
2563 965 2643 1008 est
2674 954 2965 1022 persistere
2990 963 3148 1022 atque
3181 956 3470 1021 proﬁcere.
3500 954 3599 1009 nisi
3630 970 3726 1023 per
3759 972 3875 1012 mo-

2284 1035 2464 1095 menta
2510 1026 2717 1095 singula
2764 1024 2959 1077 divina:
3010 1025 3194 1092 gratia:
3244 1024 3507 1095 praesidiis
3562 1026 3871 1092 adjuvetur.

2285 1094 2423 1149 Deus
2465 1094 2611 1149 enim
2638 1104 2711 1149 est
2738 1098 2826 1163 qui
2856 1106 3099 1165 operatur
3125 1096 3177 1147 in
3209 1095 3355 1147 nobis
3380 1094 3504 1148 velle
3543 1106 3588 1147 et
3623 1100 3875 1165 per/icere

2322 1182 2377 1219 ro
2410 1165 2544 1219 bona
2590 1166 2853 1219 voluntate
2884 1164 3053 1235 (Phil.
3084 1170 3146 1234 ι).
3178 1166 3331 1231 Quod
3378 1167 3557 1233 regius
3604 1164 3872 1236 propheta

2284 1183 2377 1289 Ero
2410 1183 2544 1219 oona
2590 1183 2853 1219 voluntate
2884 1183 3053 1235 μήιι.
3084 1183 3146 1234 Ι).
3178 1183 3331 1231 υυοιι
3378 1183 3557 1233 regius
3604 1183 3868 1236 propheta

2309 1236 2525 1310 avidin
2554 1237 2694 1310 Psal,
2732 1252 2859 1291 xxix
2892 1236 3397 1310 quoqueagnoscit,
3450 1252 3570 1310 cum
3616 1241 3708 1300 ait,
3748 1237 3868 1310 Ego

2284 1307 2394 1377 dixi
2441 1308 2494 1361 in
2524 1308 2839 1361 abundantia
2868 1324 2977 1359 mea
3011 1322 3026 1358 :
3061 1306 3182 1359 Non
3208 1306 3442 1359 movebar
3490 1309 3541 1360 in
3582 1306 3871 1377 internum;

2282 1374 2525 1443 Domine,
2557 1383 2610 1431 in
2640 1380 2900 1431 voluntate
2930 1387 3018 1430 tua
3044 1378 3323 1447 prtestitisti
3356 1379 3528 1431 decori
3560 1396 3667 1433 meo
3698 1374 3869 1435 virtu;

2284 1458 2422 1513 tem;
2446 1450 2676 1501 avertisti
2704 1450 2888 1518 faciem
2913 1458 3055 1501 tuam
3082 1465 3113 1500 a
3135 1464 3233 1511 me,
3257 1457 3301 1500 et
3328 1449 3495 1517 factus
3520 1466 3629 1503 sum
3650 1462 3867 1505 contur-

2284 1519 2450 1571 batus.
2486 1521 2760 1573 Minimum
2792 1521 2951 1589 igitur
2971 1528 3053 1573 est
3078 1518 3217 1588 quod
3250 1520 3303 1572 in
3334 1535 3497 1588 opere
3526 1520 3871 1589 justiﬁeatio-

2284 1591 2365 1643 nis
2397 1600 2595 1644 nostrae
2635 1606 2663 1642 a
2699 1590 2850 1645 nobis
2902 1591 3029 1659 ipsis
3058 1592 3255 1659 agitur,
3306 1592 3377 1643 ita
3428 1599 3486 1645 ut
3527 1606 3659 1660 pene
3692 1602 3869 1649 tutum

2285 1660 2396 1715 Deo
2434 1662 2506 1714 sit
2550 1660 2966 1715 ascrihendnm:
3004 1675 3125 1713 nam
3165 1660 3279 1728 ipse
3311 1660 3457 1729 prior
3490 1677 3586 1715 nos
3617 1675 3777 1719 vocat
3816 1678 3869 1721 et

2284 1743 2498 1797 movet;
2551 1733 2743 1786 deinde
2770 1732 2932 1785 efﬁcit
2977 1740 3034 1785 ut
3066 1732 3309 1799 velimus,
3358 1747 3420 1784 ac
3465 1732 3680 1787 demum
3730 1750 3869 1791 con-

2283 1812 2517 1857 summat
2560 1819 2622 1856 ac
2654 1802 2857 1871 perlicit
2888 1802 3217 1856 voluntatem
3268 1814 3527 1857 nostram.
3584 1804 3635 1857 In
3682 1808 3863 1873 primo

2283 1875 2463 1941 itaque
2484 1882 2538 1928 et
2569 1874 2725 1927 tertio
2756 1872 2887 1926 nihil
2928 1873 3157 1927 libertati
3198 1882 3395 1926 nostrae
3434 1874 3557 1928 licet
3598 1876 3864 1942 tribuere.

2282 1946 2403 2014 quia
2435 1946 2571 1998 sicut
2600 1944 2692 1997 Dei
2720 1946 2887 2012 gratia
2910 1944 2973 1996 ad
3004 1944 3203 1997 bonum
3241 1958 3336 1996 nos
3371 1948 3517 2012 prior
3548 1945 3756 2010 invitat,
3794 1953 3864 2003 ita

2282 2017 2396 2069 sola
2427 2015 2586 2069 etiam
2620 2016 2941 2068 voluntatem
2989 2026 3226 2068 nostram
3255 2016 3481 2083 perﬁcit.
3517 2016 3619 2071 Sed
3659 2018 3711 2070 iu
3743 2036 3863 2075 me-

2282 2087 2391 2149 dio,
2425 2088 2673 2140 nimirum
2698 2085 2749 2138 in
2783 2087 2897 2153 ipso
2925 2099 3213 2151 consensu,
3249 2094 3320 2151 et,
3359 2094 3413 2139 ut
3442 2088 3509 2139 ita
3548 2091 3858 2154 loquamur,

2285 2158 2540 2211 volitioue
2572 2156 2757 2226 gratiae
2788 2165 3107 2225 cooperatur
3139 2166 3320 2210 nostra
3353 2158 3631 2211 voluntas:
3663 2162 3744 2213 sic
3790 2170 3867 2216 ta-

2282 2243 2404 2283 men
2435 2239 2491 2282 ut
2517 2228 2604 2283 hic
2633 2228 2791 2282 etiam
2822 2226 3125 2295 potissimas
3166 2241 3230 2281 ac
3258 2228 3454 2296 primas
3496 2237 3675 2297 partes
3715 2230 3863 2285 obti-

2282 2309 2405 2354 neat
2434 2300 2625 2368 gratia,
2652 2298 2999 2352 secundarias
3023 2299 3267 2352 voluntas
3297 2309 3473 2353 nostra
3499 2317 3511 2351 :
3544 2315 3603 2354 ea
3628 2313 3863 2368 propter

2283 2371 2336 2423 in
2375 2371 2571 2423 divinis
2608 2368 2801 2423 litteris
2846 2370 3015 2438 major
3058 2369 3490 2438 frequentiorque
3534 2380 3618 2425 est
3661 2371 3865 2427 ἀιιὶιιίε

2280 2442 2492 2510 gratiae,
2520 2456 2678 2509 quam
2704 2450 2901 2494 ucstra:
2926 2440 3213 2493 voluntatis
3240 2441 3635 2496 commendatio
3659 2457 3672 2498 :
3704 2458 3865 2497 nem-

2284 2529 2347 2581 pe
2376 2515 2496 2581 quia
2529 2513 2595 2567 ab
2623 2511 2708 2566 illa
2738 2520 2821 2566 est
2851 2512 3179 2582 prmeipuum
3204 2512 3370 2566 robur
3393 2522 3445 2566 et
3479 2512 3747 2567 efﬁciendi
3781 2514 3863 2570 fa-

2281 2584 2482 2655 cultas;
2512 2592 2563 2637 et
2586 2585 2708 2653 quia
2737 2582 2840 2635 hoc
2868 2592 3086 2655 propter
3115 2598 3211 2635 nos
3233 2585 3321 2655 ita
3352 2584 3465 2637 ﬁeri
3513 2585 3862 2655 expediebat,

2281 2654 2348 2708 ad
2390 2656 2724 2709 eximendam
2771 2654 2976 2708 scilicet
3020 2668 3050 2708 e
3081 2652 3348 2708 mentibus
3401 2652 3598 2709 nostris
3639 2670 3863 2712 clunem

2281 2729 2664 2795 arrogantiam.
2694 2724 2825 2791 Quis
2856 2726 2997 2780 enim
3034 2734 3084 2779 te
3112 2725 3391 2791 discernit,
3420 2742 3453 2779 ο
3490 2726 3688 2781 homo?
3720 2729 3865 2793 Quid

2281 2798 2413 2848 enim
2452 2796 2604 2851 habes
2654 2797 2788 2865 quod
2836 2814 2937 2849 non
2987 2798 3265 2866 accepisti?
3296 2796 3358 2866 Si
3382 2804 3551 2850 autem
3589 2801 3859 2866 accepisti,

2279 2868 2403 2937 quid
2429 2867 2669 2937 gloriaris
2690 2868 2836 2937 quasi
2859 2884 2961 2920 non
2986 2865 3237 2933 acceperis
3258 2868 3302 2937 (l
3325 2865 3442 2921 Cor.
3468 2869 3660 2934 tv)?Et
3686 2865 3822 2923 alibi
3848 2887 3861 2922 :

2283 2936 2452 3011 Nemo
2474 2949 2633 3011 potest
2654 2936 2845 3011 dicere,
2872 2938 3124 3011 Dominus
3148 2936 3298 2992 Jesus
3319 2940 3417 3011 nisi
3442 2941 3492 2992 in
3518 2940 3715 3011 Spiritu
3735 2957 3865 2993 san~

2282 3018 2362 3062 cto
2391 3012 2408 3079 (
2436 3008 2596 3064 lCor.
2620 3009 2721 3080 XI).
2753 3010 2958 3063 Rursus
3002 3008 3044 3062 ll
3071 3011 3193 3081 Cor.
3222 3026 3275 3063 Ill
3304 3029 3315 3062 :
3352 3009 3472 3063 Non
3498 3008 3674 3063 sumus
3719 3012 3865 3081 stt/7i-

2204 3093 2250 3155 C
2281 3082 2469 3155 cientes
2510 3082 2732 3155 cogitare
2760 3081 3050 3155 aliquidem
3088 3080 3229 3155 nobis
3273 3083 3524 3155 quasiet:
3563 3084 3725 3155 nobis,
3776 3083 3864 3155 sed

2281 3151 2580 3220 sufﬁcientia
2628 3162 2800 3204 nOstra
2844 3154 3007 3205 omnis
3035 3168 3096 3205 ex
3125 3151 3230 3205 Deo
3283 3163 3376 3205 est.
3402 3152 3571 3207 Nemo
3598 3153 3764 3220 igitur
3796 3154 3861 3207 ad

2281 3225 2505 3290 gratiam
2547 3224 2630 3277 vel
2660 3223 2725 3277 ad
2757 3223 3035 3290 quodlibet
3082 3223 3280 3277 bonum
3333 3238 3429 3292 per
3470 3224 3859 3293 cogitationem

2280 3294 2475 3348 bonam
2514 3309 2572 3349 se
2609 3309 2824 3363 quoquo
2869 3293 3028 3347 modo
3064 3293 3350 3362 disponere
3396 3304 3600 3363 potest,
3657 3297 3864 3364 absque

2281 3366 2540 3434 singulari
2574 3380 2796 3419 munere
2837 3375 2889 3419 et
2917 3366 3085 3434 gratia
3128 3366 3295 3434 ipsius
3330 3364 3445 3418 Dei.
3492 3366 3624 3421 Nam
3656 3366 3717 3420 Β.
3752 3372 3864 3421 Au-

2281 3445 2420 3506 gust.
2477 3436 2572 3490 lib.
2608 3445 2799 3491 tcont.
2840 3436 2974 3490 duas
3020 3434 3187 3504 Epist.
3240 3436 3417 3506 Pelag.
3444 3451 3564 3505 cap.
3598 3439 3681 3501 19,
3712 3449 3864 3493 recte

2282 3516 2469 3562 monet
2530 3524 2635 3561 non
2695 3507 2899 3562 dixisse
2938 3506 3213 3561 Christum
3262 3508 3529 3562 neminem
3589 3522 3751 3577 posse
3798 3510 3862 3564 ad

2282 3578 2457 3645 ipsqu
2476 3581 2659 3633 venire
2678 3579 2780 3633 nisi
2794 3579 2952 3633 Pater
2973 3593 3094 3633 eum
3126 3578 3359 3642 duxerit,
3377 3579 3468 3632 sed
3496 3580 3597 3633 nisi
3632 3585 3863 3635 traxerit

2282 3650 2505 3719 (Conon.
2539 3651 2631 3719 15)
2667 3669 2677 3702 :
2708 3661 2763 3703 ut
2797 3649 3043 3704 ostendat
3070 3651 3210 3719 quod
3241 3662 3529 3718 antequam
3553 3651 3690 3705 Deus
3718 3667 3863 3721 pra:-

2281 3722 2481 3785 veniat,
2534 3736 2695 3776 nemo
2735 3722 2863 3777 velit
2917 3724 3023 3785 ire;
3056 3735 3119 3775 ac
3166 3721 3387 3789 proinde
3416 3724 3685 3776 neminem
3735 3737 3865 3778 esse

2281 3794 2373 3862 qui
2407 3807 2465 3846 se
2498 3792 2769 3863 diSponat.
2804 3793 2933 3863 Nam
2962 3792 3051 3863 qui
3083 3806 3143 3863 se
3173 3791 3427 3861 disponit,
3460 3792 3545 3863 hic
3568 3804 3716 3848 certe
3748 3796 3864 3847 vult

2280 3863 2380 3918 ire.
2414 3863 2548 3917 Hinc
2578 3862 2738 3919 etiam
2788 3862 2958 3917 David
2984 3862 3057 3916 in
3093 3862 3232 3917 Psal.
3264 3879 3421 3917 Lxxvr
3453 3882 3465 3915 :
3499 3862 3567 3915 Et
3598 3864 3725 3930 dixi,
3782 3866 3865 3919 itt-

2280 3936 2419 4001 quit,
2450 3951 2585 3987 nunc
2613 3936 2764 4003 ccepi,
2816 3933 2925 3987 ha'c
2967 3934 3180 3987 mutatio
3224 3935 3445 3987 dextera:
3486 3930 3719 4003 Excelst'.
3777 3936 3865 3992 Sic

2281 4004 2446 4060 lsaias
2475 4021 2593 4074 cap.
2624 4002 2745 4069 va,
2779 4021 2845 4060 ex
2875 4021 3100 4073 persona
3130 4005 3297 4074 ipsius
3329 4004 3443 4069 Dei,
3472 4002 3717 4059 Inventus
3748 4024 3865 4061 sum

2281 4092 2312 4129 a
2342 4093 2444 4129 non
2490 4076 2829 4147 quarenlibus
2864 4092 2963 4143 me,
3007 4076 3175 4147 palam
3207 4077 3423 4147 apparui
3448 4074 3528 4129 Itis
3566 4078 3653 4147 qui
3676 4077 3738 4129 de
3788 4094 3865 4131 me

2282 4163 2383 4219 non
2426 4149 2829 4219 interrogabant.
2870 4147 2963 4219 Sic
2989 4147 3250 4203 Jeremias
3286 4151 3338 4200 in
3374 4147 3605 4202 Threnis
3636 4162 3757 4216 cap.
3792 4165 3861 4205 v:

2283 4216 2527 4273 Converte
2552 4216 2643 4273 nos
2674 4223 2741 4272 ad
2768 4228 2834 4285 te,
2870 4218 3105 4285 Domine,
3140 4229 3185 4271 et
3207 4227 3572 4272 convertentur.
3601 4218 3864 4275 Converti

2281 4300 2459 4344 autem
2494 4290 2679 4359 procul
2710 4291 2874 4344 dubio
2906 4298 2991 4343 est
3027 4289 3237 4355 disponi
3281 4290 3347 4342 ad
3393 4292 3617 4344 salutem
3656 4301 3710 4344 et
3738 4307 3863 4360 gra-

2283 4364 2444 4425 tiam;
2473 4378 2634 4431 quam
2663 4360 3067 4430 dispositionem
3110 4361 3195 4415 hic
3234 4374 3263 4412 a
3295 4362 3402 4415 Deo
3444 4363 3862 4428 exspectandam

2282 4446 2403 4486 esse
2451 4433 2531 4486 his
2579 4433 2759 4487 verbis
2804 4433 3038 4486 insinuat
3087 4431 3370 4499 propheta.
3418 4430 3504 4485 Sic
3534 4431 3771 4499 denique
3801 4435 3856 4489 S.

2281 4503 2526 4558 Ezechiel
2570 4518 2688 4571 cap.
2733 4518 2936 4556 xxx“:
2984 4502 3107 4556 Non
3155 4513 3365 4571 propter
3393 4516 3478 4555 vos
3520 4517 3610 4573 ego
3644 4504 3857 4572 faciam,

2280 4573 2460 4628 domus
2482 4574 2673 4639 Israel,
2703 4576 2790 4627 sed
2814 4584 3022 4644 prOpter
3048 4589 3230 4627 nomen
3255 4589 3444 4626 meum.
3476 4573 3616 4628 Deus
3640 4589 3774 4643 ergo
3806 4576 3857 4630 in

2280 4646 2429 4700 nullo
2474 4646 2779 4699 mortaliutn
2834 4646 3124 4715 quidquam
3176 4645 3413 4709 invenit,
3463 4644 3617 4713 Cujus
3658 4644 3857 4701 intuitu

2277 4716 2452 4784 ipsum
2478 4728 2631 4771 vocet
2658 4717 2724 4770 ad
2740 4717 2997 4781 salutem;
3028 4719 3166 4771 sicut
3198 4716 3264 4771 de
3294 4715 3523 4770 Zachazo
3552 4727 3605 4770 et
3624 4715 3856 4771 Latrone

2277 4790 2441 4842 sentit
2469 4788 2636 4842 abbas
2674 4788 3025 4853 Chaeremon;
3070 4788 3166 4841 sed
3212 4787 3470 4856 quidquid
3509 4785 3652 4842 circa
3684 4787 3855 4842 homi-

2278 4873 2399 4913 nem
2438 4857 2584 4921 facit,
2610 4874 2679 4912 ex
2711 4873 2859 4913 mera
2889 4857 3253 4913 misericordia
3274 4868 3329 4912 et
3354 4858 3522 4928 gratia
3548 4873 3645 4912 sua
3667 4858 3854 4913 imme-

2277 4930 2397 4984 ritis
2426 4939 2481 4983 et
2500 4929 2734 4999 indignis
2761 4940 3001 4999 praestat.
3032 4929 3087 4983 Id
3113 4929 3255 4999 quod
3287 4944 3392 4983 non
3422 4928 3596 4983 solum
3624 4945 3689 4984 ex
3721 4928 3853 4983 divi-

2278 5001 2361 5054 nis
2408 5001 2595 5055 litteris
2641 5003 2758 5056 luce
2788 5002 2986 5055 clarius
3030 5000 3389 5054 demonstrari
3431 5008 3634 5068 potest,
3665 5015 3851 5055 verum

2275 5073 2436 5124 etiam
2467 5072 2605 5141 apud
2634 5083 2844 5127 veteres
2874 5084 2928 5126 et
2959 5070 3288 5125 orthodoxos
3312 5071 3497 5125 Patres
3524 5072 3725 5139 passim
3756 5072 3852 5125 do-

2273 5151 2443 5195 cetur.
2470 5143 2602 5197 Nam
2652 5146 2703 5197 in
2733 5144 2941 5213 synodo
2982 5144 3332 5207 Arausicana,
3383 5156 3503 5210 quae
3544 5142 3703 5213 paulo
3732 5150 3851 5210 post

2274 5223 2516 5279 tempore
2565 5213 2807 5269 Cassiani
2859 5228 3041 5268 coacta
3071 5222 3125 5268 et
3151 5213 3419 5268 celebrata
3448 5222 3553 5279 est,
3598 5222 3652 5266 et
3688 5227 3848 5282 quam

2273 5283 2337 5338 D.
2369 5284 2478 5339 Leo
2506 5286 2741 5355 pontifex
2774 5285 2930 5353 hujus
2962 5285 3165 5339 erroris
3196 5283 3479 5339 occasione
3511 5282 3844 5355 convocavit,

2270 5365 2471 5424 negant
2512 5354 2709 5411 Patres
2741 5371 2901 5425 posse
2943 5370 3265 5425 quemquam
3317 5357 3566 5425 invocare
3596 5354 3689 5410 Dei
3727 5370 3847 5423 gra-

2269 5426 2397 5507 tiam
2424 5430 2625 5507 absque
2645 5424 2814 5507 gratia
2841 5445 2852 5480 :
2884 5426 2942 5480 Si
2966 5424 3626 5507 quis,inquiuntiCanon.
3653 5428 3726 5496 5),
3754 5438 3845 5492 per

2268 5497 2661 5553 invocationem
2692 5500 2976 5552 humanam
3002 5497 3227 5567 gratiam
3253 5498 3346 5567 Dei
3368 5497 3496 5551 dicit
3518 5512 3677 5566 posse
3713 5510 3843 5549 con-

2268 5567 2421 5633 ferri,
2448 5585 2552 5624 non
2583 5579 2760 5624 autem
2793 5568 2963 5639 ipsam
3008 5566 3234 5637 gratiam
3263 5566 3440 5639 facere
3480 5579 3536 5621 ut
3565 5568 3845 5639 invocetur

2266 5654 2311 5711 an
2348 5642 2523 5711 nobis,
2578 5638 2897 5695 contradiCit
2938 5640 3085 5694 Isaia:
3133 5638 3427 5709 prophetae,
3482 5649 3535 5692 et
3590 5638 3842 5706 Apostolo

2267 5710 2408 5769 idem
2456 5712 2653 5768 dicenti
2683 5728 2697 5770 :
2732 5711 2977 5768 Inventus
3004 5725 3118 5767 sunt
3157 5726 3191 5764 a
3227 5726 3331 5766 non
3374 5711 3714 5782 querentibus
3740 5720 3840 5774 me,
