  <div class='ocr_page' id='page_1' title='image "/cluster/home/n/w/nwhite01/storage/ocr_20150623/50/uva.x000827094/178.png"; bbox 0 0 4000 6186; ppageno 0'>
   <div class='ocr_carea' id='block_1_1' title="bbox 330 125 445 184">
    <p class='ocr_par' dir='ltr' id='par_1_1' title="bbox 330 125 445 184">
     <span class='ocr_line' id='line_1_1' title="bbox 330 125 445 184; baseline 0 0"><span class='ocrx_word' id='word_1_1' title='bbox 330 125 445 184; x_wconf 65' lang='lat' dir='ltr'><strong>m</strong></span> 
     </span>
    </p>
   </div>
   <div class='ocr_carea' id='block_1_2' title="bbox 1529 127 2491 185">
    <p class='ocr_par' dir='ltr' id='par_1_2' title="bbox 1529 127 2491 185">
     <span class='ocr_line' id='line_1_2' title="bbox 1529 127 2491 185; baseline 0 -3"><span class='ocrx_word' id='word_1_2' title='bbox 1529 128 1592 183; x_wconf 82' lang='lat' dir='ltr'><strong>H.</strong></span> <span class='ocrx_word' id='word_1_3' title='bbox 1635 127 1912 182; x_wconf 80' lang='lat' dir='ltr'><strong>CUYCllll</strong></span> <span class='ocrx_word' id='word_1_4' title='bbox 1953 127 2491 185; x_wconf 75' lang='lat' dir='ltr'><strong>ANNOTATIONES.</strong></span> 
     </span>
    </p>
   </div>
   <div class='ocr_carea' id='block_1_3' title="bbox 3539 135 3644 192">
    <p class='ocr_par' dir='ltr' id='par_1_3' title="bbox 3539 135 3644 192">
     <span class='ocr_line' id='line_1_3' title="bbox 3539 135 3644 192; baseline 0 -2"><span class='ocrx_word' id='word_1_5' title='bbox 3539 135 3644 192; x_wconf 75' lang='lat'><strong>558</strong></span> 
     </span>
    </p>
   </div>
   <div class='ocr_carea' id='block_1_4' title="bbox 350 241 3642 318">
    <p class='ocr_par' dir='ltr' id='par_1_4' title="bbox 350 241 3642 318">
     <span class='ocr_line' id='line_1_4' title="bbox 350 241 3642 318; baseline 0.003 -22"><span class='ocrx_word' id='word_1_6' title='bbox 350 249 467 296; x_wconf 84' lang='lat' dir='ltr'><strong>etc.</strong></span> <span class='ocrx_word' id='word_1_7' title='bbox 495 241 752 318; x_wconf 78' lang='lat' dir='ltr'><strong>Eruendi</strong></span> <span class='ocrx_word' id='word_1_8' title='bbox 783 243 965 312; x_wconf 78' lang='lat' dir='ltr'><strong>itaque</strong></span> <span class='ocrx_word' id='word_1_9' title='bbox 990 250 1116 318; x_wconf 85' lang='lat' dir='ltr'><strong>sunt</strong></span> <span class='ocrx_word' id='word_1_10' title='bbox 1144 242 1358 318; x_wconf 78' lang='lat' dir='ltr'><strong>quidem</strong></span> <span class='ocrx_word' id='word_1_11' title='bbox 1386 244 1474 309; x_wconf 77' lang='lat' dir='ltr'><strong>qui</strong></span> <span class='ocrx_word' id='word_1_12' title='bbox 1496 242 1562 296; x_wconf 90' lang='lat' dir='ltr'><strong>ad</strong></span> <span class='ocrx_word' id='word_1_13' title='bbox 1594 253 1821 318; x_wconf 82' lang='lat' dir='ltr'><strong>mortem</strong></span> <span class='ocrx_word' id='word_1_14' title='bbox 1853 243 1956 298; x_wconf 89' lang='lat' dir='ltr'><strong>du-</strong></span> <span class='ocrx_word' id='word_1_15' title='bbox 1984 246 2036 304; x_wconf 82' lang='grc' dir='ltr'><strong>Α</strong></span> <span class='ocrx_word' id='word_1_16' title='bbox 2061 243 2356 301; x_wconf 83' lang='lat' dir='ltr'><strong>Cassianus</strong></span> <span class='ocrx_word' id='word_1_17' title='bbox 2387 245 2461 300; x_wconf 88' lang='lat' dir='ltr'><strong>ita</strong></span> <span class='ocrx_word' id='word_1_18' title='bbox 2489 261 2963 316; x_wconf 85' lang='lat' dir='ltr'><strong>commemorasse,</strong></span> <span class='ocrx_word' id='word_1_19' title='bbox 2998 259 3058 304; x_wconf 94' lang='lat' dir='ltr'><strong>ut</strong></span> <span class='ocrx_word' id='word_1_20' title='bbox 3084 263 3204 305; x_wconf 86' lang='lat' dir='ltr'><strong>sese</strong></span> <span class='ocrx_word' id='word_1_21' title='bbox 3230 264 3441 318; x_wconf 87' lang='lat' dir='ltr'><strong>quoque</strong></span> <span class='ocrx_word' id='word_1_22' title='bbox 3482 252 3549 307; x_wconf 84' lang='lat' dir='ltr'><strong>de</strong></span> <span class='ocrx_word' id='word_1_23' title='bbox 3578 255 3642 308; x_wconf 85' lang='lat' dir='ltr'><strong>iis</strong></span> 
     </span>
    </p>
   </div>
   <div class='ocr_carea' id='block_1_5' title="bbox 345 314 1956 383">
    <p class='ocr_par' dir='ltr' id='par_1_5' title="bbox 345 314 1956 383">
     <span class='ocr_line' id='line_1_5' title="bbox 345 314 1956 383; baseline 0 -15"><span class='ocrx_word' id='word_1_24' title='bbox 345 323 577 378; x_wconf 82' lang='lat' dir='ltr'><strong>eontur,</strong></span> <span class='ocrx_word' id='word_1_25' title='bbox 607 315 701 367; x_wconf 84' lang='lat' dir='ltr'><strong>sed</strong></span> <span class='ocrx_word' id='word_1_26' title='bbox 729 329 834 367; x_wconf 92' lang='lat' dir='ltr'><strong>non</strong></span> <span class='ocrx_word' id='word_1_27' title='bbox 891 329 984 381; x_wconf 92' lang='lat' dir='ltr'><strong>per</strong></span> <span class='ocrx_word' id='word_1_28' title='bbox 1050 316 1164 366; x_wconf 92' lang='lat' dir='ltr'><strong>vias</strong></span> <span class='ocrx_word' id='word_1_29' title='bbox 1216 315 1481 381; x_wconf 88' lang='lat' dir='ltr'><strong>obliquas,</strong></span> <span class='ocrx_word' id='word_1_30' title='bbox 1527 329 1622 381; x_wconf 90' lang='lat' dir='ltr'><strong>per</strong></span> <span class='ocrx_word' id='word_1_31' title='bbox 1668 314 1826 379; x_wconf 89' lang='lat' dir='ltr'><strong>furta,</strong></span> <span class='ocrx_word' id='word_1_32' title='bbox 1859 331 1956 383; x_wconf 89' lang='lat' dir='ltr'><strong>per</strong></span> 
     </span>
    </p>
   </div>
   <div class='ocr_carea' id='block_1_6' title="bbox 347 384 1954 453">
    <p class='ocr_par' dir='ltr' id='par_1_6' title="bbox 347 384 1954 453">
     <span class='ocr_line' id='line_1_6' title="bbox 347 384 1954 453; baseline 0.002 -17"><span class='ocrx_word' id='word_1_33' title='bbox 347 384 774 447; x_wconf 85' lang='lat' dir='ltr'><strong>fornicationes,</strong></span> <span class='ocrx_word' id='word_1_34' title='bbox 829 400 923 452; x_wconf 90' lang='lat' dir='ltr'><strong>per</strong></span> <span class='ocrx_word' id='word_1_35' title='bbox 968 384 1268 448; x_wconf 86' lang='lat' dir='ltr'><strong>mendacia,</strong></span> <span class='ocrx_word' id='word_1_36' title='bbox 1313 394 1406 437; x_wconf 88' lang='lat' dir='ltr'><strong>aut</strong></span> <span class='ocrx_word' id='word_1_37' title='bbox 1453 399 1804 453; x_wconf 71' lang='lat' dir='ltr'><strong>quazcumque</strong></span> <span class='ocrx_word' id='word_1_38' title='bbox 1851 386 1954 439; x_wconf 86' lang='lat' dir='ltr'><strong>alia</strong></span> 
     </span>
    </p>
   </div>
   <div class='ocr_carea' id='block_1_7' title="bbox 347 454 1949 523">
    <p class='ocr_par' dir='ltr' id='par_1_7' title="bbox 347 454 1949 523">
     <span class='ocr_line' id='line_1_7' title="bbox 347 454 1949 523; baseline 0.002 -15"><span class='ocrx_word' id='word_1_39' title='bbox 347 464 607 522; x_wconf 85' lang='lat' dir='ltr'><strong>peccata.</strong></span> <span class='ocrx_word' id='word_1_40' title='bbox 643 456 773 509; x_wconf 79' lang='lat' dir='ltr'><strong>Nam</strong></span> <span class='ocrx_word' id='word_1_41' title='bbox 819 470 914 523; x_wconf 87' lang='lat' dir='ltr'><strong>per</strong></span> <span class='ocrx_word' id='word_1_42' title='bbox 959 454 1076 510; x_wconf 65' lang='lat' dir='ltr'><strong>haec</strong></span> <span class='ocrx_word' id='word_1_43' title='bbox 1124 471 1229 510; x_wconf 89' lang='lat' dir='ltr'><strong>non</strong></span> <span class='ocrx_word' id='word_1_44' title='bbox 1285 465 1632 523; x_wconf 77' lang='lat' dir='ltr'><strong>promovetur</strong></span> <span class='ocrx_word' id='word_1_45' title='bbox 1679 454 1949 523; x_wconf 88' lang='lat' dir='ltr'><strong>charitas,</strong></span> 
     </span>
    </p>
   </div>
   <div class='ocr_carea' id='block_1_8' title="bbox 347 526 735 580">
    <p class='ocr_par' dir='ltr' id='par_1_8' title="bbox 347 526 735 580">
     <span class='ocr_line' id='line_1_8' title="bbox 347 526 735 580; baseline -0.005 0"><span class='ocrx_word' id='word_1_46' title='bbox 347 526 451 580; x_wconf 86' lang='lat' dir='ltr'><strong>sed</strong></span> <span class='ocrx_word' id='word_1_47' title='bbox 478 526 735 580; x_wconf 84' lang='lat' dir='ltr'><strong>violatur.</strong></span> 
     </span>
    </p>
   </div>
   <div class='ocr_carea' id='block_1_9' title="bbox 427 595 1952 667">
    <p class='ocr_par' dir='ltr' id='par_1_9' title="bbox 427 595 1952 667">
     <span class='ocr_line' id='line_1_9' title="bbox 427 595 1952 667; baseline 0.001 -16"><span class='ocrx_word' id='word_1_48' title='bbox 427 596 603 651; x_wconf 78' lang='lat' dir='ltr'><strong>Sexta</strong></span> <span class='ocrx_word' id='word_1_49' title='bbox 635 615 647 651; x_wconf 92' lang='lat'>:</span> <span class='ocrx_word' id='word_1_50' title='bbox 686 597 887 650; x_wconf 84' lang='lat' dir='ltr'><strong>Veritas</strong></span> <span class='ocrx_word' id='word_1_51' title='bbox 906 595 1216 667; x_wconf 85' lang='lat' dir='ltr'><strong>quibusdam</strong></span> <span class='ocrx_word' id='word_1_52' title='bbox 1260 596 1453 652; x_wconf 79' lang='lat' dir='ltr'><strong>nocuit.</strong></span> <span class='ocrx_word' id='word_1_53' title='bbox 1510 605 1558 667; x_wconf 83' lang='lat' dir='ltr'><strong>et</strong></span> <span class='ocrx_word' id='word_1_54' title='bbox 1589 596 1952 667; x_wconf 42' lang='lat' dir='ltr'><strong>profuitmen.</strong></span> 
     </span>
    </p>
   </div>
   <div class='ocr_carea' id='block_1_10' title="bbox 346 665 1949 734">
    <p class='ocr_par' dir='ltr' id='par_1_10' title="bbox 346 665 1949 734">
     <span class='ocr_line' id='line_1_10' title="bbox 346 665 1949 734; baseline 0.001 -15"><span class='ocrx_word' id='word_1_55' title='bbox 346 667 582 720; x_wconf 83' lang='lat' dir='ltr'><strong>dacinm.</strong></span> <span class='ocrx_word' id='word_1_56' title='bbox 622 667 762 720; x_wconf 83' lang='lat' dir='ltr'><strong>Nam</strong></span> <span class='ocrx_word' id='word_1_57' title='bbox 797 665 936 734; x_wconf 81' lang='lat' dir='ltr'><strong>Doeg</strong></span> <span class='ocrx_word' id='word_1_58' title='bbox 967 666 1232 719; x_wconf 69' lang='lat' dir='ltr'><strong>Idumaeas</strong></span> <span class='ocrx_word' id='word_1_59' title='bbox 1253 683 1368 718; x_wconf 88' lang='lat' dir='ltr'><strong>cum</strong></span> <span class='ocrx_word' id='word_1_60' title='bbox 1397 665 1543 730; x_wconf 85' lang='lat' dir='ltr'><strong>apud</strong></span> <span class='ocrx_word' id='word_1_61' title='bbox 1584 665 1794 721; x_wconf 90' lang='lat' dir='ltr'><strong>Saulem</strong></span> <span class='ocrx_word' id='word_1_62' title='bbox 1826 684 1949 732; x_wconf 87' lang='lat' dir='ltr'><strong>pra-</strong></span> 
     </span>
    </p>
   </div>
   <div class='ocr_carea' id='block_1_11' title="bbox 343 735 1950 806">
    <p class='ocr_par' dir='ltr' id='par_1_11' title="bbox 343 735 1950 806">
     <span class='ocr_line' id='line_1_11' title="bbox 343 735 1950 806; baseline 0.002 -18"><span class='ocrx_word' id='word_1_63' title='bbox 343 739 567 791; x_wconf 82' lang='lat' dir='ltr'><strong>didisset</strong></span> <span class='ocrx_word' id='word_1_64' title='bbox 591 743 790 806; x_wconf 84' lang='lat' dir='ltr'><strong>factum</strong></span> <span class='ocrx_word' id='word_1_65' title='bbox 813 738 1094 790; x_wconf 90' lang='lat' dir='ltr'><strong>sacerdotis</strong></span> <span class='ocrx_word' id='word_1_66' title='bbox 1118 735 1461 799; x_wconf 84' lang='lat' dir='ltr'><strong>Acltimelech,</strong></span> <span class='ocrx_word' id='word_1_67' title='bbox 1493 750 1588 806; x_wconf 91' lang='lat' dir='ltr'><strong>pro</strong></span> <span class='ocrx_word' id='word_1_68' title='bbox 1617 737 1712 788; x_wconf 86' lang='lat' dir='ltr'><strong>hac</strong></span> <span class='ocrx_word' id='word_1_69' title='bbox 1741 740 1950 792; x_wconf 87' lang='lat' dir='ltr'><strong>veritate</strong></span> 
     </span>
    </p>
   </div>
   <div class='ocr_carea' id='block_1_12' title="bbox 335 807 1943 873">
    <p class='ocr_par' dir='ltr' id='par_1_12' title="bbox 335 807 1943 873">
     <span class='ocr_line' id='line_1_12' title="bbox 335 807 1943 873; baseline 0.002 -15"><span class='ocrx_word' id='word_1_70' title='bbox 335 809 605 862; x_wconf 82' lang='lat' dir='ltr'><strong>eradicari</strong></span> <span class='ocrx_word' id='word_1_71' title='bbox 641 809 827 862; x_wconf 87' lang='lat' dir='ltr'><strong>meruit</strong></span> <span class='ocrx_word' id='word_1_72' title='bbox 857 809 919 861; x_wconf 89' lang='lat' dir='ltr'><strong>de</strong></span> <span class='ocrx_word' id='word_1_73' title='bbox 949 820 1085 860; x_wconf 88' lang='lat' dir='ltr'><strong>terra</strong></span> <span class='ocrx_word' id='word_1_74' title='bbox 1112 807 1390 860; x_wconf 73' lang='lat' dir='ltr'><strong>viventium</strong></span> <span class='ocrx_word' id='word_1_75' title='bbox 1411 850 1425 873; x_wconf 92' lang='lat'><strong>,</strong></span> <span class='ocrx_word' id='word_1_76' title='bbox 1467 815 1520 858; x_wconf 88' lang='lat' dir='ltr'><strong>ut</strong></span> <span class='ocrx_word' id='word_1_77' title='bbox 1552 807 1740 859; x_wconf 83' lang='lat' dir='ltr'><strong>dicitur</strong></span> <span class='ocrx_word' id='word_1_78' title='bbox 1766 809 1818 859; x_wconf 88' lang='lat' dir='ltr'><strong>in</strong></span> <span class='ocrx_word' id='word_1_79' title='bbox 1866 825 1943 872; x_wconf 82' lang='lat' dir='ltr'><strong>ps.</strong></span> 
     </span>
    </p>
   </div>
   <div class='ocr_carea' id='block_1_13' title="bbox 331 878 1945 949">
    <p class='ocr_par' dir='ltr' id='par_1_13' title="bbox 331 878 1945 949">
     <span class='ocr_line' id='line_1_13' title="bbox 331 878 1945 949; baseline 0 -17"><span class='ocrx_word' id='word_1_80' title='bbox 331 893 406 938; x_wconf 82' lang='grc' dir='ltr'><strong>ιι,</strong></span> <span class='ocrx_word' id='word_1_81' title='bbox 443 881 499 932; x_wconf 88' lang='lat' dir='ltr'><strong>in</strong></span> <span class='ocrx_word' id='word_1_82' title='bbox 547 897 660 949; x_wconf 80' lang='lat' dir='ltr'><strong>qua</strong></span> <span class='ocrx_word' id='word_1_83' title='bbox 689 892 823 932; x_wconf 86' lang='lat' dir='ltr'><strong>terra</strong></span> <span class='ocrx_word' id='word_1_84' title='bbox 849 878 991 932; x_wconf 80' lang='lat' dir='ltr'><strong>Raab</strong></span> <span class='ocrx_word' id='word_1_85' title='bbox 1015 879 1256 949; x_wconf 74' lang='lat' dir='ltr'><strong>meretrix</strong></span> <span class='ocrx_word' id='word_1_86' title='bbox 1279 893 1370 941; x_wconf 85' lang='lat' dir='ltr'><strong>pro</strong></span> <span class='ocrx_word' id='word_1_87' title='bbox 1403 878 1674 930; x_wconf 86' lang='lat' dir='ltr'><strong>mendacio</strong></span> <span class='ocrx_word' id='word_1_88' title='bbox 1703 894 1819 930; x_wconf 88' lang='lat' dir='ltr'><strong>cum</strong></span> <span class='ocrx_word' id='word_1_89' title='bbox 1851 895 1945 932; x_wconf 89' lang='lat' dir='ltr'><strong>sua</strong></span> 
     </span>
    </p>
   </div>
   <div class='ocr_carea' id='block_1_14' title="bbox 330 948 1949 1015">
    <p class='ocr_par' dir='ltr' id='par_1_14' title="bbox 330 948 1949 1015">
     <span class='ocr_line' id='line_1_14' title="bbox 330 948 1949 1015; baseline 0.001 -14"><span class='ocrx_word' id='word_1_90' title='bbox 330 948 662 1015; x_wconf 69' lang='lat' dir='ltr'><strong>cognatio&quot;:</strong></span> <span class='ocrx_word' id='word_1_91' title='bbox 692 951 927 1015; x_wconf 83' lang='lat' dir='ltr'><strong>plantam</strong></span> <span class='ocrx_word' id='word_1_92' title='bbox 963 960 1054 1002; x_wconf 81' lang='lat' dir='ltr'><strong>est.</strong></span> <span class='ocrx_word' id='word_1_93' title='bbox 1093 948 1318 1002; x_wconf 84' lang='lat' dir='ltr'><strong>Samson</strong></span> <span class='ocrx_word' id='word_1_94' title='bbox 1348 964 1544 1015; x_wconf 87' lang='lat' dir='ltr'><strong>quoque</strong></span> <span class='ocrx_word' id='word_1_95' title='bbox 1575 949 1791 1011; x_wconf 72' lang='lat' dir='ltr'><strong>prodita:</strong></span> <span class='ocrx_word' id='word_1_96' title='bbox 1815 950 1949 1002; x_wconf 88' lang='lat' dir='ltr'><strong>veri-</strong></span> 
     </span>
    </p>
   </div>
   <div class='ocr_carea' id='block_1_15' title="bbox 325 1017 1943 1090">
    <p class='ocr_par' dir='ltr' id='par_1_15' title="bbox 325 1017 1943 1090">
     <span class='ocr_line' id='line_1_15' title="bbox 325 1017 1943 1090; baseline 0.002 -20"><span class='ocrx_word' id='word_1_97' title='bbox 325 1022 656 1090; x_wconf 85' lang='lat' dir='ltr'><strong>tatisjnstus</strong></span> <span class='ocrx_word' id='word_1_98' title='bbox 679 1023 792 1073; x_wconf 89' lang='lat' dir='ltr'><strong>tulit</strong></span> <span class='ocrx_word' id='word_1_99' title='bbox 818 1037 988 1088; x_wconf 67' lang='lat' dir='ltr'><strong>plenas</strong></span> <span class='ocrx_word' id='word_1_100' title='bbox 1007 1017 1160 1089; x_wconf 86' lang='lat' dir='ltr'><strong>(Cap.</strong></span> <span class='ocrx_word' id='word_1_101' title='bbox 1179 1020 1295 1080; x_wconf 71' lang='lat'><strong>20).</strong></span> <span class='ocrx_word' id='word_1_102' title='bbox 1325 1018 1396 1070; x_wconf 87' lang='lat' dir='ltr'><strong>De</strong></span> <span class='ocrx_word' id='word_1_103' title='bbox 1419 1019 1568 1072; x_wconf 80' lang='lat' dir='ltr'><strong>Raab</strong></span> <span class='ocrx_word' id='word_1_104' title='bbox 1593 1019 1825 1090; x_wconf 55' lang='lat' dir='ltr'><strong>diximus</strong></span> <span class='ocrx_word' id='word_1_105' title='bbox 1852 1019 1943 1074; x_wconf 87' lang='lat' dir='ltr'><strong>illa</strong></span> 
     </span>
    </p>
   </div>
   <div class='ocr_carea' id='block_1_16' title="bbox 326 1089 1943 1156">
    <p class='ocr_par' dir='ltr' id='par_1_16' title="bbox 326 1089 1943 1156">
     <span class='ocr_line' id='line_1_16' title="bbox 326 1089 1943 1156; baseline -0.002 -14"><span class='ocrx_word' id='word_1_106' title='bbox 326 1106 436 1142; x_wconf 84' lang='lat' dir='ltr'><strong>non</strong></span> <span class='ocrx_word' id='word_1_107' title='bbox 463 1089 628 1146; x_wconf 17' lang='lat' dir='ltr'><strong>iesse</strong></span> <span class='ocrx_word' id='word_1_108' title='bbox 669 1102 1068 1145; x_wconf 83' lang='lat' dir='ltr'><strong>remuneratum</strong></span> <span class='ocrx_word' id='word_1_109' title='bbox 1111 1090 1470 1147; x_wconf 84' lang='lat' dir='ltr'><strong>metulacium.</strong></span> <span class='ocrx_word' id='word_1_110' title='bbox 1502 1093 1595 1141; x_wconf 85' lang='lat' dir='ltr'><strong>sed</strong></span> <span class='ocrx_word' id='word_1_111' title='bbox 1619 1089 1870 1156; x_wconf 84' lang='lat' dir='ltr'><strong>pietatem</strong></span> <span class='ocrx_word' id='word_1_112' title='bbox 1888 1099 1943 1144; x_wconf 85' lang='lat' dir='ltr'><strong>et</strong></span> 
     </span>
    </p>
   </div>
   <div class='ocr_carea' id='block_1_17' title="bbox 327 1158 1938 1229">
    <p class='ocr_par' dir='ltr' id='par_1_17' title="bbox 327 1158 1938 1229">
     <span class='ocr_line' id='line_1_17' title="bbox 327 1158 1938 1229; baseline 0.002 -18"><span class='ocrx_word' id='word_1_113' title='bbox 327 1161 494 1214; x_wconf 83' lang='lat' dir='ltr'><strong>ﬁdem</strong></span> <span class='ocrx_word' id='word_1_114' title='bbox 545 1163 603 1213; x_wconf 86' lang='lat' dir='ltr'><strong>in</strong></span> <span class='ocrx_word' id='word_1_115' title='bbox 652 1165 1025 1229; x_wconf 76' lang='lat' dir='ltr'><strong>exploratores</strong></span> <span class='ocrx_word' id='word_1_116' title='bbox 1067 1162 1212 1214; x_wconf 82' lang='lat' dir='ltr'><strong>urbis</strong></span> <span class='ocrx_word' id='word_1_117' title='bbox 1250 1173 1300 1212; x_wconf 88' lang='lat' dir='ltr'><strong>et</strong></span> <span class='ocrx_word' id='word_1_118' title='bbox 1333 1172 1490 1213; x_wconf 71' lang='lat' dir='ltr'><strong>terrae</strong></span> <span class='ocrx_word' id='word_1_119' title='bbox 1531 1158 1938 1215; x_wconf 73' lang='lat' dir='ltr'><strong>Jerichontium.</strong></span> 
     </span>
    </p>
   </div>
   <div class='ocr_carea' id='block_1_18' title="bbox 321 1229 1942 1298">
    <p class='ocr_par' dir='ltr' id='par_1_18' title="bbox 321 1229 1942 1298">
     <span class='ocr_line' id='line_1_18' title="bbox 321 1229 1942 1298; baseline 0 -14"><span class='ocrx_word' id='word_1_120' title='bbox 321 1229 435 1284; x_wconf 83' lang='lat' dir='ltr'><strong>Nec</strong></span> <span class='ocrx_word' id='word_1_121' title='bbox 470 1232 652 1286; x_wconf 77' lang='lat' dir='ltr'><strong>refert</strong></span> <span class='ocrx_word' id='word_1_122' title='bbox 681 1235 822 1298; x_wconf 83' lang='lat' dir='ltr'><strong>quod</strong></span> <span class='ocrx_word' id='word_1_123' title='bbox 844 1231 1080 1284; x_wconf 71' lang='lat' dir='ltr'><strong>veritatis</strong></span> <span class='ocrx_word' id='word_1_124' title='bbox 1108 1229 1397 1290; x_wconf 79' lang='lat' dir='ltr'><strong>confessio,</strong></span> <span class='ocrx_word' id='word_1_125' title='bbox 1426 1230 1472 1282; x_wconf 89' lang='lat' dir='ltr'><strong>si</strong></span> <span class='ocrx_word' id='word_1_126' title='bbox 1505 1229 1717 1283; x_wconf 80' lang='lat' dir='ltr'><strong>ittCaute</strong></span> <span class='ocrx_word' id='word_1_127' title='bbox 1758 1242 1812 1284; x_wconf 90' lang='lat' dir='ltr'><strong>et</strong></span> <span class='ocrx_word' id='word_1_128' title='bbox 1841 1231 1942 1284; x_wconf 88' lang='lat' dir='ltr'><strong>im-</strong></span> 
     </span>
    </p>
   </div>
   <div class='ocr_carea' id='block_1_19' title="bbox 323 1300 1939 1370">
    <p class='ocr_par' dir='ltr' id='par_1_19' title="bbox 323 1300 1939 1370">
     <span class='ocr_line' id='line_1_19' title="bbox 323 1300 1939 1370; baseline 0.001 -19"><span class='ocrx_word' id='word_1_129' title='bbox 323 1303 646 1370; x_wconf 75' lang='lat' dir='ltr'><strong>prudenter</strong></span> <span class='ocrx_word' id='word_1_130' title='bbox 679 1306 811 1356; x_wconf 87' lang='lat' dir='ltr'><strong>facta</strong></span> <span class='ocrx_word' id='word_1_131' title='bbox 841 1304 929 1364; x_wconf 89' lang='lat' dir='ltr'><strong>sit,</strong></span> <span class='ocrx_word' id='word_1_132' title='bbox 960 1301 1278 1370; x_wconf 87' lang='lat' dir='ltr'><strong>quibusdam</strong></span> <span class='ocrx_word' id='word_1_133' title='bbox 1331 1300 1472 1370; x_wconf 83' lang='lat' dir='ltr'><strong>male</strong></span> <span class='ocrx_word' id='word_1_134' title='bbox 1529 1300 1778 1354; x_wconf 80' lang='lat' dir='ltr'><strong>cesserit.</strong></span> <span class='ocrx_word' id='word_1_135' title='bbox 1815 1300 1939 1355; x_wconf 87' lang='lat' dir='ltr'><strong>Illos</strong></span> 
     </span>
    </p>
   </div>
   <div class='ocr_carea' id='block_1_20' title="bbox 319 1369 1937 1440">
    <p class='ocr_par' dir='ltr' id='par_1_20' title="bbox 319 1369 1937 1440">
     <span class='ocr_line' id='line_1_20' title="bbox 319 1369 1937 1440; baseline 0.001 -16"><span class='ocrx_word' id='word_1_136' title='bbox 319 1373 470 1425; x_wconf 88' lang='lat' dir='ltr'><strong>enim</strong></span> <span class='ocrx_word' id='word_1_137' title='bbox 515 1384 767 1427; x_wconf 76' lang='lat' dir='ltr'><strong>nontam</strong></span> <span class='ocrx_word' id='word_1_138' title='bbox 800 1369 1000 1426; x_wconf 83' lang='lat' dir='ltr'><strong>veritas</strong></span> <span class='ocrx_word' id='word_1_139' title='bbox 1029 1372 1218 1440; x_wconf 87' lang='lat' dir='ltr'><strong>ejusve</strong></span> <span class='ocrx_word' id='word_1_140' title='bbox 1248 1369 1517 1423; x_wconf 80' lang='lat' dir='ltr'><strong>confessio</strong></span> <span class='ocrx_word' id='word_1_141' title='bbox 1549 1387 1705 1439; x_wconf 86' lang='lat' dir='ltr'><strong>quam</strong></span> <span class='ocrx_word' id='word_1_142' title='bbox 1735 1373 1937 1437; x_wconf 89' lang='lat' dir='ltr'><strong>impru-</strong></span> 
     </span>
    </p>
   </div>
   <div class='ocr_carea' id='block_1_21' title="bbox 317 1441 1938 1510">
    <p class='ocr_par' dir='ltr' id='par_1_21' title="bbox 317 1441 1938 1510">
     <span class='ocr_line' id='line_1_21' title="bbox 317 1441 1938 1510; baseline 0.001 -16"><span class='ocrx_word' id='word_1_143' title='bbox 317 1442 509 1497; x_wconf 83' lang='lat' dir='ltr'><strong>dentia</strong></span> <span class='ocrx_word' id='word_1_144' title='bbox 534 1460 652 1510; x_wconf 85' lang='lat' dir='ltr'><strong>qua</strong></span> <span class='ocrx_word' id='word_1_145' title='bbox 676 1445 755 1497; x_wconf 91' lang='lat' dir='ltr'><strong>usi</strong></span> <span class='ocrx_word' id='word_1_146' title='bbox 782 1451 926 1506; x_wconf 90' lang='lat' dir='ltr'><strong>sunt,</strong></span> <span class='ocrx_word' id='word_1_147' title='bbox 948 1444 998 1496; x_wconf 93' lang='lat' dir='ltr'><strong>in</strong></span> <span class='ocrx_word' id='word_1_148' title='bbox 1027 1443 1318 1495; x_wconf 52' lang='lat' dir='ltr'><strong>dlsvrimen</strong></span> <span class='ocrx_word' id='word_1_149' title='bbox 1339 1441 1579 1496; x_wconf 80' lang='lat' dir='ltr'><strong>adduxit.</strong></span> <span class='ocrx_word' id='word_1_150' title='bbox 1610 1442 1664 1494; x_wconf 91' lang='lat' dir='ltr'><strong>In</strong></span> <span class='ocrx_word' id='word_1_151' title='bbox 1687 1444 1938 1510; x_wconf 86' lang='lat' dir='ltr'><strong>martyri-</strong></span> 
     </span>
    </p>
   </div>
   <div class='ocr_carea' id='block_1_22' title="bbox 315 1511 1936 1580">
    <p class='ocr_par' dir='ltr' id='par_1_22' title="bbox 315 1511 1936 1580">
     <span class='ocr_line' id='line_1_22' title="bbox 315 1511 1936 1580; baseline 0.002 -14"><span class='ocrx_word' id='word_1_152' title='bbox 315 1511 421 1567; x_wconf 87' lang='lat' dir='ltr'><strong>bus</strong></span> <span class='ocrx_word' id='word_1_153' title='bbox 454 1525 657 1569; x_wconf 84' lang='lat' dir='ltr'><strong>autem</strong></span> <span class='ocrx_word' id='word_1_154' title='bbox 689 1514 960 1569; x_wconf 84' lang='lat' dir='ltr'><strong>confessio</strong></span> <span class='ocrx_word' id='word_1_155' title='bbox 990 1513 1252 1576; x_wconf 75' lang='lat' dir='ltr'><strong>veritatis,</strong></span> <span class='ocrx_word' id='word_1_156' title='bbox 1285 1527 1604 1580; x_wconf 87' lang='lat' dir='ltr'><strong>quamquam</strong></span> <span class='ocrx_word' id='word_1_157' title='bbox 1640 1513 1936 1576; x_wconf 75' lang='lat' dir='ltr'><strong>temporale</strong></span> 
     </span>
    </p>
   </div>
   <div class='ocr_carea' id='block_1_23' title="bbox 316 1582 1933 1650">
    <p class='ocr_par' dir='ltr' id='par_1_23' title="bbox 316 1582 1933 1650">
     <span class='ocr_line' id='line_1_23' title="bbox 316 1582 1933 1650; baseline 0.002 -15"><span class='ocrx_word' id='word_1_158' title='bbox 316 1596 733 1640; x_wconf 85' lang='lat' dir='ltr'><strong>nocumentum</strong></span> <span class='ocrx_word' id='word_1_159' title='bbox 773 1587 853 1640; x_wconf 81' lang='lat' dir='ltr'><strong>eis</strong></span> <span class='ocrx_word' id='word_1_160' title='bbox 894 1585 1168 1647; x_wconf 77' lang='lat' dir='ltr'><strong>attulerit,</strong></span> <span class='ocrx_word' id='word_1_161' title='bbox 1204 1598 1308 1636; x_wconf 88' lang='lat' dir='ltr'><strong>non</strong></span> <span class='ocrx_word' id='word_1_162' title='bbox 1349 1592 1632 1650; x_wconf 79' lang='lat' dir='ltr'><strong>propterea</strong></span> <span class='ocrx_word' id='word_1_163' title='bbox 1687 1582 1933 1638; x_wconf 80' lang='lat' dir='ltr'><strong>infelices</strong></span> 
     </span>
    </p>
   </div>
   <div class='ocr_carea' id='block_1_24' title="bbox 314 1653 1932 1723">
    <p class='ocr_par' dir='ltr' id='par_1_24' title="bbox 314 1653 1932 1723">
     <span class='ocr_line' id='line_1_24' title="bbox 314 1653 1932 1723; baseline 0.001 -17"><span class='ocrx_word' id='word_1_164' title='bbox 314 1653 495 1709; x_wconf 75' lang='lat' dir='ltr'><strong>fuisse</strong></span> <span class='ocrx_word' id='word_1_165' title='bbox 529 1657 760 1723; x_wconf 86' lang='lat' dir='ltr'><strong>putandi</strong></span> <span class='ocrx_word' id='word_1_166' title='bbox 795 1663 948 1716; x_wconf 85' lang='lat' dir='ltr'><strong>sunt;</strong></span> <span class='ocrx_word' id='word_1_167' title='bbox 998 1655 1088 1707; x_wconf 89' lang='lat' dir='ltr'><strong>sed</strong></span> <span class='ocrx_word' id='word_1_168' title='bbox 1125 1655 1226 1707; x_wconf 88' lang='lat' dir='ltr'><strong>hoc</strong></span> <span class='ocrx_word' id='word_1_169' title='bbox 1255 1653 1334 1706; x_wconf 89' lang='lat' dir='ltr'><strong>eis</strong></span> <span class='ocrx_word' id='word_1_170' title='bbox 1363 1653 1428 1705; x_wconf 88' lang='lat' dir='ltr'><strong>ad</strong></span> <span class='ocrx_word' id='word_1_171' title='bbox 1467 1653 1692 1717; x_wconf 69' lang='lat' dir='ltr'><strong>gloriam</strong></span> <span class='ocrx_word' id='word_1_172' title='bbox 1745 1656 1932 1722; x_wconf 86' lang='lat' dir='ltr'><strong>cessit,</strong></span> 
     </span>
    </p>
   </div>
   <div class='ocr_carea' id='block_1_25' title="bbox 314 1724 1650 1794">
    <p class='ocr_par' dir='ltr' id='par_1_25' title="bbox 314 1724 1650 1794">
     <span class='ocr_line' id='line_1_25' title="bbox 314 1724 1650 1794; baseline -0.002 -15"><span class='ocrx_word' id='word_1_173' title='bbox 314 1737 368 1780; x_wconf 82' lang='lat' dir='ltr'><strong>et</strong></span> <span class='ocrx_word' id='word_1_174' title='bbox 391 1727 464 1780; x_wconf 88' lang='lat' dir='ltr'><strong>ad</strong></span> <span class='ocrx_word' id='word_1_175' title='bbox 491 1729 898 1794; x_wconf 73' lang='lat' dir='ltr'><strong>sempiternam</strong></span> <span class='ocrx_word' id='word_1_176' title='bbox 917 1724 1195 1779; x_wconf 71' lang='lat' dir='ltr'><strong>victoriam</strong></span> <span class='ocrx_word' id='word_1_177' title='bbox 1215 1736 1376 1792; x_wconf 85' lang='lat' dir='ltr'><strong>atque</strong></span> <span class='ocrx_word' id='word_1_178' title='bbox 1398 1725 1650 1776; x_wconf 86' lang='lat' dir='ltr'><strong>salutem.</strong></span> 
     </span>
    </p>
   </div>
   <div class='ocr_carea' id='block_1_26' title="bbox 388 1794 1938 1867">
    <p class='ocr_par' dir='ltr' id='par_1_26' title="bbox 388 1794 1938 1867">
     <span class='ocr_line' id='line_1_26' title="bbox 388 1794 1938 1867; baseline -0.002 -16"><span class='ocrx_word' id='word_1_179' title='bbox 388 1796 656 1867; x_wconf 86' lang='lat' dir='ltr'><strong>Septima</strong></span> <span class='ocrx_word' id='word_1_180' title='bbox 689 1815 701 1848; x_wconf 77' lang='grc' dir='ltr'><strong>ε</strong></span> <span class='ocrx_word' id='word_1_181' title='bbox 737 1799 837 1862; x_wconf 81' lang='lat' dir='ltr'><strong>Qui</strong></span> <span class='ocrx_word' id='word_1_182' title='bbox 879 1797 1136 1850; x_wconf 81' lang='lat' dir='ltr'><strong>mirabilia</strong></span> <span class='ocrx_word' id='word_1_183' title='bbox 1166 1797 1408 1867; x_wconf 85' lang='lat' dir='ltr'><strong>rirtutum</strong></span> <span class='ocrx_word' id='word_1_184' title='bbox 1433 1811 1664 1858; x_wconf 89' lang='lat' dir='ltr'><strong>suarum,</strong></span> <span class='ocrx_word' id='word_1_185' title='bbox 1692 1794 1768 1847; x_wconf 90' lang='lat' dir='ltr'><strong>vel</strong></span> <span class='ocrx_word' id='word_1_186' title='bbox 1815 1811 1938 1865; x_wconf 87' lang='lat' dir='ltr'><strong>pro-</strong></span> 
     </span>
    </p>
   </div>
   <div class='ocr_carea' id='block_1_27' title="bbox 312 1865 1936 1938">
    <p class='ocr_par' dir='ltr' id='par_1_27' title="bbox 312 1865 1936 1938">
     <span class='ocr_line' id='line_1_27' title="bbox 312 1865 1936 1938; baseline 0 -19"><span class='ocrx_word' id='word_1_187' title='bbox 312 1865 684 1933; x_wconf 47' lang='lat' dir='ltr'><strong>prios&#39;actus,</strong></span> <span class='ocrx_word' id='word_1_188' title='bbox 714 1884 842 1938; x_wconf 86' lang='lat' dir='ltr'><strong>quos</strong></span> <span class='ocrx_word' id='word_1_189' title='bbox 871 1883 1071 1920; x_wconf 86' lang='lat' dir='ltr'><strong>necesse</strong></span> <span class='ocrx_word' id='word_1_190' title='bbox 1111 1877 1219 1925; x_wconf 90' lang='lat' dir='ltr'><strong>erat</strong></span> <span class='ocrx_word' id='word_1_191' title='bbox 1248 1865 1318 1938; x_wconf 81' lang='lat' dir='ltr'><strong>ad</strong></span> <span class='ocrx_word' id='word_1_192' title='bbox 1338 1865 1733 1938; x_wconf 61' lang='lat' dir='ltr'><strong>instructionem</strong></span> <span class='ocrx_word' id='word_1_193' title='bbox 1753 1867 1936 1938; x_wconf 84' lang='lat' dir='ltr'><strong>junio-</strong></span> 
     </span>
    </p>
   </div>
   <div class='ocr_carea' id='block_1_28' title="bbox 310 1935 1937 2010">
    <p class='ocr_par' dir='ltr' id='par_1_28' title="bbox 310 1935 1937 2010">
     <span class='ocr_line' id='line_1_28' title="bbox 310 1935 1937 2010; baseline 0.001 -22"><span class='ocrx_word' id='word_1_194' title='bbox 310 1954 436 1991; x_wconf 78' lang='lat' dir='ltr'><strong>rum</strong></span> <span class='ocrx_word' id='word_1_195' title='bbox 463 1940 530 1992; x_wconf 87' lang='lat' dir='ltr'><strong>in</strong></span> <span class='ocrx_word' id='word_1_196' title='bbox 580 1935 860 2010; x_wconf 76' lang='lat' dir='ltr'><strong>collatione</strong></span> <span class='ocrx_word' id='word_1_197' title='bbox 887 1938 1144 2010; x_wconf 78' lang='lat' dir='ltr'><strong>proferri,</strong></span> <span class='ocrx_word' id='word_1_198' title='bbox 1173 1936 1267 1990; x_wconf 90' lang='lat' dir='ltr'><strong>sub</strong></span> <span class='ocrx_word' id='word_1_199' title='bbox 1293 1935 1514 1988; x_wconf 89' lang='lat' dir='ltr'><strong>aliorum</strong></span> <span class='ocrx_word' id='word_1_200' title='bbox 1541 1935 1770 1988; x_wconf 81' lang='lat' dir='ltr'><strong>solebant</strong></span> <span class='ocrx_word' id='word_1_201' title='bbox 1797 1935 1937 1989; x_wconf 86' lang='lat' dir='ltr'><strong>colo-</strong></span> 
     </span>
    </p>
   </div>
   <div class='ocr_carea' id='block_1_29' title="bbox 310 2007 1937 2079">
    <p class='ocr_par' dir='ltr' id='par_1_29' title="bbox 310 2007 1937 2079">
     <span class='ocr_line' id='line_1_29' title="bbox 310 2007 1937 2079; baseline 0.001 -21"><span class='ocrx_word' id='word_1_202' title='bbox 310 2023 437 2062; x_wconf 82' lang='lat' dir='ltr'><strong>rare</strong></span> <span class='ocrx_word' id='word_1_203' title='bbox 469 2009 745 2079; x_wconf 80' lang='lat' dir='ltr'><strong>personis,</strong></span> <span class='ocrx_word' id='word_1_204' title='bbox 773 2007 896 2077; x_wconf 89' lang='lat' dir='ltr'><strong>quid</strong></span> <span class='ocrx_word' id='word_1_205' title='bbox 925 2007 1070 2062; x_wconf 80' lang='lat' dir='ltr'><strong>aliud</strong></span> <span class='ocrx_word' id='word_1_206' title='bbox 1096 2022 1369 2078; x_wconf 74' lang='lat' dir='ltr'><strong>possumus</strong></span> <span class='ocrx_word' id='word_1_207' title='bbox 1392 2022 1547 2079; x_wconf 87' lang='lat' dir='ltr'><strong>quam</strong></span> <span class='ocrx_word' id='word_1_208' title='bbox 1589 2017 1822 2079; x_wconf 86' lang='lat' dir='ltr'><strong>apertum</strong></span> <span class='ocrx_word' id='word_1_209' title='bbox 1847 2023 1937 2060; x_wconf 90' lang='lat' dir='ltr'><strong>su-</strong></span> 
     </span>
    </p>
   </div>
   <div class='ocr_carea' id='block_1_30' title="bbox 311 2077 1934 2152">
    <p class='ocr_par' dir='ltr' id='par_1_30' title="bbox 311 2077 1934 2152">
     <span class='ocr_line' id='line_1_30' title="bbox 311 2077 1934 2152; baseline -0.001 -19"><span class='ocrx_word' id='word_1_210' title='bbox 311 2096 409 2144; x_wconf 79' lang='lat' dir='ltr'><strong>per</strong></span> <span class='ocrx_word' id='word_1_211' title='bbox 436 2077 530 2133; x_wconf 82' lang='lat' dir='ltr'><strong>his</strong></span> <span class='ocrx_word' id='word_1_212' title='bbox 549 2081 800 2152; x_wconf 80' lang='lat' dir='ltr'><strong>judicare</strong></span> <span class='ocrx_word' id='word_1_213' title='bbox 831 2077 1202 2152; x_wconf 87' lang='lat' dir='ltr'><strong>mendacium</strong></span> <span class='ocrx_word' id='word_1_214' title='bbox 1223 2079 1303 2129; x_wconf 85' lang='lat' dir='ltr'><strong>Ad</strong></span> <span class='ocrx_word' id='word_1_215' title='bbox 1349 2077 1488 2152; x_wconf 84' lang='lat' dir='ltr'><strong>quod</strong></span> <span class='ocrx_word' id='word_1_216' title='bbox 1509 2078 1685 2152; x_wconf 72' lang='lat' dir='ltr'><strong>etiam</strong></span> <span class='ocrx_word' id='word_1_217' title='bbox 1716 2093 1806 2152; x_wconf 85' lang='lat' dir='ltr'><strong>nos</strong></span> <span class='ocrx_word' id='word_1_218' title='bbox 1839 2094 1934 2131; x_wconf 88' lang='lat' dir='ltr'><strong>suo</strong></span> 
     </span>
    </p>
   </div>
   <div class='ocr_carea' id='block_1_31' title="bbox 313 2148 1934 2234">
    <p class='ocr_par' dir='ltr' id='par_1_31' title="bbox 313 2148 1934 2234">
     <span class='ocr_line' id='line_1_31' title="bbox 313 2148 1934 2234; baseline -0.001 -31"><span class='ocrx_word' id='word_1_219' title='bbox 313 2148 640 2234; x_wconf 65' lang='lat' dir='ltr'><strong>magisterio</strong></span> <span class='ocrx_word' id='word_1_220' title='bbox 671 2151 849 2204; x_wconf 89' lang='lat' dir='ltr'><strong>doctor</strong></span> <span class='ocrx_word' id='word_1_221' title='bbox 875 2150 1381 2234; x_wconf 45' lang='lat' dir='ltr'><strong>gentiumfridenter</strong></span> <span class='ocrx_word' id='word_1_222' title='bbox 1401 2148 1657 2234; x_wconf 71' lang='lat' dir='ltr'><strong>instituit;</strong></span> <span class='ocrx_word' id='word_1_223' title='bbox 1684 2150 1770 2234; x_wconf 76' lang='lat' dir='ltr'><strong>qui</strong></span> <span class='ocrx_word' id='word_1_224' title='bbox 1797 2163 1934 2202; x_wconf 85' lang='lat' dir='ltr'><strong>reve-</strong></span> 
     </span>
    </p>
   </div>
   <div class='ocr_carea' id='block_1_32' title="bbox 313 2217 1932 2290">
    <p class='ocr_par' dir='ltr' id='par_1_32' title="bbox 313 2217 1932 2290">
     <span class='ocr_line' id='line_1_32' title="bbox 313 2217 1932 2290; baseline 0 -18"><span class='ocrx_word' id='word_1_225' title='bbox 313 2217 597 2276; x_wconf 71' lang='lat' dir='ltr'><strong>lationum</strong></span> <span class='ocrx_word' id='word_1_226' title='bbox 620 2238 830 2274; x_wconf 86' lang='lat' dir='ltr'><strong>suarum</strong></span> <span class='ocrx_word' id='word_1_227' title='bbox 846 2217 1248 2290; x_wconf 83' lang='lat' dir='ltr'><strong>magnitudinem</strong></span> <span class='ocrx_word' id='word_1_228' title='bbox 1273 2236 1337 2272; x_wconf 81' lang='lat' dir='ltr'><strong>ea:</strong></span> <span class='ocrx_word' id='word_1_229' title='bbox 1361 2218 1574 2272; x_wconf 83' lang='lat' dir='ltr'><strong>alterius</strong></span> <span class='ocrx_word' id='word_1_230' title='bbox 1594 2217 1785 2290; x_wconf 12' lang='lat' dir='ltr'><strong>intaluit</strong></span> <span class='ocrx_word' id='word_1_231' title='bbox 1808 2235 1932 2288; x_wconf 85' lang='lat' dir='ltr'><strong>pro-</strong></span> 
     </span>
    </p>
   </div>
   <div class='ocr_carea' id='block_1_33' title="bbox 313 2289 1934 2364">
    <p class='ocr_par' dir='ltr' id='par_1_33' title="bbox 313 2289 1934 2364">
     <span class='ocr_line' id='line_1_33' title="bbox 313 2289 1934 2364; baseline -0.001 -20"><span class='ocrx_word' id='word_1_232' title='bbox 313 2295 460 2364; x_wconf 68' lang='lat' dir='ltr'><strong>ferre</strong></span> <span class='ocrx_word' id='word_1_233' title='bbox 506 2309 731 2364; x_wconf 79' lang='lat' dir='ltr'><strong>persona</strong></span> <span class='ocrx_word' id='word_1_234' title='bbox 771 2289 946 2364; x_wconf 75' lang='lat' dir='ltr'><strong>dicens</strong></span> <span class='ocrx_word' id='word_1_235' title='bbox 982 2291 1434 2364; x_wconf 86' lang='lat' dir='ltr'><strong>:_Scio_hominem</strong></span> <span class='ocrx_word' id='word_1_236' title='bbox 1473 2291 1526 2364; x_wconf 77' lang='lat' dir='ltr'><strong>in</strong></span> <span class='ocrx_word' id='word_1_237' title='bbox 1577 2289 1802 2352; x_wconf 80' lang='lat' dir='ltr'><strong>Christo,</strong></span> <span class='ocrx_word' id='word_1_238' title='bbox 1831 2291 1934 2344; x_wconf 85' lang='lat' dir='ltr'><strong>sive</strong></span> 
     </span>
    </p>
   </div>
   <div class='ocr_carea' id='block_1_34' title="bbox 313 2361 1931 2434">
    <p class='ocr_par' dir='ltr' id='par_1_34' title="bbox 313 2361 1931 2434">
     <span class='ocr_line' id='line_1_34' title="bbox 313 2361 1931 2434; baseline -0.001 -19"><span class='ocrx_word' id='word_1_239' title='bbox 313 2363 370 2415; x_wconf 87' lang='lat' dir='ltr'><strong>in</strong></span> <span class='ocrx_word' id='word_1_240' title='bbox 395 2361 645 2434; x_wconf 86' lang='lat' dir='ltr'><strong>corpore,</strong></span> <span class='ocrx_word' id='word_1_241' title='bbox 670 2370 777 2418; x_wconf 89' lang='lat' dir='ltr'><strong>etc.</strong></span> <span class='ocrx_word' id='word_1_242' title='bbox 823 2361 972 2430; x_wconf 85' lang='lat' dir='ltr'><strong>(Cap.</strong></span> <span class='ocrx_word' id='word_1_243' title='bbox 1003 2361 1126 2434; x_wconf 66' lang='lat' dir='ltr'><strong>2’s).</strong></span> <span class='ocrx_word' id='word_1_244' title='bbox 1161 2361 1434 2434; x_wconf 82' lang='lat' dir='ltr'><strong>Frivolum</strong></span> <span class='ocrx_word' id='word_1_245' title='bbox 1467 2361 1620 2434; x_wconf 81' lang='lat' dir='ltr'><strong>plane</strong></span> <span class='ocrx_word' id='word_1_246' title='bbox 1646 2376 1931 2434; x_wconf 77' lang='lat' dir='ltr'><strong>argumen-</strong></span> 
     </span>
    </p>
   </div>
   <div class='ocr_carea' id='block_1_35' title="bbox 321 2431 1926 2501">
    <p class='ocr_par' dir='ltr' id='par_1_35' title="bbox 321 2431 1926 2501">
     <span class='ocr_line' id='line_1_35' title="bbox 321 2431 1926 2501; baseline 0.001 -17"><span class='ocrx_word' id='word_1_247' title='bbox 321 2442 441 2486; x_wconf 89' lang='lat' dir='ltr'><strong>tum</strong></span> <span class='ocrx_word' id='word_1_248' title='bbox 471 2431 645 2499; x_wconf 56' lang='lat' dir='ltr'><strong>;&#39;uam</strong></span> <span class='ocrx_word' id='word_1_249' title='bbox 694 2435 784 2501; x_wconf 88' lang='lat' dir='ltr'><strong>qui</strong></span> <span class='ocrx_word' id='word_1_250' title='bbox 834 2435 882 2486; x_wconf 92' lang='lat' dir='ltr'><strong>in</strong></span> <span class='ocrx_word' id='word_1_251' title='bbox 935 2433 1086 2486; x_wconf 87' lang='lat' dir='ltr'><strong>tertia</strong></span> <span class='ocrx_word' id='word_1_252' title='bbox 1122 2447 1345 2498; x_wconf 89' lang='lat' dir='ltr'><strong>persona</strong></span> <span class='ocrx_word' id='word_1_253' title='bbox 1377 2432 1442 2484; x_wconf 89' lang='lat' dir='ltr'><strong>de</strong></span> <span class='ocrx_word' id='word_1_254' title='bbox 1472 2447 1530 2484; x_wconf 90' lang='lat' dir='ltr'><strong>se</strong></span> <span class='ocrx_word' id='word_1_255' title='bbox 1553 2431 1791 2499; x_wconf 87' lang='lat' dir='ltr'><strong>loquitur</strong></span> <span class='ocrx_word' id='word_1_256' title='bbox 1820 2448 1926 2486; x_wconf 92' lang='lat' dir='ltr'><strong>non</strong></span> 
     </span>
    </p>
   </div>
   <div class='ocr_carea' id='block_1_36' title="bbox 323 2501 1930 2574">
    <p class='ocr_par' dir='ltr' id='par_1_36' title="bbox 323 2501 1930 2574">
     <span class='ocr_line' id='line_1_36' title="bbox 323 2501 1930 2574; baseline 0.001 -18"><span class='ocrx_word' id='word_1_257' title='bbox 323 2516 635 2574; x_wconf 75' lang='lat' dir='ltr'><strong>propterea</strong></span> <span class='ocrx_word' id='word_1_258' title='bbox 667 2505 946 2570; x_wconf 88' lang='lat' dir='ltr'><strong>mentitur,</strong></span> <span class='ocrx_word' id='word_1_259' title='bbox 975 2503 1108 2555; x_wconf 88' lang='lat' dir='ltr'><strong>nihil</strong></span> <span class='ocrx_word' id='word_1_260' title='bbox 1136 2505 1277 2574; x_wconf 79' lang='lat' dir='ltr'><strong>enim</strong></span> <span class='ocrx_word' id='word_1_261' title='bbox 1311 2501 1429 2555; x_wconf 75' lang='lat' dir='ltr'><strong>falsi</strong></span> <span class='ocrx_word' id='word_1_262' title='bbox 1454 2507 1717 2565; x_wconf 80' lang='lat' dir='ltr'><strong>enuntiat,</strong></span> <span class='ocrx_word' id='word_1_263' title='bbox 1743 2519 1930 2567; x_wconf 89' lang='lat' dir='ltr'><strong>quam-</strong></span> 
     </span>
    </p>
   </div>
   <div class='ocr_carea' id='block_1_37' title="bbox 319 2573 1929 2644">
    <p class='ocr_par' dir='ltr' id='par_1_37' title="bbox 319 2573 1929 2644">
     <span class='ocr_line' id='line_1_37' title="bbox 319 2573 1929 2644; baseline 0.002 -20"><span class='ocrx_word' id='word_1_264' title='bbox 319 2589 494 2642; x_wconf 82' lang='lat' dir='ltr'><strong>quam</strong></span> <span class='ocrx_word' id='word_1_265' title='bbox 550 2575 752 2644; x_wconf 91' lang='lat' dir='ltr'><strong>aliquid</strong></span> <span class='ocrx_word' id='word_1_266' title='bbox 784 2576 894 2629; x_wconf 91' lang='lat' dir='ltr'><strong>vcri</strong></span> <span class='ocrx_word' id='word_1_267' title='bbox 951 2585 1143 2627; x_wconf 85' lang='lat' dir='ltr'><strong>taceat.</strong></span> <span class='ocrx_word' id='word_1_268' title='bbox 1176 2573 1682 2644; x_wconf 15' lang='lat' dir='ltr'><strong>Veritatemrautem</strong></span> <span class='ocrx_word' id='word_1_269' title='bbox 1713 2575 1929 2628; x_wconf 89' lang='lat' dir='ltr'><strong>silentio</strong></span> 
     </span>
    </p>
   </div>
   <div class='ocr_carea' id='block_1_38' title="bbox 318 2643 1928 2711">
    <p class='ocr_par' dir='ltr' id='par_1_38' title="bbox 318 2643 1928 2711">
     <span class='ocr_line' id='line_1_38' title="bbox 318 2643 1928 2711; baseline 0.001 -13"><span class='ocrx_word' id='word_1_270' title='bbox 318 2659 612 2711; x_wconf 88' lang='lat' dir='ltr'><strong>premere,</strong></span> <span class='ocrx_word' id='word_1_271' title='bbox 643 2643 748 2699; x_wconf 86' lang='lat' dir='ltr'><strong>non</strong></span> <span class='ocrx_word' id='word_1_272' title='bbox 779 2657 860 2700; x_wconf 90' lang='lat' dir='ltr'><strong>est</strong></span> <span class='ocrx_word' id='word_1_273' title='bbox 890 2645 1128 2709; x_wconf 88' lang='lat' dir='ltr'><strong>mentiri,</strong></span> <span class='ocrx_word' id='word_1_274' title='bbox 1157 2644 1295 2699; x_wconf 88' lang='lat' dir='ltr'><strong>sicut</strong></span> <span class='ocrx_word' id='word_1_275' title='bbox 1323 2653 1446 2698; x_wconf 89' lang='lat' dir='ltr'><strong>ante</strong></span> <span class='ocrx_word' id='word_1_276' title='bbox 1465 2643 1660 2698; x_wconf 89' lang='lat' dir='ltr'><strong>dictum</strong></span> <span class='ocrx_word' id='word_1_277' title='bbox 1690 2657 1793 2709; x_wconf 87' lang='lat' dir='ltr'><strong>est,</strong></span> <span class='ocrx_word' id='word_1_278' title='bbox 1824 2645 1928 2700; x_wconf 89' lang='lat' dir='ltr'><strong>nisi</strong></span> 
     </span>
    </p>
   </div>
   <div class='ocr_carea' id='block_1_39' title="bbox 317 2711 1093 2783">
    <p class='ocr_par' dir='ltr' id='par_1_39' title="bbox 317 2711 1093 2783">
     <span class='ocr_line' id='line_1_39' title="bbox 317 2711 1093 2783; baseline 0.005 -17"><span class='ocrx_word' id='word_1_279' title='bbox 317 2711 546 2771; x_wconf 70' lang='lat' dir='ltr'><strong>falsitas</strong></span> <span class='ocrx_word' id='word_1_280' title='bbox 575 2717 752 2783; x_wconf 88' lang='lat' dir='ltr'><strong>aliqua</strong></span> <span class='ocrx_word' id='word_1_281' title='bbox 785 2717 1093 2770; x_wconf 83' lang='lat' dir='ltr'><strong>misceatur.</strong></span> 
     </span>
    </p>
   </div>
   <div class='ocr_carea' id='block_1_40' title="bbox 395 2785 1926 2849">
    <p class='ocr_par' dir='ltr' id='par_1_40' title="bbox 395 2785 1926 2849">
     <span class='ocr_line' id='line_1_40' title="bbox 395 2785 1926 2849; baseline -0.001 -7"><span class='ocrx_word' id='word_1_282' title='bbox 395 2787 615 2842; x_wconf 85' lang='lat' dir='ltr'><strong>Octava</strong></span> <span class='ocrx_word' id='word_1_283' title='bbox 649 2804 661 2840; x_wconf 92' lang='lat'><strong>:</strong></span> <span class='ocrx_word' id='word_1_284' title='bbox 696 2787 1023 2840; x_wconf 88' lang='lat' dir='ltr'><strong>Humilitatis</strong></span> <span class='ocrx_word' id='word_1_285' title='bbox 1055 2803 1210 2839; x_wconf 90' lang='lat' dir='ltr'><strong>causa</strong></span> <span class='ocrx_word' id='word_1_286' title='bbox 1240 2785 1588 2838; x_wconf 89' lang='lat' dir='ltr'><strong>mentiendum</strong></span> <span class='ocrx_word' id='word_1_287' title='bbox 1618 2802 1745 2849; x_wconf 84' lang='lat' dir='ltr'><strong>esse,</strong></span> <span class='ocrx_word' id='word_1_288' title='bbox 1780 2795 1834 2838; x_wconf 85' lang='lat' dir='ltr'><strong>ut</strong></span> <span class='ocrx_word' id='word_1_289' title='bbox 1865 2802 1926 2840; x_wconf 91' lang='lat' dir='ltr'><strong>ne</strong></span> 
     </span>
    </p>
   </div>
   <div class='ocr_carea' id='block_1_41' title="bbox 312 2857 1923 2927">
    <p class='ocr_par' dir='ltr' id='par_1_41' title="bbox 312 2857 1923 2927">
     <span class='ocr_line' id='line_1_41' title="bbox 312 2857 1923 2927; baseline -0.002 -15"><span class='ocrx_word' id='word_1_290' title='bbox 312 2859 445 2926; x_wconf 79' lang='lat' dir='ltr'><strong>quis</strong></span> <span class='ocrx_word' id='word_1_291' title='bbox 500 2859 652 2912; x_wconf 85' lang='lat' dir='ltr'><strong>etiam</strong></span> <span class='ocrx_word' id='word_1_292' title='bbox 680 2859 1020 2927; x_wconf 76' lang='lat' dir='ltr'><strong>interrogatus</strong></span> <span class='ocrx_word' id='word_1_293' title='bbox 1051 2857 1232 2920; x_wconf 88' lang='lat' dir='ltr'><strong>prodat</strong></span> <span class='ocrx_word' id='word_1_294' title='bbox 1264 2857 1381 2909; x_wconf 82' lang='lat' dir='ltr'><strong>aliis</strong></span> <span class='ocrx_word' id='word_1_295' title='bbox 1424 2858 1664 2926; x_wconf 85' lang='lat' dir='ltr'><strong>proprias</strong></span> <span class='ocrx_word' id='word_1_296' title='bbox 1691 2858 1923 2920; x_wconf 83' lang='lat' dir='ltr'><strong>virtutes,</strong></span> 
     </span>
    </p>
   </div>
   <div class='ocr_carea' id='block_1_42' title="bbox 315 2927 1925 2994">
    <p class='ocr_par' dir='ltr' id='par_1_42' title="bbox 315 2927 1925 2994">
     <span class='ocr_line' id='line_1_42' title="bbox 315 2927 1925 2994; baseline -0.003 -13"><span class='ocrx_word' id='word_1_297' title='bbox 315 2937 367 2981; x_wconf 88' lang='lat' dir='ltr'><strong>et</strong></span> <span class='ocrx_word' id='word_1_298' title='bbox 424 2945 498 2981; x_wconf 84' lang='lat' dir='ltr'><strong>ne</strong></span> <span class='ocrx_word' id='word_1_299' title='bbox 543 2929 806 2994; x_wconf 83' lang='lat' dir='ltr'><strong>prodendo</strong></span> <span class='ocrx_word' id='word_1_300' title='bbox 857 2929 1157 2991; x_wconf 78' lang='lat' dir='ltr'><strong>iactantiam</strong></span> <span class='ocrx_word' id='word_1_301' title='bbox 1213 2927 1380 2980; x_wconf 72' lang='lat' dir='ltr'><strong>noxite</strong></span> <span class='ocrx_word' id='word_1_302' title='bbox 1427 2927 1666 2978; x_wconf 87' lang='lat' dir='ltr'><strong>vanitatis</strong></span> <span class='ocrx_word' id='word_1_303' title='bbox 1693 2928 1925 2977; x_wconf 89' lang='lat' dir='ltr'><strong>incurrat</strong></span> 
     </span>
    </p>
   </div>
   <div class='ocr_carea' id='block_1_43' title="bbox 318 2980 1999 3068">
    <p class='ocr_par' dir='ltr' id='par_1_43' title="bbox 318 2980 1999 3068">
     <span class='ocr_line' id='line_1_43' title="bbox 318 2980 1999 3068; baseline -0.006 -16"><span class='ocrx_word' id='word_1_304' title='bbox 318 2980 500 3068; x_wconf 12' lang='lat' dir='ltr'><strong>(Capi.</strong></span> <span class='ocrx_word' id='word_1_305' title='bbox 520 2980 707 3066; x_wconf 46' lang='lat'><strong>{1,25</strong></span> <span class='ocrx_word' id='word_1_306' title='bbox 728 2980 772 3051; x_wconf 88' lang='lat' dir='ltr'><strong>et</strong></span> <span class='ocrx_word' id='word_1_307' title='bbox 801 2980 924 3068; x_wconf 43' lang='lat'><strong>&#39;24,).</strong></span> <span class='ocrx_word' id='word_1_308' title='bbox 959 2999 1106 3051; x_wconf 88' lang='lat' dir='ltr'><strong>Hauc</strong></span> <span class='ocrx_word' id='word_1_309' title='bbox 1127 2999 1449 3068; x_wconf 81' lang='lat' dir='ltr'><strong>sententiam</strong></span> <span class='ocrx_word' id='word_1_310' title='bbox 1476 2997 1694 3068; x_wconf 78' lang='lat' dir='ltr'><strong>damnat</strong></span> <span class='ocrx_word' id='word_1_311' title='bbox 1723 2995 1784 3047; x_wconf 88' lang='lat' dir='ltr'><strong>B.</strong></span> <span class='ocrx_word' id='word_1_312' title='bbox 1812 2998 1923 3046; x_wconf 83' lang='lat' dir='ltr'><strong>Au-</strong></span> <span class='ocrx_word' id='word_1_313' title='bbox 1954 2980 1999 3042; x_wconf 88' lang='lat' dir='ltr'><strong>C</strong></span> 
     </span>
    </p>
   </div>
   <div class='ocr_carea' id='block_1_44' title="bbox 312 3065 1922 3135">
    <p class='ocr_par' dir='ltr' id='par_1_44' title="bbox 312 3065 1922 3135">
     <span class='ocr_line' id='line_1_44' title="bbox 312 3065 1922 3135; baseline -0.004 -14"><span class='ocrx_word' id='word_1_314' title='bbox 312 3065 587 3135; x_wconf 67' lang='lat' dir='ltr'><strong>gustinus</strong></span> <span class='ocrx_word' id='word_1_315' title='bbox 615 3070 668 3120; x_wconf 87' lang='lat' dir='ltr'><strong>in</strong></span> <span class='ocrx_word' id='word_1_316' title='bbox 702 3070 814 3120; x_wconf 67' lang='lat' dir='ltr'><strong>haec</strong></span> <span class='ocrx_word' id='word_1_317' title='bbox 859 3065 1019 3121; x_wconf 76' lang='lat' dir='ltr'><strong>verba</strong></span> <span class='ocrx_word' id='word_1_318' title='bbox 1053 3086 1064 3117; x_wconf 91' lang='lat'>:</span> <span class='ocrx_word' id='word_1_319' title='bbox 1096 3067 1220 3120; x_wconf 79' lang='lat' dir='ltr'><strong>Cum</strong></span> <span class='ocrx_word' id='word_1_320' title='bbox 1253 3065 1561 3118; x_wconf 79' lang='lat' dir='ltr'><strong>humilitatis</strong></span> <span class='ocrx_word' id='word_1_321' title='bbox 1593 3081 1750 3115; x_wconf 85' lang='lat' dir='ltr'><strong>causa</strong></span> <span class='ocrx_word' id='word_1_322' title='bbox 1777 3079 1922 3115; x_wconf 86' lang='lat' dir='ltr'><strong>men-</strong></span> 
     </span>
    </p>
   </div>
   <div class='ocr_carea' id='block_1_45' title="bbox 315 3135 1932 3206">
    <p class='ocr_par' dir='ltr' id='par_1_45' title="bbox 315 3135 1932 3206">
     <span class='ocr_line' id='line_1_45' title="bbox 315 3135 1932 3206; baseline -0.004 -15"><span class='ocrx_word' id='word_1_323' title='bbox 315 3140 476 3198; x_wconf 85' lang='lat' dir='ltr'><strong>tiris,</strong></span> <span class='ocrx_word' id='word_1_324' title='bbox 501 3141 544 3190; x_wconf 90' lang='lat' dir='ltr'><strong>si</strong></span> <span class='ocrx_word' id='word_1_325' title='bbox 576 3153 677 3188; x_wconf 89' lang='lat' dir='ltr'><strong>non</strong></span> <span class='ocrx_word' id='word_1_326' title='bbox 720 3153 834 3189; x_wconf 85' lang='lat' dir='ltr'><strong>eras</strong></span> <span class='ocrx_word' id='word_1_327' title='bbox 863 3145 1097 3206; x_wconf 86' lang='lat' dir='ltr'><strong>peccator</strong></span> <span class='ocrx_word' id='word_1_328' title='bbox 1143 3147 1415 3206; x_wconf 86' lang='lat' dir='ltr'><strong>antequam</strong></span> <span class='ocrx_word' id='word_1_329' title='bbox 1456 3135 1762 3206; x_wconf 87' lang='lat' dir='ltr'><strong>mentireris,</strong></span> <span class='ocrx_word' id='word_1_330' title='bbox 1792 3148 1932 3206; x_wconf 82' lang='lat' dir='ltr'><strong>men-</strong></span> 
     </span>
    </p>
   </div>
   <div class='ocr_carea' id='block_1_46' title="bbox 314 3203 1931 3276">
    <p class='ocr_par' dir='ltr' id='par_1_46' title="bbox 314 3203 1931 3276">
     <span class='ocr_line' id='line_1_46' title="bbox 314 3203 1931 3276; baseline -0.001 -18"><span class='ocrx_word' id='word_1_331' title='bbox 314 3209 522 3258; x_wconf 76' lang='lat' dir='ltr'><strong>tiendo</strong></span> <span class='ocrx_word' id='word_1_332' title='bbox 553 3205 761 3276; x_wconf 66' lang='lat' dir='ltr'><strong>eﬁiceris</strong></span> <span class='ocrx_word' id='word_1_333' title='bbox 800 3203 936 3275; x_wconf 86' lang='lat' dir='ltr'><strong>quod</strong></span> <span class='ocrx_word' id='word_1_334' title='bbox 965 3207 1192 3258; x_wconf 86' lang='lat' dir='ltr'><strong>vitaras:</strong></span> <span class='ocrx_word' id='word_1_335' title='bbox 1224 3205 1408 3257; x_wconf 85' lang='lat' dir='ltr'><strong>veritas</strong></span> <span class='ocrx_word' id='word_1_336' title='bbox 1434 3213 1606 3256; x_wconf 89' lang='lat' dir='ltr'><strong>autem</strong></span> <span class='ocrx_word' id='word_1_337' title='bbox 1650 3205 1763 3276; x_wconf 79' lang='lat' dir='ltr'><strong>ipsa</strong></span> <span class='ocrx_word' id='word_1_338' title='bbox 1794 3203 1845 3255; x_wconf 88' lang='lat' dir='ltr'><strong>in</strong></span> <span class='ocrx_word' id='word_1_339' title='bbox 1887 3212 1931 3256; x_wconf 88' lang='lat' dir='ltr'><strong>te</strong></span> 
     </span>
    </p>
   </div>
   <div class='ocr_carea' id='block_1_47' title="bbox 305 3273 1934 3341">
    <p class='ocr_par' dir='ltr' id='par_1_47' title="bbox 305 3273 1934 3341">
     <span class='ocr_line' id='line_1_47' title="bbox 305 3273 1934 3341; baseline -0.001 -13"><span class='ocrx_word' id='word_1_340' title='bbox 305 3291 433 3328; x_wconf 78' lang='lat' dir='ltr'><strong>non</strong></span> <span class='ocrx_word' id='word_1_341' title='bbox 481 3273 603 3338; x_wconf 48' lang='lat' dir='ltr'><strong>est,&quot;</strong></span> <span class='ocrx_word' id='word_1_342' title='bbox 632 3276 724 3329; x_wconf 89' lang='lat' dir='ltr'><strong>nisi</strong></span> <span class='ocrx_word' id='word_1_343' title='bbox 755 3273 904 3328; x_wconf 37' lang='lat' dir='ltr'><strong>te&#39;ita</strong></span> <span class='ocrx_word' id='word_1_344' title='bbox 931 3276 1120 3328; x_wconf 75' lang='lat' dir='ltr'><strong>dixeris</strong></span> <span class='ocrx_word' id='word_1_345' title='bbox 1147 3283 1463 3341; x_wconf 90' lang='lat' dir='ltr'><strong>peccatorem</strong></span> <span class='ocrx_word' id='word_1_346' title='bbox 1482 3315 1497 3340; x_wconf 91' lang='lat'><strong>,</strong></span> <span class='ocrx_word' id='word_1_347' title='bbox 1548 3281 1602 3326; x_wconf 90' lang='lat' dir='ltr'><strong>ut</strong></span> <span class='ocrx_word' id='word_1_348' title='bbox 1641 3273 1793 3326; x_wconf 92' lang='lat' dir='ltr'><strong>etiam</strong></span> <span class='ocrx_word' id='word_1_349' title='bbox 1821 3289 1934 3327; x_wconf 87' lang='lat' dir='ltr'><strong>esse</strong></span> 
     </span>
    </p>
   </div>
   <div class='ocr_carea' id='block_1_48' title="bbox 308 3345 1927 3418">
    <p class='ocr_par' dir='ltr' id='par_1_48' title="bbox 308 3345 1927 3418">
     <span class='ocr_line' id='line_1_48' title="bbox 308 3345 1927 3418; baseline -0.001 -18"><span class='ocrx_word' id='word_1_350' title='bbox 308 3363 458 3418; x_wconf 67' lang='lat' dir='ltr'><strong>cogn</strong></span> <span class='ocrx_word' id='word_1_351' title='bbox 475 3363 660 3412; x_wconf 83' lang='lat' dir='ltr'><strong>escas;</strong></span> <span class='ocrx_word' id='word_1_352' title='bbox 689 3347 871 3400; x_wconf 90' lang='lat' dir='ltr'><strong>veritas</strong></span> <span class='ocrx_word' id='word_1_353' title='bbox 900 3355 1073 3418; x_wconf 85' lang='lat' dir='ltr'><strong>autem</strong></span> <span class='ocrx_word' id='word_1_354' title='bbox 1097 3347 1209 3414; x_wconf 88' lang='lat' dir='ltr'><strong>ipsa</strong></span> <span class='ocrx_word' id='word_1_355' title='bbox 1231 3416 1239 3418; x_wconf 92' lang='lat'><em>_</em></span> <span class='ocrx_word' id='word_1_356' title='bbox 1258 3354 1354 3418; x_wconf 84' lang='lat' dir='ltr'><strong>est,</strong></span> <span class='ocrx_word' id='word_1_357' title='bbox 1399 3354 1452 3397; x_wconf 90' lang='lat' dir='ltr'><strong>ut</strong></span> <span class='ocrx_word' id='word_1_358' title='bbox 1499 3345 1635 3418; x_wconf 86' lang='lat' dir='ltr'><strong>quod</strong></span> <span class='ocrx_word' id='word_1_359' title='bbox 1664 3361 1738 3418; x_wconf 70' lang='lat' dir='ltr'><strong>es_</strong></span> <span class='ocrx_word' id='word_1_360' title='bbox 1766 3345 1927 3418; x_wconf 74' lang='lat' dir='ltr'><strong>dicas.</strong></span> 
     </span>
    </p>
   </div>
   <div class='ocr_carea' id='block_1_49' title="bbox 321 3415 1932 3488">
    <p class='ocr_par' dir='ltr' id='par_1_49' title="bbox 321 3415 1932 3488">
     <span class='ocr_line' id='line_1_49' title="bbox 321 3415 1932 3488; baseline -0.001 -16"><span class='ocrx_word' id='word_1_361' title='bbox 321 3415 493 3488; x_wconf 61' lang='lat' dir='ltr'><strong>Nom</strong></span> <span class='ocrx_word' id='word_1_362' title='bbox 520 3418 773 3482; x_wconf 90' lang='lat' dir='ltr'><strong>quomodo</strong></span> <span class='ocrx_word' id='word_1_363' title='bbox 789 3426 863 3471; x_wconf 83' lang='lat' dir='ltr'><strong>est</strong></span> <span class='ocrx_word' id='word_1_364' title='bbox 893 3416 1157 3470; x_wconf 83' lang='lat' dir='ltr'><strong>humilitas</strong></span> <span class='ocrx_word' id='word_1_365' title='bbox 1185 3416 1272 3488; x_wconf 80' lang='lat' dir='ltr'><strong>ubi</strong></span> <span class='ocrx_word' id='word_1_366' title='bbox 1301 3426 1473 3488; x_wconf 83' lang='lat' dir='ltr'><strong>regnat</strong></span> <span class='ocrx_word' id='word_1_367' title='bbox 1501 3416 1743 3488; x_wconf 78' lang='lat' dir='ltr'><strong>falsitas?</strong></span> <span class='ocrx_word' id='word_1_368' title='bbox 1775 3416 1932 3488; x_wconf 76' lang='lat' dir='ltr'><strong>Plura</strong></span> 
     </span>
    </p>
   </div>
   <div class='ocr_carea' id='block_1_50' title="bbox 326 3485 1934 3555">
    <p class='ocr_par' dir='ltr' id='par_1_50' title="bbox 326 3485 1934 3555">
     <span class='ocr_line' id='line_1_50' title="bbox 326 3485 1934 3555; baseline -0.001 -14"><span class='ocrx_word' id='word_1_369' title='bbox 326 3487 536 3542; x_wconf 81' lang='lat' dir='ltr'><strong>videre</strong></span> <span class='ocrx_word' id='word_1_370' title='bbox 561 3500 642 3542; x_wconf 91' lang='lat' dir='ltr'><strong>est</strong></span> <span class='ocrx_word' id='word_1_371' title='bbox 672 3488 814 3551; x_wconf 89' lang='lat' dir='ltr'><strong>apud</strong></span> <span class='ocrx_word' id='word_1_372' title='bbox 842 3488 1163 3543; x_wconf 85' lang='lat' dir='ltr'><strong>Gratianum</strong></span> <span class='ocrx_word' id='word_1_373' title='bbox 1191 3487 1282 3549; x_wconf 68' lang='grc'><strong>22,</strong></span> <span class='ocrx_word' id='word_1_374' title='bbox 1315 3485 1505 3555; x_wconf 64' lang='lat' dir='ltr'><strong>quiest.</strong></span> <span class='ocrx_word' id='word_1_375' title='bbox 1537 3486 1592 3551; x_wconf 70' lang='grc'><strong>2,</strong></span> <span class='ocrx_word' id='word_1_376' title='bbox 1620 3485 1744 3540; x_wconf 86' lang='lat' dir='ltr'><strong>Cum</strong></span> <span class='ocrx_word' id='word_1_377' title='bbox 1767 3487 1934 3539; x_wconf 51' lang='lat' dir='ltr'><strong>humi.</strong></span> 
     </span>
    </p>
   </div>
   <div class='ocr_carea' id='block_1_51' title="bbox 332 3557 1933 3628">
    <p class='ocr_par' dir='ltr' id='par_1_51' title="bbox 332 3557 1933 3628">
     <span class='ocr_line' id='line_1_51' title="bbox 332 3557 1933 3628; baseline -0.001 -16"><span class='ocrx_word' id='word_1_378' title='bbox 332 3560 533 3620; x_wconf 85' lang='lat' dir='ltr'><strong>litatis,</strong></span> <span class='ocrx_word' id='word_1_379' title='bbox 561 3558 651 3628; x_wconf 89' lang='lat' dir='ltr'><strong>qui</strong></span> <span class='ocrx_word' id='word_1_380' title='bbox 682 3571 764 3614; x_wconf 92' lang='lat' dir='ltr'><strong>est</strong></span> <span class='ocrx_word' id='word_1_381' title='bbox 808 3573 980 3613; x_wconf 86' lang='lat' dir='ltr'><strong>canon</strong></span> <span class='ocrx_word' id='word_1_382' title='bbox 1013 3573 1210 3622; x_wconf 92' lang='lat' dir='ltr'><strong>nonus,</strong></span> <span class='ocrx_word' id='word_1_383' title='bbox 1241 3568 1294 3612; x_wconf 90' lang='lat' dir='ltr'><strong>et</strong></span> <span class='ocrx_word' id='word_1_384' title='bbox 1335 3573 1453 3628; x_wconf 82' lang='lat' dir='ltr'><strong>seq.</strong></span> <span class='ocrx_word' id='word_1_385' title='bbox 1482 3557 1593 3611; x_wconf 82' lang='lat' dir='ltr'><strong>Nec</strong></span> <span class='ocrx_word' id='word_1_386' title='bbox 1627 3567 1806 3610; x_wconf 88' lang='lat' dir='ltr'><strong>movet</strong></span> <span class='ocrx_word' id='word_1_387' title='bbox 1835 3571 1933 3628; x_wconf 78' lang='lat' dir='ltr'><strong>nos</strong></span> 
     </span>
    </p>
   </div>
   <div class='ocr_carea' id='block_1_52' title="bbox 332 3626 1928 3698">
    <p class='ocr_par' dir='ltr' id='par_1_52' title="bbox 332 3626 1928 3698">
     <span class='ocr_line' id='line_1_52' title="bbox 332 3626 1928 3698; baseline -0.001 -16"><span class='ocrx_word' id='word_1_388' title='bbox 332 3626 720 3698; x_wconf 80' lang='lat' dir='ltr'><strong>argumentum</strong></span> <span class='ocrx_word' id='word_1_389' title='bbox 770 3628 996 3698; x_wconf 86' lang='lat' dir='ltr'><strong>Josephi</strong></span> <span class='ocrx_word' id='word_1_390' title='bbox 1026 3630 1234 3683; x_wconf 80' lang='lat' dir='ltr'><strong>abbatis</strong></span> <span class='ocrx_word' id='word_1_391' title='bbox 1269 3628 1409 3696; x_wconf 90' lang='lat' dir='ltr'><strong>quod</strong></span> <span class='ocrx_word' id='word_1_392' title='bbox 1445 3627 1608 3681; x_wconf 88' lang='lat' dir='ltr'><strong>habet</strong></span> <span class='ocrx_word' id='word_1_393' title='bbox 1639 3631 1688 3680; x_wconf 92' lang='lat' dir='ltr'><strong>in</strong></span> <span class='ocrx_word' id='word_1_394' title='bbox 1715 3643 1833 3698; x_wconf 88' lang='lat' dir='ltr'><strong>cap.</strong></span> <span class='ocrx_word' id='word_1_395' title='bbox 1864 3626 1928 3681; x_wconf 68' lang='lat'><strong>21</strong></span> 
     </span>
    </p>
   </div>
   <div class='ocr_carea' id='block_1_53' title="bbox 335 3699 1936 3768">
    <p class='ocr_par' dir='ltr' id='par_1_53' title="bbox 335 3699 1936 3768">
     <span class='ocr_line' id='line_1_53' title="bbox 335 3699 1936 3768; baseline -0.001 -15"><span class='ocrx_word' id='word_1_396' title='bbox 335 3701 510 3768; x_wconf 84' lang='lat' dir='ltr'><strong>hujus</strong></span> <span class='ocrx_word' id='word_1_397' title='bbox 529 3701 867 3765; x_wconf 84' lang='lat' dir='ltr'><strong>collationis;</strong></span> <span class='ocrx_word' id='word_1_398' title='bbox 893 3700 1052 3753; x_wconf 76' lang='lat' dir='ltr'><strong>ali‘ert</strong></span> <span class='ocrx_word' id='word_1_399' title='bbox 1073 3699 1216 3754; x_wconf 90' lang='lat' dir='ltr'><strong>enim</strong></span> <span class='ocrx_word' id='word_1_400' title='bbox 1241 3699 1350 3753; x_wconf 90' lang='lat' dir='ltr'><strong>illic</strong></span> <span class='ocrx_word' id='word_1_401' title='bbox 1372 3699 1677 3752; x_wconf 88' lang='lat' dir='ltr'><strong>testimonia</strong></span> <span class='ocrx_word' id='word_1_402' title='bbox 1706 3713 1936 3766; x_wconf 76' lang='lat' dir='ltr'><strong>cvange-</strong></span> 
     </span>
    </p>
   </div>
   <div class='ocr_carea' id='block_1_54' title="bbox 336 3768 1936 3841">
    <p class='ocr_par' dir='ltr' id='par_1_54' title="bbox 336 3768 1936 3841">
     <span class='ocr_line' id='line_1_54' title="bbox 336 3768 1936 3841; baseline -0.002 -16"><span class='ocrx_word' id='word_1_403' title='bbox 336 3769 470 3837; x_wconf 87' lang='lat' dir='ltr'><strong>lica,</strong></span> <span class='ocrx_word' id='word_1_404' title='bbox 502 3773 697 3841; x_wconf 89' lang='lat' dir='ltr'><strong>quibus</strong></span> <span class='ocrx_word' id='word_1_405' title='bbox 721 3781 868 3825; x_wconf 88' lang='lat' dir='ltr'><strong>vetat</strong></span> <span class='ocrx_word' id='word_1_406' title='bbox 903 3769 1158 3824; x_wconf 88' lang='lat' dir='ltr'><strong>Dominus</strong></span> <span class='ocrx_word' id='word_1_407' title='bbox 1207 3786 1276 3825; x_wconf 92' lang='lat' dir='ltr'><strong>ne</strong></span> <span class='ocrx_word' id='word_1_408' title='bbox 1321 3769 1547 3823; x_wconf 90' lang='lat' dir='ltr'><strong>velimus</strong></span> <span class='ocrx_word' id='word_1_409' title='bbox 1576 3768 1746 3841; x_wconf 84' lang='lat' dir='ltr'><strong>videri</strong></span> <span class='ocrx_word' id='word_1_410' title='bbox 1794 3771 1936 3837; x_wconf 86' lang='lat' dir='ltr'><strong>jeju—</strong></span> 
     </span>
    </p>
   </div>
   <div class='ocr_carea' id='block_1_55' title="bbox 340 3840 1936 3910">
    <p class='ocr_par' dir='ltr' id='par_1_55' title="bbox 340 3840 1936 3910">
     <span class='ocr_line' id='line_1_55' title="bbox 340 3840 1936 3910; baseline -0.001 -17"><span class='ocrx_word' id='word_1_411' title='bbox 340 3840 560 3896; x_wconf 86' lang='lat' dir='ltr'><strong>nantes.</strong></span> <span class='ocrx_word' id='word_1_412' title='bbox 605 3843 665 3896; x_wconf 84' lang='lat' dir='ltr'><strong>Et</strong></span> <span class='ocrx_word' id='word_1_413' title='bbox 700 3857 912 3895; x_wconf 78' lang='lat' dir='ltr'><strong>rursum</strong></span> <span class='ocrx_word' id='word_1_414' title='bbox 949 3860 960 3893; x_wconf 86' lang='lat'>:</span> <span class='ocrx_word' id='word_1_415' title='bbox 998 3841 1209 3895; x_wconf 84' lang='lat' dir='ltr'><strong>Nesciat</strong></span> <span class='ocrx_word' id='word_1_416' title='bbox 1253 3841 1463 3894; x_wconf 84' lang='lat' dir='ltr'><strong>sinistra</strong></span> <span class='ocrx_word' id='word_1_417' title='bbox 1497 3851 1586 3894; x_wconf 90' lang='lat' dir='ltr'><strong>tua</strong></span> <span class='ocrx_word' id='word_1_418' title='bbox 1628 3840 1752 3910; x_wconf 88' lang='lat' dir='ltr'><strong>quid</strong></span> <span class='ocrx_word' id='word_1_419' title='bbox 1781 3841 1936 3908; x_wconf 74' lang='lat' dir='ltr'><strong>faciat</strong></span> 
     </span>
    </p>
   </div>
   <div class='ocr_carea' id='block_1_56' title="bbox 340 3911 1934 3980">
    <p class='ocr_par' dir='ltr' id='par_1_56' title="bbox 340 3911 1934 3980">
     <span class='ocr_line' id='line_1_56' title="bbox 340 3911 1934 3980; baseline -0.001 -16"><span class='ocrx_word' id='word_1_420' title='bbox 340 3913 582 3968; x_wconf 73' lang='lat' dir='ltr'><strong>dextera.</strong></span> <span class='ocrx_word' id='word_1_421' title='bbox 622 3912 790 3978; x_wconf 85' lang='lat' dir='ltr'><strong>Quam</strong></span> <span class='ocrx_word' id='word_1_422' title='bbox 820 3914 1182 3980; x_wconf 86' lang='lat' dir='ltr'><strong>objectiouem</strong></span> <span class='ocrx_word' id='word_1_423' title='bbox 1212 3913 1348 3966; x_wconf 90' lang='lat' dir='ltr'><strong>bene</strong></span> <span class='ocrx_word' id='word_1_424' title='bbox 1376 3911 1624 3980; x_wconf 83' lang='lat' dir='ltr'><strong>dissolvit</strong></span> <span class='ocrx_word' id='word_1_425' title='bbox 1644 3911 1703 3964; x_wconf 90' lang='grc' dir='ltr'><strong>Β.</strong></span> <span class='ocrx_word' id='word_1_426' title='bbox 1730 3913 1934 3980; x_wconf 75' lang='lat' dir='ltr'><strong>Grego-</strong></span> 
     </span>
    </p>
   </div>
   <div class='ocr_carea' id='block_1_57' title="bbox 341 3979 1932 4053">
    <p class='ocr_par' dir='ltr' id='par_1_57' title="bbox 341 3979 1932 4053">
     <span class='ocr_line' id='line_1_57' title="bbox 341 3979 1932 4053; baseline -0.001 -18"><span class='ocrx_word' id='word_1_427' title='bbox 341 3985 460 4053; x_wconf 74' lang='lat' dir='ltr'><strong>rius</strong></span> <span class='ocrx_word' id='word_1_428' title='bbox 492 3984 677 4038; x_wconf 86' lang='lat' dir='ltr'><strong>bomil.</strong></span> <span class='ocrx_word' id='word_1_429' title='bbox 707 3987 763 4038; x_wconf 95' lang='lat'><strong>11</strong></span> <span class='ocrx_word' id='word_1_430' title='bbox 799 3979 962 4050; x_wconf 82' lang='lat' dir='ltr'><strong>super</strong></span> <span class='ocrx_word' id='word_1_431' title='bbox 992 3983 1274 4053; x_wconf 80' lang='lat' dir='ltr'><strong>Evangelia</strong></span> <span class='ocrx_word' id='word_1_432' title='bbox 1310 3999 1321 4034; x_wconf 92' lang='lat'><strong>:</strong></span> <span class='ocrx_word' id='word_1_433' title='bbox 1366 3979 1612 4036; x_wconf 87' lang='lat' dir='ltr'><strong>Inventus</strong></span> <span class='ocrx_word' id='word_1_434' title='bbox 1641 3979 1932 4044; x_wconf 76' lang='lat' dir='ltr'><strong>thesaurus,</strong></span> 
     </span>
    </p>
   </div>
   <div class='ocr_carea' id='block_1_58' title="bbox 341 4051 1938 4123">
    <p class='ocr_par' dir='ltr' id='par_1_58' title="bbox 341 4051 1938 4123">
     <span class='ocr_line' id='line_1_58' title="bbox 341 4051 1938 4123; baseline -0.001 -16"><span class='ocrx_word' id='word_1_435' title='bbox 341 4051 557 4123; x_wconf 86' lang='lat' dir='ltr'><strong>inquit,</strong></span> <span class='ocrx_word' id='word_1_436' title='bbox 615 4054 946 4107; x_wconf 86' lang='lat' dir='ltr'><strong>absconditur</strong></span> <span class='ocrx_word' id='word_1_437' title='bbox 999 4063 1053 4105; x_wconf 91' lang='lat' dir='ltr'><strong>ut</strong></span> <span class='ocrx_word' id='word_1_438' title='bbox 1107 4051 1349 4115; x_wconf 81' lang='lat' dir='ltr'><strong>servetur,</strong></span> <span class='ocrx_word' id='word_1_439' title='bbox 1395 4056 1519 4123; x_wconf 88' lang='lat' dir='ltr'><strong>quia</strong></span> <span class='ocrx_word' id='word_1_440' title='bbox 1565 4054 1793 4106; x_wconf 87' lang='lat' dir='ltr'><strong>studium</strong></span> <span class='ocrx_word' id='word_1_441' title='bbox 1841 4068 1938 4106; x_wconf 77' lang='lat' dir='ltr'><strong>cae-</strong></span> 
     </span>
    </p>
   </div>
   <div class='ocr_carea' id='block_1_59' title="bbox 345 4123 1936 4196">
    <p class='ocr_par' dir='ltr' id='par_1_59' title="bbox 345 4123 1936 4196">
     <span class='ocr_line' id='line_1_59' title="bbox 345 4123 1936 4196; baseline 0.001 -21"><span class='ocrx_word' id='word_1_442' title='bbox 345 4123 489 4196; x_wconf 80' lang='lat' dir='ltr'><strong>lestis</strong></span> <span class='ocrx_word' id='word_1_443' title='bbox 517 4125 760 4196; x_wconf 85' lang='lat' dir='ltr'><strong>desiderii</strong></span> <span class='ocrx_word' id='word_1_444' title='bbox 783 4141 814 4176; x_wconf 92' lang='lat' dir='ltr'><strong>a</strong></span> <span class='ocrx_word' id='word_1_445' title='bbox 843 4125 1083 4195; x_wconf 80' lang='lat' dir='ltr'><strong>malignis</strong></span> <span class='ocrx_word' id='word_1_446' title='bbox 1113 4125 1376 4196; x_wconf 83' lang='lat' dir='ltr'><strong>spiritibus</strong></span> <span class='ocrx_word' id='word_1_447' title='bbox 1388 4124 1657 4196; x_wconf 75' lang='lat' dir='ltr'><strong>custodire</strong></span> <span class='ocrx_word' id='word_1_448' title='bbox 1693 4139 1796 4196; x_wconf 87' lang='lat' dir='ltr'><strong>non</strong></span> <span class='ocrx_word' id='word_1_449' title='bbox 1820 4124 1936 4196; x_wconf 83' lang='lat' dir='ltr'><strong>suf-</strong></span> 
     </span>
    </p>
   </div>
   <div class='ocr_carea' id='block_1_60' title="bbox 346 4193 1933 4265">
    <p class='ocr_par' dir='ltr' id='par_1_60' title="bbox 346 4193 1933 4265">
     <span class='ocr_line' id='line_1_60' title="bbox 346 4193 1933 4265; baseline -0.001 -18"><span class='ocrx_word' id='word_1_450' title='bbox 346 4193 478 4265; x_wconf 79' lang='lat' dir='ltr'><strong>ﬁcit,</strong></span> <span class='ocrx_word' id='word_1_451' title='bbox 506 4195 594 4265; x_wconf 86' lang='lat' dir='ltr'><strong>qui</strong></span> <span class='ocrx_word' id='word_1_452' title='bbox 621 4195 716 4248; x_wconf 87' lang='lat' dir='ltr'><strong>ltoc</strong></span> <span class='ocrx_word' id='word_1_453' title='bbox 757 4203 804 4247; x_wconf 90' lang='lat' dir='ltr'><strong>et</strong></span> <span class='ocrx_word' id='word_1_454' title='bbox 848 4195 909 4249; x_wconf 89' lang='lat' dir='ltr'><strong>ab</strong></span> <span class='ocrx_word' id='word_1_455' title='bbox 961 4193 1197 4248; x_wconf 80' lang='lat' dir='ltr'><strong>humanis</strong></span> <span class='ocrx_word' id='word_1_456' title='bbox 1238 4193 1604 4248; x_wconf 76' lang='lat' dir='ltr'><strong>laudibnsmon</strong></span> <span class='ocrx_word' id='word_1_457' title='bbox 1649 4195 1933 4247; x_wconf 86' lang='lat' dir='ltr'><strong>abscondit.</strong></span> 
     </span>
    </p>
   </div>
   <div class='ocr_carea' id='block_1_61' title="bbox 422 4263 1936 4336">
    <p class='ocr_par' dir='ltr' id='par_1_61' title="bbox 422 4263 1936 4336">
     <span class='ocr_line' id='line_1_61' title="bbox 422 4263 1936 4336; baseline -0.001 -17"><span class='ocrx_word' id='word_1_458' title='bbox 422 4263 492 4320; x_wconf 84' lang='lat' dir='ltr'><strong>In</strong></span> <span class='ocrx_word' id='word_1_459' title='bbox 520 4263 759 4336; x_wconf 64' lang='lat' dir='ltr'><strong>praesenti</strong></span> <span class='ocrx_word' id='word_1_460' title='bbox 803 4267 984 4319; x_wconf 87' lang='lat' dir='ltr'><strong>etenim</strong></span> <span class='ocrx_word' id='word_1_461' title='bbox 1009 4268 1111 4319; x_wconf 89' lang='lat' dir='ltr'><strong>vita</strong></span> <span class='ocrx_word' id='word_1_462' title='bbox 1138 4267 1284 4334; x_wconf 77' lang='lat' dir='ltr'><strong>quasi</strong></span> <span class='ocrx_word' id='word_1_463' title='bbox 1313 4266 1367 4317; x_wconf 88' lang='lat' dir='ltr'><strong>in</strong></span> <span class='ocrx_word' id='word_1_464' title='bbox 1395 4267 1477 4317; x_wconf 90' lang='lat' dir='ltr'><strong>via</strong></span> <span class='ocrx_word' id='word_1_465' title='bbox 1504 4281 1704 4328; x_wconf 87' lang='lat' dir='ltr'><strong>sumus,</strong></span> <span class='ocrx_word' id='word_1_466' title='bbox 1736 4282 1837 4333; x_wconf 89' lang='lat' dir='ltr'><strong>qua</strong></span> <span class='ocrx_word' id='word_1_467' title='bbox 1867 4265 1936 4317; x_wconf 89' lang='lat' dir='ltr'><strong>ad</strong></span> 
     </span>
    </p>
   </div>
   <div class='ocr_carea' id='block_1_62' title="bbox 2062 318 3640 386">
    <p class='ocr_par' dir='ltr' id='par_1_62' title="bbox 2062 318 3640 386">
     <span class='ocr_line' id='line_1_62' title="bbox 2062 318 3640 386; baseline 0.006 -18"><span class='ocrx_word' id='word_1_468' title='bbox 2062 331 2166 368; x_wconf 88' lang='lat' dir='ltr'><strong>non</strong></span> <span class='ocrx_word' id='word_1_469' title='bbox 2205 318 2474 371; x_wconf 87' lang='lat' dir='ltr'><strong>immerito</strong></span> <span class='ocrx_word' id='word_1_470' title='bbox 2508 330 2820 386; x_wconf 89' lang='lat' dir='ltr'><strong>suspectum</strong></span> <span class='ocrx_word' id='word_1_471' title='bbox 2868 321 3025 374; x_wconf 91' lang='lat' dir='ltr'><strong>nobis</strong></span> <span class='ocrx_word' id='word_1_472' title='bbox 3072 321 3397 377; x_wconf 89' lang='lat' dir='ltr'><strong>reddiderit.</strong></span> <span class='ocrx_word' id='word_1_473' title='bbox 3429 321 3562 377; x_wconf 88' lang='lat' dir='ltr'><strong>Nam</strong></span> <span class='ocrx_word' id='word_1_474' title='bbox 3587 335 3640 378; x_wconf 87' lang='lat' dir='ltr'><strong>et</strong></span> 
     </span>
    </p>
   </div>
   <div class='ocr_carea' id='block_1_63' title="bbox 2057 387 3640 460">
    <p class='ocr_par' dir='ltr' id='par_1_63' title="bbox 2057 387 3640 460">
     <span class='ocr_line' id='line_1_63' title="bbox 2057 387 3640 460; baseline 0.004 -21"><span class='ocrx_word' id='word_1_475' title='bbox 2057 388 2159 460; x_wconf 80' lang='lat' dir='ltr'><strong>sub</strong></span> <span class='ocrx_word' id='word_1_476' title='bbox 2203 387 2364 460; x_wconf 80' lang='lat' dir='ltr'><strong>linem</strong></span> <span class='ocrx_word' id='word_1_477' title='bbox 2399 389 2704 442; x_wconf 85' lang='lat' dir='ltr'><strong>collationis</strong></span> <span class='ocrx_word' id='word_1_478' title='bbox 2757 390 2830 442; x_wconf 90' lang='lat' dir='ltr'><strong>ita</strong></span> <span class='ocrx_word' id='word_1_479' title='bbox 2861 392 3134 460; x_wconf 88' lang='lat' dir='ltr'><strong>loquitur:</strong></span> <span class='ocrx_word' id='word_1_480' title='bbox 3195 391 3314 444; x_wconf 85' lang='lat' dir='ltr'><strong>Hac</strong></span> <span class='ocrx_word' id='word_1_481' title='bbox 3365 395 3640 448; x_wconf 83' lang='lat' dir='ltr'><strong>beatissimi</strong></span> 
     </span>
    </p>
   </div>
   <div class='ocr_carea' id='block_1_64' title="bbox 2056 457 3638 530">
    <p class='ocr_par' dir='ltr' id='par_1_64' title="bbox 2056 457 3638 530">
     <span class='ocr_line' id='line_1_64' title="bbox 2056 457 3638 530; baseline 0.005 -22"><span class='ocrx_word' id='word_1_482' title='bbox 2056 457 2251 530; x_wconf 83' lang='lat' dir='ltr'><strong>Joseph</strong></span> <span class='ocrx_word' id='word_1_483' title='bbox 2275 459 2595 530; x_wconf 74' lang='lat' dir='ltr'><strong>institutione</strong></span> <span class='ocrx_word' id='word_1_484' title='bbox 2617 471 2769 530; x_wconf 90' lang='lat' dir='ltr'><strong>atque</strong></span> <span class='ocrx_word' id='word_1_485' title='bbox 2797 457 3031 515; x_wconf 76' lang='lat' dir='ltr'><strong>doctrina</strong></span> <span class='ocrx_word' id='word_1_486' title='bbox 3067 464 3197 516; x_wconf 86' lang='lat' dir='ltr'><strong>velut</strong></span> <span class='ocrx_word' id='word_1_487' title='bbox 3227 465 3399 517; x_wconf 90' lang='lat' dir='ltr'><strong>divino</strong></span> <span class='ocrx_word' id='word_1_488' title='bbox 3429 466 3638 517; x_wconf 90' lang='lat' dir='ltr'><strong>oraculo</strong></span> 
     </span>
    </p>
   </div>
   <div class='ocr_carea' id='block_1_65' title="bbox 2057 529 3638 600">
    <p class='ocr_par' dir='ltr' id='par_1_65' title="bbox 2057 529 3638 600">
     <span class='ocr_line' id='line_1_65' title="bbox 2057 529 3638 600; baseline 0.004 -21"><span class='ocrx_word' id='word_1_489' title='bbox 2057 529 2373 600; x_wconf 72' lang='lat' dir='ltr'><strong>conﬁrmati,</strong></span> <span class='ocrx_word' id='word_1_490' title='bbox 2421 532 2474 582; x_wconf 88' lang='lat' dir='ltr'><strong>in</strong></span> <span class='ocrx_word' id='word_1_491' title='bbox 2505 529 2741 600; x_wconf 81' lang='lat' dir='ltr'><strong>/Egypto</strong></span> <span class='ocrx_word' id='word_1_492' title='bbox 2795 533 3017 586; x_wconf 81' lang='lat' dir='ltr'><strong>residere</strong></span> <span class='ocrx_word' id='word_1_493' title='bbox 3062 533 3358 596; x_wconf 89' lang='lat' dir='ltr'><strong>maluimus,</strong></span> <span class='ocrx_word' id='word_1_494' title='bbox 3412 543 3518 588; x_wconf 87' lang='lat' dir='ltr'><strong>etc.</strong></span> <span class='ocrx_word' id='word_1_495' title='bbox 3573 534 3638 587; x_wconf 82' lang='lat' dir='ltr'><strong>Et</strong></span> 
     </span>
    </p>
   </div>
   <div class='ocr_carea' id='block_1_66' title="bbox 2055 598 3636 666">
    <p class='ocr_par' dir='ltr' id='par_1_66' title="bbox 2055 598 3636 666">
     <span class='ocr_line' id='line_1_66' title="bbox 2055 598 3636 666; baseline 0.004 -15"><span class='ocrx_word' id='word_1_496' title='bbox 2055 598 2197 664; x_wconf 90' lang='lat' dir='ltr'><strong>quod</strong></span> <span class='ocrx_word' id='word_1_497' title='bbox 2231 599 2404 666; x_wconf 79' lang='lat' dir='ltr'><strong>magis</strong></span> <span class='ocrx_word' id='word_1_498' title='bbox 2433 601 2498 652; x_wconf 85' lang='lat' dir='ltr'><strong>ad</strong></span> <span class='ocrx_word' id='word_1_499' title='bbox 2532 598 2644 653; x_wconf 77' lang='lat' dir='ltr'><strong>rem</strong></span> <span class='ocrx_word' id='word_1_500' title='bbox 2671 601 2816 666; x_wconf 85' lang='lat' dir='ltr'><strong>facit,</strong></span> <span class='ocrx_word' id='word_1_501' title='bbox 2852 602 2903 655; x_wconf 90' lang='lat' dir='ltr'><strong>in</strong></span> <span class='ocrx_word' id='word_1_502' title='bbox 2940 603 3035 655; x_wconf 88' lang='lat' dir='ltr'><strong>lib.</strong></span> <span class='ocrx_word' id='word_1_503' title='bbox 3067 619 3120 658; x_wconf 78' lang='lat' dir='ltr'><strong>v1</strong></span> <span class='ocrx_word' id='word_1_504' title='bbox 3149 604 3542 657; x_wconf 87' lang='lat' dir='ltr'><strong>lnstitutionum</strong></span> <span class='ocrx_word' id='word_1_505' title='bbox 3571 604 3636 657; x_wconf 85' lang='lat' dir='ltr'><strong>de</strong></span> 
     </span>
    </p>
   </div>
   <div class='ocr_carea' id='block_1_67' title="bbox 2054 667 3636 747">
    <p class='ocr_par' dir='ltr' id='par_1_67' title="bbox 2054 667 3636 747">
     <span class='ocr_line' id='line_1_67' title="bbox 2054 667 3636 747; baseline 0.005 -28"><span class='ocrx_word' id='word_1_506' title='bbox 2054 667 2326 747; x_wconf 69' lang='lat' dir='ltr'><strong>Archebio</strong></span> <span class='ocrx_word' id='word_1_507' title='bbox 2350 670 2542 724; x_wconf 88' lang='lat' dir='ltr'><strong>abbate</strong></span> <span class='ocrx_word' id='word_1_508' title='bbox 2565 671 2811 747; x_wconf 82' lang='lat' dir='ltr'><strong>scribens</strong></span> <span class='ocrx_word' id='word_1_509' title='bbox 2843 672 3000 747; x_wconf 55' lang='lat' dir='ltr'><strong>(Cap.</strong></span> <span class='ocrx_word' id='word_1_510' title='bbox 3031 675 3147 747; x_wconf 75' lang='lat'><strong>57),</strong></span> <span class='ocrx_word' id='word_1_511' title='bbox 3178 673 3476 747; x_wconf 76' lang='lat' dir='ltr'><strong>dicitillum</strong></span> <span class='ocrx_word' id='word_1_512' title='bbox 3509 674 3636 747; x_wconf 46' lang='lat' dir='ltr'><strong>relif</strong></span> 
     </span>
    </p>
   </div>
   <div class='ocr_carea' id='block_1_68' title="bbox 2051 739 3635 812">
    <p class='ocr_par' dir='ltr' id='par_1_68' title="bbox 2051 739 3635 812">
     <span class='ocr_line' id='line_1_68' title="bbox 2051 739 3635 812; baseline 0.006 -23"><span class='ocrx_word' id='word_1_513' title='bbox 2051 739 2201 812; x_wconf 69' lang='lat' dir='ltr'><strong>giosa</strong></span> <span class='ocrx_word' id='word_1_514' title='bbox 2251 739 3122 812; x_wconf 20' lang='lat' dir='ltr'><strong>circumventioneietcharitatis</strong></span> <span class='ocrx_word' id='word_1_515' title='bbox 3174 745 3454 799; x_wconf 90' lang='lat' dir='ltr'><strong>mendacio</strong></span> <span class='ocrx_word' id='word_1_516' title='bbox 3495 744 3635 812; x_wconf 86' lang='lat' dir='ltr'><strong>apud</strong></span> 
     </span>
    </p>
   </div>
   <div class='ocr_carea' id='block_1_69' title="bbox 2052 805 3636 888">
    <p class='ocr_par' dir='ltr' id='par_1_69' title="bbox 2052 805 3636 888">
     <span class='ocr_line' id='line_1_69' title="bbox 2052 805 3636 888; baseline 0.006 -29"><span class='ocrx_word' id='word_1_517' title='bbox 2052 805 2248 888; x_wconf 75' lang='lat' dir='ltr'><strong>fratres</strong></span> <span class='ocrx_word' id='word_1_518' title='bbox 2275 824 2428 864; x_wconf 92' lang='lat' dir='ltr'><strong>usum</strong></span> <span class='ocrx_word' id='word_1_519' title='bbox 2473 810 2660 888; x_wconf 80' lang='lat' dir='ltr'><strong>fuisse.</strong></span> <span class='ocrx_word' id='word_1_520' title='bbox 2704 811 3222 888; x_wconf 67' lang='lat' dir='ltr'><strong>Qutelocutionon</strong></span> <span class='ocrx_word' id='word_1_521' title='bbox 3269 814 3414 888; x_wconf 80' lang='lat' dir='ltr'><strong>aliud</strong></span> <span class='ocrx_word' id='word_1_522' title='bbox 3440 805 3636 888; x_wconf 81' lang='lat' dir='ltr'><strong>sonare</strong></span> 
     </span>
    </p>
   </div>
   <div class='ocr_carea' id='block_1_70' title="bbox 2051 878 3634 952">
    <p class='ocr_par' dir='ltr' id='par_1_70' title="bbox 2051 878 3634 952">
     <span class='ocr_line' id='line_1_70' title="bbox 2051 878 3634 952; baseline 0.006 -21"><span class='ocrx_word' id='word_1_523' title='bbox 2051 878 2264 952; x_wconf 77' lang='lat' dir='ltr'><strong>videtur</strong></span> <span class='ocrx_word' id='word_1_524' title='bbox 2293 895 2450 948; x_wconf 91' lang='lat' dir='ltr'><strong>quam</strong></span> <span class='ocrx_word' id='word_1_525' title='bbox 2473 882 2614 950; x_wconf 91' lang='lat' dir='ltr'><strong>quod</strong></span> <span class='ocrx_word' id='word_1_526' title='bbox 2638 882 2922 952; x_wconf 68' lang='lat' dir='ltr'><strong>servandae</strong></span> <span class='ocrx_word' id='word_1_527' title='bbox 2949 883 3227 937; x_wconf 82' lang='lat' dir='ltr'><strong>charitatis</strong></span> <span class='ocrx_word' id='word_1_528' title='bbox 3249 885 3444 952; x_wconf 82' lang='lat' dir='ltr'><strong>gratia,</strong></span> <span class='ocrx_word' id='word_1_529' title='bbox 3484 895 3536 940; x_wconf 90' lang='lat' dir='ltr'><strong>et</strong></span> <span class='ocrx_word' id='word_1_530' title='bbox 3567 885 3634 940; x_wconf 90' lang='lat' dir='ltr'><strong>ad</strong></span> 
     </span>
    </p>
   </div>
   <div class='ocr_carea' id='block_1_71' title="bbox 1997 950 3634 1024">
    <p class='ocr_par' dir='ltr' id='par_1_71' title="bbox 1997 950 3634 1024">
     <span class='ocr_line' id='line_1_71' title="bbox 1997 950 3634 1024; baseline 0.005 -24"><span class='ocrx_word' id='word_1_531' title='bbox 1997 981 2004 988; x_wconf 90' lang='lat'><strong>-</strong></span> <span class='ocrx_word' id='word_1_532' title='bbox 2043 950 2312 1024; x_wconf 79' lang='lat' dir='ltr'><strong>juvandos</strong></span> <span class='ocrx_word' id='word_1_533' title='bbox 2335 952 2468 1004; x_wconf 89' lang='lat' dir='ltr'><strong>alios</strong></span> <span class='ocrx_word' id='word_1_534' title='bbox 2489 951 2765 1024; x_wconf 85' lang='lat' dir='ltr'><strong>mendacia</strong></span> <span class='ocrx_word' id='word_1_535' title='bbox 2810 965 2957 1007; x_wconf 90' lang='lat' dir='ltr'><strong>recte</strong></span> <span class='ocrx_word' id='word_1_536' title='bbox 2995 950 3374 1019; x_wconf 73' lang='lat' dir='ltr'><strong>adhibeantur,</strong></span> <span class='ocrx_word' id='word_1_537' title='bbox 3411 955 3462 1008; x_wconf 92' lang='lat' dir='ltr'><strong>id</strong></span> <span class='ocrx_word' id='word_1_538' title='bbox 3494 955 3634 1024; x_wconf 91' lang='lat' dir='ltr'><strong>quod</strong></span> 
     </span>
    </p>
   </div>
   <div class='ocr_carea' id='block_1_72' title="bbox 2048 1021 3634 1080">
    <p class='ocr_par' dir='ltr' id='par_1_72' title="bbox 2048 1021 3634 1080">
     <span class='ocr_line' id='line_1_72' title="bbox 2048 1021 3634 1080; baseline 0.004 -9"><span class='ocrx_word' id='word_1_539' title='bbox 2048 1021 2312 1074; x_wconf 84' lang='lat' dir='ltr'><strong>hactenus</strong></span> <span class='ocrx_word' id='word_1_540' title='bbox 2353 1023 2688 1076; x_wconf 86' lang='lat' dir='ltr'><strong>ostendimus</strong></span> <span class='ocrx_word' id='word_1_541' title='bbox 2728 1039 2833 1076; x_wconf 90' lang='lat' dir='ltr'><strong>non</strong></span> <span class='ocrx_word' id='word_1_542' title='bbox 2871 1025 3050 1078; x_wconf 85' lang='lat' dir='ltr'><strong>licere.</strong></span> <span class='ocrx_word' id='word_1_543' title='bbox 3087 1026 3254 1078; x_wconf 87' lang='lat' dir='ltr'><strong>lmtno</strong></span> <span class='ocrx_word' id='word_1_544' title='bbox 3298 1021 3522 1079; x_wconf 84' lang='lat' dir='ltr'><strong>nullum</strong></span> <span class='ocrx_word' id='word_1_545' title='bbox 3553 1036 3634 1080; x_wconf 89' lang='lat' dir='ltr'><strong>est</strong></span> 
     </span>
    </p>
   </div>
   <div class='ocr_carea' id='block_1_73' title="bbox 2046 1090 3634 1164">
    <p class='ocr_par' dir='ltr' id='par_1_73' title="bbox 2046 1090 3634 1164">
     <span class='ocr_line' id='line_1_73' title="bbox 2046 1090 3634 1164; baseline 0.005 -22"><span class='ocrx_word' id='word_1_546' title='bbox 2046 1090 2270 1164; x_wconf 81' lang='lat' dir='ltr'><strong>omnino</strong></span> <span class='ocrx_word' id='word_1_547' title='bbox 2319 1092 2593 1147; x_wconf 90' lang='lat' dir='ltr'><strong>charitatis</strong></span> <span class='ocrx_word' id='word_1_548' title='bbox 2646 1093 3013 1159; x_wconf 86' lang='lat' dir='ltr'><strong>mendacium;</strong></span> <span class='ocrx_word' id='word_1_549' title='bbox 3053 1111 3158 1148; x_wconf 91' lang='lat' dir='ltr'><strong>non</strong></span> <span class='ocrx_word' id='word_1_550' title='bbox 3205 1099 3347 1150; x_wconf 88' lang='lat' dir='ltr'><strong>enim</strong></span> <span class='ocrx_word' id='word_1_551' title='bbox 3398 1104 3634 1164; x_wconf 78' lang='lat' dir='ltr'><strong>pugnant</strong></span> 
     </span>
    </p>
   </div>
   <div class='ocr_carea' id='block_1_74' title="bbox 2045 1158 3633 1240">
    <p class='ocr_par' dir='ltr' id='par_1_74' title="bbox 2045 1158 3633 1240">
     <span class='ocr_line' id='line_1_74' title="bbox 2045 1158 3633 1240; baseline 0.004 -28"><span class='ocrx_word' id='word_1_552' title='bbox 2045 1158 2280 1240; x_wconf 71' lang='lat' dir='ltr'><strong>charitas</strong></span> <span class='ocrx_word' id='word_1_553' title='bbox 2300 1172 2360 1240; x_wconf 78' lang='lat' dir='ltr'><strong>et</strong></span> <span class='ocrx_word' id='word_1_554' title='bbox 2390 1165 2725 1240; x_wconf 76' lang='lat' dir='ltr'><strong>vc_ritas,_sed</strong></span> <span class='ocrx_word' id='word_1_555' title='bbox 2755 1175 2939 1218; x_wconf 89' lang='lat' dir='ltr'><strong>contra</strong></span> <span class='ocrx_word' id='word_1_556' title='bbox 2964 1166 3138 1233; x_wconf 91' lang='lat' dir='ltr'><strong>potius</strong></span> <span class='ocrx_word' id='word_1_557' title='bbox 3158 1158 3633 1222; x_wconf 38' lang='lat' dir='ltr'><strong>Charitas-monos-</strong></span> 
     </span>
    </p>
   </div>
   <div class='ocr_carea' id='block_1_75' title="bbox 2044 1232 2833 1289">
    <p class='ocr_par' dir='ltr' id='par_1_75' title="bbox 2044 1232 2833 1289">
     <span class='ocr_line' id='line_1_75' title="bbox 2044 1232 2833 1289; baseline 0.008 -7"><span class='ocrx_word' id='word_1_558' title='bbox 2044 1232 2130 1283; x_wconf 89' lang='lat' dir='ltr'><strong>cio</strong></span> <span class='ocrx_word' id='word_1_559' title='bbox 2162 1242 2214 1284; x_wconf 86' lang='lat' dir='ltr'><strong>et</strong></span> <span class='ocrx_word' id='word_1_560' title='bbox 2243 1232 2461 1286; x_wconf 78' lang='lat' dir='ltr'><strong>falsitati</strong></span> <span class='ocrx_word' id='word_1_561' title='bbox 2488 1234 2700 1288; x_wconf 87' lang='lat' dir='ltr'><strong>inimica</strong></span> <span class='ocrx_word' id='word_1_562' title='bbox 2730 1247 2833 1289; x_wconf 93' lang='lat' dir='ltr'><strong>est.</strong></span> 
     </span>
    </p>
   </div>
   <div class='ocr_carea' id='block_1_76' title="bbox 2113 1301 3626 1373">
    <p class='ocr_par' dir='ltr' id='par_1_76' title="bbox 2113 1301 3626 1373">
     <span class='ocr_line' id='line_1_76' title="bbox 2113 1301 3626 1373; baseline 0.005 -21"><span class='ocrx_word' id='word_1_563' title='bbox 2113 1301 2267 1368; x_wconf 84' lang='lat' dir='ltr'><strong>Quod</strong></span> <span class='ocrx_word' id='word_1_564' title='bbox 2296 1306 2527 1373; x_wconf 87' lang='lat' dir='ltr'><strong>denique</strong></span> <span class='ocrx_word' id='word_1_565' title='bbox 2562 1307 2610 1357; x_wconf 91' lang='lat' dir='ltr'><strong>in</strong></span> <span class='ocrx_word' id='word_1_566' title='bbox 2641 1307 2829 1359; x_wconf 88' lang='lat' dir='ltr'><strong>ultimo</strong></span> <span class='ocrx_word' id='word_1_567' title='bbox 2867 1319 2988 1372; x_wconf 90' lang='lat' dir='ltr'><strong>cap.</strong></span> <span class='ocrx_word' id='word_1_568' title='bbox 3023 1306 3180 1360; x_wconf 89' lang='lat' dir='ltr'><strong>istius</strong></span> <span class='ocrx_word' id='word_1_569' title='bbox 3209 1306 3512 1360; x_wconf 86' lang='lat' dir='ltr'><strong>collationis</strong></span> <span class='ocrx_word' id='word_1_570' title='bbox 3538 1321 3626 1360; x_wconf 83' lang='lat' dir='ltr'><strong>se-</strong></span> 
     </span>
    </p>
   </div>
   <div class='ocr_carea' id='block_1_77' title="bbox 2042 1375 3632 1446">
    <p class='ocr_par' dir='ltr' id='par_1_77' title="bbox 2042 1375 3632 1446">
     <span class='ocr_line' id='line_1_77' title="bbox 2042 1375 3632 1446; baseline 0.005 -24"><span class='ocrx_word' id='word_1_571' title='bbox 2042 1376 2228 1440; x_wconf 74' lang='lat' dir='ltr'><strong>ptima:</strong></span> <span class='ocrx_word' id='word_1_572' title='bbox 2255 1375 2477 1428; x_wconf 71' lang='lat' dir='ltr'><strong>declina:</strong></span> <span class='ocrx_word' id='word_1_573' title='bbox 2500 1385 2642 1429; x_wconf 91' lang='lat' dir='ltr'><strong>vetat</strong></span> <span class='ocrx_word' id='word_1_574' title='bbox 2660 1375 2829 1430; x_wconf 86' lang='lat' dir='ltr'><strong>abbas</strong></span> <span class='ocrx_word' id='word_1_575' title='bbox 2849 1376 3052 1444; x_wconf 86' lang='lat' dir='ltr'><strong>Joseph</strong></span> <span class='ocrx_word' id='word_1_576' title='bbox 3082 1394 3147 1430; x_wconf 90' lang='lat' dir='ltr'><strong>ne</strong></span> <span class='ocrx_word' id='word_1_577' title='bbox 3165 1378 3461 1432; x_wconf 87' lang='lat' dir='ltr'><strong>monachus</strong></span> <span class='ocrx_word' id='word_1_578' title='bbox 3481 1377 3632 1446; x_wconf 85' lang='lat' dir='ltr'><strong>quid-</strong></span> 
     </span>
    </p>
   </div>
   <div class='ocr_carea' id='block_1_78' title="bbox 2040 1446 3627 1516">
    <p class='ocr_par' dir='ltr' id='par_1_78' title="bbox 2040 1446 3627 1516">
     <span class='ocr_line' id='line_1_78' title="bbox 2040 1446 3627 1516; baseline 0.004 -22"><span class='ocrx_word' id='word_1_579' title='bbox 2040 1457 2199 1516; x_wconf 90' lang='lat' dir='ltr'><strong>quam</strong></span> <span class='ocrx_word' id='word_1_580' title='bbox 2232 1446 2480 1512; x_wconf 81' lang='lat' dir='ltr'><strong>deﬁniat,</strong></span> <span class='ocrx_word' id='word_1_581' title='bbox 2519 1455 2613 1500; x_wconf 87' lang='lat' dir='ltr'><strong>aut</strong></span> <span class='ocrx_word' id='word_1_582' title='bbox 2634 1447 2924 1516; x_wconf 89' lang='lat' dir='ltr'><strong>quidquam</strong></span> <span class='ocrx_word' id='word_1_583' title='bbox 2949 1448 3082 1500; x_wconf 89' lang='lat' dir='ltr'><strong>certi</strong></span> <span class='ocrx_word' id='word_1_584' title='bbox 3113 1458 3312 1502; x_wconf 85' lang='lat' dir='ltr'><strong>statuat</strong></span> <span class='ocrx_word' id='word_1_585' title='bbox 3337 1449 3402 1501; x_wconf 84' lang='lat' dir='ltr'><strong>de</strong></span> <span class='ocrx_word' id='word_1_586' title='bbox 3433 1449 3627 1501; x_wconf 88' lang='lat' dir='ltr'><strong>obser-</strong></span> 
     </span>
    </p>
   </div>
   <div class='ocr_carea' id='block_1_79' title="bbox 2043 1515 3628 1582">
    <p class='ocr_par' dir='ltr' id='par_1_79' title="bbox 2043 1515 3628 1582">
     <span class='ocr_line' id='line_1_79' title="bbox 2043 1515 3628 1582; baseline 0.004 -18"><span class='ocrx_word' id='word_1_587' title='bbox 2043 1515 2232 1568; x_wconf 85' lang='lat' dir='ltr'><strong>vandis</strong></span> <span class='ocrx_word' id='word_1_588' title='bbox 2262 1515 3158 1582; x_wconf 78' lang='lat' dir='ltr'><strong>c0rporalibnsexercitationibus</strong></span> <span class='ocrx_word' id='word_1_589' title='bbox 3180 1560 3193 1582; x_wconf 97' lang='lat'><strong>,</strong></span> <span class='ocrx_word' id='word_1_590' title='bbox 3229 1528 3414 1582; x_wconf 85' lang='lat' dir='ltr'><strong>utpote</strong></span> <span class='ocrx_word' id='word_1_591' title='bbox 3455 1517 3523 1571; x_wconf 91' lang='lat' dir='ltr'><strong>de</strong></span> <span class='ocrx_word' id='word_1_592' title='bbox 3553 1519 3628 1571; x_wconf 88' lang='lat' dir='ltr'><strong>ir-</strong></span> 
     </span>
    </p>
   </div>
   <div class='ocr_carea' id='block_1_80' title="bbox 2043 1585 3624 1656">
    <p class='ocr_par' dir='ltr' id='par_1_80' title="bbox 2043 1585 3624 1656">
     <span class='ocr_line' id='line_1_80' title="bbox 2043 1585 3624 1656; baseline 0.003 -20"><span class='ocrx_word' id='word_1_593' title='bbox 2043 1585 2273 1638; x_wconf 86' lang='lat' dir='ltr'><strong>retnisso</strong></span> <span class='ocrx_word' id='word_1_594' title='bbox 2293 1588 2482 1654; x_wconf 84' lang='lat' dir='ltr'><strong>jejunii</strong></span> <span class='ocrx_word' id='word_1_595' title='bbox 2503 1588 2704 1656; x_wconf 81' lang='lat' dir='ltr'><strong>rigore,</strong></span> <span class='ocrx_word' id='word_1_596' title='bbox 2728 1588 2793 1641; x_wconf 86' lang='lat' dir='ltr'><strong>de</strong></span> <span class='ocrx_word' id='word_1_597' title='bbox 2817 1589 2948 1652; x_wconf 89' lang='lat' dir='ltr'><strong>vini,</strong></span> <span class='ocrx_word' id='word_1_598' title='bbox 2973 1590 3228 1652; x_wconf 86' lang='lat' dir='ltr'><strong>siveolei,</strong></span> <span class='ocrx_word' id='word_1_599' title='bbox 3251 1591 3361 1642; x_wconf 80' lang='lat' dir='ltr'><strong>sive</strong></span> <span class='ocrx_word' id='word_1_600' title='bbox 3383 1590 3624 1641; x_wconf 85' lang='lat' dir='ltr'><strong>carnium</strong></span> 
     </span>
    </p>
   </div>
   <div class='ocr_carea' id='block_1_81' title="bbox 2043 1659 3626 1729">
    <p class='ocr_par' dir='ltr' id='par_1_81' title="bbox 2043 1659 3626 1729">
     <span class='ocr_line' id='line_1_81' title="bbox 2043 1659 3626 1729; baseline 0.005 -25"><span class='ocrx_word' id='word_1_601' title='bbox 2043 1667 2298 1729; x_wconf 68' lang='lat' dir='ltr'><strong>perpetua</strong></span> <span class='ocrx_word' id='word_1_602' title='bbox 2333 1660 2658 1712; x_wconf 89' lang='lat' dir='ltr'><strong>abstinentia</strong></span> <span class='ocrx_word' id='word_1_603' title='bbox 2683 1702 2698 1725; x_wconf 93' lang='lat'><strong>,</strong></span> <span class='ocrx_word' id='word_1_604' title='bbox 2747 1659 2814 1712; x_wconf 89' lang='lat' dir='ltr'><strong>de</strong></span> <span class='ocrx_word' id='word_1_605' title='bbox 2847 1675 3131 1729; x_wconf 86' lang='lat' dir='ltr'><strong>progressu</strong></span> <span class='ocrx_word' id='word_1_606' title='bbox 3162 1659 3372 1713; x_wconf 75' lang='lat' dir='ltr'><strong>cellulae</strong></span> <span class='ocrx_word' id='word_1_607' title='bbox 3414 1659 3626 1729; x_wconf 80' lang='lat' dir='ltr'><strong>penitus</strong></span> 
     </span>
    </p>
   </div>
   <div class='ocr_carea' id='block_1_82' title="bbox 2040 1726 3625 1793">
    <p class='ocr_par' dir='ltr' id='par_1_82' title="bbox 2040 1726 3625 1793">
     <span class='ocr_line' id='line_1_82' title="bbox 2040 1726 3625 1793; baseline 0.004 -17"><span class='ocrx_word' id='word_1_608' title='bbox 2040 1726 2369 1793; x_wconf 90' lang='lat' dir='ltr'><strong>cohibendo,</strong></span> <span class='ocrx_word' id='word_1_609' title='bbox 2405 1729 2473 1783; x_wconf 91' lang='lat' dir='ltr'><strong>de</strong></span> <span class='ocrx_word' id='word_1_610' title='bbox 2499 1730 2749 1782; x_wconf 86' lang='lat' dir='ltr'><strong>lectionis</strong></span> <span class='ocrx_word' id='word_1_611' title='bbox 2778 1744 2870 1783; x_wconf 90' lang='lat' dir='ltr'><strong>seu</strong></span> <span class='ocrx_word' id='word_1_612' title='bbox 2904 1726 3269 1784; x_wconf 63' lang='lat' dir='ltr'><strong>meditationis</strong></span> <span class='ocrx_word' id='word_1_613' title='bbox 3314 1728 3625 1782; x_wconf 71' lang='lat' dir='ltr'><strong>incessztbili</strong></span> 
     </span>
    </p>
   </div>
   <div class='ocr_carea' id='block_1_83' title="bbox 2032 1795 3626 1867">
    <p class='ocr_par' dir='ltr' id='par_1_83' title="bbox 2032 1795 3626 1867">
     <span class='ocr_line' id='line_1_83' title="bbox 2032 1795 3626 1867; baseline 0.004 -20"><span class='ocrx_word' id='word_1_614' title='bbox 2032 1795 2284 1865; x_wconf 81' lang='lat' dir='ltr'><strong>jugitate,</strong></span> <span class='ocrx_word' id='word_1_615' title='bbox 2319 1813 2422 1851; x_wconf 89' lang='lat' dir='ltr'><strong>nou</strong></span> <span class='ocrx_word' id='word_1_616' title='bbox 2470 1809 2554 1853; x_wconf 85' lang='lat' dir='ltr'><strong>est</strong></span> <span class='ocrx_word' id='word_1_617' title='bbox 2584 1800 2992 1867; x_wconf 75' lang='lat' dir='ltr'><strong>intelligendum</strong></span> <span class='ocrx_word' id='word_1_618' title='bbox 3027 1800 3201 1854; x_wconf 89' lang='lat' dir='ltr'><strong>dehis</strong></span> <span class='ocrx_word' id='word_1_619' title='bbox 3229 1815 3346 1867; x_wconf 69' lang='lat' dir='ltr'><strong>quae</strong></span> <span class='ocrx_word' id='word_1_620' title='bbox 3396 1800 3626 1853; x_wconf 88' lang='lat' dir='ltr'><strong>solemni</strong></span> 
     </span>
    </p>
   </div>
   <div class='ocr_carea' id='block_1_84' title="bbox 2040 1869 3625 1940">
    <p class='ocr_par' dir='ltr' id='par_1_84' title="bbox 2040 1869 3625 1940">
     <span class='ocr_line' id='line_1_84' title="bbox 2040 1869 3625 1940; baseline 0.004 -24"><span class='ocrx_word' id='word_1_621' title='bbox 2040 1877 2166 1940; x_wconf 75' lang='lat' dir='ltr'><strong>voto</strong></span> <span class='ocrx_word' id='word_1_622' title='bbox 2194 1869 2245 1922; x_wconf 92' lang='lat' dir='ltr'><strong>in</strong></span> <span class='ocrx_word' id='word_1_623' title='bbox 2276 1869 2629 1937; x_wconf 81' lang='lat' dir='ltr'><strong>religionibus</strong></span> <span class='ocrx_word' id='word_1_624' title='bbox 2661 1870 2889 1924; x_wconf 86' lang='lat' dir='ltr'><strong>subinde</strong></span> <span class='ocrx_word' id='word_1_625' title='bbox 2920 1877 3333 1940; x_wconf 84' lang='lat' dir='ltr'><strong>promittuntur,</strong></span> <span class='ocrx_word' id='word_1_626' title='bbox 3367 1886 3490 1923; x_wconf 88' lang='lat' dir='ltr'><strong>nam</strong></span> <span class='ocrx_word' id='word_1_627' title='bbox 3525 1871 3625 1923; x_wconf 91' lang='lat' dir='ltr'><strong>hoc</strong></span> 
     </span>
    </p>
   </div>
   <div class='ocr_carea' id='block_1_85' title="bbox 2039 1936 3626 2010">
    <p class='ocr_par' dir='ltr' id='par_1_85' title="bbox 2039 1936 3626 2010">
     <span class='ocr_line' id='line_1_85' title="bbox 2039 1936 3626 2010; baseline 0.003 -20"><span class='ocrx_word' id='word_1_628' title='bbox 2039 1936 2172 1992; x_wconf 89' lang='lat' dir='ltr'><strong>licet</strong></span> <span class='ocrx_word' id='word_1_629' title='bbox 2201 1940 2254 2010; x_wconf 86' lang='lat' dir='ltr'><strong>in</strong></span> <span class='ocrx_word' id='word_1_630' title='bbox 2287 1936 2585 2009; x_wconf 85' lang='lat' dir='ltr'><strong>approbata</strong></span> <span class='ocrx_word' id='word_1_631' title='bbox 2615 1941 2903 2009; x_wconf 84' lang='lat' dir='ltr'><strong>religione;</strong></span> <span class='ocrx_word' id='word_1_632' title='bbox 2923 1936 3022 1995; x_wconf 76' lang='lat' dir='ltr'><strong>sed</strong></span> <span class='ocrx_word' id='word_1_633' title='bbox 3051 1942 3116 1996; x_wconf 83' lang='lat' dir='ltr'><strong>dc</strong></span> <span class='ocrx_word' id='word_1_634' title='bbox 3147 1941 3228 1994; x_wconf 89' lang='lat' dir='ltr'><strong>his</strong></span> <span class='ocrx_word' id='word_1_635' title='bbox 3249 1957 3369 2010; x_wconf 73' lang='lat' dir='ltr'><strong>qua:</strong></span> <span class='ocrx_word' id='word_1_636' title='bbox 3397 1941 3626 2008; x_wconf 85' lang='lat' dir='ltr'><strong>quisque</strong></span> 
     </span>
    </p>
   </div>
   <div class='ocr_carea' id='block_1_86' title="bbox 2039 2009 3624 2081">
    <p class='ocr_par' dir='ltr' id='par_1_86' title="bbox 2039 2009 3624 2081">
     <span class='ocr_line' id='line_1_86' title="bbox 2039 2009 3624 2081; baseline 0.002 -21"><span class='ocrx_word' id='word_1_637' title='bbox 2039 2009 2337 2081; x_wconf 84' lang='lat' dir='ltr'><strong>monachus</strong></span> <span class='ocrx_word' id='word_1_638' title='bbox 2370 2011 2577 2078; x_wconf 84' lang='lat' dir='ltr'><strong>privata</strong></span> <span class='ocrx_word' id='word_1_639' title='bbox 2607 2015 2834 2081; x_wconf 86' lang='lat' dir='ltr'><strong>quadam</strong></span> <span class='ocrx_word' id='word_1_640' title='bbox 2872 2015 3174 2067; x_wconf 90' lang='lat' dir='ltr'><strong>temeritate</strong></span> <span class='ocrx_word' id='word_1_641' title='bbox 3201 2009 3341 2080; x_wconf 90' lang='lat' dir='ltr'><strong>apud</strong></span> <span class='ocrx_word' id='word_1_642' title='bbox 3373 2026 3433 2066; x_wconf 86' lang='lat' dir='ltr'><strong>se</strong></span> <span class='ocrx_word' id='word_1_643' title='bbox 3462 2025 3624 2080; x_wconf 88' lang='lat' dir='ltr'><strong>spon-</strong></span> 
     </span>
    </p>
   </div>
   <div class='ocr_carea' id='block_1_87' title="bbox 2037 2079 3620 2152">
    <p class='ocr_par' dir='ltr' id='par_1_87' title="bbox 2037 2079 3620 2152">
     <span class='ocr_line' id='line_1_87' title="bbox 2037 2079 3620 2152; baseline 0.001 -20"><span class='ocrx_word' id='word_1_644' title='bbox 2037 2079 2149 2146; x_wconf 89' lang='lat' dir='ltr'><strong>det,</strong></span> <span class='ocrx_word' id='word_1_645' title='bbox 2175 2097 2295 2149; x_wconf 74' lang='lat' dir='ltr'><strong>qua:</strong></span> <span class='ocrx_word' id='word_1_646' title='bbox 2317 2097 2406 2136; x_wconf 90' lang='lat' dir='ltr'><strong>res</strong></span> <span class='ocrx_word' id='word_1_647' title='bbox 2431 2081 2507 2136; x_wconf 85' lang='lat' dir='ltr'><strong>uti</strong></span> <span class='ocrx_word' id='word_1_648' title='bbox 2535 2079 2936 2152; x_wconf 62' lang='lat' dir='ltr'><strong>imprudentiae,</strong></span> <span class='ocrx_word' id='word_1_649' title='bbox 2971 2085 3044 2136; x_wconf 89' lang='lat' dir='ltr'><strong>ita</strong></span> <span class='ocrx_word' id='word_1_650' title='bbox 3069 2079 3296 2152; x_wconf 88' lang='lat' dir='ltr'><strong>periculi</strong></span> <span class='ocrx_word' id='word_1_651' title='bbox 3328 2079 3620 2151; x_wconf 27' lang='lat' dir='ltr'><strong>pleua’est.</strong></span> 
     </span>
    </p>
   </div>
   <div class='ocr_carea' id='block_1_88' title="bbox 2585 2175 3065 2244">
    <p class='ocr_par' dir='ltr' id='par_1_88' title="bbox 2585 2175 3065 2244">
     <span class='ocr_line' id='line_1_88' title="bbox 2585 2175 3065 2244; baseline 0 -16"><span class='ocrx_word' id='word_1_652' title='bbox 2585 2175 2724 2229; x_wconf 86' lang='lat' dir='ltr'><strong>Coll.</strong></span> <span class='ocrx_word' id='word_1_653' title='bbox 2758 2175 2831 2229; x_wconf 75' lang='grc'><strong>20</strong></span> <span class='ocrx_word' id='word_1_654' title='bbox 2857 2190 2976 2244; x_wconf 87' lang='lat' dir='ltr'><strong>cap.</strong></span> <span class='ocrx_word' id='word_1_655' title='bbox 3011 2175 3065 2229; x_wconf 93' lang='lat'><strong>8.</strong></span> 
     </span>
    </p>
   </div>
   <div class='ocr_carea' id='block_1_89' title="bbox 2036 2263 3624 2337">
    <p class='ocr_par' dir='ltr' id='par_1_89' title="bbox 2036 2263 3624 2337">
     <span class='ocr_line' id='line_1_89' title="bbox 2036 2263 3624 2337; baseline -0.001 -17"><span class='ocrx_word' id='word_1_656' title='bbox 2036 2265 2166 2331; x_wconf 79' lang='lat' dir='ltr'><strong>Quis</strong></span> <span class='ocrx_word' id='word_1_657' title='bbox 2195 2276 2270 2320; x_wconf 85' lang='lat' dir='ltr'><strong>est</strong></span> <span class='ocrx_word' id='word_1_658' title='bbox 2296 2266 2382 2337; x_wconf 87' lang='lat' dir='ltr'><strong>qui</strong></span> <span class='ocrx_word' id='word_1_659' title='bbox 2428 2283 2532 2320; x_wconf 89' lang='lat' dir='ltr'><strong>non</strong></span> <span class='ocrx_word' id='word_1_660' title='bbox 2562 2269 2722 2336; x_wconf 87' lang='lat' dir='ltr'><strong>possit</strong></span> <span class='ocrx_word' id='word_1_661' title='bbox 2764 2267 3064 2336; x_wconf 87' lang='lat' dir='ltr'><strong>suppliciter</strong></span> <span class='ocrx_word' id='word_1_662' title='bbox 3105 2267 3276 2320; x_wconf 85' lang='lat' dir='ltr'><strong>dicere</strong></span> <span class='ocrx_word' id='word_1_663' title='bbox 3298 2307 3314 2332; x_wconf 92' lang='lat'><strong>,</strong></span> <span class='ocrx_word' id='word_1_664' title='bbox 3349 2263 3624 2319; x_wconf 76' lang='lat' dir='ltr'><strong>Peccatum</strong></span> 
     </span>
    </p>
   </div>
   <div class='ocr_carea' id='block_1_90' title="bbox 2107 2338 3623 2409">
    <p class='ocr_par' dir='ltr' id='par_1_90' title="bbox 2107 2338 3623 2409">
     <span class='ocr_line' id='line_1_90' title="bbox 2107 2338 3623 2409; baseline -0.001 -19"><span class='ocrx_word' id='word_1_665' title='bbox 2107 2355 2276 2392; x_wconf 87' lang='lat' dir='ltr'><strong>meum</strong></span> <span class='ocrx_word' id='word_1_666' title='bbox 2320 2341 2579 2409; x_wconf 88' lang='lat' dir='ltr'><strong>cognitum</strong></span> <span class='ocrx_word' id='word_1_667' title='bbox 2631 2338 2719 2391; x_wconf 89' lang='lat' dir='ltr'><strong>tibi</strong></span> <span class='ocrx_word' id='word_1_668' title='bbox 2766 2341 2863 2406; x_wconf 78' lang='lat' dir='ltr'><strong>feci</strong></span> <span class='ocrx_word' id='word_1_669' title='bbox 2895 2349 2938 2391; x_wconf 90' lang='lat' dir='ltr'><strong>et</strong></span> <span class='ocrx_word' id='word_1_670' title='bbox 2978 2340 3283 2409; x_wconf 84' lang='lat' dir='ltr'><strong>injustitiam</strong></span> <span class='ocrx_word' id='word_1_671' title='bbox 3320 2353 3484 2409; x_wconf 85' lang='lat' dir='ltr'><strong>meam</strong></span> <span class='ocrx_word' id='word_1_672' title='bbox 3522 2352 3623 2409; x_wconf 84' lang='lat' dir='ltr'><strong>non</strong></span> 
     </span>
    </p>
   </div>
   <div class='ocr_carea' id='block_1_91' title="bbox 2105 2407 3624 2481">
    <p class='ocr_par' dir='ltr' id='par_1_91' title="bbox 2105 2407 3624 2481">
     <span class='ocr_line' id='line_1_91' title="bbox 2105 2407 3624 2481; baseline -0.003 -19"><span class='ocrx_word' id='word_1_673' title='bbox 2105 2409 2329 2476; x_wconf 79' lang='lat' dir='ltr'><strong>aperui?</strong></span> <span class='ocrx_word' id='word_1_674' title='bbox 2358 2407 2407 2462; x_wconf 48' lang='lat' dir='ltr'><strong>u&#39;t</strong></span> <span class='ocrx_word' id='word_1_675' title='bbox 2432 2426 2520 2481; x_wconf 86' lang='lat' dir='ltr'><strong>per</strong></span> <span class='ocrx_word' id='word_1_676' title='bbox 2552 2409 2684 2462; x_wconf 85' lang='lat' dir='ltr'><strong>hanc</strong></span> <span class='ocrx_word' id='word_1_677' title='bbox 2733 2407 3098 2478; x_wconf 78' lang='lat' dir='ltr'><strong>confessionem</strong></span> <span class='ocrx_word' id='word_1_678' title='bbox 3126 2411 3279 2462; x_wconf 88' lang='lat' dir='ltr'><strong>etiam</strong></span> <span class='ocrx_word' id='word_1_679' title='bbox 3304 2407 3436 2481; x_wconf 82' lang='lat' dir='ltr'><strong>illud</strong></span> <span class='ocrx_word' id='word_1_680' title='bbox 3462 2408 3624 2481; x_wconf 82' lang='lat' dir='ltr'><strong>con/i-</strong></span> 
     </span>
    </p>
   </div>
   <div class='ocr_carea' id='block_1_92' title="bbox 2105 2479 3622 2553">
    <p class='ocr_par' dir='ltr' id='par_1_92' title="bbox 2105 2479 3622 2553">
     <span class='ocr_line' id='line_1_92' title="bbox 2105 2479 3622 2553; baseline -0.002 -20"><span class='ocrx_word' id='word_1_681' title='bbox 2105 2483 2281 2533; x_wconf 87' lang='lat' dir='ltr'><strong>denter</strong></span> <span class='ocrx_word' id='word_1_682' title='bbox 2302 2479 2616 2553; x_wconf 79' lang='lat' dir='ltr'><strong>subjungere</strong></span> <span class='ocrx_word' id='word_1_683' title='bbox 2633 2493 2908 2546; x_wconf 85' lang='lat' dir='ltr'><strong>mereatur,</strong></span> <span class='ocrx_word' id='word_1_684' title='bbox 2947 2481 3010 2532; x_wconf 77' lang='lat' dir='ltr'><strong>Et</strong></span> <span class='ocrx_word' id='word_1_685' title='bbox 3033 2490 3087 2534; x_wconf 89' lang='lat' dir='ltr'><strong>tu</strong></span> <span class='ocrx_word' id='word_1_686' title='bbox 3108 2480 3363 2553; x_wconf 76' lang='lat' dir='ltr'><strong>remisisti</strong></span> <span class='ocrx_word' id='word_1_687' title='bbox 3382 2479 3622 2546; x_wconf 85' lang='lat' dir='ltr'><strong>impieta-</strong></span> 
     </span>
    </p>
   </div>
   <div class='ocr_carea' id='block_1_93' title="bbox 2103 2549 3622 2618">
    <p class='ocr_par' dir='ltr' id='par_1_93' title="bbox 2103 2549 3622 2618">
     <span class='ocr_line' id='line_1_93' title="bbox 2103 2549 3622 2618; baseline -0.002 -15"><span class='ocrx_word' id='word_1_688' title='bbox 2103 2560 2203 2604; x_wconf 87' lang='lat' dir='ltr'><strong>tem</strong></span> <span class='ocrx_word' id='word_1_689' title='bbox 2231 2549 2404 2604; x_wconf 76' lang='lat' dir='ltr'><strong>cordis</strong></span> <span class='ocrx_word' id='word_1_690' title='bbox 2433 2549 2551 2605; x_wconf 87' lang='lat' dir='ltr'><strong>mei.</strong></span> <span class='ocrx_word' id='word_1_691' title='bbox 2585 2551 2737 2617; x_wconf 85' lang='lat' dir='ltr'><strong>Quod</strong></span> <span class='ocrx_word' id='word_1_692' title='bbox 2769 2553 2834 2618; x_wconf 86' lang='lat' dir='ltr'><strong>si,</strong></span> <span class='ocrx_word' id='word_1_693' title='bbox 2869 2554 3174 2605; x_wconf 88' lang='lat' dir='ltr'><strong>verecundia</strong></span> <span class='ocrx_word' id='word_1_694' title='bbox 3207 2549 3512 2616; x_wconf 84' lang='lat' dir='ltr'><strong>retrahente,</strong></span> <span class='ocrx_word' id='word_1_695' title='bbox 3544 2565 3622 2601; x_wconf 83' lang='lat' dir='ltr'><strong>re-</strong></span> 
     </span>
    </p>
   </div>
   <div class='ocr_carea' id='block_1_94' title="bbox 2101 2620 3622 2690">
    <p class='ocr_par' dir='ltr' id='par_1_94' title="bbox 2101 2620 3622 2690">
     <span class='ocr_line' id='line_1_94' title="bbox 2101 2620 3622 2690; baseline -0.002 -15"><span class='ocrx_word' id='word_1_696' title='bbox 2101 2623 2270 2675; x_wconf 87' lang='lat' dir='ltr'><strong>velare</strong></span> <span class='ocrx_word' id='word_1_697' title='bbox 2317 2633 2524 2690; x_wconf 85' lang='lat' dir='ltr'><strong>peccata</strong></span> <span class='ocrx_word' id='word_1_698' title='bbox 2550 2632 2638 2674; x_wconf 91' lang='lat' dir='ltr'><strong>tua</strong></span> <span class='ocrx_word' id='word_1_699' title='bbox 2659 2639 2834 2675; x_wconf 88' lang='lat' dir='ltr'><strong>coram</strong></span> <span class='ocrx_word' id='word_1_700' title='bbox 2881 2623 3168 2675; x_wconf 87' lang='lat' dir='ltr'><strong>hominibus</strong></span> <span class='ocrx_word' id='word_1_701' title='bbox 3211 2621 3494 2684; x_wconf 75' lang='lat' dir='ltr'><strong>erubescis,</strong></span> <span class='ocrx_word' id='word_1_702' title='bbox 3542 2620 3622 2672; x_wconf 87' lang='lat' dir='ltr'><strong>illi</strong></span> 
     </span>
    </p>
   </div>
   <div class='ocr_carea' id='block_1_95' title="bbox 2101 2691 3621 2763">
    <p class='ocr_par' dir='ltr' id='par_1_95' title="bbox 2101 2691 3621 2763">
     <span class='ocr_line' id='line_1_95' title="bbox 2101 2691 3621 2763; baseline -0.003 -18"><span class='ocrx_word' id='word_1_703' title='bbox 2101 2710 2248 2762; x_wconf 90' lang='lat' dir='ltr'><strong>quem</strong></span> <span class='ocrx_word' id='word_1_704' title='bbox 2269 2695 2427 2746; x_wconf 82' lang='lat' dir='ltr'><strong>latere</strong></span> <span class='ocrx_word' id='word_1_705' title='bbox 2456 2711 2554 2746; x_wconf 89' lang='lat' dir='ltr'><strong>non</strong></span> <span class='ocrx_word' id='word_1_706' title='bbox 2581 2704 2793 2763; x_wconf 87' lang='lat' dir='ltr'><strong>possunt</strong></span> <span class='ocrx_word' id='word_1_707' title='bbox 2822 2694 3052 2763; x_wconf 71' lang='lat' dir='ltr'><strong>confiteri</strong></span> <span class='ocrx_word' id='word_1_708' title='bbox 3073 2711 3132 2746; x_wconf 91' lang='lat' dir='ltr'><strong>ea</strong></span> <span class='ocrx_word' id='word_1_709' title='bbox 3137 2695 3254 2763; x_wconf 86' lang='lat' dir='ltr'><strong>jugi</strong></span> <span class='ocrx_word' id='word_1_710' title='bbox 3282 2691 3621 2759; x_wconf 84' lang='lat' dir='ltr'><strong>supplicatio-</strong></span> 
     </span>
    </p>
   </div>
   <div class='ocr_carea' id='block_1_96' title="bbox 2102 2761 3622 2834">
    <p class='ocr_par' dir='ltr' id='par_1_96' title="bbox 2102 2761 3622 2834">
     <span class='ocr_line' id='line_1_96' title="bbox 2102 2761 3622 2834; baseline -0.003 -17"><span class='ocrx_word' id='word_1_711' title='bbox 2102 2761 2163 2818; x_wconf 85' lang='lat' dir='ltr'><strong>ne</strong></span> <span class='ocrx_word' id='word_1_712' title='bbox 2191 2780 2293 2816; x_wconf 89' lang='lat' dir='ltr'><strong>non</strong></span> <span class='ocrx_word' id='word_1_713' title='bbox 2325 2761 2588 2834; x_wconf 22' lang='lat' dir='ltr'><strong>designas,‘</strong></span> <span class='ocrx_word' id='word_1_714' title='bbox 2615 2781 2672 2816; x_wconf 91' lang='lat' dir='ltr'><strong>ac</strong></span> <span class='ocrx_word' id='word_1_715' title='bbox 2699 2765 2866 2816; x_wconf 83' lang='lat' dir='ltr'><strong>dicere</strong></span> <span class='ocrx_word' id='word_1_716' title='bbox 2889 2779 2907 2816; x_wconf 86' lang='lat'><strong><em>:</em></strong></span> <span class='ocrx_word' id='word_1_717' title='bbox 2938 2761 3273 2832; x_wconf 79' lang='lat' dir='ltr'><strong>Iniquitatem</strong></span> <span class='ocrx_word' id='word_1_718' title='bbox 3323 2776 3489 2812; x_wconf 90' lang='lat' dir='ltr'><strong>meam</strong></span> <span class='ocrx_word' id='word_1_719' title='bbox 3528 2775 3622 2829; x_wconf 88' lang='lat' dir='ltr'><strong>ego</strong></span> 
     </span>
    </p>
   </div>
   <div class='ocr_carea' id='block_1_97' title="bbox 2101 2841 3621 2904">
    <p class='ocr_par' dir='ltr' id='par_1_97' title="bbox 2101 2841 3621 2904">
     <span class='ocr_line' id='line_1_97' title="bbox 2101 2841 3621 2904; baseline -0.004 -17"><span class='ocrx_word' id='word_1_720' title='bbox 2101 2850 2372 2903; x_wconf 85' lang='lat' dir='ltr'><strong>cognosco,</strong></span> <span class='ocrx_word' id='word_1_721' title='bbox 2406 2846 2448 2887; x_wconf 90' lang='lat' dir='ltr'><strong>et</strong></span> <span class='ocrx_word' id='word_1_722' title='bbox 2484 2846 2743 2904; x_wconf 83' lang='lat' dir='ltr'><strong>peccatum</strong></span> <span class='ocrx_word' id='word_1_723' title='bbox 2767 2850 2935 2886; x_wconf 86' lang='lat' dir='ltr'><strong>meum</strong></span> <span class='ocrx_word' id='word_1_724' title='bbox 2975 2843 3152 2885; x_wconf 89' lang='lat' dir='ltr'><strong>contra</strong></span> <span class='ocrx_word' id='word_1_725' title='bbox 3281 2841 3352 2882; x_wconf 72' lang='grc' dir='ltr'><strong>εει</strong></span> <span class='ocrx_word' id='word_1_726' title='bbox 3383 2845 3621 2904; x_wconf 79' lang='lat' dir='ltr'><strong>semper;</strong></span> 
     </span>
    </p>
   </div>
   <div class='ocr_carea' id='block_1_98' title="bbox 2101 2900 3620 2970">
    <p class='ocr_par' dir='ltr' id='par_1_98' title="bbox 2101 2900 3620 2970">
     <span class='ocr_line' id='line_1_98' title="bbox 2101 2900 3620 2970; baseline -0.003 -14"><span class='ocrx_word' id='word_1_727' title='bbox 2101 2900 2194 2958; x_wconf 66' lang='lat' dir='ltr'><strong>tibi</strong></span> <span class='ocrx_word' id='word_1_728' title='bbox 2214 2905 2312 2956; x_wconf 88' lang='lat' dir='ltr'><strong>soli</strong></span> <span class='ocrx_word' id='word_1_729' title='bbox 2339 2900 2561 2970; x_wconf 74' lang='lat' dir='ltr'><strong>peccavi,</strong></span> <span class='ocrx_word' id='word_1_730' title='bbox 2588 2916 2634 2956; x_wconf 89' lang='lat' dir='ltr'><strong>et</strong></span> <span class='ocrx_word' id='word_1_731' title='bbox 2664 2905 2854 2954; x_wconf 84' lang='lat' dir='ltr'><strong>malum</strong></span> <span class='ocrx_word' id='word_1_732' title='bbox 2888 2919 3058 2954; x_wconf 87' lang='lat' dir='ltr'><strong>coram</strong></span> <span class='ocrx_word' id='word_1_733' title='bbox 3090 2912 3137 2953; x_wconf 89' lang='lat' dir='ltr'><strong>te</strong></span> <span class='ocrx_word' id='word_1_734' title='bbox 3165 2901 3284 2970; x_wconf 80' lang='lat' dir='ltr'><strong>feci,</strong></span> <span class='ocrx_word' id='word_1_735' title='bbox 3318 2901 3471 2968; x_wconf 86' lang='lat' dir='ltr'><strong>quiet</strong></span> <span class='ocrx_word' id='word_1_736' title='bbox 3502 2900 3620 2970; x_wconf 82' lang='lat' dir='ltr'><strong>abs-</strong></span> 
     </span>
    </p>
   </div>
   <div class='ocr_carea' id='block_1_99' title="bbox 2101 2969 3625 3046">
    <p class='ocr_par' dir='ltr' id='par_1_99' title="bbox 2101 2969 3625 3046">
     <span class='ocr_line' id='line_1_99' title="bbox 2101 2969 3625 3046; baseline -0.005 -18"><span class='ocrx_word' id='word_1_737' title='bbox 2101 2992 2201 3046; x_wconf 89' lang='lat' dir='ltr'><strong>que</strong></span> <span class='ocrx_word' id='word_1_738' title='bbox 2257 2969 2414 3026; x_wconf 86' lang='lat' dir='ltr'><strong>ullius</strong></span> <span class='ocrx_word' id='word_1_739' title='bbox 2457 2975 2776 3046; x_wconf 74' lang='lat' dir='ltr'><strong>verecundia:</strong></span> <span class='ocrx_word' id='word_1_740' title='bbox 2817 2969 3172 3046; x_wconf 73' lang='lat' dir='ltr'><strong>publicatione</strong></span> <span class='ocrx_word' id='word_1_741' title='bbox 3205 2987 3405 3034; x_wconf 90' lang='lat' dir='ltr'><strong>curare,</strong></span> <span class='ocrx_word' id='word_1_742' title='bbox 3438 2978 3484 3022; x_wconf 89' lang='lat' dir='ltr'><strong>et</strong></span> <span class='ocrx_word' id='word_1_743' title='bbox 3515 2969 3625 3022; x_wconf 77' lang='lat' dir='ltr'><strong>sine</strong></span> 
     </span>
    </p>
   </div>
   <div class='ocr_carea' id='block_1_100' title="bbox 2108 3044 2937 3113">
    <p class='ocr_par' dir='ltr' id='par_1_100' title="bbox 2108 3044 2937 3113">
     <span class='ocr_line' id='line_1_100' title="bbox 2108 3044 2937 3113; baseline -0.005 -17"><span class='ocrx_word' id='word_1_744' title='bbox 2108 3044 2416 3113; x_wconf 88' lang='lat' dir='ltr'><strong>improperio</strong></span> <span class='ocrx_word' id='word_1_745' title='bbox 2446 3045 2641 3095; x_wconf 88' lang='lat' dir='ltr'><strong>donare</strong></span> <span class='ocrx_word' id='word_1_746' title='bbox 2660 3044 2937 3095; x_wconf 87' lang='lat' dir='ltr'><strong>consuevit.</strong></span> 
     </span>
    </p>
   </div>
   <div class='ocr_carea' id='block_1_101' title="bbox 2107 3131 3624 3203">
    <p class='ocr_par' dir='ltr' id='par_1_101' title="bbox 2107 3131 3624 3203">
     <span class='ocr_line' id='line_1_101' title="bbox 2107 3131 3624 3203; baseline -0.001 -15"><span class='ocrx_word' id='word_1_747' title='bbox 2107 3136 2319 3203; x_wconf 73' lang='lat' dir='ltr'><strong>(Annal.</strong></span> <span class='ocrx_word' id='word_1_748' title='bbox 2351 3133 2467 3203; x_wconf 65' lang='lat'><strong>9‘2.)</strong></span> <span class='ocrx_word' id='word_1_749' title='bbox 2493 3134 2702 3187; x_wconf 87' lang='lat' dir='ltr'><strong>Similia</strong></span> <span class='ocrx_word' id='word_1_750' title='bbox 2725 3137 2841 3186; x_wconf 88' lang='lat' dir='ltr'><strong>loca</strong></span> <span class='ocrx_word' id='word_1_751' title='bbox 2863 3135 3140 3201; x_wconf 87' lang='lat' dir='ltr'><strong>complura</strong></span> <span class='ocrx_word' id='word_1_752' title='bbox 3179 3133 3357 3187; x_wconf 85' lang='lat' dir='ltr'><strong>videre</strong></span> <span class='ocrx_word' id='word_1_753' title='bbox 3378 3143 3460 3188; x_wconf 88' lang='lat' dir='ltr'><strong>est</strong></span> <span class='ocrx_word' id='word_1_754' title='bbox 3482 3131 3624 3201; x_wconf 87' lang='lat' dir='ltr'><strong>apud</strong></span> 
     </span>
    </p>
   </div>
   <div class='ocr_carea' id='block_1_102' title="bbox 2037 3203 3618 3273">
    <p class='ocr_par' dir='ltr' id='par_1_102' title="bbox 2037 3203 3618 3273">
     <span class='ocr_line' id='line_1_102' title="bbox 2037 3203 3618 3273; baseline -0.004 -13"><span class='ocrx_word' id='word_1_755' title='bbox 2037 3205 2102 3260; x_wconf 88' lang='lat' dir='ltr'><strong>D.</strong></span> <span class='ocrx_word' id='word_1_756' title='bbox 2137 3206 2589 3273; x_wconf 73' lang='lat' dir='ltr'><strong>Chrysiistomum</strong></span> <span class='ocrx_word' id='word_1_757' title='bbox 2639 3205 2862 3257; x_wconf 83' lang='lat' dir='ltr'><strong>Joannis</strong></span> <span class='ocrx_word' id='word_1_758' title='bbox 2914 3203 3161 3258; x_wconf 84' lang='lat' dir='ltr'><strong>Cassiani</strong></span> <span class='ocrx_word' id='word_1_759' title='bbox 3192 3215 3576 3272; x_wconf 60' lang='lat' dir='ltr'><strong>praeceptorem</strong></span> <span class='ocrx_word' id='word_1_760' title='bbox 3605 3246 3618 3268; x_wconf 92' lang='lat'><strong>,</strong></span> 
     </span>
    </p>
   </div>
   <div class='ocr_carea' id='block_1_103' title="bbox 2035 3275 3621 3342">
    <p class='ocr_par' dir='ltr' id='par_1_103' title="bbox 2035 3275 3621 3342">
     <span class='ocr_line' id='line_1_103' title="bbox 2035 3275 3621 3342; baseline -0.003 -11"><span class='ocrx_word' id='word_1_761' title='bbox 2035 3276 2226 3331; x_wconf 85' lang='lat' dir='ltr'><strong>homil.</strong></span> <span class='ocrx_word' id='word_1_762' title='bbox 2256 3277 2288 3329; x_wconf 75' lang='lat'><strong>“&#39;2</strong></span> <span class='ocrx_word' id='word_1_763' title='bbox 2319 3276 2372 3330; x_wconf 90' lang='lat' dir='ltr'><strong>iu</strong></span> <span class='ocrx_word' id='word_1_764' title='bbox 2403 3275 2672 3328; x_wconf 87' lang='lat' dir='ltr'><strong>Psahnum</strong></span> <span class='ocrx_word' id='word_1_765' title='bbox 2705 3292 2759 3336; x_wconf 78' lang='grc' dir='ltr'><strong>ι..</strong></span> <span class='ocrx_word' id='word_1_766' title='bbox 2793 3275 2981 3328; x_wconf 86' lang='lat' dir='ltr'><strong>homil.</strong></span> <span class='ocrx_word' id='word_1_767' title='bbox 3013 3277 3045 3327; x_wconf 68' lang='grc' dir='ltr'><strong>Δ</strong></span> <span class='ocrx_word' id='word_1_768' title='bbox 3075 3275 3142 3330; x_wconf 90' lang='lat' dir='ltr'><strong>de</strong></span> <span class='ocrx_word' id='word_1_769' title='bbox 3174 3275 3376 3328; x_wconf 84' lang='lat' dir='ltr'><strong>Lazaro</strong></span> <span class='ocrx_word' id='word_1_770' title='bbox 3403 3276 3454 3326; x_wconf 92' lang='lat' dir='ltr'><strong>in</strong></span> <span class='ocrx_word' id='word_1_771' title='bbox 3502 3288 3621 3342; x_wconf 86' lang='lat' dir='ltr'><strong>cap.</strong></span> 
     </span>
    </p>
   </div>
   <div class='ocr_carea' id='block_1_104' title="bbox 2035 3343 3620 3415">
    <p class='ocr_par' dir='ltr' id='par_1_104' title="bbox 2035 3343 3620 3415">
     <span class='ocr_line' id='line_1_104' title="bbox 2035 3343 3620 3415; baseline -0.003 -15"><span class='ocrx_word' id='word_1_772' title='bbox 2035 3365 2086 3402; x_wconf 78' lang='grc' dir='ltr'><strong>γι</strong></span> <span class='ocrx_word' id='word_1_773' title='bbox 2119 3347 2300 3414; x_wconf 67' lang='lat' dir='ltr'><strong>Lucae,</strong></span> <span class='ocrx_word' id='word_1_774' title='bbox 2336 3345 2526 3399; x_wconf 84' lang='lat' dir='ltr'><strong>bomil.</strong></span> <span class='ocrx_word' id='word_1_775' title='bbox 2572 3347 2638 3399; x_wconf 89' lang='lat' dir='ltr'><strong>de</strong></span> <span class='ocrx_word' id='word_1_776' title='bbox 2672 3347 2956 3411; x_wconf 88' lang='lat' dir='ltr'><strong>publicano</strong></span> <span class='ocrx_word' id='word_1_777' title='bbox 3002 3346 3052 3399; x_wconf 89' lang='lat' dir='ltr'><strong>in</strong></span> <span class='ocrx_word' id='word_1_778' title='bbox 3087 3362 3208 3415; x_wconf 89' lang='lat' dir='ltr'><strong>cap.</strong></span> <span class='ocrx_word' id='word_1_779' title='bbox 3241 3360 3370 3398; x_wconf 80' lang='lat' dir='ltr'><strong>xvm</strong></span> <span class='ocrx_word' id='word_1_780' title='bbox 3416 3343 3574 3397; x_wconf 71' lang='lat' dir='ltr'><strong>Luca:</strong></span> <span class='ocrx_word' id='word_1_781' title='bbox 3604 3388 3620 3410; x_wconf 93' lang='lat'><strong>,</strong></span> 
     </span>
    </p>
   </div>
   <div class='ocr_carea' id='block_1_105' title="bbox 2039 3415 3622 3486">
    <p class='ocr_par' dir='ltr' id='par_1_105' title="bbox 2039 3415 3622 3486">
     <span class='ocr_line' id='line_1_105' title="bbox 2039 3415 3622 3486; baseline -0.002 -14"><span class='ocrx_word' id='word_1_782' title='bbox 2039 3420 2229 3473; x_wconf 88' lang='lat' dir='ltr'><strong>bomil.</strong></span> <span class='ocrx_word' id='word_1_783' title='bbox 2265 3419 2288 3472; x_wconf 87' lang='lat'><strong>1</strong></span> <span class='ocrx_word' id='word_1_784' title='bbox 2322 3418 2373 3470; x_wconf 93' lang='lat' dir='ltr'><strong>in</strong></span> <span class='ocrx_word' id='word_1_785' title='bbox 2404 3433 2522 3484; x_wconf 90' lang='lat' dir='ltr'><strong>cap.</strong></span> <span class='ocrx_word' id='word_1_786' title='bbox 2554 3433 2628 3471; x_wconf 83' lang='lat' dir='ltr'><strong>xu</strong></span> <span class='ocrx_word' id='word_1_787' title='bbox 2664 3417 2833 3486; x_wconf 88' lang='lat' dir='ltr'><strong>Epist.</strong></span> <span class='ocrx_word' id='word_1_788' title='bbox 2870 3418 2934 3470; x_wconf 90' lang='lat' dir='ltr'><strong>ad</strong></span> <span class='ocrx_word' id='word_1_789' title='bbox 2971 3417 3156 3479; x_wconf 87' lang='lat' dir='ltr'><strong>llehr.,</strong></span> <span class='ocrx_word' id='word_1_790' title='bbox 3189 3416 3378 3470; x_wconf 83' lang='lat' dir='ltr'><strong>homil.</strong></span> <span class='ocrx_word' id='word_1_791' title='bbox 3411 3415 3480 3486; x_wconf 82' lang='lat' dir='ltr'><strong>de</strong></span> <span class='ocrx_word' id='word_1_792' title='bbox 3508 3429 3622 3481; x_wconf 69' lang='lat' dir='ltr'><strong>pte-</strong></span> 
     </span>
    </p>
   </div>
   <div class='ocr_carea' id='block_1_106' title="bbox 2038 3484 3626 3557">
    <p class='ocr_par' dir='ltr' id='par_1_106' title="bbox 2038 3484 3626 3557">
     <span class='ocr_line' id='line_1_106' title="bbox 2038 3484 3626 3557; baseline -0.004 -13"><span class='ocrx_word' id='word_1_793' title='bbox 2038 3490 2262 3544; x_wconf 86' lang='lat' dir='ltr'><strong>niteutia</strong></span> <span class='ocrx_word' id='word_1_794' title='bbox 2291 3500 2343 3541; x_wconf 89' lang='lat' dir='ltr'><strong>et</strong></span> <span class='ocrx_word' id='word_1_795' title='bbox 2374 3484 2742 3555; x_wconf 82' lang='lat' dir='ltr'><strong>confessione,</strong></span> <span class='ocrx_word' id='word_1_796' title='bbox 2797 3489 2986 3542; x_wconf 88' lang='lat' dir='ltr'><strong>bomil.</strong></span> <span class='ocrx_word' id='word_1_797' title='bbox 3030 3490 3062 3543; x_wconf 90' lang='lat'>8</span> <span class='ocrx_word' id='word_1_798' title='bbox 3093 3489 3157 3541; x_wconf 90' lang='lat' dir='ltr'><strong>de</strong></span> <span class='ocrx_word' id='word_1_799' title='bbox 3200 3484 3540 3557; x_wconf 67' lang='lat' dir='ltr'><strong>paenitentia,</strong></span> <span class='ocrx_word' id='word_1_800' title='bbox 3571 3494 3626 3539; x_wconf 90' lang='lat' dir='ltr'><strong>et</strong></span> 
     </span>
    </p>
   </div>
   <div class='ocr_carea' id='block_1_107' title="bbox 2040 3556 3626 3628">
    <p class='ocr_par' dir='ltr' id='par_1_107' title="bbox 2040 3556 3626 3628">
     <span class='ocr_line' id='line_1_107' title="bbox 2040 3556 3626 3628; baseline -0.003 -15"><span class='ocrx_word' id='word_1_801' title='bbox 2040 3561 2224 3614; x_wconf 89' lang='lat' dir='ltr'><strong>bomil.</strong></span> <span class='ocrx_word' id='word_1_802' title='bbox 2255 3562 2286 3611; x_wconf 81' lang='grc'><strong>5</strong></span> <span class='ocrx_word' id='word_1_803' title='bbox 2310 3561 2377 3614; x_wconf 92' lang='lat' dir='ltr'><strong>de</strong></span> <span class='ocrx_word' id='word_1_804' title='bbox 2405 3560 2941 3628; x_wconf 70' lang='lat' dir='ltr'><strong>incomprehensibili</strong></span> <span class='ocrx_word' id='word_1_805' title='bbox 2977 3573 3163 3613; x_wconf 86' lang='lat' dir='ltr'><strong>natura</strong></span> <span class='ocrx_word' id='word_1_806' title='bbox 3193 3556 3284 3614; x_wconf 86' lang='lat' dir='ltr'><strong>Dei</strong></span> <span class='ocrx_word' id='word_1_807' title='bbox 3310 3576 3322 3611; x_wconf 93' lang='lat'>:</span> <span class='ocrx_word' id='word_1_808' title='bbox 3355 3573 3475 3628; x_wconf 63' lang='lat' dir='ltr'><strong>qua:</strong></span> <span class='ocrx_word' id='word_1_809' title='bbox 3508 3556 3626 3628; x_wconf 87' lang='lat' dir='ltr'><strong>loca</strong></span> 
     </span>
    </p>
   </div>
   <div class='ocr_carea' id='block_1_108' title="bbox 2038 3627 3628 3686">
    <p class='ocr_par' dir='ltr' id='par_1_108' title="bbox 2038 3627 3628 3686">
     <span class='ocr_line' id='line_1_108' title="bbox 2038 3627 3628 3686; baseline -0.004 0"><span class='ocrx_word' id='word_1_810' title='bbox 2038 3632 2332 3686; x_wconf 90' lang='lat' dir='ltr'><strong>Lutherani</strong></span> <span class='ocrx_word' id='word_1_811' title='bbox 2361 3647 2460 3683; x_wconf 88' lang='lat' dir='ltr'><strong>una</strong></span> <span class='ocrx_word' id='word_1_812' title='bbox 2491 3647 2610 3683; x_wconf 88' lang='lat' dir='ltr'><strong>cum</strong></span> <span class='ocrx_word' id='word_1_813' title='bbox 2643 3631 2867 3684; x_wconf 80' lang='lat' dir='ltr'><strong>Calvino</strong></span> <span class='ocrx_word' id='word_1_814' title='bbox 2895 3647 2943 3685; x_wconf 89' lang='lat' dir='ltr'><strong>c.</strong></span> <span class='ocrx_word' id='word_1_815' title='bbox 2993 3632 3025 3686; x_wconf 88' lang='lat'><strong>9</strong></span> <span class='ocrx_word' id='word_1_816' title='bbox 3067 3631 3425 3685; x_wconf 87' lang='lat' dir='ltr'><strong>lnstitutionis</strong></span> <span class='ocrx_word' id='word_1_817' title='bbox 3457 3627 3628 3680; x_wconf 89' lang='lat' dir='ltr'><strong>addu-</strong></span> 
     </span>
    </p>
   </div>
   <div class='ocr_carea' id='block_1_109' title="bbox 2039 3698 3627 3756">
    <p class='ocr_par' dir='ltr' id='par_1_109' title="bbox 2039 3698 3627 3756">
     <span class='ocr_line' id='line_1_109' title="bbox 2039 3698 3627 3756; baseline -0.004 0"><span class='ocrx_word' id='word_1_818' title='bbox 2039 3714 2164 3756; x_wconf 87' lang='lat' dir='ltr'><strong>cant</strong></span> <span class='ocrx_word' id='word_1_819' title='bbox 2205 3702 2463 3755; x_wconf 85' lang='lat' dir='ltr'><strong>adversus</strong></span> <span class='ocrx_word' id='word_1_820' title='bbox 2494 3703 2905 3755; x_wconf 84' lang='lat' dir='ltr'><strong>sacramentalis</strong></span> <span class='ocrx_word' id='word_1_821' title='bbox 2945 3703 3306 3756; x_wconf 88' lang='lat' dir='ltr'><strong>confessionis</strong></span> <span class='ocrx_word' id='word_1_822' title='bbox 3331 3698 3627 3753; x_wconf 82' lang='lat' dir='ltr'><strong>necessita-</strong></span> 
     </span>
    </p>
   </div>
   <div class='ocr_carea' id='block_1_110' title="bbox 2042 3772 3627 3840">
    <p class='ocr_par' dir='ltr' id='par_1_110' title="bbox 2042 3772 3627 3840">
     <span class='ocr_line' id='line_1_110' title="bbox 2042 3772 3627 3840; baseline -0.003 -15"><span class='ocrx_word' id='word_1_823' title='bbox 2042 3784 2171 3826; x_wconf 86' lang='lat' dir='ltr'><strong>tem.</strong></span> <span class='ocrx_word' id='word_1_824' title='bbox 2203 3772 2309 3826; x_wconf 89' lang='lat' dir='ltr'><strong>Sed</strong></span> <span class='ocrx_word' id='word_1_825' title='bbox 2340 3786 2622 3840; x_wconf 88' lang='lat' dir='ltr'><strong>perperam</strong></span> <span class='ocrx_word' id='word_1_826' title='bbox 2647 3784 2698 3823; x_wconf 89' lang='lat' dir='ltr'><strong>et</strong></span> <span class='ocrx_word' id='word_1_827' title='bbox 2723 3773 3005 3840; x_wconf 89' lang='lat' dir='ltr'><strong>imperite;</strong></span> <span class='ocrx_word' id='word_1_828' title='bbox 3037 3787 3140 3824; x_wconf 90' lang='lat' dir='ltr'><strong>non</strong></span> <span class='ocrx_word' id='word_1_829' title='bbox 3165 3775 3307 3824; x_wconf 91' lang='lat' dir='ltr'><strong>enim</strong></span> <span class='ocrx_word' id='word_1_830' title='bbox 3328 3772 3627 3840; x_wconf 81' lang='lat' dir='ltr'><strong>loquuntur</strong></span> 
     </span>
    </p>
   </div>
   <div class='ocr_carea' id='block_1_111' title="bbox 2040 3838 3628 3914">
    <p class='ocr_par' dir='ltr' id='par_1_111' title="bbox 2040 3838 3628 3914">
     <span class='ocr_line' id='line_1_111' title="bbox 2040 3838 3628 3914; baseline -0.005 -16"><span class='ocrx_word' id='word_1_831' title='bbox 2040 3838 2463 3914; x_wconf 78' lang='lat' dir='ltr'><strong>ClitySOstoinus</strong></span> <span class='ocrx_word' id='word_1_832' title='bbox 2511 3851 2564 3894; x_wconf 89' lang='lat' dir='ltr'><strong>et</strong></span> <span class='ocrx_word' id='word_1_833' title='bbox 2594 3838 2882 3914; x_wconf 77' lang='lat' dir='ltr'><strong>Cassianus</strong></span> <span class='ocrx_word' id='word_1_834' title='bbox 2907 3841 2979 3914; x_wconf 17' lang='lat' dir='ltr'><strong>Ade</strong></span> <span class='ocrx_word' id='word_1_835' title='bbox 3005 3849 3211 3894; x_wconf 89' lang='lat' dir='ltr'><strong>secreta</strong></span> <span class='ocrx_word' id='word_1_836' title='bbox 3239 3853 3291 3894; x_wconf 89' lang='lat' dir='ltr'><strong>et</strong></span> <span class='ocrx_word' id='word_1_837' title='bbox 3339 3838 3628 3914; x_wconf 78' lang='lat' dir='ltr'><strong>auriculari</strong></span> 
     </span>
    </p>
   </div>
   <div class='ocr_carea' id='block_1_112' title="bbox 2040 3908 3628 3980">
    <p class='ocr_par' dir='ltr' id='par_1_112' title="bbox 2040 3908 3628 3980">
     <span class='ocr_line' id='line_1_112' title="bbox 2040 3908 3628 3980; baseline -0.004 -11"><span class='ocrx_word' id='word_1_838' title='bbox 2040 3908 2404 3975; x_wconf 62' lang='lat' dir='ltr'><strong>confessione,</strong></span> <span class='ocrx_word' id='word_1_839' title='bbox 2462 3927 2580 3980; x_wconf 65' lang='lat' dir='ltr'><strong>qua:</strong></span> <span class='ocrx_word' id='word_1_840' title='bbox 2629 3912 3003 3966; x_wconf 72' lang='lat' dir='ltr'><strong>sacerdotibus</strong></span> <span class='ocrx_word' id='word_1_841' title='bbox 3042 3914 3152 3975; x_wconf 85' lang='lat' dir='ltr'><strong>fiat,</strong></span> <span class='ocrx_word' id='word_1_842' title='bbox 3201 3922 3254 3964; x_wconf 88' lang='lat' dir='ltr'><strong>et</strong></span> <span class='ocrx_word' id='word_1_843' title='bbox 3304 3908 3628 3963; x_wconf 79' lang='lat' dir='ltr'><strong>sacramenti</strong></span> 
     </span>
    </p>
   </div>
   <div class='ocr_carea' id='block_1_113' title="bbox 2041 3981 3625 4056">
    <p class='ocr_par' dir='ltr' id='par_1_113' title="bbox 2041 3981 3625 4056">
     <span class='ocr_line' id='line_1_113' title="bbox 2041 3981 3625 4056; baseline -0.006 -15"><span class='ocrx_word' id='word_1_844' title='bbox 2041 3982 2374 4056; x_wconf 66' lang='lat' dir='ltr'><strong>ptenite&#39;ntiaa</strong></span> <span class='ocrx_word' id='word_1_845' title='bbox 2405 3999 2530 4056; x_wconf 81' lang='lat' dir='ltr'><strong>pars</strong></span> <span class='ocrx_word' id='word_1_846' title='bbox 2560 3994 2664 4056; x_wconf 80' lang='lat' dir='ltr'><strong>est.</strong></span> <span class='ocrx_word' id='word_1_847' title='bbox 2702 3983 2805 4038; x_wconf 68' lang='lat' dir='ltr'><strong>Sed</strong></span> <span class='ocrx_word' id='word_1_848' title='bbox 2852 3983 2953 4036; x_wconf 89' lang='lat' dir='ltr'><strong>hoc</strong></span> <span class='ocrx_word' id='word_1_849' title='bbox 2978 3981 3370 4056; x_wconf 35' lang='lat' dir='ltr'><strong>solumudiccre</strong></span> <span class='ocrx_word' id='word_1_850' title='bbox 3402 3981 3588 4056; x_wconf 71' lang='lat' dir='ltr'><strong>Volunt</strong></span> <span class='ocrx_word' id='word_1_851' title='bbox 3609 4021 3625 4044; x_wconf 94' lang='lat'><strong>,</strong></span> 
     </span>
    </p>
   </div>
   <div class='ocr_carea' id='block_1_114' title="bbox 2042 4052 3629 4126">
    <p class='ocr_par' dir='ltr' id='par_1_114' title="bbox 2042 4052 3629 4126">
     <span class='ocr_line' id='line_1_114' title="bbox 2042 4052 3629 4126; baseline -0.001 -18"><span class='ocrx_word' id='word_1_852' title='bbox 2042 4052 2312 4126; x_wconf 84' lang='lat' dir='ltr'><strong>quodnon</strong></span> <span class='ocrx_word' id='word_1_853' title='bbox 2346 4052 2414 4108; x_wconf 84' lang='lat' dir='ltr'><strong>sit</strong></span> <span class='ocrx_word' id='word_1_854' title='bbox 2442 4055 2506 4107; x_wconf 88' lang='lat' dir='ltr'><strong>ad</strong></span> <span class='ocrx_word' id='word_1_855' title='bbox 2535 4054 2762 4108; x_wconf 88' lang='lat' dir='ltr'><strong>salutem</strong></span> <span class='ocrx_word' id='word_1_856' title='bbox 2798 4054 3102 4126; x_wconf 71' lang='lat' dir='ltr'><strong>necessaria</strong></span> <span class='ocrx_word' id='word_1_857' title='bbox 3136 4053 3224 4105; x_wconf 89' lang='lat' dir='ltr'><strong>illa</strong></span> <span class='ocrx_word' id='word_1_858' title='bbox 3267 4052 3629 4126; x_wconf 37' lang='lat' dir='ltr'><strong>theatraltiet</strong></span> 
     </span>
    </p>
   </div>
   <div class='ocr_carea' id='block_1_115' title="bbox 2041 4120 3627 4196">
    <p class='ocr_par' dir='ltr' id='par_1_115' title="bbox 2041 4120 3627 4196">
     <span class='ocr_line' id='line_1_115' title="bbox 2041 4120 3627 4196; baseline -0.006 -16"><span class='ocrx_word' id='word_1_859' title='bbox 2041 4120 2256 4196; x_wconf 72' lang='lat' dir='ltr'><strong>publica</strong></span> <span class='ocrx_word' id='word_1_860' title='bbox 2304 4126 2602 4190; x_wconf 69' lang='lat' dir='ltr'><strong>confessio,</strong></span> <span class='ocrx_word' id='word_1_861' title='bbox 2644 4141 2762 4194; x_wconf 71' lang='lat' dir='ltr'><strong>qua:</strong></span> <span class='ocrx_word' id='word_1_862' title='bbox 2804 4127 2856 4178; x_wconf 86' lang='lat' dir='ltr'><strong>in</strong></span> <span class='ocrx_word' id='word_1_863' title='bbox 2905 4124 3114 4196; x_wconf 79' lang='lat' dir='ltr'><strong>publica</strong></span> <span class='ocrx_word' id='word_1_864' title='bbox 3156 4123 3470 4192; x_wconf 69' lang='lat' dir='ltr'><strong>pmnitcntia</strong></span> <span class='ocrx_word' id='word_1_865' title='bbox 3501 4120 3627 4196; x_wconf 63' lang='lat' dir='ltr'><strong>olitn</strong></span> 
     </span>
    </p>
   </div>
   <div class='ocr_carea' id='block_1_116' title="bbox 2044 4190 3629 4264">
    <p class='ocr_par' dir='ltr' id='par_1_116' title="bbox 2044 4190 3629 4264">
     <span class='ocr_line' id='line_1_116' title="bbox 2044 4190 3629 4264; baseline -0.005 -13"><span class='ocrx_word' id='word_1_866' title='bbox 2044 4190 2224 4264; x_wconf 83' lang='lat' dir='ltr'><strong>liebat,</strong></span> <span class='ocrx_word' id='word_1_867' title='bbox 2276 4199 2487 4264; x_wconf 81' lang='lat' dir='ltr'><strong>quando</strong></span> <span class='ocrx_word' id='word_1_868' title='bbox 2519 4190 2788 4263; x_wconf 59' lang='lat' dir='ltr'><strong>paenitens</strong></span> <span class='ocrx_word' id='word_1_869' title='bbox 2834 4190 2933 4250; x_wconf 80' lang='lat' dir='ltr'><strong>ceu</strong></span> <span class='ocrx_word' id='word_1_870' title='bbox 2963 4198 3012 4248; x_wconf 91' lang='lat' dir='ltr'><strong>in</strong></span> <span class='ocrx_word' id='word_1_871' title='bbox 3045 4190 3254 4250; x_wconf 85' lang='lat' dir='ltr'><strong>theatro</strong></span> <span class='ocrx_word' id='word_1_872' title='bbox 3305 4190 3629 4264; x_wconf 68' lang='lat' dir='ltr'><strong>rorantcpi-</strong></span> 
     </span>
    </p>
   </div>
   <div class='ocr_carea' id='block_1_117' title="bbox 2043 4261 3629 4338">
    <p class='ocr_par' dir='ltr' id='par_1_117' title="bbox 2043 4261 3629 4338">
     <span class='ocr_line' id='line_1_117' title="bbox 2043 4261 3629 4338; baseline -0.003 -16"><span class='ocrx_word' id='word_1_873' title='bbox 2043 4261 2228 4338; x_wconf 68' lang='lat' dir='ltr'><strong>seopo,</strong></span> <span class='ocrx_word' id='word_1_874' title='bbox 2266 4261 2662 4327; x_wconf 85' lang='lat' dir='ltr'><strong>sacerdotibus,</strong></span> <span class='ocrx_word' id='word_1_875' title='bbox 2713 4278 2769 4322; x_wconf 91' lang='lat' dir='ltr'><strong>et</strong></span> <span class='ocrx_word' id='word_1_876' title='bbox 2800 4266 2982 4336; x_wconf 90' lang='lat' dir='ltr'><strong>populi</strong></span> <span class='ocrx_word' id='word_1_877' title='bbox 3031 4264 3374 4321; x_wconf 87' lang='lat' dir='ltr'><strong>multitudine</strong></span> <span class='ocrx_word' id='word_1_878' title='bbox 3425 4261 3629 4338; x_wconf 87' lang='lat' dir='ltr'><strong>crimen</strong></span> 
     </span>
    </p>
   </div>
   <div class='ocr_carea' id='block_1_118' title="bbox 351 4333 3629 4412">
    <p class='ocr_par' dir='ltr' id='par_1_118' title="bbox 351 4333 3629 4412">
     <span class='ocr_line' id='line_1_118' title="bbox 351 4333 3629 4412; baseline -0 -25"><span class='ocrx_word' id='word_1_879' title='bbox 351 4333 574 4412; x_wconf 77' lang='lat' dir='ltr'><strong>patriam</strong></span> <span class='ocrx_word' id='word_1_880' title='bbox 603 4337 881 4412; x_wconf 75' lang='lat' dir='ltr'><strong>pergimus.</strong></span> <span class='ocrx_word' id='word_1_881' title='bbox 915 4333 1157 4405; x_wconf 79' lang='lat' dir='ltr'><strong>Maligni</strong></span> <span class='ocrx_word' id='word_1_882' title='bbox 1182 4345 1355 4412; x_wconf 71' lang='lat' dir='ltr'><strong>autem</strong></span> <span class='ocrx_word' id='word_1_883' title='bbox 1385 4337 1619 4412; x_wconf 62' lang='lat' dir='ltr'><strong>spiritus,</strong></span> <span class='ocrx_word' id='word_1_884' title='bbox 1652 4337 1797 4412; x_wconf 78' lang='lat' dir='ltr'><strong>quasi</strong></span> <span class='ocrx_word' id='word_1_885' title='bbox 1824 4337 1940 4404; x_wconf 89' lang='lat' dir='ltr'><strong>qui-</strong></span> <span class='ocrx_word' id='word_1_886' title='bbox 1966 4354 2020 4412; x_wconf 71' lang='grc' dir='ltr'><strong>Ι)</strong></span> <span class='ocrx_word' id='word_1_887' title='bbox 2045 4333 2258 4412; x_wconf 77' lang='lat' dir='ltr'><strong>aliquod</strong></span> <span class='ocrx_word' id='word_1_888' title='bbox 2286 4353 2509 4412; x_wconf 80' lang='lat' dir='ltr'><strong>enorme</strong></span> <span class='ocrx_word' id='word_1_889' title='bbox 2531 4333 2913 4412; x_wconf 71' lang='lat' dir='ltr'><strong>conﬁtebatur.</strong></span> <span class='ocrx_word' id='word_1_890' title='bbox 2960 4338 3040 4391; x_wconf 86' lang='lat' dir='ltr'><strong>Ad</strong></span> <span class='ocrx_word' id='word_1_891' title='bbox 3074 4340 3397 4412; x_wconf 77' lang='lat' dir='ltr'><strong>hanc_igitu_r</strong></span> <span class='ocrx_word' id='word_1_892' title='bbox 3426 4333 3629 4388; x_wconf 61' lang='lat' dir='ltr'><strong>confes:</strong></span> 
     </span>
    </p>
   </div>
   <div class='ocr_carea' id='block_1_119' title="bbox 352 4405 1938 4474">
    <p class='ocr_par' dir='ltr' id='par_1_119' title="bbox 352 4405 1938 4474">
     <span class='ocr_line' id='line_1_119' title="bbox 352 4405 1938 4474; baseline 0 -17"><span class='ocrx_word' id='word_1_893' title='bbox 352 4406 476 4458; x_wconf 83' lang='lat' dir='ltr'><strong>dum</strong></span> <span class='ocrx_word' id='word_1_894' title='bbox 500 4405 781 4460; x_wconf 79' lang='lat' dir='ltr'><strong>latrunculi</strong></span> <span class='ocrx_word' id='word_1_895' title='bbox 811 4408 906 4460; x_wconf 87' lang='lat' dir='ltr'><strong>iter</strong></span> <span class='ocrx_word' id='word_1_896' title='bbox 928 4418 1160 4461; x_wconf 88' lang='lat' dir='ltr'><strong>nostrum</strong></span> <span class='ocrx_word' id='word_1_897' title='bbox 1205 4407 1453 4460; x_wconf 87' lang='lat' dir='ltr'><strong>obsident.</strong></span> <span class='ocrx_word' id='word_1_898' title='bbox 1484 4405 1788 4474; x_wconf 76' lang='lat' dir='ltr'><strong>Deprtedari</strong></span> <span class='ocrx_word' id='word_1_899' title='bbox 1818 4421 1938 4472; x_wconf 87' lang='lat' dir='ltr'><strong>ergo</strong></span> 
     </span>
    </p>
   </div>
   <div class='ocr_carea' id='block_1_120' title="bbox 353 4474 1940 4546">
    <p class='ocr_par' dir='ltr' id='par_1_120' title="bbox 353 4474 1940 4546">
     <span class='ocr_line' id='line_1_120' title="bbox 353 4474 1940 4546; baseline -0.003 -16"><span class='ocrx_word' id='word_1_900' title='bbox 353 4476 612 4530; x_wconf 86' lang='lat' dir='ltr'><strong>desiderat</strong></span> <span class='ocrx_word' id='word_1_901' title='bbox 635 4479 720 4544; x_wconf 86' lang='lat' dir='ltr'><strong>qui</strong></span> <span class='ocrx_word' id='word_1_902' title='bbox 743 4479 1035 4532; x_wconf 88' lang='lat' dir='ltr'><strong>thesaurum</strong></span> <span class='ocrx_word' id='word_1_903' title='bbox 1078 4478 1276 4546; x_wconf 76' lang='lat' dir='ltr'><strong>publice</strong></span> <span class='ocrx_word' id='word_1_904' title='bbox 1305 4486 1472 4546; x_wconf 85' lang='lat' dir='ltr'><strong>portat</strong></span> <span class='ocrx_word' id='word_1_905' title='bbox 1497 4477 1549 4528; x_wconf 89' lang='lat' dir='ltr'><strong>in</strong></span> <span class='ocrx_word' id='word_1_906' title='bbox 1567 4478 1676 4546; x_wconf 87' lang='lat' dir='ltr'><strong>via.</strong></span> <span class='ocrx_word' id='word_1_907' title='bbox 1708 4474 1820 4526; x_wconf 82' lang='lat' dir='ltr'><strong>Hoc</strong></span> <span class='ocrx_word' id='word_1_908' title='bbox 1843 4491 1940 4546; x_wconf 88' lang='lat' dir='ltr'><strong>au-</strong></span> 
     </span>
    </p>
   </div>
   <div class='ocr_carea' id='block_1_121' title="bbox 355 4545 1938 4619">
    <p class='ocr_par' dir='ltr' id='par_1_121' title="bbox 355 4545 1938 4619">
     <span class='ocr_line' id='line_1_121' title="bbox 355 4545 1938 4619; baseline -0.003 -21"><span class='ocrx_word' id='word_1_909' title='bbox 355 4554 457 4619; x_wconf 85' lang='lat' dir='ltr'><strong>tem</strong></span> <span class='ocrx_word' id='word_1_910' title='bbox 483 4549 620 4611; x_wconf 88' lang='lat' dir='ltr'><strong>dico,</strong></span> <span class='ocrx_word' id='word_1_911' title='bbox 652 4565 752 4602; x_wconf 87' lang='lat' dir='ltr'><strong>non</strong></span> <span class='ocrx_word' id='word_1_912' title='bbox 794 4558 848 4601; x_wconf 87' lang='lat' dir='ltr'><strong>ut</strong></span> <span class='ocrx_word' id='word_1_913' title='bbox 873 4545 1096 4619; x_wconf 72' lang='lat' dir='ltr'><strong>proximi</strong></span> <span class='ocrx_word' id='word_1_914' title='bbox 1127 4564 1283 4619; x_wconf 83' lang='lat' dir='ltr'><strong>opera</strong></span> <span class='ocrx_word' id='word_1_915' title='bbox 1309 4545 1510 4599; x_wconf 86' lang='lat' dir='ltr'><strong>nostra</strong></span> <span class='ocrx_word' id='word_1_916' title='bbox 1557 4545 1686 4596; x_wconf 89' lang='lat' dir='ltr'><strong>bona</strong></span> <span class='ocrx_word' id='word_1_917' title='bbox 1732 4559 1833 4619; x_wconf 86' lang='lat' dir='ltr'><strong>non</strong></span> <span class='ocrx_word' id='word_1_918' title='bbox 1862 4545 1938 4596; x_wconf 86' lang='lat' dir='ltr'><strong>vi-</strong></span> 
     </span>
    </p>
   </div>
   <div class='ocr_carea' id='block_1_122' title="bbox 357 4614 1939 4690">
    <p class='ocr_par' dir='ltr' id='par_1_122' title="bbox 357 4614 1939 4690">
     <span class='ocr_line' id='line_1_122' title="bbox 357 4614 1939 4690; baseline -0.003 -20"><span class='ocrx_word' id='word_1_919' title='bbox 357 4618 532 4682; x_wconf 88' lang='lat' dir='ltr'><strong>deant,</strong></span> <span class='ocrx_word' id='word_1_920' title='bbox 567 4635 684 4671; x_wconf 89' lang='lat' dir='ltr'><strong>cum</strong></span> <span class='ocrx_word' id='word_1_921' title='bbox 710 4614 958 4690; x_wconf 71' lang='lat' dir='ltr'><strong>scriptum</strong></span> <span class='ocrx_word' id='word_1_922' title='bbox 993 4620 1082 4686; x_wconf 84' lang='lat' dir='ltr'><strong>sit,</strong></span> <span class='ocrx_word' id='word_1_923' title='bbox 1133 4617 1353 4690; x_wconf 84' lang='lat' dir='ltr'><strong>Videant</strong></span> <span class='ocrx_word' id='word_1_924' title='bbox 1389 4632 1547 4690; x_wconf 84' lang='lat' dir='ltr'><strong>opera</strong></span> <span class='ocrx_word' id='word_1_925' title='bbox 1576 4626 1741 4690; x_wconf 70' lang='lat' dir='ltr'><strong>vestra</strong></span> <span class='ocrx_word' id='word_1_926' title='bbox 1784 4614 1939 4690; x_wconf 71' lang='lat' dir='ltr'><strong>bona,</strong></span> 
     </span>
    </p>
   </div>
   <div class='ocr_carea' id='block_1_123' title="bbox 359 4685 1942 4759">
    <p class='ocr_par' dir='ltr' id='par_1_123' title="bbox 359 4685 1942 4759">
     <span class='ocr_line' id='line_1_123' title="bbox 359 4685 1942 4759; baseline -0.002 -20"><span class='ocrx_word' id='word_1_927' title='bbox 359 4699 403 4742; x_wconf 83' lang='lat' dir='ltr'><strong>et</strong></span> <span class='ocrx_word' id='word_1_928' title='bbox 433 4690 719 4759; x_wconf 78' lang='lat' dir='ltr'><strong>gloriﬁcent</strong></span> <span class='ocrx_word' id='word_1_929' title='bbox 752 4685 959 4742; x_wconf 81' lang='lat' dir='ltr'><strong>Patrem</strong></span> <span class='ocrx_word' id='word_1_930' title='bbox 1003 4702 1227 4743; x_wconf 86' lang='lat' dir='ltr'><strong>vestrum</strong></span> <span class='ocrx_word' id='word_1_931' title='bbox 1263 4689 1352 4755; x_wconf 90' lang='lat' dir='ltr'><strong>qui</strong></span> <span class='ocrx_word' id='word_1_932' title='bbox 1398 4687 1453 4738; x_wconf 88' lang='lat' dir='ltr'><strong>in</strong></span> <span class='ocrx_word' id='word_1_933' title='bbox 1491 4685 1629 4738; x_wconf 79' lang='lat' dir='ltr'><strong>ctelis</strong></span> <span class='ocrx_word' id='word_1_934' title='bbox 1681 4693 1791 4750; x_wconf 88' lang='lat' dir='ltr'><strong>est,</strong></span> <span class='ocrx_word' id='word_1_935' title='bbox 1850 4685 1942 4737; x_wconf 90' lang='lat' dir='ltr'><strong>sed</strong></span> 
     </span>
    </p>
   </div>
   <div class='ocr_carea' id='block_1_124' title="bbox 363 4759 1939 4830">
    <p class='ocr_par' dir='ltr' id='par_1_124' title="bbox 363 4759 1939 4830">
     <span class='ocr_line' id='line_1_124' title="bbox 363 4759 1939 4830; baseline -0.003 -18"><span class='ocrx_word' id='word_1_936' title='bbox 363 4770 413 4812; x_wconf 83' lang='lat' dir='ltr'><strong>ut</strong></span> <span class='ocrx_word' id='word_1_937' title='bbox 439 4778 527 4826; x_wconf 79' lang='lat' dir='ltr'><strong>per</strong></span> <span class='ocrx_word' id='word_1_938' title='bbox 545 4761 643 4814; x_wconf 88' lang='lat' dir='ltr'><strong>hoc</strong></span> <span class='ocrx_word' id='word_1_939' title='bbox 671 4762 805 4829; x_wconf 89' lang='lat' dir='ltr'><strong>quod</strong></span> <span class='ocrx_word' id='word_1_940' title='bbox 830 4762 1024 4830; x_wconf 86' lang='lat' dir='ltr'><strong>agimus</strong></span> <span class='ocrx_word' id='word_1_941' title='bbox 1053 4761 1230 4814; x_wconf 82' lang='lat' dir='ltr'><strong>laudes</strong></span> <span class='ocrx_word' id='word_1_942' title='bbox 1252 4759 1472 4813; x_wconf 77' lang='lat' dir='ltr'><strong>exterius</strong></span> <span class='ocrx_word' id='word_1_943' title='bbox 1500 4773 1613 4830; x_wconf 70' lang='lat' dir='ltr'><strong>non</strong></span> <span class='ocrx_word' id='word_1_944' title='bbox 1631 4770 1939 4830; x_wconf 65' lang='lat' dir='ltr'><strong>quaeramus.</strong></span> 
     </span>
    </p>
   </div>
   <div class='ocr_carea' id='block_1_125' title="bbox 366 4826 1944 4901">
    <p class='ocr_par' dir='ltr' id='par_1_125' title="bbox 366 4826 1944 4901">
     <span class='ocr_line' id='line_1_125' title="bbox 366 4826 1944 4901; baseline -0.004 -17"><span class='ocrx_word' id='word_1_945' title='bbox 366 4830 450 4884; x_wconf 90' lang='lat' dir='ltr'><strong>Sic</strong></span> <span class='ocrx_word' id='word_1_946' title='bbox 476 4840 649 4885; x_wconf 85' lang='lat' dir='ltr'><strong>autem</strong></span> <span class='ocrx_word' id='word_1_947' title='bbox 683 4826 744 4884; x_wconf 81' lang='lat' dir='ltr'><strong>sit</strong></span> <span class='ocrx_word' id='word_1_948' title='bbox 770 4826 896 4901; x_wconf 66' lang='lat' dir='ltr'><strong>opus</strong></span> <span class='ocrx_word' id='word_1_949' title='bbox 923 4833 976 4885; x_wconf 89' lang='lat' dir='ltr'><strong>in</strong></span> <span class='ocrx_word' id='word_1_950' title='bbox 1020 4832 1254 4896; x_wconf 85' lang='lat' dir='ltr'><strong>publica,</strong></span> <span class='ocrx_word' id='word_1_951' title='bbox 1301 4839 1552 4897; x_wconf 85' lang='lat' dir='ltr'><strong>quatenus</strong></span> <span class='ocrx_word' id='word_1_952' title='bbox 1588 4826 1809 4901; x_wconf 78' lang='lat' dir='ltr'><strong>intentio</strong></span> <span class='ocrx_word' id='word_1_953' title='bbox 1834 4841 1944 4901; x_wconf 81' lang='lat' dir='ltr'><strong>ma-</strong></span> 
     </span>
    </p>
   </div>
   <div class='ocr_carea' id='block_1_126' title="bbox 366 4896 1945 4970">
    <p class='ocr_par' dir='ltr' id='par_1_126' title="bbox 366 4896 1945 4970">
     <span class='ocr_line' id='line_1_126' title="bbox 366 4896 1945 4970; baseline -0.004 -16"><span class='ocrx_word' id='word_1_954' title='bbox 366 4912 476 4955; x_wconf 86' lang='lat' dir='ltr'><strong>neat</strong></span> <span class='ocrx_word' id='word_1_955' title='bbox 505 4902 561 4954; x_wconf 90' lang='lat' dir='ltr'><strong>in</strong></span> <span class='ocrx_word' id='word_1_956' title='bbox 583 4896 812 4965; x_wconf 59' lang='lat' dir='ltr'><strong>occulto,</strong></span> <span class='ocrx_word' id='word_1_957' title='bbox 851 4910 904 4955; x_wconf 91' lang='lat' dir='ltr'><strong>ut</strong></span> <span class='ocrx_word' id='word_1_958' title='bbox 925 4912 971 4956; x_wconf 91' lang='lat' dir='ltr'><strong>et</strong></span> <span class='ocrx_word' id='word_1_959' title='bbox 1001 4901 1066 4956; x_wconf 89' lang='lat' dir='ltr'><strong>de</strong></span> <span class='ocrx_word' id='word_1_960' title='bbox 1092 4902 1221 4956; x_wconf 88' lang='lat' dir='ltr'><strong>bono</strong></span> <span class='ocrx_word' id='word_1_961' title='bbox 1250 4896 1403 4968; x_wconf 88' lang='lat' dir='ltr'><strong>opere</strong></span> <span class='ocrx_word' id='word_1_962' title='bbox 1448 4898 1694 4970; x_wconf 73' lang='lat' dir='ltr'><strong>proximis</strong></span> <span class='ocrx_word' id='word_1_963' title='bbox 1720 4896 1945 4970; x_wconf 54' lang='lat' dir='ltr'><strong>prtebfa-</strong></span> 
     </span>
    </p>
   </div>
   <div class='ocr_carea' id='block_1_127' title="bbox 367 4965 1945 5045">
    <p class='ocr_par' dir='ltr' id='par_1_127' title="bbox 367 4965 1945 5045">
     <span class='ocr_line' id='line_1_127' title="bbox 367 4965 1945 5045; baseline -0.003 -21"><span class='ocrx_word' id='word_1_964' title='bbox 367 4987 474 5045; x_wconf 79' lang='lat' dir='ltr'><strong>mus</strong></span> <span class='ocrx_word' id='word_1_965' title='bbox 506 4973 820 5040; x_wconf 74' lang='lat' dir='ltr'><strong>exemplum,</strong></span> <span class='ocrx_word' id='word_1_966' title='bbox 843 4981 890 5025; x_wconf 91' lang='lat' dir='ltr'><strong>et</strong></span> <span class='ocrx_word' id='word_1_967' title='bbox 920 4982 1088 5027; x_wconf 87' lang='lat' dir='ltr'><strong>tamen</strong></span> <span class='ocrx_word' id='word_1_968' title='bbox 1116 4991 1205 5045; x_wconf 88' lang='lat' dir='ltr'><strong>per</strong></span> <span class='ocrx_word' id='word_1_969' title='bbox 1231 4965 1560 5024; x_wconf 78' lang='lat' dir='ltr'><strong>intentionem</strong></span> <span class='ocrx_word' id='word_1_970' title='bbox 1587 4965 1809 5045; x_wconf 65' lang='lat' dir='ltr'><strong>quasoli</strong></span> <span class='ocrx_word' id='word_1_971' title='bbox 1836 4965 1945 5020; x_wconf 89' lang='lat' dir='ltr'><strong>Deo</strong></span> 
     </span>
    </p>
   </div>
   <div class='ocr_carea' id='block_1_128' title="bbox 367 5039 1945 5113">
    <p class='ocr_par' dir='ltr' id='par_1_128' title="bbox 367 5039 1945 5113">
     <span class='ocr_line' id='line_1_128' title="bbox 367 5039 1945 5113; baseline -0.002 -18"><span class='ocrx_word' id='word_1_972' title='bbox 367 5043 566 5108; x_wconf 85' lang='lat' dir='ltr'><strong>placere</strong></span> <span class='ocrx_word' id='word_1_973' title='bbox 589 5039 866 5113; x_wconf 13' lang='lat' dir='ltr'><strong>quiterimus</strong></span> <span class='ocrx_word' id='word_1_974' title='bbox 895 5060 1093 5113; x_wconf 89' lang='lat' dir='ltr'><strong>semper</strong></span> <span class='ocrx_word' id='word_1_975' title='bbox 1115 5039 1344 5111; x_wconf 78' lang='lat' dir='ltr'><strong>optemus</strong></span> <span class='ocrx_word' id='word_1_976' title='bbox 1372 5050 1651 5113; x_wconf 73' lang='lat' dir='ltr'><strong>secretum.</strong></span> <span class='ocrx_word' id='word_1_977' title='bbox 1680 5039 1945 5113; x_wconf 71' lang='lat' dir='ltr'><strong>Hactenus</strong></span> 
     </span>
    </p>
   </div>
   <div class='ocr_carea' id='block_1_129' title="bbox 368 5109 1945 5183">
    <p class='ocr_par' dir='ltr' id='par_1_129' title="bbox 368 5109 1945 5183">
     <span class='ocr_line' id='line_1_129' title="bbox 368 5109 1945 5183; baseline -0.003 -16"><span class='ocrx_word' id='word_1_978' title='bbox 368 5126 426 5167; x_wconf 76' lang='lat' dir='ltr'><strong>ex</strong></span> <span class='ocrx_word' id='word_1_979' title='bbox 473 5109 754 5183; x_wconf 77' lang='lat' dir='ltr'><strong>Gregorio.</strong></span> <span class='ocrx_word' id='word_1_980' title='bbox 798 5114 898 5180; x_wconf 86' lang='lat' dir='ltr'><strong>Qui</strong></span> <span class='ocrx_word' id='word_1_981' title='bbox 945 5109 1073 5183; x_wconf 78' lang='lat' dir='ltr'><strong>ergo</strong></span> <span class='ocrx_word' id='word_1_982' title='bbox 1099 5109 1166 5170; x_wconf 83' lang='lat' dir='ltr'><strong>de</strong></span> <span class='ocrx_word' id='word_1_983' title='bbox 1197 5115 1396 5168; x_wconf 90' lang='lat' dir='ltr'><strong>virtute</strong></span> <span class='ocrx_word' id='word_1_984' title='bbox 1436 5125 1592 5180; x_wconf 90' lang='lat' dir='ltr'><strong>quam</strong></span> <span class='ocrx_word' id='word_1_985' title='bbox 1642 5109 1822 5175; x_wconf 88' lang='lat' dir='ltr'><strong>habet,</strong></span> <span class='ocrx_word' id='word_1_986' title='bbox 1853 5119 1945 5162; x_wconf 89' lang='lat' dir='ltr'><strong>aut</strong></span> 
     </span>
    </p>
   </div>
   <div class='ocr_carea' id='block_1_130' title="bbox 367 5183 1940 5252">
    <p class='ocr_par' dir='ltr' id='par_1_130' title="bbox 367 5183 1940 5252">
     <span class='ocr_line' id='line_1_130' title="bbox 367 5183 1940 5252; baseline -0.001 -16"><span class='ocrx_word' id='word_1_987' title='bbox 367 5183 430 5238; x_wconf 87' lang='lat' dir='ltr'><strong>de</strong></span> <span class='ocrx_word' id='word_1_988' title='bbox 463 5186 606 5239; x_wconf 87' lang='lat' dir='ltr'><strong>bono</strong></span> <span class='ocrx_word' id='word_1_989' title='bbox 638 5184 817 5252; x_wconf 90' lang='lat' dir='ltr'><strong>aliquo</strong></span> <span class='ocrx_word' id='word_1_990' title='bbox 867 5200 1033 5252; x_wconf 79' lang='lat' dir='ltr'><strong>opere</strong></span> <span class='ocrx_word' id='word_1_991' title='bbox 1075 5201 1104 5240; x_wconf 87' lang='lat' dir='ltr'><strong>a</strong></span> <span class='ocrx_word' id='word_1_992' title='bbox 1152 5202 1210 5239; x_wconf 88' lang='lat' dir='ltr'><strong>se</strong></span> <span class='ocrx_word' id='word_1_993' title='bbox 1263 5183 1500 5238; x_wconf 88' lang='lat' dir='ltr'><strong>admisso</strong></span> <span class='ocrx_word' id='word_1_994' title='bbox 1530 5185 1940 5252; x_wconf 78' lang='lat' dir='ltr'><strong>interrogatus,</strong></span> 
     </span>
    </p>
   </div>
   <div class='ocr_carea' id='block_1_131' title="bbox 371 5251 1947 5321">
    <p class='ocr_par' dir='ltr' id='par_1_131' title="bbox 371 5251 1947 5321">
     <span class='ocr_line' id='line_1_131' title="bbox 371 5251 1947 5321; baseline 0.001 -16"><span class='ocrx_word' id='word_1_995' title='bbox 371 5259 647 5310; x_wconf 82' lang='lat' dir='ltr'><strong>veritatem</strong></span> <span class='ocrx_word' id='word_1_996' title='bbox 674 5251 992 5321; x_wconf 79' lang='lat' dir='ltr'><strong>cantiletur,</strong></span> <span class='ocrx_word' id='word_1_997' title='bbox 1040 5271 1142 5311; x_wconf 91' lang='lat' dir='ltr'><strong>nec</strong></span> <span class='ocrx_word' id='word_1_998' title='bbox 1169 5257 1222 5310; x_wconf 91' lang='lat' dir='ltr'><strong>in</strong></span> <span class='ocrx_word' id='word_1_999' title='bbox 1254 5271 1320 5310; x_wconf 89' lang='lat' dir='ltr'><strong>co</strong></span> <span class='ocrx_word' id='word_1_1000' title='bbox 1359 5254 1462 5308; x_wconf 84' lang='lat' dir='ltr'><strong>sibi</strong></span> <span class='ocrx_word' id='word_1_1001' title='bbox 1495 5251 1689 5321; x_wconf 88' lang='lat' dir='ltr'><strong>placet,</strong></span> <span class='ocrx_word' id='word_1_1002' title='bbox 1713 5255 1806 5305; x_wconf 87' lang='lat' dir='ltr'><strong>sed</strong></span> <span class='ocrx_word' id='word_1_1003' title='bbox 1839 5251 1947 5306; x_wconf 90' lang='lat' dir='ltr'><strong>Deo</strong></span> 
     </span>
    </p>
   </div>
   <div class='ocr_carea' id='block_1_132' title="bbox 375 5323 1946 5397">
    <p class='ocr_par' dir='ltr' id='par_1_132' title="bbox 375 5323 1946 5397">
     <span class='ocr_line' id='line_1_132' title="bbox 375 5323 1946 5397; baseline 0 -22"><span class='ocrx_word' id='word_1_1004' title='bbox 375 5324 474 5380; x_wconf 91' lang='lat' dir='ltr'><strong>fert</strong></span> <span class='ocrx_word' id='word_1_1005' title='bbox 503 5337 808 5397; x_wconf 86' lang='lat' dir='ltr'><strong>acceptum,</strong></span> <span class='ocrx_word' id='word_1_1006' title='bbox 845 5327 1029 5396; x_wconf 91' lang='lat' dir='ltr'><strong>illique</strong></span> <span class='ocrx_word' id='word_1_1007' title='bbox 1050 5328 1275 5397; x_wconf 80' lang='lat' dir='ltr'><strong>gloriam</strong></span> <span class='ocrx_word' id='word_1_1008' title='bbox 1327 5340 1540 5379; x_wconf 88' lang='lat' dir='ltr'><strong>onmem</strong></span> <span class='ocrx_word' id='word_1_1009' title='bbox 1569 5323 1810 5397; x_wconf 79' lang='lat' dir='ltr'><strong>ascribit,</strong></span> <span class='ocrx_word' id='word_1_1010' title='bbox 1835 5339 1946 5397; x_wconf 83' lang='lat' dir='ltr'><strong>non</strong></span> 
     </span>
    </p>
   </div>
   <div class='ocr_carea' id='block_1_133' title="bbox 375 5393 1952 5476">
    <p class='ocr_par' dir='ltr' id='par_1_133' title="bbox 375 5393 1952 5476">
     <span class='ocr_line' id='line_1_133' title="bbox 375 5393 1952 5476; baseline -0.003 -25"><span class='ocrx_word' id='word_1_1011' title='bbox 375 5406 554 5476; x_wconf 69' lang='lat' dir='ltr'><strong>peccat</strong></span> <span class='ocrx_word' id='word_1_1012' title='bbox 588 5399 640 5450; x_wconf 91' lang='lat' dir='ltr'><strong>in</strong></span> <span class='ocrx_word' id='word_1_1013' title='bbox 659 5395 814 5450; x_wconf 87' lang='lat' dir='ltr'><strong>illam</strong></span> <span class='ocrx_word' id='word_1_1014' title='bbox 839 5393 1011 5476; x_wconf 71' lang='lat' dir='ltr'><strong>legem</strong></span> <span class='ocrx_word' id='word_1_1015' title='bbox 1108 5398 1320 5476; x_wconf 67' lang='lat' dir='ltr'><strong>Nesciet</strong></span> <span class='ocrx_word' id='word_1_1016' title='bbox 1369 5398 1578 5450; x_wconf 77' lang='lat' dir='ltr'><strong>sinistra</strong></span> <span class='ocrx_word' id='word_1_1017' title='bbox 1609 5406 1695 5447; x_wconf 90' lang='lat' dir='ltr'><strong>tua</strong></span> <span class='ocrx_word' id='word_1_1018' title='bbox 1719 5393 1844 5476; x_wconf 81' lang='lat' dir='ltr'><strong>quid</strong></span> <span class='ocrx_word' id='word_1_1019' title='bbox 1870 5395 1952 5476; x_wconf 79' lang='lat' dir='ltr'><strong>fa-</strong></span> 
     </span>
    </p>
   </div>
   <div class='ocr_carea' id='block_1_134' title="bbox 375 5466 1948 5536">
    <p class='ocr_par' dir='ltr' id='par_1_134' title="bbox 375 5466 1948 5536">
     <span class='ocr_line' id='line_1_134' title="bbox 375 5466 1948 5536; baseline 0 -19"><span class='ocrx_word' id='word_1_1020' title='bbox 375 5466 472 5520; x_wconf 86' lang='lat' dir='ltr'><strong>ciat</strong></span> <span class='ocrx_word' id='word_1_1021' title='bbox 491 5466 720 5534; x_wconf 67' lang='lat' dir='ltr'><strong>dextera,</strong></span> <span class='ocrx_word' id='word_1_1022' title='bbox 747 5484 863 5536; x_wconf 78' lang='lat' dir='ltr'><strong>qua:</strong></span> <span class='ocrx_word' id='word_1_1023' title='bbox 887 5471 953 5521; x_wconf 89' lang='lat' dir='ltr'><strong>de</strong></span> <span class='ocrx_word' id='word_1_1024' title='bbox 979 5470 1091 5522; x_wconf 90' lang='lat' dir='ltr'><strong>sola</strong></span> <span class='ocrx_word' id='word_1_1025' title='bbox 1120 5470 1415 5523; x_wconf 88' lang='lat' dir='ltr'><strong>intentione</strong></span> <span class='ocrx_word' id='word_1_1026' title='bbox 1437 5483 1498 5521; x_wconf 86' lang='lat' dir='ltr'><strong>ac</strong></span> <span class='ocrx_word' id='word_1_1027' title='bbox 1525 5469 1804 5536; x_wconf 83' lang='lat' dir='ltr'><strong>praposito</strong></span> <span class='ocrx_word' id='word_1_1028' title='bbox 1833 5466 1948 5518; x_wconf 86' lang='lat' dir='ltr'><strong>ani-</strong></span> 
     </span>
    </p>
   </div>
   <div class='ocr_carea' id='block_1_135' title="bbox 375 5536 1290 5608">
    <p class='ocr_par' dir='ltr' id='par_1_135' title="bbox 375 5536 1290 5608">
     <span class='ocr_line' id='line_1_135' title="bbox 375 5536 1290 5608; baseline 0.003 -20"><span class='ocrx_word' id='word_1_1029' title='bbox 375 5536 642 5608; x_wconf 64' lang='lat' dir='ltr'><strong>minostri</strong></span> <span class='ocrx_word' id='word_1_1030' title='bbox 672 5537 910 5606; x_wconf 88' lang='lat' dir='ltr'><strong>disponit</strong></span> <span class='ocrx_word' id='word_1_1031' title='bbox 939 5553 1002 5593; x_wconf 89' lang='lat' dir='ltr'><strong>ac</strong></span> <span class='ocrx_word' id='word_1_1032' title='bbox 1024 5539 1290 5608; x_wconf 59' lang='lat' dir='ltr'><strong>praecipit.</strong></span> 
     </span>
    </p>
   </div>
   <div class='ocr_carea' id='block_1_136' title="bbox 447 5605 1955 5676">
    <p class='ocr_par' dir='ltr' id='par_1_136' title="bbox 447 5605 1955 5676">
     <span class='ocr_line' id='line_1_136' title="bbox 447 5605 1955 5676; baseline 0 -17"><span class='ocrx_word' id='word_1_1033' title='bbox 447 5605 554 5661; x_wconf 79' lang='lat' dir='ltr'><strong>Has</strong></span> <span class='ocrx_word' id='word_1_1034' title='bbox 594 5605 892 5664; x_wconf 76' lang='lat' dir='ltr'><strong>setitentias</strong></span> <span class='ocrx_word' id='word_1_1035' title='bbox 939 5605 1160 5676; x_wconf 73' lang='lat' dir='ltr'><strong>Joseptti</strong></span> <span class='ocrx_word' id='word_1_1036' title='bbox 1195 5605 1404 5664; x_wconf 82' lang='lat' dir='ltr'><strong>abbatis</strong></span> <span class='ocrx_word' id='word_1_1037' title='bbox 1459 5607 1672 5663; x_wconf 89' lang='lat' dir='ltr'><strong>videtur</strong></span> <span class='ocrx_word' id='word_1_1038' title='bbox 1719 5607 1955 5662; x_wconf 85' lang='lat' dir='ltr'><strong>Joannes</strong></span> 
     </span>
    </p>
   </div>
   <div class='ocr_carea' id='block_1_137' title="bbox 2049 4408 3630 4477">
    <p class='ocr_par' dir='ltr' id='par_1_137' title="bbox 2049 4408 3630 4477">
     <span class='ocr_line' id='line_1_137' title="bbox 2049 4408 3630 4477; baseline -0.007 -16"><span class='ocrx_word' id='word_1_1039' title='bbox 2049 4410 2255 4463; x_wconf 76' lang='lat' dir='ltr'><strong>sionem</strong></span> <span class='ocrx_word' id='word_1_1040' title='bbox 2291 4424 2385 4462; x_wconf 87' lang='lat' dir='ltr'><strong>eos</strong></span> <span class='ocrx_word' id='word_1_1041' title='bbox 2413 4410 2503 4477; x_wconf 88' lang='lat' dir='ltr'><strong>qui</strong></span> <span class='ocrx_word' id='word_1_1042' title='bbox 2556 4410 2767 4460; x_wconf 80' lang='lat' dir='ltr'><strong>occulte</strong></span> <span class='ocrx_word' id='word_1_1043' title='bbox 2808 4409 3166 4471; x_wconf 84' lang='lat' dir='ltr'><strong>deliquerant,</strong></span> <span class='ocrx_word' id='word_1_1044' title='bbox 3203 4409 3267 4461; x_wconf 87' lang='grc'><strong>1).</strong></span> <span class='ocrx_word' id='word_1_1045' title='bbox 3313 4408 3630 4477; x_wconf 66' lang='lat' dir='ltr'><strong>t.hiysosto.</strong></span> 
     </span>
    </p>
   </div>
   <div class='ocr_carea' id='block_1_138' title="bbox 2051 4472 3630 4545">
    <p class='ocr_par' dir='ltr' id='par_1_138' title="bbox 2051 4472 3630 4545">
     <span class='ocr_line' id='line_1_138' title="bbox 2051 4472 3630 4545; baseline -0.003 -15"><span class='ocrx_word' id='word_1_1046' title='bbox 2051 4495 2167 4530; x_wconf 89' lang='lat' dir='ltr'><strong>tuus</strong></span> <span class='ocrx_word' id='word_1_1047' title='bbox 2193 4478 2411 4545; x_wconf 80' lang='lat' dir='ltr'><strong>adigere</strong></span> <span class='ocrx_word' id='word_1_1048' title='bbox 2433 4472 2630 4538; x_wconf 70' lang='lat' dir='ltr'><strong>uoluit,</strong></span> <span class='ocrx_word' id='word_1_1049' title='bbox 2681 4488 2788 4530; x_wconf 89' lang='lat' dir='ltr'><strong>tum</strong></span> <span class='ocrx_word' id='word_1_1050' title='bbox 2833 4479 2976 4545; x_wconf 86' lang='lat' dir='ltr'><strong>quod</strong></span> <span class='ocrx_word' id='word_1_1051' title='bbox 3019 4495 3124 4529; x_wconf 84' lang='lat' dir='ltr'><strong>non</strong></span> <span class='ocrx_word' id='word_1_1052' title='bbox 3153 4472 3630 4545; x_wconf 48' lang='lat' dir='ltr'><strong>judicai-et&#39;umnia</strong></span> 
     </span>
    </p>
   </div>
   <div class='ocr_carea' id='block_1_139' title="bbox 2049 4541 3630 4614">
    <p class='ocr_par' dir='ltr' id='par_1_139' title="bbox 2049 4541 3630 4614">
     <span class='ocr_line' id='line_1_139' title="bbox 2049 4541 3630 4614; baseline -0.004 -14"><span class='ocrx_word' id='word_1_1053' title='bbox 2049 4548 2260 4600; x_wconf 81' lang='lat' dir='ltr'><strong>Occulta</strong></span> <span class='ocrx_word' id='word_1_1054' title='bbox 2287 4541 2503 4613; x_wconf 79' lang='lat' dir='ltr'><strong>peccata</strong></span> <span class='ocrx_word' id='word_1_1055' title='bbox 2533 4541 3017 4614; x_wconf 44' lang='lat' dir='ltr'><strong>publicandas-se,</strong></span> <span class='ocrx_word' id='word_1_1056' title='bbox 3040 4541 3315 4610; x_wconf 53' lang='lat' dir='ltr'><strong>tum&#39;quud</strong></span> <span class='ocrx_word' id='word_1_1057' title='bbox 3348 4548 3490 4614; x_wconf 83' lang='lat' dir='ltr'><strong>circa</strong></span> <span class='ocrx_word' id='word_1_1058' title='bbox 3518 4541 3630 4614; x_wconf 59' lang='lat' dir='ltr'><strong>haec</strong></span> 
     </span>
    </p>
   </div>
   <div class='ocr_carea' id='block_1_140' title="bbox 2051 4611 3632 4684">
    <p class='ocr_par' dir='ltr' id='par_1_140' title="bbox 2051 4611 3632 4684">
     <span class='ocr_line' id='line_1_140' title="bbox 2051 4611 3632 4684; baseline -0.003 -15"><span class='ocrx_word' id='word_1_1059' title='bbox 2051 4619 2164 4683; x_wconf 90' lang='lat' dir='ltr'><strong>ipsa</strong></span> <span class='ocrx_word' id='word_1_1060' title='bbox 2195 4611 2439 4684; x_wconf 87' lang='lat' dir='ltr'><strong>tempora</strong></span> <span class='ocrx_word' id='word_1_1061' title='bbox 2466 4611 2675 4682; x_wconf 87' lang='lat' dir='ltr'><strong>publica</strong></span> <span class='ocrx_word' id='word_1_1062' title='bbox 2705 4617 2975 4670; x_wconf 86' lang='lat' dir='ltr'><strong>confessio</strong></span> <span class='ocrx_word' id='word_1_1063' title='bbox 3004 4611 3159 4668; x_wconf 27' lang='lat' dir='ltr'><strong>’inetu</strong></span> <span class='ocrx_word' id='word_1_1064' title='bbox 3188 4613 3412 4668; x_wconf 86' lang='lat' dir='ltr'><strong>furentis</strong></span> <span class='ocrx_word' id='word_1_1065' title='bbox 3452 4611 3632 4684; x_wconf 83' lang='lat' dir='ltr'><strong>populi</strong></span> 
     </span>
    </p>
   </div>
   <div class='ocr_carea' id='block_1_141' title="bbox 2051 4682 3633 4754">
    <p class='ocr_par' dir='ltr' id='par_1_141' title="bbox 2051 4682 3633 4754">
     <span class='ocr_line' id='line_1_141' title="bbox 2051 4682 3633 4754; baseline -0.004 -14"><span class='ocrx_word' id='word_1_1066' title='bbox 2051 4682 2349 4740; x_wconf 23' lang='lat' dir='ltr'><strong>aNectari‘o</strong></span> <span class='ocrx_word' id='word_1_1067' title='bbox 2371 4686 2971 4754; x_wconf 74' lang='lat' dir='ltr'><strong>Constantinopolitano</strong></span> <span class='ocrx_word' id='word_1_1068' title='bbox 2997 4687 3252 4754; x_wconf 82' lang='lat' dir='ltr'><strong>episCOpo</strong></span> <span class='ocrx_word' id='word_1_1069' title='bbox 3276 4685 3441 4751; x_wconf 56' lang='lat' dir='ltr'><strong>ipsius</strong></span> <span class='ocrx_word' id='word_1_1070' title='bbox 3464 4682 3633 4751; x_wconf 67' lang='lat' dir='ltr'><strong>chry-</strong></span> 
     </span>
    </p>
   </div>
   <div class='ocr_carea' id='block_1_142' title="bbox 2051 4755 3633 4824">
    <p class='ocr_par' dir='ltr' id='par_1_142' title="bbox 2051 4755 3633 4824">
     <span class='ocr_line' id='line_1_142' title="bbox 2051 4755 3633 4824; baseline -0.004 -12"><span class='ocrx_word' id='word_1_1071' title='bbox 2051 4757 2275 4812; x_wconf 90' lang='lat' dir='ltr'><strong>sostomi</strong></span> <span class='ocrx_word' id='word_1_1072' title='bbox 2306 4756 2708 4824; x_wconf 69' lang='lat' dir='ltr'><strong>praedecessore</strong></span> <span class='ocrx_word' id='word_1_1073' title='bbox 2735 4757 2990 4824; x_wconf 81' lang='lat' dir='ltr'><strong>abrogata</strong></span> <span class='ocrx_word' id='word_1_1074' title='bbox 3018 4767 3193 4812; x_wconf 86' lang='lat' dir='ltr'><strong>esset:</strong></span> <span class='ocrx_word' id='word_1_1075' title='bbox 3229 4755 3388 4820; x_wconf 87' lang='lat' dir='ltr'><strong>idque</strong></span> <span class='ocrx_word' id='word_1_1076' title='bbox 3420 4765 3633 4819; x_wconf 83' lang='lat' dir='ltr'><strong>propter</strong></span> 
     </span>
    </p>
   </div>
   <div class='ocr_carea' id='block_1_143' title="bbox 2051 4824 3633 4895">
    <p class='ocr_par' dir='ltr' id='par_1_143' title="bbox 2051 4824 3633 4895">
     <span class='ocr_line' id='line_1_143' title="bbox 2051 4824 3633 4895; baseline -0.008 -12"><span class='ocrx_word' id='word_1_1077' title='bbox 2051 4841 2350 4883; x_wconf 85' lang='lat' dir='ltr'><strong>matronam</strong></span> <span class='ocrx_word' id='word_1_1078' title='bbox 2373 4827 2660 4895; x_wconf 86' lang='lat' dir='ltr'><strong>quamdam</strong></span> <span class='ocrx_word' id='word_1_1079' title='bbox 2691 4843 2720 4881; x_wconf 86' lang='lat' dir='ltr'><strong>a</strong></span> <span class='ocrx_word' id='word_1_1080' title='bbox 2746 4829 2975 4881; x_wconf 91' lang='lat' dir='ltr'><strong>diacono</strong></span> <span class='ocrx_word' id='word_1_1081' title='bbox 2999 4829 3097 4882; x_wconf 92' lang='lat' dir='ltr'><strong>sub</strong></span> <span class='ocrx_word' id='word_1_1082' title='bbox 3115 4824 3473 4879; x_wconf 81' lang='lat' dir='ltr'><strong>conlessionis</strong></span> <span class='ocrx_word' id='word_1_1083' title='bbox 3500 4839 3633 4892; x_wconf 73' lang='lat' dir='ltr'><strong>pne.</strong></span> 
     </span>
    </p>
   </div>
   <div class='ocr_carea' id='block_1_144' title="bbox 2053 4896 3634 4966">
    <p class='ocr_par' dir='ltr' id='par_1_144' title="bbox 2053 4896 3634 4966">
     <span class='ocr_line' id='line_1_144' title="bbox 2053 4896 3634 4966; baseline -0.002 -14"><span class='ocrx_word' id='word_1_1084' title='bbox 2053 4907 2200 4952; x_wconf 82' lang='lat' dir='ltr'><strong>textu</strong></span> <span class='ocrx_word' id='word_1_1085' title='bbox 2249 4913 2638 4966; x_wconf 83' lang='lat' dir='ltr'><strong>compressam,</strong></span> <span class='ocrx_word' id='word_1_1086' title='bbox 2696 4898 2836 4953; x_wconf 90' lang='lat' dir='ltr'><strong>sicut</strong></span> <span class='ocrx_word' id='word_1_1087' title='bbox 2878 4899 3049 4954; x_wconf 81' lang='lat' dir='ltr'><strong>refert</strong></span> <span class='ocrx_word' id='word_1_1088' title='bbox 3079 4897 3415 4953; x_wconf 85' lang='lat' dir='ltr'><strong>Zozomenus</strong></span> <span class='ocrx_word' id='word_1_1089' title='bbox 3455 4896 3550 4950; x_wconf 87' lang='lat' dir='ltr'><strong>lib.</strong></span> <span class='ocrx_word' id='word_1_1090' title='bbox 3583 4906 3634 4958; x_wconf 69' lang='lat' dir='ltr'><strong>ix</strong></span> 
     </span>
    </p>
   </div>
   <div class='ocr_carea' id='block_1_145' title="bbox 2056 4969 3651 5126">
    <p class='ocr_par' dir='ltr' id='par_1_145' title="bbox 2056 4969 3651 5126">
     <span class='ocr_line' id='line_1_145' title="bbox 2056 4969 2740 5039; baseline -0.003 -15"><span class='ocrx_word' id='word_1_1091' title='bbox 2056 4971 2189 5024; x_wconf 91' lang='lat' dir='ltr'><strong>llist.</strong></span> <span class='ocrx_word' id='word_1_1092' title='bbox 2227 4969 2459 5039; x_wconf 83' lang='lat' dir='ltr'><strong>Tripart.</strong></span> <span class='ocrx_word' id='word_1_1093' title='bbox 2501 4983 2619 5037; x_wconf 89' lang='lat' dir='ltr'><strong>cap.</strong></span> <span class='ocrx_word' id='word_1_1094' title='bbox 2651 4970 2740 5024; x_wconf 78' lang='grc'><strong>55.</strong></span> 
     </span>
     <span class='ocr_line' id='line_1_146' title="bbox 2621 4994 3651 5126; baseline 0.002 -11"><span class='ocrx_word' id='word_1_1095' title='bbox 2621 5057 2739 5115; x_wconf 91' lang='lat' dir='ltr'><strong>Col.</strong></span> <span class='ocrx_word' id='word_1_1096' title='bbox 2770 5059 2836 5113; x_wconf 69' lang='lat'><strong>21</strong></span> <span class='ocrx_word' id='word_1_1097' title='bbox 2862 5074 2980 5126; x_wconf 88' lang='lat' dir='ltr'><strong>cap.</strong></span> <span class='ocrx_word' id='word_1_1098' title='bbox 3012 5062 3066 5114; x_wconf 71' lang='grc'><strong>4.</strong></span> <span class='ocrx_word' id='word_1_1099' title='bbox 3633 4994 3651 5126; x_wconf 65' lang='grc'><strong>1</strong></span> 
     </span>
    </p>
   </div>
   <div class='ocr_carea' id='block_1_146' title="bbox 2621 5057 3066 5129">
    <p class='ocr_par' dir='ltr' id='par_1_146' title="bbox 2621 5057 3066 5129">
     <span class='ocr_line' id='line_1_147' title="bbox 2621 5057 3066 5129; baseline -0.002 -14"><span class='ocrx_word' id='word_1_1100' title='bbox 2621 5057 2739 5115; x_wconf 91' lang='lat' dir='ltr'><strong>Col.</strong></span> <span class='ocrx_word' id='word_1_1101' title='bbox 2770 5059 2836 5113; x_wconf 69' lang='lat'><strong>21</strong></span> <span class='ocrx_word' id='word_1_1102' title='bbox 2862 5074 2980 5129; x_wconf 88' lang='lat' dir='ltr'><strong>cap.</strong></span> <span class='ocrx_word' id='word_1_1103' title='bbox 3012 5062 3066 5114; x_wconf 71' lang='grc'><strong>4.</strong></span> 
     </span>
    </p>
   </div>
   <div class='ocr_carea' id='block_1_147' title="bbox 2055 5151 3630 5224">
    <p class='ocr_par' dir='ltr' id='par_1_147' title="bbox 2055 5151 3630 5224">
     <span class='ocr_line' id='line_1_148' title="bbox 2055 5151 3630 5224; baseline -0.006 -15"><span class='ocrx_word' id='word_1_1104' title='bbox 2055 5155 2146 5210; x_wconf 82' lang='lat' dir='ltr'><strong>Sic</strong></span> <span class='ocrx_word' id='word_1_1105' title='bbox 2174 5164 2218 5207; x_wconf 91' lang='lat' dir='ltr'><strong>et</strong></span> <span class='ocrx_word' id='word_1_1106' title='bbox 2244 5152 2412 5206; x_wconf 86' lang='lat' dir='ltr'><strong>David</strong></span> <span class='ocrx_word' id='word_1_1107' title='bbox 2433 5162 2684 5224; x_wconf 74' lang='lat' dir='ltr'><strong>prwcepta</strong></span> <span class='ocrx_word' id='word_1_1108' title='bbox 2705 5151 2854 5219; x_wconf 75' lang='lat' dir='ltr'><strong>Legis</strong></span> <span class='ocrx_word' id='word_1_1109' title='bbox 2882 5151 3207 5224; x_wconf 82' lang='lat' dir='ltr'><strong>cognovimus</strong></span> <span class='ocrx_word' id='word_1_1110' title='bbox 3229 5163 3630 5224; x_wconf 82' lang='lat' dir='ltr'><strong>supergressum,</strong></span> 
     </span>
    </p>
   </div>
   <div class='ocr_carea' id='block_1_148' title="bbox 2122 5220 3651 5295">
    <p class='ocr_par' dir='ltr' id='par_1_148' title="bbox 2122 5220 3651 5295">
     <span class='ocr_line' id='line_1_149' title="bbox 2122 5220 3651 5295; baseline -0.005 -17"><span class='ocrx_word' id='word_1_1111' title='bbox 2122 5227 2210 5295; x_wconf 89' lang='lat' dir='ltr'><strong>qui</strong></span> <span class='ocrx_word' id='word_1_1112' title='bbox 2255 5220 2579 5295; x_wconf 61' lang='lat' dir='ltr'><strong>praecipiente</strong></span> <span class='ocrx_word' id='word_1_1113' title='bbox 2608 5222 2788 5295; x_wconf 84' lang='lat' dir='ltr'><strong>Moyse</strong></span> <span class='ocrx_word' id='word_1_1114' title='bbox 2817 5232 2868 5275; x_wconf 89' lang='lat' dir='ltr'><strong>ut</strong></span> <span class='ocrx_word' id='word_1_1115' title='bbox 2897 5220 3116 5295; x_wconf 78' lang='lat' dir='ltr'><strong>inimicis</strong></span> <span class='ocrx_word' id='word_1_1116' title='bbox 3159 5221 3287 5295; x_wconf 83' lang='lat' dir='ltr'><strong>talio</strong></span> <span class='ocrx_word' id='word_1_1117' title='bbox 3307 5220 3651 5295; x_wconf 74' lang='lat' dir='ltr'><strong>redderetur,\</strong></span> 
     </span>
    </p>
   </div>
   <div class='ocr_carea' id='block_1_149' title="bbox 2127 5290 3633 5364">
    <p class='ocr_par' dir='ltr' id='par_1_149' title="bbox 2127 5290 3633 5364">
     <span class='ocr_line' id='line_1_150' title="bbox 2127 5290 3633 5364; baseline -0.005 -16"><span class='ocrx_word' id='word_1_1118' title='bbox 2127 5290 2228 5349; x_wconf 84' lang='lat' dir='ltr'><strong>non</strong></span> <span class='ocrx_word' id='word_1_1119' title='bbox 2249 5290 2418 5348; x_wconf 80' lang='lat' dir='ltr'><strong>solum</strong></span> <span class='ocrx_word' id='word_1_1120' title='bbox 2443 5295 2537 5347; x_wconf 85' lang='lat' dir='ltr'><strong>hoc</strong></span> <span class='ocrx_word' id='word_1_1121' title='bbox 2555 5311 2655 5346; x_wconf 86' lang='lat' dir='ltr'><strong>non</strong></span> <span class='ocrx_word' id='word_1_1122' title='bbox 2681 5290 2818 5364; x_wconf 68' lang='lat' dir='ltr'><strong>fecit,</strong></span> <span class='ocrx_word' id='word_1_1123' title='bbox 2843 5309 3013 5346; x_wconf 82' lang='lat' dir='ltr'><strong>verum</strong></span> <span class='ocrx_word' id='word_1_1124' title='bbox 3039 5293 3196 5364; x_wconf 77' lang='lat' dir='ltr'><strong>etiam</strong></span> <span class='ocrx_word' id='word_1_1125' title='bbox 3213 5290 3482 5364; x_wconf 69' lang='lat' dir='ltr'><strong>dilectione</strong></span> <span class='ocrx_word' id='word_1_1126' title='bbox 3504 5304 3633 5343; x_wconf 81' lang='lat' dir='ltr'><strong>com-</strong></span> 
     </span>
    </p>
   </div>
   <div class='ocr_carea' id='block_1_150' title="bbox 2127 5361 3682 5435">
    <p class='ocr_par' dir='ltr' id='par_1_150' title="bbox 2127 5361 3682 5435">
     <span class='ocr_line' id='line_1_151' title="bbox 2127 5361 3682 5435; baseline -0.004 -17"><span class='ocrx_word' id='word_1_1127' title='bbox 2127 5366 2305 5434; x_wconf 72' lang='lat' dir='ltr'><strong>plexus</strong></span> <span class='ocrx_word' id='word_1_1128' title='bbox 2337 5375 2406 5419; x_wconf 85' lang='lat' dir='ltr'><strong>est</strong></span> <span class='ocrx_word' id='word_1_1129' title='bbox 2441 5361 2813 5435; x_wconf 82' lang='lat' dir='ltr'><strong>persequentes,</strong></span> <span class='ocrx_word' id='word_1_1130' title='bbox 2855 5373 2901 5418; x_wconf 87' lang='lat' dir='ltr'><strong>et</strong></span> <span class='ocrx_word' id='word_1_1131' title='bbox 2933 5381 3024 5435; x_wconf 84' lang='lat' dir='ltr'><strong>pro</strong></span> <span class='ocrx_word' id='word_1_1132' title='bbox 3052 5363 3128 5416; x_wconf 87' lang='lat' dir='ltr'><strong>his</strong></span> <span class='ocrx_word' id='word_1_1133' title='bbox 3159 5361 3379 5435; x_wconf 89' lang='lat' dir='ltr'><strong>Domino</strong></span> <span class='ocrx_word' id='word_1_1134' title='bbox 3409 5361 3633 5435; x_wconf 25' lang='lat' dir='ltr'><strong>pie‘sup«</strong></span> <span class='ocrx_word' id='word_1_1135' title='bbox 3673 5393 3682 5402; x_wconf 65' lang='grc' dir='ltr'><strong>η-</strong></span> 
     </span>
    </p>
   </div>
   <div class='ocr_carea' id='block_1_151' title="bbox 2128 5432 3700 5506">
    <p class='ocr_par' dir='ltr' id='par_1_151' title="bbox 2128 5432 3700 5506">
     <span class='ocr_line' id='line_1_152' title="bbox 2128 5432 3700 5506; baseline -0.003 -17"><span class='ocrx_word' id='word_1_1136' title='bbox 2128 5432 2356 5505; x_wconf 83' lang='lat' dir='ltr'><strong>plicans,</strong></span> <span class='ocrx_word' id='word_1_1137' title='bbox 2388 5438 2541 5490; x_wconf 89' lang='lat' dir='ltr'><strong>etiam</strong></span> <span class='ocrx_word' id='word_1_1138' title='bbox 2588 5432 2868 5505; x_wconf 88' lang='lat' dir='ltr'><strong>lugubriter</strong></span> <span class='ocrx_word' id='word_1_1139' title='bbox 2899 5432 3066 5506; x_wconf 80' lang='lat' dir='ltr'><strong>ﬂevit,</strong></span> <span class='ocrx_word' id='word_1_1140' title='bbox 3104 5443 3149 5488; x_wconf 90' lang='lat' dir='ltr'><strong>et</strong></span> <span class='ocrx_word' id='word_1_1141' title='bbox 3193 5432 3329 5486; x_wconf 86' lang='lat' dir='ltr'><strong>ultus</strong></span> <span class='ocrx_word' id='word_1_1142' title='bbox 3373 5441 3444 5484; x_wconf 86' lang='lat' dir='ltr'><strong>est</strong></span> <span class='ocrx_word' id='word_1_1143' title='bbox 3480 5432 3633 5486; x_wconf 80' lang='lat' dir='ltr'><strong>inter-</strong></span> 
     </span>
    </p>
   </div>
   <div class='ocr_carea' id='block_1_152' title="bbox 2128 5513 3686 5577">
    <p class='ocr_par' dir='ltr' id='par_1_152' title="bbox 2128 5513 3686 5577">
     <span class='ocr_line' id='line_1_153' title="bbox 2128 5513 3686 5577; baseline -0.003 -15"><span class='ocrx_word' id='word_1_1144' title='bbox 2128 5513 2304 5577; x_wconf 80' lang='lat' dir='ltr'><strong>fectos.</strong></span> <span class='ocrx_word' id='word_1_1145' title='bbox 3679 5515 3686 5532; x_wconf 89' lang='lat'><strong><em>&#39;</em></strong></span> 
     </span>
    </p>
   </div>
   <div class='ocr_carea' id='block_1_153' title="bbox 2130 5595 3631 5668">
    <p class='ocr_par' dir='ltr' id='par_1_153' title="bbox 2130 5595 3631 5668">
     <span class='ocr_line' id='line_1_154' title="bbox 2130 5595 3631 5668; baseline -0.004 -11"><span class='ocrx_word' id='word_1_1146' title='bbox 2130 5606 2342 5668; x_wconf 78' lang='lat' dir='ltr'><strong>(Annal.</strong></span> <span class='ocrx_word' id='word_1_1147' title='bbox 2373 5602 2489 5666; x_wconf 74' lang='grc'><strong>25.)</strong></span> <span class='ocrx_word' id='word_1_1148' title='bbox 2519 5602 2739 5658; x_wconf 83' lang='lat' dir='ltr'><strong>Videtur</strong></span> <span class='ocrx_word' id='word_1_1149' title='bbox 2773 5602 3018 5658; x_wconf 88' lang='lat' dir='ltr'><strong>alludere</strong></span> <span class='ocrx_word' id='word_1_1150' title='bbox 3043 5600 3107 5656; x_wconf 83' lang='lat' dir='ltr'><strong>ad</strong></span> <span class='ocrx_word' id='word_1_1151' title='bbox 3134 5597 3352 5656; x_wconf 86' lang='lat' dir='ltr'><strong>secundi</strong></span> <span class='ocrx_word' id='word_1_1152' title='bbox 3385 5597 3506 5654; x_wconf 89' lang='lat' dir='ltr'><strong>libri</strong></span> <span class='ocrx_word' id='word_1_1153' title='bbox 3537 5595 3631 5651; x_wconf 60' lang='lat' dir='ltr'><strong>Rea</strong></span> 
     </span>
    </p>
   </div>
  </div>
