4000 6186
200 294 348 389 ,ω

1390 315 1451 369 Il.
1492 312 1767 371 CUYCHII
1810 313 2351 373 ANNOTATIONES.

3430 320 3539 377 διε

256 412 705 513 siritis
724 410 1009 498 copulam,
1054 439 1110 489 et
1146 444 1247 513 per
1284 438 1522 487 mutuam
1552 424 1841 513 corporum
1869 437 1919 494 Α
1948 434 2003 487 in
2020 434 2214 513 saequ
2236 450 2528 513 remanere.
2549 434 3151 513 Pmterea_Alexander
3173 436 3239 490 Ill
3264 436 3536 492 Exonensi

257 500 599 571 deditionem
627 512 1075 563 consummatum,
1112 500 1535 572 perfectumque.
1564 500 1678 569 est,
1735 503 1838 557 nisi

257 578 373 655 apta
392 573 633 655 corporis
653 583 836 655 morte
863 572 1111 655 dissolvi.
1137 588 1239 655 nec
1260 582 1435 655 pote-st
1464 573 1600 637 alter
1624 574 1679 629 in
1707 574 1838 631 alte-

260 643 375 713 rius
401 644 759 717 pmjudiciuut
782 643 1131 717 continentiae
1156 653 1339 701 votum
1369 643 1482 717 D_ao
1504 660 1835 717 nuncupare.

263 712 619 783 Hinc'rursus.
636 714 933 787 Apostolus
962 714 1031 773 ad
1064 716 1333 771 Romanos
1364 712 1515 787 (Cap.
1548 712 1840 782 Vim—Quin

258 791 352 849 sub
379 789 483 842 viro
525 796 613 847 est,
650 785 854 858 mulier,
878 786 1069 858 vivente
1098 788 1241 855 viro,
1288 785 1490 853 inquit,
1521 788 1736 858 alligata
1766 798 1839 840 est

256 862 355 931 legi
378 862 599 931 (nempe
629 856 943 931 connubii).
987 858 1031 910 si
1074 868 1263 931 autem,
1290 868 1519 931 mortuus
1562 856 1717 931 fuerit
1763 860 1840 911 vir

254 928 394 1004 diu,
409 928 585 1004 soluta
610 939 684 989 est
705 946 737 983 α
754 929 883 1004 lege.
906 939 968 1004 ut
986 945 1089 983 non
1108 930 1173 1004 sit
1197 928 1456 991 adultera.
1478 931 1526 983 si
1545 928 1705 1004 fuerit
1720 946 1838 1004 cum

257 999 357 1065 tilio
379 1003 512 1061 viro.
536 999 711 1055 Porro
740 1000 782 1053 si
807 999 1217 1071 matrimonium
1247 1008 1583 1055 contractum
1619 1001 1835 1071 quidem

252 1074 435 1143 super
460 1080 708 1131 mutuum
726 1066 1048 1143 consensum
1072 1071 1285 1139 aliaque
1306 1071 1485 1143 omnia
1507 1066 1709 1142 quae'ad
1736 1073 1837 1125 hn-

247 1140 689 1212 jns'sacramenti
720 1140 1107 1209 perfectionem
1134 1142 1433 1205 necessaria
1462 1140 1586 1197 esse
1614 1143 1840 1199 Triden-

253 1212 357 1277 tinis
382 1214 632 1284 synodus
679 1212 921 1267 deﬁnivit
942 1253 958 1278 ,
988 1212 1224 1267 nondum
1254 1222 1433 1269 autem
1467 1216 1695 1269 accessit
1721 1230 1838 1269 car-

252 1285 391 1349 nalis
410 1285 603 1353 copula
634 1299 732 1352 per
756 1299 915 1352 quam
950 1296 1174 1353 uterque
1201 1300 1360 1339 suum
1388 1300 1587 1354 corpus
1619 1287 1671 1341 in
1705 1286 1840 1342 alte—

251 1357 361 1417 rius
392 1356 689 1417 transferat
720 1362 1064 1424 potestatem.
1094 1365 1272 1410 manet
1298 1356 1473 1410 adhuc
1502 1356 1724 1412 libertas
1748 1358 1835 1410 illa

246 1424 311 1481 ad
340 1437 456 1487 vota
486 1427 771 1485 sanctiora
822 1426 983 1480 etiam
1039 1426 1206 1481 invito
1257 1428 1428 1481 altero
1485 1428 1834 1493 transeundi;

244 1511 569 1566 quanquam
597 1511 761 1553 secus
786 1497 1041 1565 opinatus
1059 1497 1393 1552 sitErasmus
1418 1498 1835 1565 Boterodamus,

241 1568 324 1637 qui
357 1568 563 1634 prioris
616 1567 962 1639 Epistolzead
994 1567 1307 1623 Corinthios
1347 1578 1508 1637 caput
1547 1572 1835 1639 septimum

238 1653 520 1703 enarratis,
558 1650 710 1708 putat
729 1654 834 1691 non
858 1638 1057 1693 debere
1077 1654 1332 1706 sponsqu
1354 1657 1446 1693 sua
1468 1656 1662 1709 8p0n8a
1690 1644 1833 1696 trau-

237 1709 346 1773 ἀπὶ
407 1722 647 1779 propter
696 1710 1004 1779 approbata!
1061 1710 1339 1779 religionis
1396 1713 1716 1780 ingressum.
1769 1714 1837 1767 At

236 1792 416 1839 contra
466 1781 625 1839 sacri
655 1796 891 1851 canones
934 1780 1331 1848 deﬁniverunt,
1378 1784 1833 1851 quemadmodum

238 1852 717 1919 Viderelicetcap.
753 1850 940 1906 Verum
960 1854 1026 1906 de
1038 1852 1301 1909 Convers.
1326 1850 1757 1923 conjugatorum.
1781 1865 1836 1911 et

238 1938 351 2005 cap.
382 1924 473 1979 Ea:
494 1927 815 2005 publicoset
842 1923 929 2005 27,
959 1925 1095 2005 q._2,
1120 1940 1187 1978 ex
1221 1924 1475 1991 Eusebio,
1492 1934 1553 2005 _et
1582 1942 1645 2005 es
1680 1927 1837 2005 Nico-

239 1993 339 2061 laO,
374 1993 501 2051 can.
551 1995 813 2063 Scripsit,
842 2002 901 2049 ut
928 1996 1240 2049 omittamus
1290 1997 1535 2064 exempla
1595 1998 1832 2066 Macarii,

238 2066 452 2133 Alexii,
484 2080 561 2149 et.
582 2067 812 2146 aliorum
861 2080 1001 2133 quos
1043 2066 1269 2149 legimus
1306 2067 1591 2149 celebratis
1637 2069 1835 2149 nuptiis

236 2148 359 2199 ante
385 2140 729 2192 matrimonii
752 2148 1276 2192 consummationem
1294 2140 1556 2197 castitatis
1572 2148 1694 2195 voto
1716 2156 1835 2197 sese

235 2210 591 2269 uitrinxisse.
622 2208 776 2273 Quod
817 2208 981 2263 etiam
1028 2208 1096 2263 de
1128 2208 1187 2262 Ι).
1235 2208 1443 2262 Joanne
1494 2209 1833 2280 Evangelista

236 2281 454 2350 quidam
482 2288 803 2341 senserunt,
834 2294 991 2347 quem
1019 2288 1271 2334 asserunt
1295 2296 1327 2336 e
1356 2280 1547 2335 mediis
1576 2282 1774 2350 nuptiis
1805 2298 1833 2337 a

236 2346 462 2409 Christo
485 2352 560 2405 ad
582 2346 915 2420 apostolatus
935 2350 1191 2404 honorem
1220 2361 1503 2405 evocatum
1527 2346 1687 2421 atque
1710 2370 1836 2407 eve-

238 2432 383 2483 ctum
417 2422 615 2477 fuisse.
652 2423 708 2476 Si
749 2436 877 2476 vero
910 2434 1025 2490 post
1070 2436 1392 2477 consensum
1438 2425 1751 2485 commixtio
1783 2436 1837 2479 et

241 2507 429 2561 minus
452 2509 752 2560 corporum
769 2492 988 2547 traditio
1012 2492 1171 2547 fuerit
1190 2507 1500 2561 consecuta,
1522 2496 1833 2551 tolliturista

242 2560 492 2642 libertas,
525 2576 584 2618 ut
607 2576 798 2642 neuter
821 2565 939 2642 sine
965 2560 1494 2642 alteriusﬂvoluutate
1517 2567 1831 2642 religionem

239 2636 453 2703 ingredi
494 2644 590 2689 aut
634 2637 874 2705 proliteri
927 2646 1111 2704 queat.
1169 2636 1635 2701 Quemadmodum
1687 2642 1830 2693 enim

237 2706 507 2773 spiritalis
534 2707 626 2761 illa
654 2714 711 2760 et.
737 2707 885 2767 prior
910 2708 1127 2776 copula,
1149 2723 1267 2774 qua:
1300 2724 1394 2777 per
1424 2720 1669 2763 mutuum
1704 2724 1833 2765 con-

236 2788 467 2833 sensum
503 2780 556 2832 in
592 2778 763 2844 ipsius
810 2778 1135 2833 sacramenti
1164 2781 1507 2848 susceptione
1556 2781 1828 2844 efﬁcitur,

236 2855 332 2919 per
358 2849 547 2905 solum
587 2848 859 2918 religionis
915 2853 1239 2918 ingressum,
1273 2853 1361 2919 qui
1390 2861 1471 2905 est
1515 2853 1659 2905 velut
1686 2868 1832 2908 mors

233 2919 499 2987 quaedam
528 2921 801 2987 Spirilalis.
838 2920 1146 2983 dirimitur;
1181 2920 1249 2974 ita
1298 2923 1532 2975 carnalis
1559 2925 1749 2990 copula
1780 2934 1834 2978 et

232 3003 543 3056 corporum
577 2992 922 3057 commixtio,
951 2994 1064 3045 sola
1107 2993 1348 3060 corporis
1400 3002 1572 3046 morte
1614 2994 1830 3047 dissolvi

230 3068 445 3128 potest.
478 3061 578 3117 nisi
603 3061 741 3117 forte
764 3076 831 3115 ex
867 3073 1053 3116 mutuo
1074 3076 1341 3116 consensu
1368 3072 1595 3128 uterque
1638 3063 1831 3130 coniux

227 3130 568 3199 religionem
596 3132 727 3184 velit
759 3133 1017 3195 proﬁteri.
1050 3133 1183 3184 Hinc
1212 3143 1362 3186 recte
1399 3132 1459 3183 Β.
1505 3132 1835 3195 Augustinus

1945 505 2205 576 episcopo
2230 504 2476 576 scribens
2498 507 2563 559 de
2589 505 2949 576 conversiOne
2976 506 3387 575 conjugatorttm
3412 522 3534 576 cap.

1940 572 1977 627 4
2007 573 2182 641 (Vide
2202 577 2354 647 etiam
2388 574 2516 629 ibid.
2545 592 2592 629 c.
2622 576 2676 642 8,
2711 574 3003 645 Ππναηω,
3034 572 3093 631 εί
3117 572 3165 631 ε.
3194 580 3262 631 15
3302 578 3381 630 Ad
3410 572 3537 647 apo-

1940 647 2237 717 slolicam):
2273 646 2401 700 Cum
2440 648 2549 719 sis,
2578 648 2770 719 inquit,
2802 649 3295 719 praditusiscientia
3338 646 3537 702 littera-

1940 732 2077 781 rum,
2102 719 2345 789 ignorare
2385 734 2488 770 non
2515 718 2663 772 debes
2693 728 2988 772 sanctorum
3035 718 3250 771 Patrum
3280 736 3388 772 esse
3413 735 3539 772 con-

1938 789 2195 841 stitutioni
2240 789 2577 851 contrarium‘,
2608 799 2663 842 ut
2689 790 2766 842 vir
2812 804 2971 842 uxore
2996 806 3111 854 sua,
3140 796 3228 841 aut
3262 807 3389 843 uxor
3429 794 3539 843 viro

1942 861 2057 927 ejus
2083 875 2183 912 non
2209 870 2494 913 assumente
2532 858 2801 930 religionis
2828 859 3082 925 habitum,
3117 860 3294 913 debeat
3320 862 3535 931 religio-

1941 946 2055 984 nem
2083 931 2296 984 intrare.
2314 931 2394 983 Ad
2418 932 2786 984 monasterium
2816 932 3043 985 converti
3071 932 3389 996 desiderans,
3417 950 3540 998 pro-

1942 1001 2143 1055 hibetur
2171 1002 2385 1069 suscipi,
2402 1002 2502 1055 nisi
2523 1018 2655 1056 utter
2679 1002 2789 1072 ejus
2807 1003 3001 1071 pariter
3023 1012 3369 1057 convertatur.
3394 1004 3537 1055 Nam

1940 1086 2058 1125 cunt
2082 1088 2238 1127 unum
2270 1083 2604 1142 utrorumque
2633 1089 2823 1144 corpus
2849 1074 3074 1143 conjugii
3110 1075 3439 1145 copulatione
3470 1077 3533 1125 sit

1942 1145 2154 1211 factum,
2188 1146 2528 1212 incongruum
2565 1153 2639 1197 est
2668 1152 2864 1213 partem
2901 1146 3145 1208 converti,
3179 1156 3225 1198 et
3254 1156 3449 1213 partem
3482 1146 3533 1196 in

1939 1213 2129 1287 amulo
2157 1231 2436 1268 remanere.
2472 1214 2494 1267 Ι
2505 1218 2603 1268 nde
2632 1225 2704 1267 est
2732 1215 2869 1282 quod
2910 1216 3219 1269 auctoritate
3248 1216 3535 1287 apostolica

1943 1285 2269 1352 prohibemus
2301 1302 2362 1339 ns
2398 1288 2451 1339 in
2496 1286 2795 1353 episwpstu
2842 1294 2929 1338 tuo
2976 1288 3140 1340 virum
3180 1288 3257 1339 vel
3282 1285 3530 1350 uxorem,

1942 1356 2042 1411 nisi
2065 1367 2278 1427 uterque
2312 1357 2381 1410 ad
2408 1358 2705 1425 religionem
2735 1357 3051 1427 migraverit,
3083 1358 3302 1411 transire
3324 1359 3533 1425 permit-

1940 1435 2037 1481 tas.
2073 1426 2259 1480 Verum
2302 1430 2348 1482 si
2390 1443 2521 1482 uxor
2542 1428 2615 1480 ita
2643 1426 2901 1481 senex’est
2928 1437 2976 1481 et
3017 1429 3227 1489 sterilis,
3262 1431 3400 1497 quod
3426 1430 3535 1481 sine

1940 1500 2232 1567 suspicione
2260 1500 2421 1566 possit
2470 1515 2577 1552 esse
2603 1501 2657 1551 in
2701 1500 2913 1559 seculo,
2959 1500 3287 1551 dissimulare
3316 1500 3529 1568 poteris,

1942 1578 1998 1621 ut
2025 1587 2083 1622 ea
2112 1572 2165 1623 in
2191 1570 2383 1624 aesculo
2414 1580 2700 1625 remanente
2724 1581 2778 1640 et
2798 1571 3081 1623 castitatem
3110 1572 3437 1640 promittente
3466 1572 3533 1619 ad

1943 1640 2240 1712 religionem
2264 1651 2491 1712 transeat
2514 1642 2591 1693 vir
2611 1641 2743 1712 ejus.
2766 1639 2876 1694 Nec
2904 1642 3092 1712 refert,
3114 1639 3266 1712 quod
3296 1654 3535 1692 canones

1942 1709 2231 1782 isti'multo
2261 1721 2379 1782 post
2407 1709 2646 1765 Thoona!
2672 1712 2882 1765 abbatis
2913 1722 2970 1765 et
3008 1710 3250 1764 Cassiani
3286 1721 3533 1776 tempora

1943 1781 2074 1836 editi
2106 1793 2251 1846 sunt,
2276 1798 2399 1836 cum
2428 1782 2833 1835 matrimonium
2862 1794 3315 1840 consummatum,
3344 1795 3409 1835 ex
3434 1795 3531 1833 sua

1940 1854 2253 1908 conditione
2277 1866 2331 1908 et
2353 1861 2570 1915 natura,
2595 1868 2706 1906 non
2734 1863 2911 1907 autem
2941 1868 3007 1907 ex
3033 1854 3305 1920 pontiﬁcia
3335 1851 3531 1905 habeat

1940 1924 2297 1987 auctoritate,
2348 1925 2493 1993 quod
2546 1924 2765 1977 dissolvi
2818 1933 3067 1993 nequeat.
3109 1924 3275 1991 Cujus
3326 1923 3530 1976 vinculi

1940 2003 2052 2051 tres
2082 1998 2422 2063 potissimum
2455 2009 2634 2049 causas
2684 2003 2810 2049 sunt
2840 2012 2853 2047 :
2901 2000 3130 2063 primum
3173 1995 3315 2047 enim
3348 2008 3533 2047 sacra-

1941 2067 2109 2122 menti
2162 2066 2300 2121 ratio
2355 2067 2581 2136 impedit
2626 2082 2691 2120 nc
2740 2067 2912 2135 possit
2967 2066 3079 2118 ullo
3125 2066 3284 2136 modo
3314 2066 3529 2129 dirimi;

1944 2140 2091 2194 unde
2116 2138 2385 2207 Eugenius
2414 2135 2654 2208 pontifex
2688 2138 2740 2209 in
2772 2137 2982 2209 synodo
3014 2135 3332 2209 Florentius
3363 2155 3371 2187 :
3406 2136 3534 2188 Ter-

1940 2210 2065 2263 tium
2096 2210 2301 2273 bonum,
2331 2207 2520 2279 inquit,
2540 2218 2616 2262 est
2635 2207 3015 2265 indivisibilitas
3044 2207 3375 2279 matrimonii.
3404 2224 3531 2277 pro-

1939 2290 2051 2350 pter
2095 2280 2194 2335 hoc
2236 2281 2373 2347 quod
2417 2281 2673 2350 signiﬁcat
2720 2279 3081 2333 indivisibilem
3118 2278 3534 2350 conjunctionem

1939 2348 2131 2406 Christi
2159 2362 2204 2406 et
2239 2348 2500 2405 Ecclesiai.
2537 2351 2777 2417 Quamvis
2816 2360 2983 2403 autent
3028 2365 3090 2403 ea:
3119 2364 3275 2401 causa
3296 2348 3529 2417 fornica-

1939 2425 2093 2477 tionis
2138 2425 2284 2477 liceat
2310 2424 2408 2476 tori
2430 2424 2812 2490 separationem
2836 2422 3029 2490 facere,
3060 2437 3159 2473 non
3185 2430 3352 2471 tamen
3383 2420 3532 2472 aliud

1938 2496 2322 2549 matrimonium
2352 2495 2650 2547 contrahere
2678 2498 2757 2563 {as
2801 2502 2873 2547 est
2894 2539 2907 2562 ,
2948 2509 3062 2546 cum
3106 2493 3365 2563 vinculum
3397 2491 3527 2561 legi-

1938 2567 2059 2619 time
2105 2567 2356 2620 contracti
2399 2562 2717 2617 matrimonii
2762 2574 3059 2632 perpetuum
3101 2565 3187 2620 sit.
3225 2562 3312 2618 Sic
3363 2573 3526 2615 etiam

1937 2637 2229 2707 Apostolus
2263 2638 2525 2707 Ephesuv
2559 2651 2573 2689 :
2616 2636 3006 2707 Sac-ramentum
3038 2636 3133 2687 hoc
3166 2650 3405 2705 magnum
3430 2641 3527 2698 est,

1938 2705 2031 2779 ego
2052 2718 2220 2762 autem
2241 2709 2359 2762 dico
2385 2708 2437 2759 in
2461 2706 2663 2779 Christo
2693 2715 2739 2758 et
2782 2705 3030 2760 Ecclesia.
3068 2708 3320 2779 fiatndctn
3359 2708 3529 2779 ratio:

1939 2775 2063 2835 n'em
2106 2780 2337 2833 subinde
2376 2787 2530 2843 urget
2577 2778 2638 2830 Β.
2691 2779 2917 2845 August.
2953 2779 3022 2831 de
3068 2777 3218 2829 Bono
3246 2775 3528 2841 Conjugali

1937 2867 2059 2920 cap.
2088 2852 2139 2914 7,
2177 2852 2270 2904 lib.
2313 2865 2343 2902 v
2372 2857 2559 2903 contra
2591 2848 2793 2920 Julian.
2824 2862 2944 2920 cap.
2973 2850 3007 2900 9
3041 2848 3133 2899 lib.
3171 2862 3186 2898 t
3220 2848 3285 2897 de
3322 2846 3530 2920 {\‘uptiis

1937 2915 2333 2990 etCoucnpisc.
2370 2934 2491 2988 cap.
2520 2920 2589 2973 t0
2613 2929 2666 2972 et
2703 2919 2792 2990 2i.
2826 2918 3005 2990 Altera
3038 2915 3434 2990 r_ali0_sntnilttr
3461 2931 3528 2969 ex

1939 2992 2058 3060 lege
2088 2987 2245 3059 quain
2281 2987 2450 3044 Deus,
2471 2992 2521 3042 in
2552 2988 3027 3060 paradisoﬂpritnis
3059 2987 3367 3060 hominibus
3397 3002 3530 3047 prte-

1938 3057 2384 3133 namque"...
2411 3062 2493 3128 ιι),
2521 3070 2575 3113 et
2596 3058 3020 3133 quamClnjstus
3051 3057 3527 3133 ῃριιιίλΜειιιΙιςιεῃητ

1941 3126 2137 3198 repetit
2156 3126 2212 3185 et
2243 3126 2549 3191 conﬁrmat,
2575 3126 2697 3182 cum
2723 3131 2797 3181 ait
2821 3127 2977 3197 (Cap.
3016 3129 3113 3197 19)
3143 3145 3153 3179 :
3185 3126 3404 3193 PrOpter
3433 3128 3533 3180 hoc

227 3202 283 3255 in
310 3192 467 3271 psal.
493 3216 647 3255 chtx
669 3218 681 3253 :
707 3192 769 3253 Si
790 3201 923 3252 dicat
952 3202 1048 3265 vir,
1071 3203 1261 3271 inquit.
1288 3192 1677 3270 Continerejam
1699 3203 1835 3266 volo,
1867 3192 1913 3254 C
1942 3192 2192 3269 relinquet
2219 3199 2374 3253 homo
2415 3209 2613 3271 patrem
2641 3209 2686 3249 et
2716 3192 3009 3271 matrem'ft
3050 3192 3329 3250 udhmrebit
3379 3200 3531 3252 uxori

228 3270 391 3325 Nolo
419 3281 615 3330 autem,
656 3285 817 3333 uxor;
854 3286 956 3322 non
986 3279 1167 3337 potest.
1206 3270 1356 3335 Quod
1384 3271 1514 3323 enim
1545 3282 1599 3322 tu
1630 3271 1724 3332 vis,
1752 3273 1839 3326 illa

224 3358 346 3396 non
394 3340 530 3392 vult.
561 3339 825 3407 Numquid
868 3356 958 3409 per
983 3342 1346 3403 continentiam
1391 3352 1529 3392 tuom
1568 3342 1660 3394 illa
1694 3342 1840 3397 debet

228 3413 356 3481 fieri
392 3412 725 3479 fornicaria?
751 3411 812 3466 Si
851 3413 943 3464 alii
964 3412 1193 3478 nupserit
1226 3420 1274 3463 te
1300 3411 1426 3474 vivo,
1452 3412 1685 3465 adultera
1721 3417 1834 3468 erit.

233 3482 369 3555 yart
392 3482 520 3555 vult
564 3483 655 3536 tali
704 3484 846 3535 lucro
883 3482 1024 3536 Deus
1055 3483 1157 3555 tale
1207 3483 1451 3535 damnum
1479 3487 1833 3555 _contpeusari.

236 3553 430 3608 Redde
454 3554 698 3617 debitum,
730 3563 780 3626 et
805 3556 851 3607 si
887 3570 989 3626 non
1010 3554 1174 3623 exigis
1193 3595 1208 3619 ,
1236 3555 1427 3626 redde.
1470 3552 1576 3607 Pro
1609 3552 1836 3626 sanctiﬁ.

237 3626 459 3679 satione
483 3628 708 3693 perfecta
740 3625 875 3678 Deus
906 3624 998 3677 tibi
1026 3625 1357 3689 computabit,
1385 3625 1430 3677 si
1459 3642 1560 3678 non
1587 3626 1724 3695 quod
1746 3624 1838 3682 tibi

240 3696 467 3750 debetur
487 3698 669 3767 exigis.
692 3697 781 3751 sed
802 3696 977 3767 reddis
990 3695 1132 3766 quod
1158 3698 1309 3767 debes
1334 3698 1479 3748 uxori
1508 3698 1621 3767 (55,
1650 3707 1833 3766 quasi.

242 3768 300 3835 5,
330 3783 453 3823 catt.
489 3768 550 3822 Si
574 3765 714 3821 dicat
744 3770 865 3835 vir).
917 3765 1126 3820 Rursus
1175 3766 1399 3831 epistola
1433 3765 1562 3831 I99,
1613 3765 1677 3821 ad
1712 3769 1837 3823 Edi—

245 3842 375 3893 tiam
399 3838 557 3907 (Con.
575 3838 873 3896 Secundum
904 3838 1106 3907 verba):
1134 3836 1429 3893 Secundum
1458 3840 1605 3892 verba
1620 3840 1836 3907 Aposto-

244 3907 344 3963 lica
393 3912 555 3964 etiam
600 3912 644 3964 si
684 3912 760 3964 vir
806 3910 1064 3965 continere
1088 3909 1348 3973 voluisset,
1377 3922 1422 3962 et
1453 3920 1509 3963 tu
1551 3911 1829 3975 noluisses,

245 3981 479 4035 debitum
505 3982 595 4035 tibi
622 3982 834 4036 reddere
855 3992 1137 4050 cogeretur.
1160 3980 1225 4033 Et
1254 3981 1414 4047 epiSt.
1436 3979 1507 4035 45
1532 3980 1684 4049 (Con.
1716 3980 1834 4035 Una

244 4052 379 4121 sola)
405 4069 423 4107 :
451 4050 574 4107 Una
600 4053 713 4109 sola
754 4069 913 4107 causa
956 4068 1064 4105 esse
1090 4060 1256 4121 potest
1285 4067 1387 4121 qua
1416 4064 1463 4104 te
1497 4057 1566 4104 ad
1610 4052 1664 4105 id
1696 4054 1833 4121 quod

246 4124 423 4177 vovisti
461 4140 561 4177 non
590 4125 744 4178 modo
774 4141 875 4177 non
904 4123 1247 4183 hortaremur,
1295 4122 1383 4175 sed
1415 4125 1567 4175 etiam
1597 4122 1835 4191 prohibe-

246 4208 415 4249 remus
453 4195 684 4265 implere,
715 4197 758 4247 si
785 4194 919 4264 forte
936 4204 1025 4247 tua
1048 4196 1241 4264 conjua:
1266 4194 1362 4245 hoc
1382 4202 1552 4265 tecum
1578 4196 1835 4257 suscipere

244 4266 400 4319 uani
442 4264 535 4319 vel
562 4268 732 4320 carnis
770 4266 1070 4332 infirmitate
1122 4274 1397 4327 recusaret.
1443 4264 1583 4318 Nam
1609 4266 1833 4319 vovenda

249 4336 367 4418 talia
396 4352 509 4391 non
536 4349 659 4418 sunt
684 4354 713 4389 a
744 4338 1054 4418 coniugatis,
1077 4337 1175 4388 nisi
1214 4352 1280 4418 ea:
1305 4352 1554 4418 consensu
1580 4346 1629 4418 et
1652 4336 1833 4418 volun-

250 4415 344 4461 tate
389 4410 689 4475 communi;
719 4416 768 4461 et
808 4406 853 4461 si
880 4422 1204 4477 prwpropcrc
1234 4410 1429 4477 factum
1461 4406 1634 4475 fuerit,
1668 4408 1832 4477 magis

248 4486 317 4558 εει
343 4480 658 4558 corrigenda
689 4481 962 4558 temeritas,
998 4493 1154 4558 quam
1176 4479 1509 4558 persolvendo
1538 4477 1831 4558 promissio.

1943 3267 2145 3337 sum—et
2172 3279 2321 3324 erunt
2349 3267 2453 3323 duo
2488 3270 2541 3323 in
2568 3284 2719 3322 carne
2759 3285 2881 3321 una.
2930 3267 3114 3337 Itaque
3150 3272 3255 3336 iam
3286 3285 3385 3321 non
3412 3283 3529 3322 sunt

1941 3343 2065 3409 duo,
2098 3344 2189 3395 sed
2214 3358 2318 3395 una
2346 3357 2487 3395 caro.
2524 3341 2673 3407 Quod
2704 3355 2827 3411 ergo
2862 3338 3004 3394 Deus
3044 3341 3341 3408 conjunxit,
3376 3341 3526 3394 homo

1940 3423 2280 3479 nonscparet.
2308 3414 2388 3467 Ad
2417 3413 2553 3467 banc
2576 3413 2744 3477 legem
2778 3412 3019 3475 respexit
3042 3413 3332 3479 Apostolus
3362 3411 3523 3464 lCor.

1942 3430 2113 3468 nonac
2214 3429 2280 3467 et.
2308 3429 2388 3467 au
2417 3429 2553 3467 nunc
2577 3429 2744 3477 legem
2778 3429 3019 3475 respexit
3042 3429 3332 3479 ApHSlttlllS
3362 3429 3523 3464 lbttr.

1942 3500 2057 3543 vn;
2245 3484 2435 3555 inquit,
2464 3484 2551 3551 qui
2582 3484 2909 3537 matrimonio
2928 3483 3099 3553 juncti
3135 3492 3253 3534 sunt
3285 3483 3527 3551 principio

1942 3572 2042 3609 non
2083 3571 2199 3626 ego,
2226 3558 2313 3610 sed
2346 3556 2615 3620 Dominus,
2658 3570 2869 3609 uxorem
2898 3571 2930 3606 a
2956 3556 3063 3607 viro
3092 3569 3191 3605 non
3223 3555 3483 3606 discedere
3507 3570 3527 3618 ;

1939 3628 2077 3697 quod
2100 3629 2147 3681 si
2168 3628 2479 3687 discesserit,
2508 3642 2717 3681 manere
2752 3630 3041 3697 innuptam,
3076 3633 3163 3697 aut
3197 3626 3304 3677 viro
3332 3642 3426 3677 suo
3446 3641 3527 3677 re-

1940 3696 2227 3750 conciliari.
2260 3698 2408 3751 Hanc
2438 3713 2654 3766 quoque
2701 3696 2886 3761 leuem
2928 3706 3079 3762 urget
3109 3696 3170 3749 Β.
3209 3698 3435 3765 August.
3471 3701 3524 3749 in

1938 3767 2091 3821 libris
2114 3769 2177 3821 ad
2201 3768 2526 3822 Pollentium
2550 3771 2616 3821 de
2638 3769 2968 3822 Adulti'rinis
2991 3767 3290 3835 Coniugiis,
3325 3780 3377 3820 et
3401 3781 3523 3835 cap.

1939 3840 1971 3888 7
2002 3838 2123 3893 libri
2154 3840 2220 3891 de
2244 3838 2396 3893 Bono
2422 3838 2726 3907 Conjngali,
2758 3838 2848 3891 ubi
2882 3837 3019 3890 banc
3051 3838 3219 3903 legem
3253 3848 3408 3889 vocat
3438 3839 3523 3889 di-

1935 3911 2117 3964 vinant
2168 3908 2429 3979 regulam.
2482 3909 2725 3976 Denique
2778 3907 3063 3979 insolubile
3093 3915 3180 3979 est
3210 3908 3522 3975 conjugium

1936 3997 2009 4035 ex.
2024 3982 2139 4049 ipsa
2174 3976 2292 4051 lege
2320 3991 2547 4045 naturae,
2579 3980 2629 4033 id
2656 3979 2798 4049 quod
2830 3976 3140 4051 ill_a_(_3bristi
3174 3980 3523 4051 itttcrtpgatio

1935 4046 2152 4106 videtur
2174 4046 2468 4118 insinuare,
2499 4066 2622 4121 quae
2646 4046 2731 4105 est
2755 4049 2892 4119 apud
2918 4048 3226 4121 Mattlurum
3250 4066 3274 4121 _:
3305 4046 3421 4099 Non
3447 4049 3522 4121 le-

1934 4125 2100 4194 gistis,
2130 4123 2325 4193 inquit,
2358 4125 2479 4193 quia
2505 4118 2589 4191 qui
2618 4124 2736 4193 fecit
2761 4118 2823 4194 ab
2854 4120 3025 4186 initio,
3063 4118 3349 4194 masculum
3372 4128 3418 4169 et
3450 4120 3524 4187 fe-

1933 4191 2127 4249 minam
2160 4191 2279 4263 fecit
2302 4191 2423 4261 eos;
2444 4210 2507 4249 ac
2531 4195 2574 4248 si
2600 4191 2765 4263 dicat,
2797 4193 2919 4248 ideo
2942 4196 3018 4245 sic
3044 4192 3225 4245 CODtill
3256 4191 3396 4243 Deus
3428 4204 3523 4243 na-

1934 4274 2112 4320 turam
2144 4265 2201 4319 in
2231 4268 2445 4331 gemino
2470 4267 2565 4320 illo
2594 4281 2756 4329 sexu,
2787 4277 2839 4319 ut
2867 4280 2933 4318 ex
2965 4264 3135 4332 ipsius
3166 4276 3371 4316 nutttta‘
3395 4277 3519 4315 con-

1932 4339 2217 4407 stitutione
2247 4339 2638 4407 intelligeretur
2661 4352 2766 4391 non
2796 4351 2955 4404 posse
2987 4335 3388 4389 matrimonium
3414 4335 3519 4389 ulla

1932 4410 2147 4463 ratione
2174 4405 2357 4461 dirimi
2388 4405 2479 4462 aut
2517 4407 2759 4461 dissolvi.
2794 4408 2929 4460 llinc
2958 4407 3017 4459 Β.
3065 4408 3311 4472 Hirrum,
3363 4422 3521 4459 enar-

1932 4493 2064 4533 rans
2094 4476 2237 4545 hunc
2266 4477 2500 4531 Matthxi
2525 4478 2726 4543 locum,
2756 4476 3179 4529 dicitChristnttt
3224 4479 3393 4545 legum
3428 4490 3519 4528 na-

253 4545 367 4628 Non
383 4544 531 4628 enim
564 4550 699 4605 Deus
724 4552 879 4621 exigit
900 4551 944 4604 si
972 4550 1084 4628 quis
1110 4544 1370 4628 ez'alieno
1393 4544 1590 4617 aliquid
1615 4548 1825 4628 vo‘verit,
1858 4549 2168 4628 Dtnralcm
2188 4544 2241 4597 in
2270 4547 2637 4628 testimonium
2661 4548 2972 4628 adduxisse.
2998 4546 3276 4628 Nisihenint
3306 4546 3386 4623 ab.
3404 4548 3516 4628 ipsa

251 4622 331 4695 sed
354 4618 963 4695 potiusgusurpare'vetat
975 4620 1219 4695 alienum.
1238 4618 1534 4695 ﬂuensque
1561 4618 1830 4695 ex__Augu_-

254 4686 386 4761 §tino
417 4710 431 4743 :
457 4692 550 4761 qui
571 4686 695 4747 alibi
718 4695 880 4748 etiam
911 4691 1050 4761 (Lib.
1078 4704 1109 4761 ιγ
1122 4690 1187 4743 de
1206 4688 1373 4761 AAdul.
1404 4686 1669 4760 Conjugiis
1690 4686 1825 4759 cf!)

256 4756 382 4833 lianc
438 4756 761 4819 sententiam
807 4756 1041 4833 apostoli
1092 4759 1241 4833 Pauli
1288 4756 1607 4833 auctoriiate
1645 4756 1830 4833 corro-

258 4829 447 4900 borat;
480 4849 604 4889 nam
629 4835 650 4890 ι
677 4836 801 4889 Cor.
845 4829 957 4894 vn,
986 4846 1091 4886 non
1138 4832 1253 4885 vult
1299 4830 1557 4899 conjuges
1608 4845 1669 4885 se
1694 4831 1823 4885 invi-

256 4916 353 4956 cem
383 4906 632 4975 fraudare
666 4906 875 4960 carnali
911 4905 1111 4964 debito.
1145 4904 1245 4956 nisi
1280 4903 1349 4955 ad
1387 4910 1606 4975 tempus,
1646 4912 1702 4956 ut
1738 4918 1830 4956 va-

260 4988 359 5027 cent
383 4972 392 4975 ⁷
416 4977 659 5040 orationi,
708 4977 865 5045 idque
890 4990 956 5028 ea:
980 4986 1167 5027 mutuo
1208 4988 1475 5028 consensu.
1532 4972 1599 5025 Et
1644 4974 1829 5027 iterum

259 5048 581 5116 revertimini,
602 5048 796 5116 inquit,
817 5063 881 5101 ue
894 5054 1045 5101 tentet
1064 5060 1150 5098 vos
1164 5045 1629 5116 Satanasgpropter
1652 5045 1832 5099 incorp

259 5114 517 5172 licentiam
562 5114 801 5171 vestram.
834 5116 1055 5172 Accedit
1094 5116 1169 5171 ad
1210 5116 1319 5184 jam
1362 5114 1501 5169 dicta
1552 5114 1835 5173 Remensis

260 5190 461 5242 concilii
489 5190 911 5257 auctoritas(35,
925 5198 1104 5255 quiest.
1122 5188 1201 5256 5),
1228 5187 1283 5242 in
1297 5202 1403 5255 quo
1431 5187 1708 5241 decretum
1727 5197 1829 5253 est,

263 5258 370 5312 Istis
406 5261 497 5327 qui
523 5275 751 5315 uxorem
788 5274 944 5313 suam
967 5260 1129 5313 velari
1154 5258 1510 5327 permisserit,
1540 5259 1698 5312 aliam
1724 5274 1829 5313 non

262 5330 503 5396 accipiat,
527 5332 621 5385 sed
646 5332 895 5385 similiter
921 5339 1290 5383 convertatur.
1314 5328 1382 5382 Et
1400 5327 1767 5395 S.Gregorius
1790 5330 1828 5385 l.

264 5408 293 5448 ι
311 5401 468 5466 epist.
491 5400 585 5463 49,
610 5401 676 5455 ad
696 5400 948 5457 Urbicnm
979 5401 1228 5455 abbatem
1250 5415 1265 5453 :
1306 5398 1438 5466 Quia
1468 5398 1667 5470 Agatho
1696 5416 1831 5467 pra:-

260 5474 468 5525 sentium
515 5473 649 5525 lator
692 5474 745 5525 in
796 5472 1099 5526 monasterio
1148 5471 1437 5526 dilectionis
1469 5484 1568 5525 tute
1614 5472 1836 5525 converti

264 5540 545 5607 desiderat,
574 5541 840 5597 hortamur
871 5553 925 5595 ut
954 5560 1071 5595 cum
1101 5544 1238 5596 omni
1267 5558 1383 5595 eum
1408 5541 1681 5595 dulcedine
1708 5543 1838 5595 dile-

264 5611 516 5684 ctioneque
538 5615 809 5684 suscipias.
838 5613 1001 5679 Quem
1030 5614 1301 5684 tamenim
1322 5614 1703 5683 suscipiendum
1728 5629 1838 5667 esse

266 5692 520 5753 ngaosce,
560 5685 605 5737 si
632 5683 685 5737 et
721 5701 851 5738 uror
895 5686 1055 5753 ipsius
1082 5683 1317 5736 similiter
1343 5685 1563 5736 converti
1602 5684 1837 5737 voluerit.

270 5746 399 5828 llam
418 5770 535 5807 cum
547 5771 702 5828 unum
719 5746 1044 5821 utrorumque
1063 5770 1250 5821 corpus
1271 5754 1505 5828 conjugii
1514 5754 1839 5822 capulatione

269 5825 324 5872 si!
344 5826 532 5891 factum
586 5826 926 5897 incongruum
955 5834 1027 5878 est
1063 5833 1257 5896 portent
1286 5825 1525 5892 converti,
1556 5834 1604 5879 et
1644 5834 1839 5894 partem

1936 4620 2059 4687 lege
2083 4625 2382 4679 naturaet
2402 4633 2470 4672 ex
2498 4620 2749 4685 primaeva
2772 4616 3049 4671 creatione
3077 4616 3352 4666 vinculum
3378 4615 3518 4669 istud

1937 4690 2186 4744 humana:
2215 4696 2419 4741 naturae
2452 4687 2670 4741 insitum
2701 4687 2912 4750 fuisset,
2946 4687 3038 4739 sed
3063 4695 3266 4739 tantum
3298 4701 3363 4736 cx
3391 4699 3519 4737 con-

1935 4758 2221 4815 stitutione
2249 4759 2424 4828 aliqua
2453 4760 2761 4825 posteriore)
2776 4756 3061 4828 obligaret.
3092 4771 3196 4810 non
3230 4758 3518 4823 stringeret

1937 4832 2098 4897 igitur
2124 4826 2369 4884 ethnicos
2398 4838 2451 4885 et
2479 4829 2761 4891 inﬁdeles;
2806 4829 2953 4897 quod
2983 4826 3173 4879 falsum
3208 4836 3293 4879 est
3332 4847 3344 4879 :
3392 4843 3514 4881 nam

1935 4898 2279 4958 linoeentius
2302 4916 2423 4971 cap.
2450 4899 2769 4967 Gaudemus,
2788 4900 2942 4953 titulo
2967 4898 3323 4963 deDivortiis,
3341 4899 3519 4953 ethni-

1935 4975 2019 5029 cis
2049 4972 2331 5039 repudium
2380 4987 2500 5028 esse
2544 4972 2809 5035 illicitum,
2862 4972 3123 5041 ipsosque
3167 4984 3288 5024 cum
3347 4972 3518 5039 prima

1936 5058 2109 5100 uxore
2128 5058 2451 5112 permanere
2465 5045 2685 5107 debere,
2712 5044 2966 5103 afﬁrmat.
2996 5043 3129 5096 Hinc
3158 5042 3298 5111 apud
3330 5053 3517 5110 gentes

1935 5127 1990 5173 et
2022 5117 2323 5184 prasertim
2352 5117 2490 5184 apud
2523 5114 2799 5170 Romanos
2827 5114 2960 5167 vitio
2981 5115 3290 5167 vertebatur
3322 5116 3365 5167 si
3397 5116 3517 5179 quis

1934 5188 2224 5257 conjngem
2273 5188 2614 5259 repudiasset
2655 5202 2672 5242 :
2722 5200 2845 5259 nam
2900 5184 3097 5259 Spurio
3139 5185 3380 5259 Catbilto
3427 5187 3517 5253 qui

1934 5256 2246 5329 quingentis
2269 5256 2457 5328 viginti
2489 5260 2664 5312 tribus
2686 5258 2842 5311 annis
2868 5257 2943 5329 ab
2965 5256 3110 5312 Urbe
3140 5256 3352 5329 condita
3385 5273 3518 5308 uxo-

1933 5326 2049 5384 r0m
2074 5326 2402 5397 iepudiavit,
2431 5330 2485 5384 id
2506 5330 2640 5383 vitio
2660 5329 2843 5383 datum
2874 5326 2995 5391 fuit,
3020 5332 3092 5381 uti
3121 5328 3285 5379 Aulus
3310 5326 3519 5381 Genius

1933 5400 2108 5454 lib-tv
2130 5413 2250 5470 cap.
2279 5402 2314 5456 5
2342 5411 2534 5457 auctor
2557 5412 2662 5469 est,
2688 5413 2741 5455 et
2761 5398 3017 5453 Valerius
3042 5399 3184 5451 Max.
3212 5398 3308 5470 lib.
3337 5414 3373 5450 ιι
3396 5415 3514 5465 cap.

1941 5471 1991 5524 1.
2010 5470 2174 5535 Hujus
2198 5468 2343 5525 enim
2364 5472 2544 5541 Spurii
2567 5468 2813 5541 exemplo
2830 5470 3144 5541 complures
3174 5470 3263 5522 alii
3291 5468 3515 5541 Romani

1938 5542 2226 5597 levissimis
2257 5543 2325 5596 de
2352 5540 2529 5597 causis
2557 5540 2818 5613 conjuges
2847 5540 3227 5609 repudiabant,
3260 5540 3518 5613 quemad-

1940 5613 2156 5669 modum
2179 5614 2699 5668 scribitPlutarchus
2718 5617 2767 5667 in
2787 5615 3043 5667 Romanis
3063 5612 3513 5667 Problematibus.

1939 5683 2369 5739 Necverisimile
2416 5687 2575 5741 etiam
2624 5694 2707 5740 est
2753 5685 2956 5741 iudicis
3005 5699 3257 5753 umquam
3312 5686 3516 5737 licitum

1943 5754 2109 5810 fuisse
2132 5755 2440 5827 repudium,
2468 5757 2919 5827 quemadmodum
2946 5755 3033 5811 hic
3055 5759 3119 5809 ad
3143 5771 3254 5810 sua:
3273 5757 3525 5809 volunta-

1945 5828 2014 5883 tis
2043 5825 2508 5884 conﬁrmationem
2536 5837 2591 5883 et
2618 5830 3025 5886 excusationem
3056 5829 3250 5884 asserit
3274 5827 3526 5881 Theonas
