4000 6186
423 182 532 241 διδ

1459 177 1549 232 AD
1587 174 1811 229 OPEllA
1857 173 1903 225 .l.
1947 171 2256 227 CASSIANI
2289 171 2656 227 APPENDIX.

3604 172 3708 231 διδ

422 295 587 370 (Cap.
621 297 727 365 9);
763 294 859 350 sed
894 303 1116 370 propter
1143 293 1392 370 duritiam
1418 290 1603 344 cordis
1631 289 1870 358 ipsorum
1902 287 2004 370 itn-
2035 289 2084 347 Α
2113 294 2320 357 prapter
2342 285 2639 370 Christum?
2682 288 2937 370 Ambobus
2973 289 3163 360 quippe
3192 288 3494 370 Christianis
3530 289 3711 345 Domi-

463 359 574 424 une
613 359 1336 432 laiitiimmodo'permissum
1367 371 1486 415 erat
1527 371 1582 413 ut
1633 374 1836 413 uxores
1883 359 2006 411 dato

463 383 574 424 una
613 383 985 421 latitummoao
1017 383 1336 432 permissum
1367 383 1486 415 erat.
1527 383 1582 413 ιιι
1633 383 1836 413 uxores
1883 383 2005 411 uatu

422 383 613 494 iibelto
641 438 1007 506 repudiarent.
1039 434 1159 487 Fuit
1180 442 1358 506 autem
1392 434 1478 506 hic
1507 447 1684 506 error_
1704 432 2005 506 scribarum

423 517 479 561 et
511 500 928 578 pliarisieoruui,
957 507 1094 559 sicut
1122 504 1263 578 apud
1296 503 1606 578 Matthieuiii
1630 503 1824 578 videre
1859 500 2004 578 licet,

423 572 566 647 quod
613 579 892 645 repudium
926 585 1166 644 tempore
1210 575 1344 642 legis
1363 574 1577 647 _licitum_
1623 572 1793 647 fuisse
1821 572 2009 647 crede-

425 643 581 714 rent;
624 643 765 718 quod
816 651 976 718 etiam
1006 643 1313 718 senserunt
1332 644 1649 718 putandus
1676 644 1914 718 ,_Petrus
1941 643 2010 699 de

429 714 652 785 Palude,
682 720 879 775 Scottis
907 717 960 771 in
993 717 1300 773 Sententias
1331 715 1568 782 Magistri
1599 714 1924 779 scribentes,
1957 723 2012 768 et

423 791 737 859 Alpltonsus
785 789 1040 844 Tostatus
1066 788 1354 842 Abulensis
1384 787 1672 855 episcopus
1701 785 2009 859 Mattlirrum

425 858 710 914 enarratis.
744 860 942 913 Verum
994 875 1115 912 cum
1169 861 1268 912 hac
1320 860 1586 910 sententia
1646 867 1847 926 pugnat
1897 858 2010 924 ipse

423 931 671 985 Christus
687 936 824 998 apud
851 930 1191 984 Malllia'um.
1217 928 1426 982 Dictum
1444 941 1538 993 est,
1567 930 1736 993 inquit
1768 926 1912 998 (Cap.
1931 927 2008 996 v),

427 997 748 1068 Quicumque
767 1003 1017 1054 dimiserit
1058 1017 1266 1054 uxorem
1293 1017 1463 1060 suam,
1488 1001 1570 1052 det
1604 1001 1650 1052 ei
1675 997 1902 1052 libellunt
1933 1014 2014 1050 re-

425 1072 569 1141 pudii
601 1071 778 1139 (Deut.
814 1075 998 1141 xxrv);
1028 1088 1121 1142 ego
1163 1083 1330 1124 autem
1366 1072 1479 1123 dico
1508 1071 1676 1137 vobis,
1700 1072 1823 1140 quia
1851 1069 2014 1122 omnis

425 1145 515 1210 qui
538 1143 786 1197 dimiserit
810 1159 1018 1196 uxorem
1045 1160 1214 1206 suam,
1240 1153 1446 1208 excepta
1463 1143 1815 1210 fornicationis
1831 1157 2010 1201 causa,

428 1213 554 1281 facit
581 1215 985 1277 eam'nitecltari;
1007 1224 1053 1266 et
1085 1216 1166 1279 qui
1194 1213 1460 1266 dimissam
1485 1213 1706 1277 duxerit,
1734 1213 2010 1263 adulterat.

431 1286 484 1339 Si
518 1284 786 1339 adulterat
815 1284 907 1354 qui
960 1285 1240 1338 dimissam
1286 1284 1532 1348 duxerit,
1587 1300 1692 1336 non
1741 1297 1816 1333 t‘Sl
1853 1283 2016 1354 igitur

428 1357 540 1421 ipsa
589 1353 842 1408 tlitiiissio
883 1354 961 1408 sic
1009 1356 1174 1417 licita,
1209 1356 1359 1423 quasi
1398 1370 1491 1421 per
1534 1371 1652 1406 eam
1703 1353 2014 1421 conjugium

428 1427 785 1480 dissolvatur.
816 1426 1022 1479 Rursus
1060 1427 1200 1490 apud
1240 1427 1486 1480 eumdem
1540 1425 1846 1479 Mattliteniii
1898 1435 2016 1475 teu-

430 1498 665 1550 tanlilius
694 1499 977 1550 DOuiiiium
997 1497 1286 1550 Pliai'isteis
1308 1506 1364 1548 et
1383 1497 1858 1563 percutit-laiitibus
1876 1511 2016 1547 anne

427 1569 612 1621 liceret
645 1584 980 1633 quacumque
1009 1583 1071 1621 ex
1118 1582 1278 1620 causa
1330 1569 1606 1621 dimittere
1631 1567 1897 1620 uxorem?
1928 1581 2014 1620 rc-

428 1637 657 1702 siioutlet
693 1655 707 1693 :
748 1639 870 1693 Non
897 1639 1092 1704 legistis
1114 1641 1232 1705 quia
1262 1642 1350 1707 qui
1379 1641 1494 1703 fecit
1523 1639 1585 1689 ub
1617 1639 1785 1699 initio,
1813 1653 2018 1689 mascu-

430 1709 540 1761 lum
560 1720 607 1762 et
635 1712 876 1779 feminam
905 1711 1022 1779 fecit
1043 1710 1165 1762 eos?
1185 1721 1230 1762 et
1257 1711 1409 1767 dixit.
1440 1708 1658 1775 Propter
1681 1708 1777 1760 Itoc
1799 1710 2015 1762 dimittet

431 1779 583 1832 homo
632 1793 823 1848 patrem
853 1792 901 1834 et
938 1792 1184 1843 matrem,
1211 1792 1258 1833 et
1285 1779 1568 1833 adha’rebit
1596 1782 1746 1832 uxori
1794 1795 1921 1844 suae,
1969 1789 2015 1832 et

431 1858 580 1901 erunt
611 1853 712 1904 duo
738 1853 790 1922 in
812 1869 966 1906 carne
989 1869 1109 1905 una.
1147 1850 1331 1922 Itaque
1351 1853 1466 1921 jam
1498 1868 1597 1904 non
1628 1862 1747 1903 sunt
1774 1851 1897 1913 duo,
1928 1851 2018 1904 sed

433 1935 540 1994 una
561 1936 706 1994 caro,
727 1921 876 1984 Quod
894 1940 1010 1992 ergo
1027 1923 1163 1976 Deus
1180 1921 1473 1994 conjunxit,
1496 1922 1648 1975 homo
1671 1939 1770 1974 non
1796 1933 2013 1994 separet.

434 1988 670 2062 Rursum
697 1988 1057 2059 interrogant-
1088 1995 1225 2059 Quid
1248 1988 1369 2061 ergo
1394 1993 1596 2062 Moyses
1619 1996 1879 2044 mandavit
1901 1993 2018 2046 dari

434 2058 663 2133 libellum
683 2065 883 2133 repudii
898 2058 944 2116 et
964 2058 1217 2117 dimittere
1235 2065 1258 2116 ?
1278 2058 1364 2116 Ait
1383 2058 1510 2124 illis:
1533 2065 1784 2126 Quoniam
1812 2063 2017 2132 Moyses

433 2132 502 2182 ad
531 2131 776 2186 duritiam
804 2135 972 2186 cordis
1004 2139 1151 2188 vestri
1182 2136 1407 2204 permisit
1438 2134 1576 2186 vobis
1606 2134 1857 2187 dimittere
1891 2131 2018 2186 uxo-

435 2217 517 2254 res
548 2215 771 2258 vestras:
801 2206 862 2257 ab
893 2207 1040 2258 initio
1075 2215 1244 2258 autem
1271 2221 1371 2256 non
1403 2205 1501 2274 fuit
1532 2206 1602 2255 sic
1639 2204 1846 2272 (Matth.
1883 2206 2014 2270 xix).

438 2275 514 2326 Ac
534 2276 575 2326 si
596 2275 801 2330 diceret
828 2295 839 2328 :
867 2277 1077 2345 Moyses
1109 2277 1322 2340 quidem
1355 2275 1608 2341 pimcepit
1635 2279 1750 2327 dari
1783 2277 2016 2329 libellum

437 2357 562 2398 ante
586 2346 977 2412 diiiiissionetn,
1015 2348 1065 2399 in
1088 2361 1193 2414 quo
1223 2346 1555 2397 dimittenda:
1582 2347 1766 2399 uxoris
1797 2362 2021 2400 accusa-

437 2416 513 2484 tio
546 2416 899 2478 scriberetur;
934 2418 1102 2480 ips:iin
1131 2429 1308 2469 autem
1356 2416 1724 2470 dimissionem
1767 2427 1822 2470 et
1862 2433 2020 2484 repu-

437 2483 587 2557 dium
605 2501 708 2538 non
733 2489 1010 2557 praecepit,
1029 2503 1350 2556 quamquam
1369 2503 1472 2540 non
1503 2488 1780 2554 puniverit
1802 2483 2020 2554 propter

437 2554 972 2628 ιΙιιτίιιτιιῐιὴωειιτιιιι.
999 2554 1082 2614 Ab
1111 2558 1266 2612 initio
1293 2570 1469 2612 autem
1504 2575 1609 2610 uoii
1633 2558 1730 2610 fuit
1757 2562 1861 2624 sic;
1897 2559 2018 2628 quia

436 2625 543 2678 alia
567 2626 664 2679 fuit
682 2627 776 2682 Dei
801 2630 1069 2692 voluntas,
1092 2639 1147 2684 et
1169 2631 1312 2682 aliud
1338 2631 1640 2682 institutum
1663 2632 1714 2681 in
1741 2625 2016 2697 pziradisii:

438 2697 489 2750 id
521 2699 662 2766 quod
718 2703 885 2766 magis
914 2699 1228 2756 inviolalmii
1260 2703 1461 2754 servari
1506 2701 1884 2753 conveniebat.
1913 2702 2021 2757 Sed

437 2775 491 2820 ct
519 2769 630 2834 ipsa
682 2772 763 2823 lex
811 2770 1008 2839 Moysis
1056 2788 1173 2840 qua:
1200 2771 1364 2826 estin
1414 2771 1834 2824 lleiiterononiio
1867 2772 2017 2840 (ϐαρ.

437 2841 605 2912 ιιιιν),
639 2841 810 2908 palam
843 2846 1019 2911 arguit
1058 2843 1231 2910 ipsum
1264 2843 1480 2912 Moysen
1509 2841 1645 2894 adeo
1674 2859 1777 2894 non
1820 2858 2022 2910 prince-

436 2909 582 2978 piSse
605 2909 992 2978 repndiumfut
1013 2917 1170 2967 etiam
1197 2909 1427 2966 fateatur
1451 2927 1566 2963 eam
1592 2928 1710 2980 quin
1739 2909 2018 2978 repudiata

436 2991 522 3034 est
557 2997 662 3034 non
700 2997 824 3036 cs~e
879 2987 1100 3038 liberam
1142 2994 1234 3036 aut
1279 2985 1507 3034 solutam
1548 3001 1573 3032 a
1622 2987 1736 3050 lege
1776 2985 1895 3046 \iri,
1925 2986 2019 3039 sed

439 3051 602 3123 pollui
634 3056 676 3107 si
711 3054 1001 3109 misceatur
1037 3057 1218 3108 alteri.
1251 3054 1312 3107 Si
1335 3055 1583 3123 acceperit
1607 3042 1758 3106 hoino
1791 3042 2018 3122 uxorem,
2050 3042 2096 3104 C

439 3121 630 3188 inquit.
666 3135 711 3177 et
747 3124 984 3180 habuerit
1011 3143 1142 3188 eam,
1172 3133 1218 3177 et
1263 3142 1363 3177 non
1395 3121 1638 3177 invenerit
1666 3127 1885 3193 gratiam
1910 3121 2025 3181 ante

438 3193 612 3268 oculos
634 3197 745 3268 ejus
767 3207 978 3268 propter
1007 3199 1235 3263 aliquam
1261 3196 1556 3261 foeditatem.
1585 3197 1768 3249 scribet
1795 3198 2026 3251 libellum

441 3265 663 3330 repudii,
687 3278 733 3318 et
755 3265 892 3319 dabit
921 3269 971 3320 in
996 3285 1148 3320 manu
1173 3268 1335 3330 illius,
1352 3277 1398 3318 et
1421 3268 1636 3320 dimittet
1657 3285 1768 3320 eam
1791 3271 1852 3322 de
1879 3270 2027 3322 domo

441 3351 554 3386 sua.
585 3334 809 3405 Cumque
840 3355 1041 3407 egressa
1083 3337 1301 3390 alterum
1330 3339 1566 3388 maritum
1615 3341 1834 3403 duxi-rit,
1863 3351 1912 3392 et
1942 3341 2029 3393 ille

441 3421 640 3474 quoque
683 3408 846 3458 oderit
877 3425 990 3460 eam
1031 3408 1325 3474 deder-itque
1365 3409 1411 3460 ei
1457 3407 1687 3460 libellum
1724 3411 1949 3477 repudii,
1983 3421 2029 3463 et

444 3478 691 3549 dimiserit
721 3476 784 3549 de
827 3478 979 3549 domo
1009 3494 1120 3536 sua.
1151 3478 1228 3549 vel
1274 3486 1406 3529 certe
1447 3488 1677 3530 mortuus
1706 3476 1881 3549 fuerit,
1928 3499 2029 3535 non

445 3547 626 3621 poterit
656 3546 796 3612 prior
817 3548 1032 3621 maritus
1053 3548 1281 3621 recipere
1298 3563 1410 3599 eam
1433 3549 1481 3600 in
1514 3565 1739 3621 uxorem,
1770 3546 1888 3621 quia
1919 3554 2032 3620 pol-

448 3618 556 3689 luta
580 3625 683 3689 est,
717 3624 763 3667 et
800 3617 1158 3689 abominabilis
1192 3618 1329 3689 facta
1367 3634 1539 3671 coram
1587 3617 1821 3675 Domino.
1859 3617 1928 3676 lit
1968 3624 2026 3678 S.

451 3686 716 3741 Jeremias
745 3703 864 3754 cap.
895 3705 952 3742 tit
979 3705 990 3742 :
1032 3686 1200 3758 Vulgo
1217 3690 1424 3754 dicitur,
1457 3692 1647 3758 inquit,
1688 3694 1748 3747 Si
1779 3693 2031 3747 dimiserit

448 3759 526 3811 vir
547 3773 756 3813 marem
779 3777 943 3828 suam,
970 3771 1019 3814 et
1048 3765 1287 3815 recedens
1312 3762 1373 3814 ab
1399 3778 1456 3814 eo
1486 3763 1687 3815 duxerit
1714 3768 1876 3817 virum
1907 3767 2033 3818 alte-

446 3847 579 3903 rum,
612 3832 860 3903 numquid
891 3845 1167 3888 revertetur
1206 3833 1272 3886 ad
1302 3851 1414 3888 eum
1448 3834 1620 3886 ultra?
1652 3837 1899 3903 numquid
1930 3852 2031 3888 non

446 3900 646 3971 polluta
689 3900 1127 3958 et'contaminata
1174 3906 1272 3957 erit
1319 3905 1501 3957 mulier
1547 3905 1675 3957 illa?
1719 3900 2030 3973 Eii—polluta,

449 3977 837 4037 contaminata.
884 3988 936 4028 et
967 3975 1345 4028 abomiiiabilis
1385 3984 1470 4028 est
1511 3975 1776 4040 ejusmodi
1818 3979 2026 4042 mulier,

448 4058 558 4098 non
588 4055 705 4098 erat
745 4047 905 4111 igitur
940 4048 1114 4098 soluta
1146 4062 1172 4096 ιι
1207 4047 1323 4110 lege
1353 4056 1408 4098 et
1437 4045 1650 4098 vinculo
1696 4048 1890 4112 prioris
1917 4065 2033 4104 tua-

448 4115 562 4178 riti,
597 4132 693 4170 nec
725 4117 973 4178 legitima!
1002 4124 1157 4168 crant
1186 4116 1438 4168 secunda:
1483 4119 1682 4179 nuptiae
1730 4133 1863 4184 quas
1908 4120 2032 4178 dato

449 4186 659 4253 repudii
689 4187 874 4259 libello
901 4185 1445 4259 etititraxerat._Haiic
1472 4192 1797 4259 sententiam
1831 4193 2034 4259 ample-

449 4263 670 4329 ctuntur
701 4256 758 4307 D.
789 4256 1015 4329 August.
1045 4268 1229 4310 contra
1263 4257 1516 4329 Faustum
1551 4258 1643 4312 lib.
1675 4274 1764 4312 χιι
1789 4256 2028 4329 cap—‘26,

451 4325 871 4395 Clirysostomus
909 4327 960 4380 in
990 4343 1020 4378 v
1051 4335 1106 4381 et
1142 4343 1235 4381 XIX
1265 4327 1454 4381 Matth.
1487 4343 1631 4395 cap.,
1666 4339 1716 4384 et
1754 4331 1815 4383 Ι).
1848 4325 2033 4387 Hiero;

2116 374 2209 409 nus
2257 361 2496 432 prtccepit
2532 375 2624 432 ne,
2649 361 2913 428 quisquam
2964 376 3176 432 uxorem
3204 360 3468 432 dimittat;
3499 371 3710 432 excepta

2112 431 2689 501 causafornicationis;
2719 432 2802 484 ubi
2831 442 3002 484 autem
3034 430 3275 499 qualibet
3299 447 3364 487 ex
3390 433 3464 487 eis
3493 430 3713 501 persona

2111 498 2336 573 infidelis
2364 511 2460 565 est,
2493 502 2768 573 consilium
2798 502 3031 570 Apostoli
3049 498 3348 573 attendatur
3369 511 3426 556 ut
3451 498 3500 558 si
3524 504 3712 573 infideé

2113 570 2175 622 lis
2199 573 2448 643 consentit
2468 572 2698 627 habitare
2722 589 2838 626 cum
2865 574 2974 627 viro
3003 572 3220 643 inﬁdeli,
3246 575 3326 627 vir
3353 591 3456 627 non
3486 570 3711 630 dimittat

2112 656 2346 713 uxorem.
2378 642 2629 698 Similiter
2652 653 2698 697 et
2720 659 2852 698 uxor
2870 644 3039 713 fidelis
3059 642 3248 708 virum,
3277 644 3324 698 si
3349 659 3470 699 cum
3491 646 3583 699 illo
3608 645 3711 700 ha-

2114 711 2288 785 bitare
2303 715 2636 768 consenserit.
2670 714 2822 781 Quod
2865 711 2910 768 si
2945 715 3200 784 inﬁdelis,
3235 716 3430 785 inquit,
3463 716 3707 784 discedit,

2113 783 2376 849 discedat;
2420 802 2520 838 non
2557 793 2631 838 est
2672 786 2806 839 enim
2850 783 3080 839 servituti
3125 783 3383 856 subjectus
3422 786 3589 854 frater
3613 795 3714 842 aut

2114 869 2262 906 soror
2292 856 2344 906 in
2393 857 2731 928 hujusniodir:
2779 857 2833 909 id
2879 866 2970 923 est,
3003 857 3048 910 si
3087 857 3309 928 inﬁdelis
3335 857 3554 910 noluerit
3595 873 3717 913 esse

2116 940 2231 976 cum
2263 927 2482 994 conjuge
2505 928 2665 993 ﬁdeli,
2687 927 2772 980 hic
2794 937 3032 996 agnoscat
3053 927 3220 995 ﬁdelis
3237 944 3380 981 suam
3398 928 3711 995 libertatein,

2117 1012 2189 1070 ne
2207 998 2280 1047 ita
2313 1013 2368 1049 se
2387 998 2670 1067 subjectum
2702 1004 2907 1070 deputet
2933 999 3184 1070 servituti,
3216 1000 3460 1070 utipsam
3483 997 3718 1070 dimittat

2117 1065 2292 1132 ﬁdem,
2319 1083 2382 1118 ne
2410 1065 2681 1140 conjugem
2727 1065 2926 1140 amittat
2959 1068 3237 1130 inﬁdelem.
3271 1067 3402 1140 Hoc
3418 1078 3466 1121 et
3495 1069 3558 1140 de
3583 1068 3718 1140 ﬁliis

2117 1145 2269 1205 atque
2297 1138 2588 1205 parentibui
2607 1180 2622 1201 ,
2655 1140 2748 1192 hoc
2777 1139 2841 1193 de
2874 1141 3120 1209 fratribus
3141 1149 3188 1193 et
3213 1138 3479 1193 sororibus
3507 1138 3714 1192 intelli-

2118 1209 2272 1276 gitur,
2325 1221 2533 1280 propter
2563 1211 2822 1263 Christum
2853 1227 3026 1264 ontnes
3065 1225 3174 1264 esse
3215 1210 3546 1263 dimittendos
3591 1225 3719 1266 cum

2118 1281 2422 1348 proponitur
2446 1282 2542 1335 ista
2569 1282 2820 1343 conditio,
2849 1289 2903 1333 ut
2932 1281 3192 1336 Christum
3220 1280 3467 1345 dimittat,
3509 1281 3552 1335 si
3589 1281 3718 1337 illos

2117 1364 2287 1421 secum
2334 1367 2442 1404 esse
2488 1353 2758 1405 desiderat.
2797 1353 2922 1407 Haec
2977 1367 3044 1406 eo
3082 1352 3202 1406 loco
3251 1351 3605 1421 Augustinus,
3652 1353 3718 1409 in

2119 1420 2312 1492 quibus
2339 1422 2518 1475 verbis
2545 1423 2782 1477 dilucide
2805 1425 3029 1490 exponit
3057 1422 3332 1492 quomodo
3347 1420 3580 1492 intelligi
3609 1421 3719 1479 de-

2119 1490 2414 1563 beantillae
2437 1493 2732 1562 Scriptura:
2758 1495 2954 1558 quibus
2974 1490 3331 1549 admonemur
3349 1503 3407 1548 ut
3428 1490 3710 1563 parentes,

2120 1561 2337 1627 fratres,
2353 1561 2634 1632 cognatos,
2656 1580 2872 1622 uxores.
2891 1567 3114 1634 insuper
3129 1574 3183 1620 et
3205 1561 3443 1619 animam
3463 1574 3716 1620 nostram

2123 1634 2248 1685 odio
2270 1650 2690 1703 prosequamur;
2712 1648 2848 1691 utex
2879 1636 2977 1691 hac
2995 1636 3332 1704 expositione
3359 1635 3716 1692 manifestum

2120 1706 2311 1757 evadat
2332 1722 2516 1776 quam
2549 1706 2799 1762 frivolum
2839 1715 2895 1759 et
2927 1707 3195 1760 infirmum
3227 1707 3298 1760 sit
3327 1716 3716 1776 argumentum

2119 1776 2260 1843 quod
2292 1775 2415 1830 hinc
2454 1779 2619 1832 sumit
2643 1778 2809 1832 abbas
2833 1779 3083 1832 Theonas
3110 1777 3175 1831 ad
3207 1775 3425 1832 divortii
3453 1791 3515 1832 ac
3545 1791 3716 1846 repu-

2121 1847 2190 1898 dii
2222 1848 2302 1898 sui
2334 1849 2764 1904 excusationem.
2799 1849 2912 1903 Non
2939 1848 3081 1902 enim
3113 1848 3248 1902 dixit
3281 1848 3539 1904 Dominus
3564 1848 3720 1917 apud

2120 1917 2428 1972 lllattha'uin
2459 1920 2600 1986 quod
2641 1921 2881 1990 quisquis
2909 1919 3176 1974 dimiserit
3203 1934 3454 1990 uxorem,
3486 1932 3703 1990 patrem

2120 1999 2211 2040 aut
2242 1999 2491 2053 matrem,
2524 1988 2839 2058 centuplum
2863 1991 3129 2059 accipiet:
3173 1991 3267 2045 sed
3297 1992 3382 2060 qui
3409 1988 3518 2043 hac
3542 1989 3717 2044 dimi-

2120 2060 2262 2121 serit,
2302 2060 2492 2126 inquit,
2549 2072 2756 2130 proiiter
2798 2078 2979 2116 nomen
3031 2077 3231 2127 meum,
3265 2061 3316 2115 id
3345 2068 3448 2122 est.
3481 2067 3716 2128 propter

2123 2146 2316 2182 nomen
2345 2130 2546 2186 Clll'lSll
2577 2143 2668 2187 aut
2692 2131 3015 2196 Christiani;
3066 2147 3261 2199 nempe
3291 2147 3412 2186 cum
3455 2130 3545 2184 illa
3573 2145 3723 2186 con-

2122 2201 2252 2253 ditio
2285 2205 2624 2271 proponitur,
2655 2215 2710 2256 ut
2755 2205 2840 2259 vel
2861 2202 3063 2258 Christi
3103 2217 3324 2270 nomen,
3360 2201 3442 2256 vel
3472 2201 3560 2254 illa
3599 2201 3722 2258 sint

2123 2271 2445 2325 tlL‘Sﬂl'eltda.
2473 2274 2550 2327 Ad
2597 2276 2844 2328 eumdem
2881 2275 3038 2338 plane
3082 2273 3321 2338 modum,
3357 2274 3595 2338 ineptum
3625 2282 3722 2328 est

2123 2350 2176 2394 el
2203 2343 2326 2396 illud
2359 2344 2501 2411 quod
2549 2345 2714 2404 addit.
2746 2361 2806 2399 se
2833 2344 2900 2398 ad
2944 2344 3276 2400 evadendam
3301 2345 3567 2414 gelieunte
3596 2357 3724 2410 pa—

2123 2428 2246 2465 num
2287 2416 2351 2465 ad
2381 2416 2650 2468 sanctiora
2676 2428 2799 2470 vola
2829 2417 3062 2470 transire
3091 2415 3378 2470 debuisse:
3410 2421 3468 2469 et
3493 2427 3717 2470 rursum

2123 2484 2267 2551 quod
2291 2486 2493 2549 subdit,
2523 2485 2584 2540 Si
2607 2504 2704 2557 non
2725 2503 2928 2557 possum
2961 2496 3008 2538 te
3033 2502 3066 2538 a
3097 2494 3257 2538 morte
3280 2485 3597 2557 abstrahere,
3618 2500 3719 2538 nec

2125 2565 2176 2604 tu
2209 2571 2284 2608 me
2306 2557 2568 2624 separabis
2593 2574 2625 2609 a
2655 2556 2877 2611 Christo.
2905 2557 3129 2613 Videtur
3150 2557 3296 2611 enim
3327 2556 3384 2610 in
3415 2556 3564 2610 hisce
3587 2570 3726 2610 ver-

2126 2624 2206 2677 bis
2261 2625 2519 2681 damnare
2567 2629 2800 2695 conjugii
2853 2637 3274 2688 socramentum,
3322 2627 3465 2696 quod
3523 2638 3712 2696 tamen

2123 2695 2412 2763 ApOslttllls
2435 2697 2568 2752 dicit
2593 2714 2841 2766 maguum
2867 2713 2988 2752 esse
3006 2695 3400 2757 sacramentum.
3424 2698 3480 2751 in
3499 2695 3716 2766 Christo

2125 2777 2171 2817 et
2204 2766 2432 2839 Ecclesia
2463 2765 2794 2839 (lfpliesfv);
2828 2779 2883 2824 et
2903 2771 2967 2822 ad
2997 2771 3256 2824 Hebraeos
3278 2767 3524 2824 scribens
3551 2765 3718 2838 (Cap.

2125 2837 2264 2906 xui),
2299 2836 2619 2893 Honor-abite
2663 2836 3003 2905 connubium,
3036 2841 3240 2908 inquit,
3268 2841 3322 2893 in
3371 2836 3720 2902 omnibus,“

2126 2916 2266 2960 lorus
2295 2909 2673 2964 immaculatus.
2720 2912 2850 2964 Hinc
2887 2927 3037 2967 reeie
3079 2912 3243 2966 etiam
3289 2910 3350 2965 Β,
3385 2908 3724 2978 Augustinus

2125 2978 2326 3049 (Epist.
2363 2981 2450 3042 89,
2485 2989 2663 3050 qua’st.
2698 2984 2788 3048 4).
2826 2981 3073 3037 Desinant
3120 2983 3237 3045 isti,
3288 2979 3481 3049 inquit,
3531 2989 3723 3035 contra

2129 3051 2429 3120 Scripturas
2454 3053 2612 3121 loqui,
2652 3063 2697 3106 et
2722 3055 2776 3106 in
2803 3055 2911 3107 suis
2951 3051 3387 3107 exhortationibus
3417 3052 3484 3103 ad
3513 3052 3722 3120 majora

2128 3122 2202 3173 sic
2245 3122 2478 3187 excitent,
2511 3132 2567 3175 ut
2612 3125 2814 3178 minora
2860 3142 2958 3177 non
3007 3125 3265 3178 damnent.
3299 3121 3441 3176 Num
3489 3123 3623 3174 enim
3666 3131 3724 3176 et

2129 3202 2357 3245 sanctam
2377 3195 2721 3261 virginitatem
2749 3197 2897 3248 aliter
2925 3194 3244 3249 exhortando
3273 3192 3578 3262 persuadere
3603 3208 3716 3246 uois

2133 3275 2366 3330 possunt,
2391 3266 2487 3317 nisi
2515 3265 2814 3336 coniugalia
2837 3267 3039 3319 vincula
3061 3265 3436 3336 damnaverint,
3460 3278 3594 3336 cum,
3620 3264 3720 3317 do-

2131 3346 2271 3407 cente
2298 3336 2562 3407 Apostolo,
2591 3332 2952 3407 Unusquisque
2972 3337 3161 3389 donum
3181 3335 3448 3407 proprium
3477 3332 3655 3407 habeat
3681 3350 3720 3386 ts

2133 3404 2259 3458 Deo.
2287 3406 2419 3458 alius
2443 3408 2539 3470 sic,
2568 3407 2704 3461 alius
2726 3404 2894 3460 autem
2915 3408 3026 3460 sic?
3046 3417 3151 3460 etc.
3173 3405 3289 3460 Non
3313 3415 3527 3474 oportet
3552 3404 3723 3474 igitur

2132 3476 2540 3544 coujngalorttm
2566 3479 2811 3532 ordinem
2835 3487 2929 3532 aut
2949 3477 3184 3546 c0njugii
3203 3473 3442 3543 leges’ab
3461 3475 3576 3546 ipso

2135 3547 2185 3598 iii
2211 3543 2459 3614 paradiso
2485 3549 2775 3614 institutas,
2800 3543 3064 3603 etiuditas
3092 3543 3321 3609 homini,
3353 3557 3408 3600 et
3434 3561 3464 3600 a
3495 3543 3722 3600 Christo

2133 3633 2344 3670 rursum
2378 3619 2429 3671 in
2462 3635 2596 3672 nova
2630 3621 2744 3689 lege
2771 3621 3013 3674 laudatas
3046 3633 3112 3674 ac
3139 3618 3467 3689 sacramenti
3499 3617 3712 3670 honore

2134 3689 2329 3743 ditatus
2359 3689 2651 3756 damnare;
2686 3688 2782 3745 uec
2814 3691 2938 3746 licet
2962 3689 3245 3759 conjugale
3271 3688 3544 3743 vinculum
3559 3701 3718 3759 pra-

2137 3769 2282 3813 textu
2311 3760 2598 3815 sanctioris
2623 3764 2728 3817 v0ti
2762 3762 3039 3828 dirimere,
3067 3757 3213 3816 isieut
3240 3759 3368 3814 fecit
3413 3759 3516 3813 iste
3542 3757 3724 3813 Theo-

2137 3846 2231 3883 uas
2280 3832 2508 3900 conjuge
2555 3847 2650 3886 sua
2705 3833 3068 3895 reclamante;
3106 3845 3434 3900 quamquam
3485 3829 3534 3884 id
3589 3843 3716 3884 cum

2136 3902 2415 3970 utriusque
2444 3915 2734 3968 consensu,
2756 3913 2810 3958 et
2832 3906 2875 3956 si
2901 3917 3127 3972 uterque
3151 3902 3218 3957 ad
3249 3901 3565 3972 religionem
3590 3913 3718 3972 pro:

2135 3969 2586 4027 batanitrausire
2614 3976 2762 4037 velit,
2813 3969 3054 4044 legitime
3085 3973 3203 4029 fieri
3249 3969 3433 4039 queat.
3484 3969 3638 4044 Quod
3670 3970 3718 4026 si

2135 4047 2255 4113 quis
2282 4045 2504 4111 objiciat
2531 4044 2670 4099 hunc
2691 4039 2966 4100 The0iiam
2992 4046 3152 4099 totius
3176 4044 3394 4113 collegii
3421 4042 3502 4096 sui
3524 4039 3719 4097 suifra-

2137 4117 2252 4182 gio,
2283 4117 2534 4170 omnibus
2583 4116 2701 4169 aliis
2751 4117 2801 4169 in
2849 4117 3110 4170 iliacouite
3163 4130 3386 4170 munere
3435 4113 3721 4183 prielatutn

2134 4186 2324 4246 fuisse,
2347 4196 2509 4256 atque
2536 4187 2672 4242 adeo
2699 4187 2767 4241 ab
2794 4186 2910 4256 ipso
2938 4189 3048 4243 Deo
3071 4186 3404 4241 edendorum
3426 4183 3721 4256 miraculo-

2137 4273 2254 4310 rum
2283 4255 2434 4311 dono
2449 4258 2623 4311 fuisse
2662 4255 3003 4320 exornatum,
3037 4257 3486 4324 respondebimus
3510 4255 3563 4308 in
3593 4255 3720 4323 ipso

2137 4330 2308 4382 zelum
2341 4329 2490 4382 illum
2523 4337 2578 4382 et
2599 4329 2830 4382 studium
2866 4327 3214 4397 perfectionis
3241 4341 3304 4381 ac
3335 4326 3604 4393 pudicitia:
3632 4339 3721 4397 re-

451 4393 602 4474 nyiii.
635 4396 841 4474 inhcap.
875 4412 970 4451 XIX
1001 4399 1192 4474 Matth.
1226 4393 1685 4474 Minusniouienti
1720 4402 1917 4456 habent
1950 4420 2036 4460 ra-
2062 4416 2114 4474 1)
2142 4409 2484 4474 ιιιυιιετιημζη
2529 4393 3070 4474 fﬂiSSCrMII-Klllwm
3101 4399 3420 4474 diVPPllPN.
3460 4393 3723 4474 quemasl:

453 4470 630 4521 tiones
658 4467 779 4521 alia:
808 4483 941 4538 quas
970 4470 1186 4524 adducit
1234 4471 1332 4524 iste
1376 4469 1624 4524 Tlie0iias
1659 4491 1670 4524 :
1720 4489 1840 4526 nam
1870 4477 2032 4529 verba

452 4538 540 4592 illa
568 4539 765 4608 qnibus
794 4539 1049 4593 Dominus
1100 4551 1325 4608 patrem,
1374 4551 1630 4607 matrem,
1667 4559 1909 4609 uxorem,
1945 4557 2037 4601 aut

452 4609 615 4683 filios,
650 4621 740 4664 aut
771 4627 935 4678 agros
965 4613 1394 4681 reliiiqucntibus
1424 4616 1734 4679 centuplum
1770 4619 2035 4683 promittit

454 4682 506 4734 in
539 4681 639 4756 hoc
681 4684 900 4756 saeculo,
936 4692 990 4736 et
1020 4684 1072 4737 in
1111 4685 1286 4756 altero
1312 4685 1478 4738 vitum
1521 4681 1779 4740 aeternam
1807 4686 2033 4756 (Matth.

455 4750 589 4827 ius),
625 4768 732 4806 non
765 4755 830 4806 ita
861 4763 984 4806 sunt
1009 4755 1352 4821 accipienda,
1385 4756 1556 4820 inquit
1580 4750 1862 4827 Clirysos't.
1895 4759 2037 4815 hunc

453 4822 630 4896 locum
659 4839 945 4896 enarratis,
971 4834 1025 4877 ut
1070 4839 1164 4892 per
1208 4841 1302 4880 eas
1329 4828 1528 4894 nuptias
1560 4822 1926 4896 intelligantur
1954 4831 2037 4886 di-

457 4893 725 4972 velleudae
764 4905 856 4946 aut
897 4895 1246 4972 di.ritn_en_die,,
1285 4897 1384 4951 nisi
1410 4893 2037 4972 forte,_ctiniut_riusque

456 4963 577 5040 conj
587 4963 705 5040 u_gis_
715 4980 1016 5040 consensu.
1036 4966 1102 5020 Et
1123 4969 1180 5022 Β.
1201 4968 1530 5040 Augustinus
1550 4968 1742 5037 (Epist.
1762 4970 1830 5025 89
1854 4963 2036 5040 quiest.

456 5034 521 5102 4)
549 5051 563 5090 :
592 5033 659 5088 In
687 5036 751 5088 iis
796 5051 910 5102 qua:
939 5035 1187 5094 Dominus
1233 5033 1534 5092 dimittenda
1559 5033 1847 5106 mandavit,
1866 5033 2037 5098 'etiam

458 5122 588 5179 uxor
633 5116 1027 5179 commemorata
1069 5118 1160 5168 est,
1193 5109 1386 5178 inquit,
1419 5127 1572 5179 quam
1613 5110 1772 5166 nullis
1803 5115 2041 5167 humanis

459 5176 656 5248 legibus
687 5177 806 5231 licet
849 5178 1085 5242 vendere,
1112 5176 1300 5233 Christi
1330 5176 1498 5234 autem
1528 5181 1720 5250 legibus
1757 5200 1846 5237 nec
1870 5184 2042 5239 dimit-

458 5259 580 5326 tere,
606 5258 815 5317 excepta
842 5265 998 5326 causa
1024 5251 1398 5326 fornicationis.
1425 5252 1570 5326 Quid
1603 5253 1701 5306 sibi
1724 5272 1844 5326 ergo
1869 5257 2043 5310 t'olunt

457 5322 556 5372 ista
580 5319 869 5392 praecepta!
890 5319 1012 5374 Non
1037 5323 1170 5374 enim
1191 5332 1399 5390 possunt
1417 5324 1552 5376 inter
1567 5340 1620 5377 se
1641 5341 1746 5378 esse
1766 5319 2042 5389 Eontraria,

458 5393 560 5443 nisi
584 5391 704 5458 quia
745 5393 964 5464 occurrit
1000 5393 1280 5464 aliquando
1311 5395 1623 5448 necessitatis
1655 5396 1927 5464 articulus,
1957 5397 2046 5452 ubi

457 5470 546 5511 aut
576 5477 703 5513 uxor
735 5463 1017 5515 dimittatur
1059 5471 1146 5515 aut
1190 5462 1454 5528 Christus;
1486 5475 1538 5516 ut
1569 5465 1674 5517 alia
1721 5462 1969 5532 omittam,
2001 5471 2047 5522 si

455 5532 554 5602 ipsi
583 5534 728 5610 uxori
756 5533 969 5610 maritus
993 5533 1316 5610 displicuerit
1342 5537 1658 5610 (.lnjstianus
1686 5539 1833 5610 eique
1855 5555 2041 5610 propo-

455 5603 615 5676 suerit
645 5615 730 5676 (ραι
754 5621 784 5676 tt
821 5619 873 5676 se
897 5604 1328 5676 divortium,gaut
1355 5625 1385 5657 a
1414 5605 1638 5661 Christo.
1675 5603 1773 5660 Hic
1804 5603 1893 5663 ille
1922 5603 2045 5676 quid

457 5673 636 5734 eliqat,
670 5673 767 5723 nisi
809 5673 1085 5735 (.ltristum,
1116 5685 1161 5726 et
1193 5674 1418 5728 dimittat
1461 5691 1672 5730 umorem
1718 5673 2047 5734 laudabiliter

2145 4471 2361 4523 modum
2391 4469 2455 4523 21
2501 4471 2850 4524 annotatione
2898 4470 3132 4526 diximus
3175 4469 3243 4524 de
3288 4469 3355 4523 iis
3387 4468 3479 4536 qui
3513 4465 3722 4521 mentiti

2140 4540 2430 4618 aliquando
2461 4540 2697 4618 fuerunt,
2729 4541 2896 4618 Deum
2929 4543 2978 4594 in
3010 4542 3444 4618 illistiumquani
3470 4537 3724 4618 laudasse

2143 4608 2505 4672 mendacium.
2536 4614 2628 4665 sed
2661 4615 2799 4667 bene
2830 4614 3080 4680 pietatem
3111 4612 3256 4666 illam
3287 4623 3350 4664 ac
3373 4608 3612 4680 studium
3635 4608 3727 4674 ju-

2145 4685 2303 4736 vandi
2333 4697 2425 4734 eos
2447 4698 2546 4751 pro
2567 4685 2760 4752 quibus
2782 4677 2992 4738 mentiti
3018 4684 3185 4737 fuisse
3207 4684 3477 4752 leguntur.
3494 4677 3727 4752 Videtur

2143 4765 2320 4808 autem
2351 4752 2434 4807 hic
2448 4748 2708 4808 ‘Tlieonas
2749 4756 2800 4808 in
2840 4756 3022 4822 seipse
3067 4748 3300 4809 sensisse
3331 4751 3598 4822 pudicitia:
3626 4748 3728 4804 do-

2145 4842 2310 4890 iium,
2358 4825 2761 4895 attendisseque
2811 4825 2952 4894 quod
3003 4834 3248 4879 nontam
3297 4838 3392 4878 sua
3447 4821 3728 4895 voluntate

2141 4911 2301 4962 quam
2335 4906 2615 4965 parentum
2657 4893 2883 4962 imperio
2911 4897 3142 4965 coniugii
3177 4895 3324 4965 leges
3360 4893 3725 4965 suscepisset;

2140 4971 2280 5022 sicut
2297 4963 2466 5022 habet
2491 4977 2656 5036 caput
2678 4969 2910 5026 primum
2942 4963 3101 5038 huius
3125 4963 3333 5032 collat.,
3357 4979 3528 5031 eoque
3557 4963 3731 5018 conli-

2142 5039 2356 5094 dentiiis
2401 5039 2622 5094 dimissa
2676 5049 2906 5111 conjuge
2956 5039 3025 5093 ad
3083 5038 3473 5094 monasterium
3527 5047 3725 5104 pet-voc

2145 5111 2304 5164 lasse.

2687 5182 2821 5238 Coll.
2853 5181 2920 5237 21
2943 5197 3061 5252 cap.
3088 5181 3177 5237 29.

2150 5251 2570 5321 Quadragesima:
2618 5254 2727 5324 lege
2771 5255 2815 5307 is
2842 5255 2932 5322 qui
2973 5250 3145 5324 justus
3173 5262 3247 5306 est
3289 5261 3440 5322 atque
3477 5250 3735 5324 perfectus

2219 5339 2320 5376 non
2351 5333 2582 5388 tenetur,
2617 5321 2708 5378 nec
2746 5321 2919 5394 exigui
2963 5321 3122 5393 hujus
3169 5321 3380 5376 canonis
3418 5321 3737 5389 subjectiotu

2217 5404 2482 5448 contentus
2505 5406 2618 5458 est;
2647 5413 2795 5461 quem
2824 5399 3049 5462 profecto
3073 5394 3179 5448 illis
3200 5394 3286 5456 qui
3317 5410 3408 5463 per
3434 5403 3597 5446 totum
3619 5406 3734 5444 att-

2221 5482 2342 5537 u_uin
2388 5467 2588 5520 deliciis
2626 5469 2698 5519 rel
2747 5469 2963 5537 negotiis
3005 5463 3336 5520 siccularibus
3373 5463 3730 5537 implicantur,

2221 5535 2568 5591 Ecclesiarum
2597 5535 2851 5606 principes
2880 5543 3164 5592 statuerunt
3186 5575 3200 5595 .
3227 5546 3329 5588 etc.
3370 5535 3428 5588 Et
3462 5543 3581 5598 past
3603 5547 3737 5606 psu-

2219 5621 2281 5659 ca
2312 5627 2321 5657 :
2355 5604 2604 5662 Caeterum
2637 5609 2978 5676 iusti,quibus
3008 5609 3089 5660 lea:
3114 5622 3216 5659 non
3242 5615 3316 5659 est
3345 5604 3736 5676 posita,quiqt_u

2219 5678 2539 5742 spiritalibus
2578 5678 2749 5745 oﬁciis
2771 5673 2888 5733 non
2915 5679 3151 5748 exiguam
3175 5673 3354 5742 illam,
3382 5676 3438 5731 id
3461 5684 3556 5741 est,
3585 5673 3734 5728 deci-
