4000 6186
241 231 340 287 545

1360 230 1426 284 Η.
1467 226 1743 285 CUYCHII
1787 227 2333 289 ANNOTATIONES.

3390 236 3505 299 διο

302 354 668 425 mam‘partem,
691 345 781 399 sed
800 352 959 425 tptum
980 347 1093 399 vita
1112 361 1218 425 sure
1245 355 1443 425 tempus
1476 346 1798 425 impendunt,
1830 342 1880 402 Α
1905 343 2033 425 dunt
2063 362 2190 425 opus
2234 346 2644 425 legisscriptum
2688 349 2742 425 in
2790 350 3047 425 cordibus,
3066 350 3171 404 suis
3203 350 3380 425 (Rom.
3411 354 3496 425 tt).

299 419 412 489 quia
434 415 582 489 liberi
602 425 724 469 sunt
744 432 776 467 α
796 416 1107 470 decimarum
1139 416 1384 488 legalium
1408 415 1688 486 (unctione,
1719 415 1804 469 id-

302 491 429 543 circo
453 488 495 541 si
520 503 600 540 eos
629 490 988 553 superveniens
1020 488 1230 542 honesta
1255 498 1301 542 et
1326 498 1504 541 sancta
1528 489 1804 542 necessitas

304 559 579 632 coarctarit,
605 558 803 632 audent
832 558 1105 612 stationem
1122 561 1316 632 jejunii
1342 560 1532 627 absque
1563 561 1673 613 ulla
1697 560 1804 612 dis-

305 631 573 702 ceptatione
596 630 797 683 laxare.

307 760 677 835 (Αξιίηριλϐ.)
707 761 997 835 Apostolus
1022 761 1222 816 Paulus
1254 762 1277 835 l
1317 761 1555 835 Timoth.
1589 779 1607 817 ι
1650 778 1797 833 cap.,

236 831 349 889 cum
378 833 497 888 dicit
526 834 695 903 legem
715 831 863 900 juSto
891 848 997 886 non
1023 847 1143 887 esse
1168 834 1419 901 positam,
1442 834 1533 888 sed
1564 831 1798 901 injustis,

233 915 281 959 et
309 919 404 958 non
429 903 678 968 subditis,
713 904 918 971 impiis,
949 912 1002 958 et
1034 906 1434 971 peccatoribus,
1460 904 1528 959 de
1559 905 1679 974 lege
1710 921 1801 961 ve-

234 976 321 1030 teri
337 974 709 1041 intelligendus
721 984 955 1043 est,qua:
974 975 1219 1027 timorem
1242 975 1401 1029 habet
1424 976 1795 1045 conjnnmum,

232 1047 544 1101 eoactionem
589 1054 642 1099 et
680 1050 942 1112 pmnam:
995 1061 1116 1099 nam
1166 1047 1325 1113 paulo
1376 1056 1500 1099 ante
1556 1048 1800 1101 hortatus

228 1126 331 1172 erat
361 1132 508 1170 suum
540 1116 887 1170 Timotheum
920 1124 977 1168 ttt
1006 1119 1347 1171 tlenttntiaret
1380 1118 1699 1185 quihusdam
1730 1133 1798 1174 ne

226 1187 368 1241 aliter
415 1187 711 1253 docerent,
772 1201 948 1253 neque
1003 1188 1350 1241 intenderent
1406 1188 1622 1256 fabulis,
1683 1199 1790 1243 etc.

228 1258 414 1311 Deinde
461 1256 616 1311 addit
664 1273 676 1308 :
725 1258 973 1327 Aquibus
1000 1258 1210 1326 quidam
1250 1260 1540 1312 aberrantes
1567 1262 1797 1313 conversi

225 1329 409 1399 suntin
434 1328 809 1397 vaniloquium,
837 1329 1062 1381 volentes
1089 1345 1197 1382 esse
1233 1330 1356 1399 legis
1395 1331 1663 1396 doctores;
1694 1347 1800 1384 non

224 1398 723 1472 intelligentesneque
748 1414 861 1468 qua:
897 1399 1197 1466 loquuntur,
1230 1398 1473 1472 nequede
1498 1400 1677 1469 quibus
1706 1406 1790 1472 af-

223 1470 431 1543 ﬁrmant.
465 1470 677 1525 Scimus
721 1472 1052 1543 autemquia
1094 1472 1225 1543 bona
1272 1480 1346 1524 est
1388 1470 1489 1531 lex.
1519 1474 1564 1524 si
1590 1474 1704 1543 quis
1734 1470 1794 1525 ea

220 1539 421 1612 legitime
449 1549 655 1603 utatur,
681 1543 831 1607 quasi
871 1539 1073 1594 diceret
1102 1558 1113 1593 :
1151 1541 1259 1596 Lex
1290 1543 1380 1595 illa
1423 1553 1573 1596 vetus
1602 1539 1796 1597 habuit

220 1624 351 1664 suam
382 1612 673 1666 utilitatem
696 1614 747 1665 in
782 1612 978 1679 populo
998 1612 1115 1676 Dei,
1140 1629 1300 1680 quem
1321 1615 1516 1666 timore
1545 1616 1790 1681 urgebat,

216 1690 260 1735 et
280 1692 390 1736 erat
419 1682 492 1735 illi
543 1682 703 1735 veluti
737 1685 1061 1752 ptedagogus
1108 1684 1326 1749 quidam
1369 1684 1435 1736 ad
1481 1683 1787 1749 Christum;

216 1754 369 1825 sedut
396 1752 571 1808 habet
594 1754 840 1809 timorem
872 1755 1311 1821 eonjunctum,et
1332 1757 1607 1822 compellit
1633 1768 1793 1825 atque

214 1824 354 1891 cogit.
382 1840 489 1877 non
530 1826 765 1890 pertinet
792 1824 857 1878 ad
878 1824 1055 1892 jnsms
1086 1834 1138 1879 et
1169 1825 1233 1878 ad
1259 1826 1592 1879 voluntarios
1620 1844 1632 1880 :
1665 1824 1797 1894 qua-

215 1895 280 1947 les
304 1895 375 1949 illi
405 1903 546 1949 sunt
571 1896 658 1964 qui
690 1911 788 1963 per
822 1898 1048 1965 gratiam
1083 1897 1205 1948 novi
1244 1896 1577 1951 Testamenti
1608 1907 1663 1950 et
1705 1913 1798 1965 per

215 1965 601 2021 inhabitantem
651 1965 910 2034 Spiritum
962 1977 1210 2020 sanctum
1250 1966 1421 2033 legem
1455 1968 1793 2033 custodiunt;

214 2051 319 2089 nam
347 2039 442 2090 hos
472 2052 594 2091 non
624 2052 759 2102 Opus
788 2047 871 2091 est
899 2038 1093 2090 timore
1123 2045 1218 2090 aut
1263 2036 1439 2105 pinnis
1485 2038 1701 2107 adigere
1731 2039 1795 2092 ad

212 2107 329 2176 legis
358 2108 830 2169 observationem,
871 2123 1193 2177 quamquam
1226 2110 1426 2173 alioqui
1469 2109 1629 2162 etiam
1664 2124 1798 2176 prse-

212 2187 408 2247 ceptum
438 2180 513 2234 sit
544 2178 702 2249 iustis
730 2189 785 2230 ut
830 2194 938 2233 non
989 2178 1273 2244 occidant,
1306 2196 1409 2234 non
1440 2178 1793 2249 fornicentur,

212 2263 306 2320 non
337 2253 552 2304 lurtttm
584 2248 801 2303 [IL-iant.
836 2250 948 2304 Lex
996 2264 1125 2303 vero
1175 2265 1269 2314 pro
1318 2250 1437 2320 lege
1473 2252 1643 2304 veleri
1698 2254 1797 2305 hoc

213 2319 318 2391 loco
344 2323 632 2391 accipitur.
667 2331 718 2373 et
741 2321 797 2374 itt
818 2336 876 2373 ea
911 2321 1264 2387 plenitudine,
1298 2319 1427 2373 utin
1456 2336 1515 2375 se
1545 2336 1798 2391 Compre-

214 2388 399 2445 hendat
420 2388 608 2445 oinnia
630 2391 718 2445 illa
752 2391 1145 2452 territamenta,
1177 2393 1645 2458 comtninationes,
1676 2388 1798 2462 ’ρω-

212 2475 300 2532 pias
328 2471 381 2517 et
404 2478 577 2518 onera
607 2478 727 2530 quae
759 2481 787 2515 a
822 2463 1001 2530 Moyse
1032 2464 1197 2516 veteri
1230 2465 1433 2532 p0pu|o
1460 2462 1581 2515 data
1612 2474 1789 2519 erant.

213 2530 335 2603 [lato
374 2536 521 2588 enim
554 2548 768 2588 cessare
797 2533 1007 2597 debuit,
1038 2530 1251 2602 quando
1277 2530 1368 2601 per
1409 2536 1636 2603 gratiam
1672 2537 1794 2589 novi

214 2601 540 2659 Testamenti
592 2608 763 2657 renati
814 2601 1101 2669 homines,
1152 2621 1258 2658 non
1313 2601 1543 2674 amplius
1604 2607 1797 2661 timore

212 2686 451 2741 aguntur,
486 2677 585 2730 sed
629 2686 823 2743 sponte
855 2691 917 2730 ac
942 2675 1175 2728 libenter
1201 2677 1463 2744 justitiam
1497 2678 1682 2730 colant
1704 2718 1718 2739 ,
1742 2686 1797 2732 et

214 2756 471 2814 praecepta
502 2747 782 2800 charitatis
803 2746 870 2800 de
898 2746 1061 2801 corde
1092 2762 1243 2811 puro,
1275 2747 1601 2800 conscientia
1632 2748 1789 2815 bona,

212 2825 259 2867 ct
281 2815 382 2869 lide
410 2832 522 2872 non
552 2822 671 2873 licta
694 2818 1026 2872 custodiunt.
1059 2818 1205 2871 llanc
1230 2834 1348 2871 esse
1368 2817 1524 2887 hujus
1549 2819 1647 2872 loci
1675 2835 1796 2872 θεη-

210 2887 429 2940 tentiam
480 2891 766 2944 maniieste
815 2890 1015 2943 indicat
1066 2890 1124 2941 Β.
1158 2891 1384 2953 August.
1434 2888 1700 2943 concinne
1730 2890 1795 2943 10

205 2968 363 3029 super
393 2960 667 3027 psalmum
698 2975 891 3023 cxvut,
925 2975 1204 3029 exponens
1238 2961 1381 3013 illum
1421 2961 1745 3013 versiculum
1777 2974 1792 3013 :

203 3022 545 3098 Legem'pone
580 3032 729 3095 mihi,
768 3022 1011 3095 Domine,
1040 3031 1176 3083 viam
1195 3031 1630 3098 justiﬁeationum
1679 3039 1797 3080 tua-

1909 414 2109 497 Omnes
2160 414 2469 497 itaquelegi
2502 420 2728 497 subjecti
2772 430 2898 475 sunt
2919 414 3241 497 justiuatque
3268 414 3493 497 injusti';

1908 487 2001 560 sed
2031 486 2133 541 hoc
2174 504 2201 540 a
2249 486 2307 542 se
2338 490 2564 543 invicem
2593 490 2795 543 distant
2840 486 2989 560 quod.
3010 492 3084 545 illi
3116 486 3308 557 sponte
3324 486 3401 551 ἰο
3426 486 3495 549 li;

1910 558 2096 631 bentcr
2119 571 2330 627 parent,
2362 560 2620 631 hiantem
2654 561 2803 615 inviti
2850 558 3150 631 coguntur;
3194 573 3251 618 et
3295 565 3375 616 eis
3409 565 3490 619 lex

1906 630 2083 683 omnis
2113 630 2268 693 dura,
2302 630 2492 683 acerba
2524 642 2577 685 et
2616 631 2903 685 observato
2928 630 3190 687 7dilllci|is
3219 648 3320 689 est.
3371 635 3489 689 Fuit

1906 711 2083 752 autem
2123 702 2207 753 hic
2238 716 2392 755 error
2421 701 2657 755 Thoona:
2685 702 2895 758 abbatis
2926 703 3182 769 Begardis
3211 716 3265 759 et
3296 706 3490 767 Begui-

1907 769 1991 823 nis
2013 771 2335 836 communis,
2365 772 2452 839 qui
2497 772 2753 827 dixerunt
2797 774 3040 828 homines
3065 774 3399 830 Christianos
3422 776 3489 832 ad

1906 840 2271 895 ecclesiastica
2301 842 2501 909 jejunia
2534 861 2640 916 non
2687 846 2858 899 teneri
2886 861 3007 898 cum
3036 846 3104 898 ad
3141 846 3489 916 perfectionis

1904 919 2101 984 statum
2135 924 2520 981 pervenerunt,
2541 915 2631 984 qui
2674 930 2828 969 error
2854 917 2904 969 in
2934 915 3167 971 concilio
3200 917 3487 973 Viennensi

1901 982 2002 1036 sub
2030 981 2307 1038 Clemente
2333 985 2519 1054 quinto
2542 981 2935 1040 condemnatus
2960 998 3063 1042 est.

2456 1076 2577 1131 Col.
2614 1076 2679 1131 21
2712 1092 2832 1147 cap.
2862 1079 2951 1133 '50.

1902 1166 2181 1242 Sciendum
2229 1184 2351 1242 sgne
2403 1168 2550 1242 hanc
2589 1171 2964 1224 observantiam
3022 1170 3481 1242 Quadragesima,

1969 1238 2484 1313 quantdiuiEcclesiae
2511 1239 2653 1294 illius
2679 1242 2948 1313 primitiuae
2969 1244 3211 1313 perfectio
3236 1238 3486 1298 inviolata

1970 1312 2271 1386 perrptansit,
2304 1313 2509 1386 penitus
2540 1327 2640 1365 non
2669 1313 2848 1386 fuisse.
2882 1311 3003 1386 Non
3052 1311 3189 1386 enim
3241 1314 3484 1386 pracepti

1969 1382 2129 1450 hujus
2158 1385 2473 1446 necessitate,
2507 1399 2600 1435 nec
2627 1384 2778 1451 quasi
2806 1383 2960 1452 legali
2982 1384 3239 1437 sanctione
3267 1382 3486 1439 constri-

1969 1453 2057 1513 cti,
2112 1454 2412 1506 arctissimis
2442 1455 2765 1523 jejuniorum
2812 1454 3041 1507 terminis
3083 1453 3481 1523 claudebantur,

1967 1523 2061 1645 qia;
2074 1538 2165 1593 per
2196 1532 2358 1577 totum
2387 1525 2510 1577 anni
2558 1525 2785 1593 spatium
2831 1524 3020 1594 (equali
3040 1526 3245 1596 jejunio
3275 1523 3485 1580 conclu-

2006 1612 2030 1645 e
2065 1604 2239 1645 antur.

2006 1604 2239 1648 ebantur.

1972 1686 2180 1754 (Annot.
2225 1687 2341 1753 27.)
2388 1686 2877 1759 Quadragesimalis
2900 1688 3092 1759 jejunii
3139 1689 3480 1745 observatio-

1901 1772 2020 1810 nem
2049 1771 2198 1828 Nesse
2250 1759 2597 1826 apostolicam
2651 1761 2989 1814 sanctionem
3025 1768 3083 1816 et
3112 1761 3477 1828 traditionem,

1902 1828 1961 1880 Β.
2018 1827 2377 1897 Hieronymus
2432 1828 2483 1883 in
2530 1830 2754 1893 epistola
2795 1831 2860 1884 ad
2890 1830 3191 1885 Marcellam
3215 1827 3482 1887 adversus

1900 1898 2134 1969 Montani
2171 1914 2406 1963 errores,
2438 1899 2722 1954 manifeste
2750 1901 3015 1969 signiﬁcat
3046 1901 3098 1954 in
3131 1900 3245 1956 ha-c
3273 1904 3435 1956 verba
3460 1918 3480 1957 :

1901 1967 2036 2043 Nos‘
2070 1985 2227 2043 unam
2283 1970 2762 2043 Ouadragesimam,
2805 1967 3086 2025 secundum
3128 1974 3480 2043 apostolorum

1900 2039 2251 2113 traditionem,
2271 2039 2660 2113 tempore'nobis
2684 2058 2911 2111 congruo
2921 2044 3254 2113 jejunamus;
3276 2041 3359 2095 illi
3379 2052 3481 2097 tres

1898 2111 1952 2184 i_n
1979 2127 2117 2184 anno
2168 2110 2599 2184 Quadragesimas
2647 2110 2867 2182 faciunt,
2899 2110 3044 2184 quasi
3077 2123 3185 2184 tres
3211 2116 3352 2184 passi
3377 2114 3481 2168 sint

1901 2181 2215 2235 Salvatores.
2240 2182 2335 2234 Cui
2368 2181 2728 2249 astipulantur
2756 2198 2930 2237 canon
2958 2183 3027 2237 69
3073 2181 3221 2237 inter
3239 2198 3480 2241 canones

1899 2252 2288 2317 apostolorum,
2318 2252 2434 2307 Div.
2467 2254 2719 2309 Clemens
2760 2254 2917 2309 Rom.
2956 2254 3051 2308 lib.
3085 2270 3116 2307 v
3143 2254 3484 2323 Apostolica-

1900 2324 2498 2395 [umConstitutionum
2530 2339 2579 2378 c.
2617 2324 2701 2387 12,
2730 2326 2790 2379 ι).
2818 2325 3051 2395 lgnatius
3074 2324 3123 2378 in
3152 2324 3379 2395 Epistol.
3410 2323 3477 2379 ad

1900 2392 2137 2466 Philipp.
2170 2408 2288 2466 cap.
2333 2396 2385 2459 4,
2421 2396 2507 2448 ubi
2536 2392 2973 2466 Quadragesimaa
2991 2395 3274 2464 jejunium,
3306 2394 3402 2450 Dei
3423 2403 3482 2451 et

1902 2463 2135 2536 hominis
2168 2464 2519 2519 imitationem
2552 2463 2815 2536 appellati;
2852 2463 3080 2521 Basilius
3112 2466 3331 2535 Magnus
3352 2480 3479 2521 ors-

1900 2535 2045 2589 tione
2068 2535 2135 2589 de
2165 2535 2422 2598 Ebriosis,
2440 2546 2494 2591 et
2519 2537 2571 2591 in
2591 2535 2831 2605 utroque
2861 2540 2928 2593 de
2954 2537 3169 2606 Jejunio
3196 2551 3476 2606 sermone,

1902 2606 1951 2659 in
1980 2620 2208 2675 quorum
2232 2608 2401 2661 altero
2424 2608 2559 2679 dicit
2599 2610 2820 2677 angelos
2850 2604 3091 2679 tempore
3119 2604 3481 2679 Quadragesi;

1900 2692 2001 2730 mae
2057 2692 2151 2743 per
2204 2692 2394 2732 Onittes
2441 2678 2715 2734 Ecclesias
2742 2678 3044 2745 jejunantes
3064 2678 3396 2740 describere,
3421 2686 3477 2733 et

1903 2751 2079 2800 minus
2108 2763 2228 2801 esse
2261 2750 2484 2817 periculi
2512 2750 2555 2803 si
2581 2753 2734 2804 miles
2755 2751 2967 2818 abjectn
2991 2751 3192 2820 clypeo
3215 2749 3281 2820 ad
3308 2748 3478 2820 inimi-

1900 2832 2085 2890 corum
2117 2821 2287 2873 aciem
2312 2829 2364 2873 et
2386 2829 2561 2874 castra
2597 2818 3111 2890 transeat,qnam‘si
3137 2818 3478 2874 Christianus

1900 2889 2166 2960 quispiam
2223 2901 2372 2944 extra
2405 2891 2704 2960 catalogum
2738 2889 3098 2958 jejunantium
3148 2890 3476 2960 inveniatur.

1900 2957 1955 3011 lu
2012 2960 2256 3013 eamdem
2284 2957 2603 3014 sententiam
2648 2961 2707 3014 Β.
2745 2957 3076 3015 Ambrosius
3106 2973 3271 3012 serm.
3302 2958 3337 3010 2
3369 2972 3479 3013 non

1904 3026 2021 3080 leve
2053 3040 2330 3096 peccotum
2362 3046 2481 3083 esse
2526 3031 2720 3085 asserit
2746 3029 2998 3083 indictam
3027 3044 3057 3083 a
3089 3029 3319 3083 Domino
3339 3027 3482 3096 Qua-

200 3087 329 3150 rum.
363 3087 644 3169 Numquid
678 3087 793 3153 talis
813 3111 921 3153 erat
942 3087 1049 3163 ille,
1084 3087 1288 3165 inquit,
1320 3087 1406 3169 qui
1438 3101 1584 3163 dicit,
1609 3098 1797 3168 Legem
1824 3087 1873 3150 C
1902 3087 2260 3164 dragésimatn
2286 3100 2509 3164 violare,
2530 3102 2653 3167 quia
2678 3100 2769 3169 qui
2799 3101 2930 3154 dicit
2954 3115 3013 3154 se
3040 3101 3092 3154 in
3120 3097 3333 3169 Christo
3348 3087 3481 3169 ista.

196 3184 326 3234 pone
370 3168 539 3238 mihi,
579 3168 829 3233 Domine,
876 3170 1113 3238 qualibus
1152 3171 1327 3222 beatus
1357 3170 1634 3237 Apostolus
1676 3168 1798 3238 dicit

195 3240 423 3307 positam
454 3237 653 3308 legem?
683 3237 854 3302 Absit;
875 3237 921 3291 si
941 3240 1075 3291 enim
1100 3240 1216 3291 talis
1246 3249 1394 3299 esset,
1428 3237 1801 3308 nonisuperius

191 3308 447 3369 dixisset,
481 3307 633 3359 Viam
656 3308 1017 3359 mandatorum
1041 3316 1243 3360 tuorum
1268 3309 1494 3360 cucurri.
1523 3307 1657 3371 Quid
1680 3323 1800 3375 ergo

190 3378 335 3447 quod
366 3385 488 3447 orat
516 3388 571 3431 ut
592 3378 689 3430 sibi
720 3378 801 3431 lea:
823 3396 852 3429 a
886 3376 1107 3430 Domino
1131 3386 1373 3444 ponatur,
1399 3379 1443 3430 si
1474 3394 1574 3429 non
1595 3379 1799 3443 ponitur

196 3444 378 3506 iusto?
410 3444 494 3520 An
517 3464 576 3501 eo
609 3448 759 3501 modo
804 3464 906 3501 non
950 3450 1159 3519 ponitur
1177 3452 1324 3520 justo
1349 3449 1603 3518 quontodo
1632 3450 1799 3518 posita

197 3528 265 3572 est
286 3517 496 3589 populo
521 3520 811 3590 contumaci
832 3521 883 3572 in
912 3517 1102 3573 tabulis
1126 3517 1368 3590 lapideis,
1398 3535 1497 3571 non
1526 3521 1582 3572 in
1610 3517 1798 3574 tabulis

202 3588 370 3644 cordis
429 3589 755 3653 carnalibus,
794 3592 1078 3644 secundum
1126 3588 1264 3645 vetus
1318 3588 1696 3643 Testamentum
1744 3592 1797 3645 in

206 3670 375 3714 monte
398 3658 555 3727 Sina,
580 3662 633 3713 in
664 3662 952 3715 servitutem
972 3677 1258 3730 generatis;
1286 3664 1374 3714 sed
1399 3662 1679 3713 secundum
1705 3679 1797 3716 no-

208 3746 317 3783 vum
343 3730 754 3802 Testamentum,
783 3734 847 3785 de
875 3748 975 3799 quo
1004 3734 1249 3802 scriptum
1277 3743 1349 3784 est
1389 3750 1479 3802 per
1517 3730 1796 3786 Jeremiam

215 3804 510 3875 prapltetam
538 3818 558 3854 :
589 3801 717 3875 Post
745 3803 865 3857 illos
888 3803 1016 3865 dies,
1042 3801 1168 3856 dicit
1207 3802 1481 3875 Dominus,
1505 3803 1634 3856 dabo
1662 3806 1797 3875 leges

214 3888 339 3925 meas
363 3874 417 3926 in
449 3874 701 3928 mentibus
725 3890 921 3937 eorum,
944 3882 991 3927 et
1019 3875 1071 3926 in
1102 3874 1341 3927 cordibus
1371 3890 1543 3926 eorum
1576 3874 1793 3928 scribam

213 3956 308 3996 eas.
331 3942 466 3997 Ecce
488 3946 743 4016 quomodo
756 3945 912 3999 voluit
929 3945 1025 3997 iste
1045 3944 1205 4016 legem
1224 3946 1346 4014 poni
1367 3945 1464 4016 sib_i
1487 3962 1518 3997 a
1543 3943 1758 3997 Domino
1775 3961 1793 3998 :

215 4027 304 4066 non
326 4016 465 4068 sicut
486 4015 697 4084 injustis
716 4026 764 4069 et
788 4031 887 4068 non
916 4014 1135 4069 subditis
1162 4018 1227 4067 ad
1260 4027 1397 4068 vetus
1418 4014 1793 4069 Testamentum

213 4086 599 4154 pertinentibus,
631 4087 722 4140 sed
761 4088 892 4141 sicut
937 4088 1128 4140 sanctis
1153 4128 1167 4150 ,
1210 4086 1334 4154 ﬁliis
1366 4085 1559 4145 liberte,
1592 4084 1688 4138 hoc
1717 4095 1793 4140 est

212 4168 441 4225 superna:
465 4153 779 4223 Jerusalem,
807 4158 931 4225 ﬁliis
958 4153 1328 4224 promissionis,
1366 4157 1488 4225 ﬁtiis
1514 4156 1790 4210 ltwredita-

214 4224 267 4299 tis
291 4236 504 4299 aternte
522 4237 699 4280 sancto
728 4224 930 4299 Spiritu
955 4237 1211 4297 tamquam
1239 4228 1399 4297 digito
1430 4228 1522 4281 Dei
1554 4229 1605 4279 in
1631 4238 1792 4283 mente

211 4294 367 4363 detur,
392 4305 453 4353 et
481 4298 536 4351 in
574 4294 812 4353 cordibus
837 4294 1082 4351 scribitur
1106 4315 1207 4353 non
1236 4294 1391 4367 quam
1439 4300 1685 4351 memoria
1713 4309 1788 4351 te-

215 4377 413 4441 neantiot
457 4369 561 4421 vita
590 4368 871 4441 negligant.
902 4370 1167 4424 Hactenus
1190 4369 1538 4435 Augustinus.
1565 4368 1791 4441 Fallitur

1906 3181 2055 3239 nere,
2104 3168 2266 3239 debet
2317 3172 2459 3221 sicut
2490 3170 2589 3239 ille
2636 3168 2934 3224 ambulavit
2956 3180 3009 3223 et
3034 3171 3149 3239 ipse
3178 3168 3477 3224 ambulare.

1904 3233 2000 3309 {iis
2053 3238 2441 3309 assentiuntur
2487 3238 2841 3309 Epiphanius,
2906 3233 3069 3305 Le0,'
3098 3240 3477 3309 Hieronymus,

1904 3304 2256 3373 The0philns,
2290 3308 2570 3372 Eusebius,
2594 3304 3044 3376 ChrysoStomus,
3086 3320 3143 3364 et
3184 3304 3362 3376 plures
3388 3304 3475 3365 alii

1902 3377 2101 3449 vetusti
2132 3378 2338 3449 Patres,
2397 3382 2483 3447 qui
2512 3380 2772 3435 concordi
2795 3381 3059 3436 sententia
3092 3379 3309 3435 tradunt
3336 3380 3478 3449 quod

1901 3446 1969 3499 ab
1990 3447 2218 3523 exordio
2273 3446 2541 3505 nascentis
2579 3451 2853 3523 Ecclesia:
2870 3451 3030 3523 fuerit
3050 3446 3476 3523 apostolica—do-

1901 3518 2072 3593 ctrina
2122 3532 2174 3574 et
2205 3524 2515 3576 constitutio
2559 3522 2627 3577 de
2661 3525 2761 3577 lioc
2782 3522 2991 3593 jejunio
3014 3518 3377 3592 suscipiendo,
3410 3537 3479 3578 eo

1900 3588 2043 3663 quod
2086 3592 2400 3663 memoriam
2431 3594 2706 3648 contineat
2727 3588 2855 3649 vllae
2876 3594 3075 3649 Christi
3107 3588 3176 3648 et'
3204 3594 3479 3663 evangeli-

1900 3660 2374 3732 c:e_legislationis.
2406 3663 2541 3718 Nam
2571 3664 2832 3719 Dominus
2880 3665 3268 3732 praedicaturus
3296 3660 3475 3719 Eian-

1897 3729 2119 3809 gelitnn,
2145 3732 2407 3809 jejutta‘vit
2449 3737 2615 3809 prius-
2643 3729 2991 3809 quadraginta
3019 3738 3211 3809 diebus
3237 3743 3293 3789 et
3334 3749 3476 3809 qua-

1897 3803 2142 3869 draginta
2176 3806 2444 3867 noetihus,
2477 3804 2617 3873 quod
2659 3803 2922 3871 jejunium
2967 3807 3293 3873 quicumque
3320 3803 3476 3859 nobis

1900 3872 2156 3943 indictum
2186 3889 2309 3929 esse
2356 3884 2571 3943 negant,
2604 3875 2738 3928 sicut
2773 3872 3392 3943 faciunt’protestantes.
3426 3874 3475 3930 si

1897 3942 2083 3997 nolunt
2106 3946 2267 3999 etiam
2300 3942 2435 3999 vitai
2452 3944 2655 3999 Christi
2688 3942 3222 3999 memoriam’haberc
3248 3958 3262 4007 ;
3287 3959 3476 4012 quem-

1896 4014 2183 4068 admodum
2229 4031 2333 4070 non
2378 4016 2491 4071 vult
2519 4015 2833 4070 memoriam
2862 4015 3127 4083 passionis
3153 4012 3352 4068 Christi
3382 4017 3476 4070 Ita-

1894 4083 2044 4146 bere,
2079 4086 2166 4152 qui
2201 4102 2305 4141 non
2330 4088 2445 4140 vult
2469 4088 2619 4155 sequi
2650 4086 2873 4155 vestigia
2906 4086 3023 4153 ejus
3047 4096 3101 4140 et
3130 4084 3387 4153 compati,
3416 4095 3476 4141 ut

1894 4155 2348 4225 conglorilicetur.
2381 4158 2533 4213 Sicut
2552 4154 2703 4211 enim
2735 4154 2925 4227 passus
2954 4167 3038 4212 est
3066 4154 3314 4211 Christus
3344 4166 3475 4227 utet

1894 4241 1991 4298 nos
2016 4242 2305 4295 sequamur
2336 4228 2561 4298 vestigia
2592 4226 2745 4296 ejus,
2776 4228 2844 4282 ita
2877 4243 3093 4298 quoque
3118 4226 3473 4298 quadraginta

1891 4296 2082 4350 diebus
2106 4298 2371 4366 jejunavit
2401 4310 2459 4354 ut
2482 4296 2584 4353 nos
2615 4300 2763 4355 illum
2790 4296 3126 4355 imitaremur
3147 4297 3464 4366 jejuuando,

1892 4367 2119 4440 orando,
2151 4372 2495 4440 abstinendo,
2528 4378 2583 4423 et
2612 4385 2705 4437 per
2733 4371 2912 4425 omnia
2938 4369 3178 4440 vestigiis
3208 4371 3356 4425 illius
3390 4369 3470 4424 in.

214 4449 327 4517 ρι’εο
352 4440 616 4517 Thepnas
653 4437 786 4517 dum
836 4448 986 4517 putat
1015 4443 1329 4517 Apostolum
1380 4440 1447 4493 de
1470 4441 1637 4517 omni
1669 4440 1787 4517 lege
1812 4452 1868 4512 ι)
1891 4437 2153 4517 sistend_o.
2198 4439 2330 4493 Nam
2365 4442 2477 4517 hoc
2494 4449 2576 4494 est
2604 4442 2863 4517 iyspyétc,‘
2882 4441 2932 4517 id
2959 4437 3387 4517 e_st,_'el'll_c_aciter
3414 4447 3470 4496 et

214 4502 443 4581 locutum
471 4509 658 4577 fuisse,
684 4502 910 4581 ideoque
940 4502 1084 4564 viros
1112 4512 1286 4579 iustos
1317 4526 1380 4565 ac
1404 4509 1687 4578 religiosos
1714 4502 1780 4563 ad

215 4574 364 4650 legent
412 4574 772 4635 ecclesiastici
798 4574 988 4650 jejunii
1042 4574 1149 4634 non
1194 4582 1443 4649 astringi;
1477 4574 1569 4634 sed
1624 4593 1783 4646 posse

216 4646 325 4705 illud
363 4662 593 4722 propter
624 4646 901 4706 honestam
930 4660 1251 4722 etusanctam
1291 4646 1520 4719 aliquam
1551 4650 1782 4703 necessi-

217 4720 577 4777 |atemlaxare
606 4732 660 4776 et
687 4724 900 4778 solvere
930 4738 942 4774 :
977 4720 1155 4775 Omnis
1183 4724 1320 4774 enim
1347 4724 1521 4774 anima
1551 4728 1779 4787 potesta-

218 4788 330 4845 libus
352 4792 743 4849 sublimioribus
764 4794 967 4847 subdita
994 4804 1100 4857 est;
1130 4807 1235 4846 non
1270 4802 1414 4845 esset
1443 4800 1619 4845 autem
1646 4791 1777 4843 sub-

217 4857 308 4933 dita
336 4865 589 4931 potestati
617 4865 907 4933 superiori,
939 4864 1040 4916 nisi
1062 4863 1221 4917 etiam
1246 4862 1455 4929 legibus
1475 4862 1616 4915 illius
1635 4870 1780 4916 esset

219 4931 475 5005 subjecta;
507 4950 606 5005 nec
634 4931 810 5002 potest
837 4938 1116 5005 quisquam
1154 4934 1493 5000 quantumvis
1518 4934 1693 5005 justus
1718 4946 1782 4987 ac

220 5005 409 5076 probus
429 5004 507 5076 ab,
528 5003 864 5076 obligatione
891 5021 1073 5059 earum
1108 5006 1282 5074 legum
1312 5019 1431 5073 qua:
1450 5075 1454 5076 ν
1476 5003 1572 5076 toti
1598 5004 1779 5076 reipu-

221 5068 351 5146 blica:
378 5068 707 5131 Christianis
761 5068 1381 5146 prmcipittntttr,'eximi,
1409 5075 1508 5127 nisi
1545 5074 1637 5146 lex
1662 5068 1774 5143 ipsa

220 5150 297 5215 aut
321 5144 593 5214 legislator
617 5149 754 5215 justa
786 5150 853 5203 de
880 5144 1039 5201 causa
1081 5146 1374 5215 dispenSet.
1405 5144 1558 5212 Quod
1586 5145 1629 5197 si
1659 5146 1778 5212 quis

223 5207 339 5293 forte
363 5207 1000 5293 contendat‘apostolum
1038 5207 1259 5273 Paulum
1289 5217 1357 5271 de
1386 5207 1547 5293 omni
1576 5207 1776 5293 praece-

222 5286 379 5360 ptione
427 5303 491 5341 ac
520 5290 635 5355 lege
665 5286 899 5344 loeutum
932 5290 1114 5351 fuisse,
1152 5305 1253 5345 non
1288 5298 1464 5360 tamen
1497 5286 1776 5360 hincelli—

222 5358 329 5431 ciet,
347 5361 520 5431 justas
549 5375 654 5414 non
689 5360 858 5415 teneri
889 5360 1361 5431 quadragesimalis
1384 5358 1571 5429 jejunii
1596 5358 1777 5413 obser-

224 5426 438 5499 “lione,
467 5430 605 5484 sicut
636 5432 750 5484 vult
792 5426 957 5485 abbas
1004 5426 1288 5496 Théonas;
1317 5426 1409 5484 sed
1442 5426 1593 5499 negat
1627 5431 1776 5498 Apo-

225 5495 368 5572 stolus
390 5500 567 5565 justos
597 5516 715 5555 esse
736 5502 836 5556 sub
867 5502 1004 5572 lege,
1037 5501 1158 5572 quia
1192 5495 1336 5555 nulla
1359 5513 1441 5555 est
1473 5495 1560 5555 lex
1581 5495 1698 5572 ψκῂ
1724 5501 1775 5553 in

227 5561 546 5639 illosiltabeat
594 5572 695 5626 vim
725 5561 1140 5636 coactiviarhiut
1178 5573 1490 5639 loquuntur,
1523 5561 1657 5624 sicut
1687 5571 1780 5623 ha-

228 5628 376 5714 belin
404 5640 668 5710 injustas;
701 5658 859 5714 atque
904 5645 973 5698 ita
1012 5628 1157 5713 justo
1189 5628 1291 5697 non
1344 5653 1415 5697 est
1459 5628 1545 5696 lex
1589 5642 1776 5711 posita,

232 5705 332 5766 quia
354 5705 577 5777 ipsi'sibi
602 5725 719 5769 sunt
765 5705 869 5781 lex,
917 5705 1088 5783 inquit
1118 5715 1425 5781 Apostolus.
1458 5705 1781 5767 dum'ostenL
1812 5718 1823 5731 ‘

1893 4508 2010 4575 ipso
2035 4507 2227 4561 allecto
2258 4511 2573 4564 meminisse
2597 4507 2959 4573 vitin'Christi,
2985 4509 3186 4564 imitari
3217 4511 3383 4572 illam,
3408 4520 3465 4564 et

1891 4591 1994 4645 pro
2015 4586 2231 4649 naturae
2255 4591 2451 4632 nostrae
2476 4578 2716 4649 modulo,
2745 4590 2805 4633 ut
2824 4579 3051 4647 quisque
3077 4576 3219 4633 ferre
3266 4586 3461 4649 potest,

1890 4646 2133 4702 moribus
2161 4656 2216 4702 et
2249 4651 2354 4701 vita
2385 4648 2717 4717 exprimere.

2455 4741 2573 4797 Col.
2601 4742 2673 4797 25
2715 4756 2833 4811 cap.
2858 4741 2893 4795 2

1891 4836 2030 4904 Quid
2058 4837 2124 4891 sit
2147 4835 2508 4907 principaliter
2537 4836 2723 4889 bonum
2750 4834 2887 4907 quod
2907 4831 3186 4907 Apostolus
3216 4843 3327 4907 non
3373 4847 3474 4907 po:

1958 4910 2113 4961 tuerit
2148 4903 2407 4978 perﬁcere
2444 4923 2558 4959 cunt
2583 4908 2747 4968 vellet,
2795 4904 3091 4978 diligentius
3134 4903 3470 4978 indagemus.

1957 4979 2128 5033 Multa
2162 4971 2310 5031 'enim
2349 4978 2579 5031 novimus
2623 4977 2754 5030 bona
2785 4971 2909 5046 qua?
2929 4976 3128 5046 beatum
3164 4971 3472 5045 Apo'stolunr

1954 5065 2228 5121 omnesque
2272 5049 2418 5121 illius
2471 5049 2637 5101 meriti
2677 5044 2807 5101 viros
2836 5055 2883 5099 et
2927 5044 3168 5101 habuisse
3190 5044 3279 5113 per
3327 5052 3471 5097 natu-

1953 5138 2085 5188 ram,
2101 5120 2148 5177 et
2169 5120 2370 5174 acuisse
2392 5136 2480 5189 per
2503 5120 2727 5190 gratiam
2757 5133 2942 5187 negare
2968 5132 3069 5170 non
3099 5130 3387 5186 possumus.

1953 5213 2166 5283 (Annot.
2183 5212 2300 5284 28.)
2326 5213 2529 5284 Bonum
2562 5210 2803 5265 bifariam
2826 5210 3046 5284 dicitur,
3065 5220 3259 5277 nempe
3280 5203 3464 5284 cilicio

1882 5276 1998 5340 sive
2017 5276 2309 5357 secundum
2335 5283 2689 5357 substantiam
2714 5290 2965 5357 a_ctus,ut_
2982 5281 3272 5357 loquuntur
3296 5276 3461 5357 solio.

1884 5355 2081 5419 lastici,
2100 5367 2149 5409 et
2176 5354 2374 5427 bonum
2394 5368 2541 5427 vera:
2573 5353 2807 5427 virtutis,
2826 5351 2978 5427 quod
2999 5351 3069 5404 sit
3098 5359 3316 5427 atteram
3336 5351 3463 5427 vitm

1884 5416 2241 5481 meritoriam.
2278 5424 2407 5477 Illud
2434 5433 2612 5494 potest
2639 5423 2708 5478 ab
2755 5416 3063 5494 hominibus
3092 5419 3207 5494 ﬁeri
3238 5433 3304 5473 ex
3327 5416 3461 5494 solis

1883 5506 2090 5569 patum:
2120 5486 2514 5569 viribusssic'nt
2565 5495 2816 5569 permulti
2868 5489 3173 5569 philosophi
3212 5500 3267 5544 et
3314 5486 3455 5569 apud

1882 5567 2158 5641 Romanos
2174 5558 2335 5635 atque
2349 5558 2579 5641 Graecos
2592 5565 2837 5641 celebres
2850 5558 3154 5641 _viri_multa
3182 5558 3457 5641 litoraliter

1882 5639 2144 5713 etpolﬁcio
2175 5631 2330 5691 tenus
2361 5640 2497 5692 bona
2529 5637 2788 5713 iecerunt.
2821 5634 3010 5713 Mansit
3036 5636 3179 5689 enim
3202 5632 3258 5686 in
3292 5631 3457 5713 homi—

1884 5710 2042 5765 nibus
2070 5718 2192 5777 post
2220 5720 2499 5765 peccatum
2528 5707 2806 5765 inclinatio
2826 5706 3069 5778 quzedant
3095 5701 3364 5776 generalis
3382 5699 3453 5758 ad
