4000 6186
161 289 273 352 sta

991 299 1052 354 Ρ.
1088 297 1386 355 CIACONII
1425 298 2002 354 OBSERVATIONES
2036 299 2102 353 IN
2142 298 2193 354 J.
2235 299 2654 360 CASSIANUM.

167 413 3452 448 —w-—-—-_"—————————_———__

507 526 601 604 Ρ.
660 515 1154 596 ΟΙᾹΟΟΝῙΪ
1197 523 1759 596 OBSERVA']

1868 519 1992 596 DN
2006 522 2128 595 ES
2182 523 2300 598 IN
2350 524 2441 601 J.
2500 525 3137 601 CASSIANUM.

243 750 524 820 Quoniam
554 747 824 824 Gelasius
846 746 1090 824 pontifex
1119 748 1390 824 maximus
1440 749 1495 803 in
1540 749 1774 824 concilio
1804 751 1852 808 A
1883 745 2002 824 rum
2029 765 2410 824 summumque
2443 752 2662 814 bonum.
2691 770 2886 824 nempe
2904 753 3099 823 Deum,
3126 771 3229 810 non
3263 758 3462 814 refere-

170 825 245 884 70
302 825 684 892 episcoporum
715 821 937 876 Joannis
983 820 1221 892 Cassiani
1250 835 1412 888 opera
1461 821 1772 892 apocrypha

170 891 459 965 judicavit,
486 895 648 965 idque
675 907 734 965 ea
763 895 969 965 ratione
1018 891 1380 965 potissimum,
1411 891 1556 965 quod
1587 892 1770 965 collat.

177 961 246 1021 i3
275 966 500 1032 aliisque
527 961 664 1017 locis
696 963 761 1016 de
789 964 957 1031 gratia
990 973 1041 1016 et
1071 962 1239 1015 libero
1287 961 1517 1032 hominis
1547 963 1771 1016 arbitrio

176 1033 331 1092 m'ore
363 1031 777 1104 Peiagianorum
813 1036 1046 1101 loculus,
1077 1048 1105 1086 a
1141 1032 1407 1104 Prospero
1423 1031 1766 1104 'Aquitanico,

176 1110 378 1176 scripto
415 1100 678 1159 adiersus
723 1121 846 1159 eum
880 1100 1038 1166 libro,
1072 1100 1348 1158 coovietus
1379 1100 1547 1176 esset,
1597 1103 1759 1176 (“Siti

177 1173 433 1233 ciendum
464 1176 590 1246 quid
641 1176 692 1228 in
726 1176 843 1244 ejus
871 1175 1087 1243 scriptis
1120 1175 1483 1242 respuendum
1518 1173 1768 1246 sit,7quid

177 1259 362 1314 autem
388 1245 526 1317 piam
558 1247 800 1311 recipere
840 1248 1010 1314 possit
1058 1248 1580 1310 interpretationem.
1627 1245 1766 1298 Loca

175 1317 346 1391 igitur
404 1320 573 1371 omnia
600 1331 721 1391 quae
776 1317 1162 1391 Pelagianismi
1203 1317 1558 1391 suspicionem
1608 1331 1771 1391 gene-

177 1387 304 1460 rare
335 1399 572 1459 possent,
606 1387 853 1443 undecim
904 1387 1362 1457 propositionibus
1413 1387 1769 1457 comprehen—

175 1459 324 1517 dam.

470 1551 684 1606 PRIMA
710 1547 1021 1606 CASSIANI
1055 1547 1474 1604 [’ROPOSITIO.

247 1665 570 1735 Priusquam
613 1666 840 1731 primam
875 1664 1294 1732 propositionem
1347 1663 1432 1719 hic
1463 1664 1764 1730 ascribam,

180 1735 315 1794 illud
348 1738 804 1791 commoneiidUm
829 1737 1041 1790 videtur
1075 1754 1084 1787 :
1111 1735 1335 1788 liberum
1363 1735 1594 1788 hominis
1621 1736 1763 1789 arbi-

181 1809 344 1863 trium
377 1808 444 1861 ad
470 1810 695 1878 gloriam
728 1807 1158 1874 promerendam,
1187 1805 1271 1859 vel
1302 1805 1366 1857 ad
1404 1808 1628 1875 gratiam
1673 1823 1768 1859 au-

174 1881 430 1964 gendam,
489 1879 724 1948 Spiritus
756 1884 923 1964 sancti
982 1878 1499 1964 grat'iainlialarente
1550 1879 1765 1960 penitus

175 1948 452 2020 indigere;
487 1966 659 2019 neque
687 1959 852 2004 totam
887 1951 1057 2017 legem
1084 1950 1175 2002 Dei
1210 1948 1432 2016 implere
1460 1963 1619 2015 posse
1651 1952 1764 2002 suis

174 2019 407 2090 vi'riﬁus,
422 2036 600 2091 neque
618 2023 682 2074 ad
704 2024 927 2091 gratiam
947 2036 1005 2074 se
1028 2033 1331 2090 pricparare
1351 2034 1416 2072 ex
1440 2021 1758 2090 propinquo,

175 2093 283 2148 nisi
317 2094 547 2160 Spiritus
592 2096 759 2145 sancti
793 2096 1030 2146 motione
1061 2093 1424 2146 sublevatum:
1457 2106 1631 2158 neque
1662 2093 1759 2144 de-

172 2174 330 2218 mum
376 2163 578 2228 aliquid
628 2164 767 2227 quod
797 2163 861 2217 ad
892 2175 1146 2216 teteriiam
1176 2162 1404 2216 salutem
1434 2170 1663 2228 spectet,
1690 2178 1757 2216 ex

171 2235 362 2301 seipse
387 2235 527 2288 velle
555 2249 648 2288 seu
676 2234 876 2300 facere,
900 2249 1003 2304 qua
1035 2234 1102 2287 de
1133 2247 1291 2285 causa
1313 2232 1573 2304 Dominus
1603 2234 1757 2292 dixit.

171 2305 315 2362 Sine
343 2323 420 2360 me
457 2305 584 2358 nihil
620 2307 825 2376 potestis
857 2303 1056 2374 facere;
1085 2316 1273 2358 contra
1309 2319 1436 2356 vero
1469 2303 1559 2376 Dei
1592 2307 1761 2376 gratia

168 2377 568 2433 communitum
620 2374 737 2430 itzrc
778 2377 954 2429 omnia
1001 2387 1157 2444 posse
1209 2385 1486 2446 prmstare.
1519 2374 1593 2428 lta
1627 2375 1680 2429 tit
1708 2383 1765 2430 ut

169 2457 392 2504 sanctae
421 2447 654 2501 actiones
681 2463 743 2502 ac
776 2458 917 2503 recte
948 2449 1082 2500 facta
1113 2459 1287 2516 neque
1309 2448 1413 2500 sint
1445 2447 1615 2499 solius
1643 2462 1764 2514 gra-

165 2517 270 2574 tiae
310 2534 480 2586 neque
508 2520 676 2574 solius
702 2520 854 2574 liberi
885 2517 1229 2582 arliitrii,sed
1258 2519 1554 2584 utriusque,
1578 2533 1765 2585 quein-

164 2590 476 2643 admodum
520 2600 727 2644 rectum
761 2593 860 2645 iter
898 2592 1182 2644 coniicitur
1213 2599 1264 2641 et
1296 2588 1589 2660 gradientis
1640 2589 1761 2660 equi

161 2660 383 2716 labore
411 2671 460 2715 et
485 2664 683 2730 equitis
712 2660 988 2730 dirigentis
1018 2661 1294 2714 industria.
1329 2659 1592 2713 Caeterum
1625 2659 1761 2730 prie-

165 2742 264 2786 ιρι·
293 2731 411 2785 inec
436 2747 597 2802 opera
625 2749 764 2786 verae
789 2733 1010 2802 justitiie
1041 2733 1246 2800 intima,
1280 2741 1402 2784 sunt
1427 2743 1479 2786 et
1512 2731 1611 2784 alia
1641 2741 1761 2801 qua!

160 2819 290 2856 non
321 2813 512 2870 potest,
542 2813 717 2870 potest
746 2813 920 2858 tamen
953 2803 1231 2868 noiiiiufla,
1255 2802 1491 2872 alioquin
1524 2818 1630 2857 non
1658 2803 1739 2857 dii‘

159 2871 356 2928 ferret
391 2889 419 2925 a
459 2887 682 2930 mortuo.
749 2877 992 2929 'l'uentur
1042 2875 1179 2929 hanc
1224 2871 1568 2937 sententiam,
1626 2877 1766 2931 inter

155 2944 536 2999 scholastiCiis
564 2949 622 3001 S.
657 2945 850 3001 Thom.
880 2945 978 3001 1-2
1005 2956 1191 3016 quaest.
1227 2943 1325 2999 109
1356 2956 1458 2997 art.
1493 2945 1550 3012 2,
1585 2954 1640 2999 et
1667 2946 1764 3000 2-2

159 3024 380 3084 quaest.
414 3018 480 3072 ait)
509 3028 613 3071 art.
649 3017 702 3084 Ιι,
738 3025 788 3070 et
819 3015 1105 3082 utrobique
1130 3015 1246 3082 Cai.
1284 3016 1497 3068 Alensis
1533 3025 1672 3082 part.
1710 3033 1764 3070 Ill

213 3096 376 3141 tuest.
396 3086 461 3141 69
495 3089 721 3140 membr.
752 3086 785 3139 5
813 3099 912 3141 art.
945 3088 980 3141 5
1001 3086 1064 3139 ad
1089 3087 1271 3148 finem,
1297 3086 1570 3141 B'oiiaven.
1602 3085 1695 3138 lib.
1727 3101 1766 3140 ιι

248 3153 336 3210 ut.
369 3151 608 3211 distinct.
638 3157 710 3210 28
738 3168 841 3210 art.
866 3159 923 3226 2,
947 3169 997 3208 et
1026 3157 1207 3209 creteri
1249 3157 1361 3209 fere
1390 3171 1600 3226 omnes.
1657 3155 1766 3226 Ho—

151 3244 292 3295 rum
330 3227 594 3281 doctrina:
624 3229 804 3280 favent
835 3225 1073 3295 plerique
1103 3227 1310 3286 Patres,
1353 3240 1414 3278 ac
1438 3225 1671 3292 primum
1706 3225 1766 3280 S.

158 3291 504 3366 Hieronym.
524 3298 618 3349 lib.
647 3312 702 3350 ut
728 3291 911 3350 conira
945 3291 1275 3366 Pelagianos.
1293 3295 1407 3347 Hoc
1436 3291 1538 3356 est,
1573 3295 1765 3361 inquit,

152 3371 322 3442 quod
365 3365 458 3420 tibi
499 3367 549 3419 in
588 3367 849 3442 principio
880 3367 1143 3442 dixeram,
1174 3365 1225 3418 iii
1257 3375 1441 3418 nostra
1476 3377 1596 3419 esse
1628 3369 1769 3442 posif

153 3437 286 3496 ium
322 3445 591 3507 potestate
621 3439 704 3491 vrl
732 3453 956 3506 peccare
981 3437 1058 3506 vel
1087 3451 1190 3489 non
1240 3450 1482 3503 peccare,
1512 3443 1567 3490 et
1591 3438 1672 3492 vel
1700 3440 1764 3492 ad

1794 2133 1841 2194 Β

1880 820 2026 892 bant.
2055 820 2213 876 Juxta
2246 821 2384 876 hanc
2414 834 2725 879 sanctorum
2758 820 2974 880 Patrum
3020 820 3318 882 doctrinam
3371 846 3466 886 ex-

1884 891 2019 966 peni,
2039 907 2198 962 posse
2224 894 2436 966 videtur
2471 895 2538 950 de
2567 897 2755 951 morali
2783 898 2954 951 solum
2997 897 3142 952 bono
3175 899 3341 966 prima
3373 901 3459 954 illa

1876 957 2116 1040 Cassiani
2149 964 2463 1040 propositio,
2501 967 2753 1022 videlicet
2783 986 2794 1022 :
2822 999 2895 1040 έ-
2925 967 3086 1024 Posse
3138 957 3231 1024 nos
3263 969 3458 1040 aliquid

1876 1031 1995 1105 (iani
2019 1034 2146 1087 velle
2164 1045 2208 1086 ct
2231 1039 2402 1105 facere
2428 1053 2491 1089 ea:
2522 1048 2720 1093 natura:
2746 1038 2953 1094 viribus.
2984 1070 3053 1081 —
3082 1041 3198 1100 Hoc
3217 1031 3361 1096 enini
3385 1041 3465 1095 af—

1876 1102 2054 1180 firmat
2083 1102 2368 1180 collat.!25
2388 1122 2506 1180 cap.
2537 1107 2594 1172 2,
2621 1119 2674 1164 et
2697 1111 2874 1162 collat.
2906 1111 2972 1164 15
2990 1127 3110 1180 cap.
3142 1109 3196 1176 4,
3231 1113 3262 1168 5
3288 1124 3340 1167 et
3369 1113 3459 1167 12.

1875 1174 2078 1242 Quibus
2103 1176 2238 1230 locis
2273 1177 2416 1230 illum
2443 1179 2509 1233 de
2538 1182 2727 1234 morali
2754 1183 2893 1237 bono
2917 1174 3154 1236 locutum
3179 1174 3302 1238 esse
3333 1183 3460 1238 inde

1876 1247 2212 1324 perspicuum
2235 1257 2347 1324 est,
2381 1249 2523 1319 quod
2549 1250 2681 1324 alibi
2713 1269 2817 1305 non
2847 1254 3014 1307 semel
3046 1263 3205 1324 negat
3233 1269 3332 1310 nos
3359 1256 3456 1308 ali-

1873 1317 1997 1383 quid
2027 1332 2086 1372 ex
2123 1319 2277 1392 inibis
2299 1317 2412 1373 aut'
2439 1321 2722 1392 perlicere,
2754 1334 2846 1376 aut
2878 1317 3139 1392 incipere,
3183 1335 3274 1379 aut
3313 1325 3458 1381 velle

1876 1402 2054 1465 posse,
2090 1387 2192 1441 nisi
2218 1389 2356 1465 Deus
2387 1387 2704 1465 opituletur.
2751 1393 2894 1465 Quze
2931 1387 3144 1460 quidem
3196 1407 3318 1465 apte
3350 1413 3457 1450 non

1871 1457 2169 1540 cohaerent,
2203 1461 2322 1540 nisi
2376 1462 2668 1540 po5teriora
2723 1457 2835 1518 btet:
2867 1457 3101 1519 debono
3131 1457 3269 1540 quod
3299 1467 3459 1520 Chri-

1872 1531 2060 1604 stiana?
2088 1531 2306 1604 justitize
2328 1543 2407 1586 est
2435 1535 2701 1598 intimum,
2727 1546 3087 1603 esponantur,
3118 1537 3296 1604 priora
3328 1552 3458 1593 vero

1873 1599 1962 1654 illa
1988 1599 2056 1674 de
2088 1601 2313 1674 lioneSIo
2342 1604 2725 1674 moraliterqne
2755 1599 3028 1661 laudabili.
3065 1599 3304 1662 Tametsi
3350 1623 3455 1662 non

1872 1672 2112 1745 negarim
2164 1672 2481 1745 Cassianum
2518 1672 2650 1728 licet
2685 1677 2751 1729 de
2782 1677 2880 1730 hac
2909 1677 3019 1745 ipsa
3075 1694 3132 1731 re
3164 1695 3268 1731 non
3316 1679 3460 1734 male

1871 1742 2217 1816 sentientem,
2250 1743 2315 1795 ad
2348 1761 2462 1796 eam
2510 1755 2682 1816 tamen
2717 1742 3049 1816 probandam
3090 1749 3272 1803 collat.
3309 1749 3376 1804 i3
3402 1765 3453 1804 c.

1874 1811 1941 1885 i2
1961 1815 2188 1885 abusum
2214 1823 2503 1885 utcumque
2533 1815 2699 1870 fuisse
2719 1811 2984 1885 'exeniplo
3014 1820 3176 1873 David
3217 1820 3305 1885 de,
3330 1819 3461 1876 tedi-

1871 1883 2082 1952 iicando
2107 1884 2329 1958 templo,
2359 1883 2647 1958 cogitantis
2677 1903 2745 1941 ex
2768 1883 3096 1958 semetipSo;
3125 1883 3324 1946 etenim
3351 1907 3456 1947 non

1868 1955 2284 2032 essenietipso.
2317 1957 2422 2032 sed
2442 1973 2508 2032 οξ
2554 1957 2646 2011 Dei
2678 1959 2850 2026 gratia
2879 1955 3236 2032 idcogitasse
3264 1962 3459 2032 proba—

1870 2025 2029 2079 bilius
2060 2036 2143 2080 est
2165 2037 2384 2096 propter
2412 2027 2578 2098 ipsius
2607 2025 2788 2098 operis
2815 2025 3153 2101 religionem.

2081 2141 2402 2198 SECUNDA
2447 2143 2778 2201 CASSIANI'
2815 2145 3239 2203 PROPOSITIO.

1941 2233 2047 2305 Per
2060 2234 2273 2312 aliquod
2300 2246 2432 2291 recte
2460 2237 2653 2309 factum
2681 2255 2743 2291 ac
2775 2239 2958 2291 bonum
2981 2241 3292 2312 voluntatem
3310 2257 3455 2312 posse

1868 2323 1964 2382 nos
1984 2323 2046 2382 ea:
2069 2309 2211 2362 nobis
2261 2319 2531 2382 utcumque
2570 2313 2637 2362 ad
2665 2313 2887 2382 gratiam
2917 2327 3228 2380 prrrpurare.
3275 2309 3349 2364 ita
3400 2322 3456 2365 ut

1869 2376 2098 2448 Spiritus
2117 2381 2280 2432 sancti
2301 2376 2573 2434 motionem
2594 2376 2828 2435 voluntas
2852 2376 3106 2435 interdum
3128 2391 3302 2436 nostra
3325 2397 3458 2450 pra!-

1868 2451 2214 2504 t'eniat.—-—lta
2246 2451 2459 2506 videtur
2484 2454 2680 2507 docere
2706 2453 2795 2506 lib.
2825 2468 2900 2507 xu
2929 2453 2994 2506 de
3016 2452 3188 2507 lnstit.
3214 2452 3456 2509 Renunt.

1867 2534 1918 2590 c.
1957 2522 2040 2584 H,
2091 2523 2275 2576 collat.
2304 2523 2406 2576 7c.
2439 2525 2491 2578 7.
2517 2524 2643 2578 coll.
2675 2523 2741 2578 l5
2784 2540 2832 2579 c.
2869 2524 2921 2589 7,
2975 2524 3030 2590 9,
3076 2518 3260 2589 11,12
3286 2534 3342 2579 et
3368 2525 3454 2580 i3.

1869 2589 1995 2665 Haec
2027 2594 2261 2665 secunda
2290 2595 2600 2664 propositio,
2631 2607 2688 2648 ut
2715 2589 3052 2664 intelligatur
3072 2596 3358 2665 catholico,
3393 2598 3457 2650 il-

1871 2661 1957 2737 lud
1994 2663 2326 2737 pratfandum
2386 2661 2492 2729 est,
2534 2667 2797 2736 duplicem
2830 2684 2855 2718 a
2887 2661 3152 2737 theologis
3197 2661 3456 2735 distingui

1868 2732 2276 2802 dispositionem
2305 2752 2400 2790 seu
2424 2732 2869 2806 prazparationem
2893 2738 2957 2791 ad
2980 2732 3206 2808 gratiam
3235 2756 3246 2789 :
3277 2732 3456 2792 remo-

1870 2813 1977 2859 tam
2027 2822 2211 2871 unam,
2243 2822 2359 2876 qua:
2402 2823 2496 2876 per
2521 2823 2684 2876 Opera
2728 2809 2976 2870 uuu'tiattl
3009 2809 3287 2862 moraliter
3318 2809 3455 2862 bona

1868 2876 1984 2948 ﬁeri
2014 2877 2176 2944 solet,
2212 2888 2480 2945 tamquam
2516 2881 2724 2934 initium
2757 2878 3028 2948 quoddam
3084 2877 3349 2933 redeundi
3389 2878 3457 2934 ad

1871 2942 2040 3001 Deum
2069 2942 2227 3017 eique
2256 2942 2686 3018 obteinperandi,
2723 2942 2849 3002 dum
2902 2951 3199 3020 naturalem
3223 2949 3345 3020 quis
3373 2964 3458 3003 ra-

1868 3019 2092 3086 tionem,
2123 3020 2267 3086 quod
2298 3025 2382 3082 est
2425 3020 2601 3074 lumen
2635 3023 2819 3090 vultus
2861 3019 3026 3073 divini
3057 3021 3322 3090 signatum
3356 3033 3451 3072 su-

1874 3101 1968 3154 per
1995 3104 2112 3159 nos,
2147 3099 2290 3159 recte
2317 3090 2516 3156 aliquid
2549 3090 2756 3159 agendo
2785 3089 2973 3157 incipit
2995 3090 3216 3143 audire:
3251 3104 3352 3154 qua
3384 3104 3456 3146 ex

1871 3171 1934 3227 re
1982 3157 2284 3222 aliqualiter
2333 3159 2555 3210 idoneus
2583 3157 2815 3213 efﬁcitur
2851 3161 2936 3212 cui
2970 3159 3112 3213 Deus
3160 3160 3456 3227 opituletur

1870 3226 1937 3278 ad
1971 3240 2118 3297 suam
2160 3228 2402 3297 gratiam
2429 3232 2859 3297 consequendam
2889 3270 2903 3292 ,
2948 3245 3068 3282 cum
3113 3229 3160 3283 ei
3202 3226 3456 3286 docilem

1874 3295 2512 3370 tractabilemque'aliqua
2544 3295 2796 3370 ex‘parte
2827 3314 2888 3370 se
2915 3305 3176 3370 praebeat;
3211 3299 3454 3369 alteram,

1872 3382 2030 3440 quam
2064 3369 2336 3436 appellant
2359 3369 2661 3440 proximam
2689 3369 3120 3438 dispositionem,
3153 3386 3273 3440 qua:
3305 3372 3357 3424 in
3390 3389 3454 3424 eo

1874 3438 2042 3511 posita
2069 3448 2169 3501 est,
2199 3448 2255 3492 ut
2280 3439 2490 3511 animus
2511 3452 2692 3495 noster
2722 3441 2897 3504 divina
2921 3457 3022 3511 ope
3048 3438 3310 3496 subnixos
3337 3459 3456 3498 cre‘

149 3513 385 3568 bonum
416 3509 499 3562 vel
533 3509 597 3584 ad
630 3511 828 3584 malum
858 3509 1151 3584 extendere
1179 3522 1420 3584 manum,
1453 3516 1509 3561 ut
1539 3507 1763 3564 liberum
1795 3511 1840 3575 C
1871 3507 1998 3571 dat,
2025 3517 2226 3578 speret,
2254 3521 2306 3564 et
2342 3510 2529 3579 diligat
2570 3513 2736 3568 Deum
2779 3521 2837 3568 ut
2862 3507 3112 3584 oportet,
3157 3523 3209 3584 et
3236 3526 3456 3583 propter

1871 3595 1993 3656 eum
2033 3591 2308 3656 peccatum
2342 3598 2501 3656 omne
2527 3586 2843 3656 detestetur.
2881 3583 3193 3656 Hujusmodi
3236 3601 3449 3656 praapa-

1871 3653 2136 3726 rationem
2161 3651 2484 3726 Tridentina
2523 3655 2760 3726 synodus
2791 3671 2926 3710 ses».
2960 3651 2997 3711 ϐ’
3022 3672 3072 3710 c.
3110 3657 3144 3712 6
3169 3651 3450 3725 describit,

1869 3721 2159 3797 subditque
2185 3724 2356 3797 cap.7
2381 3741 2406 3797 Δε
2442 3721 2587 3779 lianc
2615 3728 3020 3793 dispositionem
3053 3743 3147 3782 seu
3186 3721 3453 3797 praipara-l

1872 3794 2072 3848 tionem
2114 3794 2426 3861 justilicatio
2464 3797 2574 3865 ipsa
2618 3799 3003 3865 consequitur;
3055 3794 3197 3864 quae
3224 3794 3329 3852 non
3372 3809 3454 3856 est

1869 3865 1979 3918 sola
2013 3875 2354 3934 peccatorum
2389 3867 2657 3931 remissio,
2687 3866 2783 3920 sed
2812 3877 2863 3918 et
2893 3867 3265 3936 sanctiﬁcatio,
3296 3884 3454 3923 reno-

147 3585 434 3638 servetur
482 3580 800 3644 arbitrium;
853 3581 946 3634 sed
982 3579 1080 3631 hoc
1110 3593 1204 3646 pro
1232 3578 1390 3632 modo
1430 3589 1482 3631 et
1525 3591 1768 3650 tempore

149 3661 226 3709 et
257 3650 578 3705 conditione
606 3650 912 3721 fragilitatis
935 3654 1204 3721 humanae,
1235 3651 1646 3721 perpetuitatem
1675 3668 1770 3705 au—

151 3734 287 3778 tem
322 3720 806 3792 impeccantizesoli
831 3722 1095 3776 reserVari
1121 3720 1249 3784 Deo,
1267 3731 1322 3774 et
1347 3721 1394 3775 ei
1418 3723 1504 3791 qui
1530 3720 1766 3777 Verbum

153 3793 533 3862 caroglactus,
564 3793 743 3847 carnis
765 3792 1089 3846 detrimenta
1115 3801 1168 3844 et
1193 3802 1408 3860 peccata
1445 3808 1548 3847 non
1578 3803 1765 3862 pertu-

158 3865 261 3918 lit.
293 3860 407 3917 Nec
430 3865 551 3930 quia
582 3865 648 3918 ad
682 3866 845 3919 breve
873 3878 1116 3933 possum,
1155 3878 1314 3932 coges
1361 3879 1448 3918 me
1479 3875 1538 3919 ut
1569 3860 1764 3929 possim

151 3935 398 4006 iugiter.
419 3933 640 4006 Possum
667 3934 938 4004 jejunare,
961 3935 1203 4004 vigilare,
1233 3935 1533 4006 ambulare.
1561 3937 1762 4003 legere,
1867 3937 2011 3989 vatio
2042 3937 2314 3990 interioris
2347 3937 2581 3990 hominis
2620 3953 2713 4006 per
2749 3937 3102 3990 voluntariam
3149 3933 3451 4006 suséeptio-

162 4005 434 4076 pallere,
464 4005 677 4068 sedere,
707 4007 973 4067 dormire;
1023 4005 1278 4069 numquid
1322 4006 1372 4058 in
1405 4009 1764 4075 perpetuum?
1869 4021 1990 4076 nem
2021 4009 2231 4075 gratiae.
2263 4017 2318 4061 et
2346 4005 2653 4074 donorum,
2688 4007 2826 4062 unde
2869 4008 3031 4073 homo
3061 4022 3127 4062 ex
3169 4005 3368 4076 injus’to
3396 4009 3454 4066 tit

169 4077 245 4129 Et
271 4074 552 4143 aliquanto
573 4078 821 4145 superius
849 4093 860 4127 :
896 4077 1007 4129 Hoc
1027 4086 1081 4130 et
1110 4090 1208 4129 nos
1235 4078 1462 4130 dicimus
1487 4074 1642 4146 posse
1666 4078 1765 4132 ho-
1859 4074 2061 4144 justus,
2095 4090 2142 4133 et
2168 4093 2231 4132 ex
2259 4077 2476 4133 ininiiCo
2504 4081 2728 4143 amicus,
2764 4089 2819 4132 ut
2856 4079 2922 4132 sit
2957 4081 3130 4134 haeres
3157 4074 3452 4135 secundum

167 4149 382 4218 minent
409 4160 516 4218 non
543 4161 792 4216 peccare,
821 4147 866 4200 si
892 4148 1043 4212 velit,
1073 4163 1171 4215 pro
1195 4157 1454 4215 tempore.
1489 4164 1583 4216 pro
1615 4153 1756 4218 loco,

164 4232 280 4280 pro
337 4214 702 4272 imbecillitate
756 4232 1039 4285 corporea,
1077 4214 1346 4284 quamdiu
1388 4214 1626 4273 intentus
1676 4214 1759 4276 est

160 4289 413 4351 animd‘s,
463 4289 722 4356 quamdiu
767 4289 968 4342 chorda
1023 4289 1172 4342 nullo
1216 4289 1342 4342 vitio
1369 4291 1580 4344 laxatur
1613 4293 1757 4348 inci-

155 4359 366 4432 tlgnra;
395 4360 538 4432 quod
563 4361 607 4432 si
642 4359 912 4432 paululum
945 4374 1004 4414 se
1034 4361 1322 4424 remiserit,
1351 4361 1622 4432 quomodo
1667 4366 1758 4432 qui

155 4428 650 4484 adverso-ﬂumine
682 4431 916 4484 lembum
942 4432 1128 4496 trahit,
1161 4435 1204 4484 si
1231 4431 1499 4486 remiserit
1543 4428 1755 4498 manus,

157 4498 358 4554 statim
390 4502 757 4565 retrulabitur,
799 4512 851 4555 et
872 4501 1159 4556 ﬂuentibus
1189 4505 1342 4570 aquis
1371 4517 1477 4570 quo
1510 4519 1613 4555 non
1648 4505 1760 4558 vult

155 4570 411 4632 dicitur,
435 4574 514 4625 sic
544 4573 779 4626 humana
809 4573 1048 4626 conditio
1069 4572 1114 4625 si
1146 4575 1416 4638 paululum
1443 4587 1504 4626 se
1534 4575 1758 4628 remise-

159 4642 262 4704 rit,
318 4638 476 4695 discit
506 4642 847 4712 fragilitatem
880 4658 1054 4708 suam,
1096 4651 1154 4696 et.
1181 4643 1347 4700 inulta
1373 4658 1433 4694 se
1463 4657 1567 4696 non
1601 4657 1757 4709 posse

155 4712 469 4782 me“.
486 4713 726 4767 Multadn
747 4715 1004 4769 eamdem.
1018 4716 1345 4768 sententiam
1374 4712 1754 4782 Origeneslih.

155 4795 202 4836 n
237 4797 302 4834 ιη
331 4780 500 4849 Epist.
523 4785 588 4837 ad
623 4785 780 4838 Hom.
809 4800 931 4851 cap.
966 4799 1026 4845 ll,
1055 4793 1219 4849 atque
1246 4783 1432 4837 honiil.
1465 4780 1499 4838 6
1525 4792 1579 4840 et
1612 4783 1677 4838 14
1699 4785 1752 4840 in

1865 4161 2015 4216 Spem
2047 4151 2167 4203 vita:
2201 4159 2440 4222 teterna’.
2499 4150 2624 4205 Haec
2673 4151 2764 4206 ibi.
2805 4151 2881 4222 Et
2913 4151 3127 4222 quidem
3160 4148 3306 4218 certa
3349 4150 3454 4207 [ldo

1865 4222 2134 4291 credimus
2169 4219 2426 4287 proximae
2449 4219 2856 4291 prmparationis
2883 4219 2987 4276 non
3023 4223 3124 4277 nisi
3161 4221 3450 4291 adjuvante

1864 4288 1976 4350 Deo
2005 4304 2282 4361 compotes
2307 4309 2428 4347 esse
2451 4288 2548 4346 nos
2566 4288 2759 4356 frosse.
2790 4293 3014 4349 Constat
3041 4288 3259 4361 deinde,
3284 4295 3449 4350 etiam

1862 4361 1906 4412 si
1939 4373 2144 4416 remota
2167 4360 2452 4430 dispositio
2483 4365 2642 4430 adsit,
2667 4383 2772 4418 non
2796 4381 2917 4420 esse
2943 4367 3075 4420 satis
3103 4367 3169 4419 ad
3195 4360 3444 4435 gratiam,

1865 4444 1961 4506 nec
1991 4443 2250 4506 oportere,
2271 4443 2329 4487 ut
2359 4449 2577 4506 semper
2595 4437 2755 4506 adsit,
2785 4451 2907 4506 cum
2940 4436 3209 4506 interdum
3243 4437 3359 4492 sine
3383 4453 3446 4492 ea

1862 4501 1926 4567 ad
1965 4504 2265 4570 proximam
2304 4505 2570 4557 veniatur.
2598 4504 2758 4574 illlud
2787 4503 2954 4558 etiam
2995 4501 3135 4558 inter
3168 4505 3447 4574 theologos

1861 4576 2132 4640 convenit,
2166 4587 2565 4646 nonnumquam
2595 4573 2972 4646 impiuniadeo
3001 4576 3138 4628 male
3168 4589 3287 4629 esse
3317 4573 3447 4630 atie-

1861 4649 2024 4706 ctum,
2054 4652 2107 4697 et
2134 4652 2278 4718 tanta
2312 4641 2653 4718 peccatorum
2673 4641 3266 4718 IsarCinal'oppress'um,
3301 4654 3445 4718 utne

1861 4724 2069 4784 remote
2109 4713 2323 4782 quidem
2353 4712 2418 4765 ad
2445 4712 2680 4784 gratiam
2705 4715 2818 4783 ipse
2848 4712 2907 4782 se
2944 4712 3211 4784 prarparet
3234 4755 3250 4778 ,
3281 4714 3444 4771 etiam

1861 4781 1906 4850 si
1937 4782 2073 4850 forte
2098 4781 2419 4856 pus~it,_nisi
2443 4782 2646 4856 Spiritu
2687 4781 2874 4840 sancto
2890 4781 3208 4856 stimulante
3231 4785 3439 4856 [incile-

154 4847 448 4941 Genesinai;
475 4853 706 4941 Ensibus
815 4847 1112 4941 Quin-stniii.
1133 4847 1658 4941 indusnexrilicatis
1685 4856 1753 4941 n‘d
1786 4886 1830 4941 n
1861 4847 1968 4906 tur.
1997 4847 2195 4935 Contra
2229 4847 2593 4936 veroniccidit
2637 4847 3011 4941 swpennmero
3036 4897 3052 4921 ,
3072 4864 3153 4936 .ut
3203 4847 3445 4939 nonnulli

217 4931 366 4994 [κει.
395 4926 448 4984 2,
474 4925 706 4994 Prosper
732 4926 823 4980 lib.
855 4941 872 4979 ι
900 4927 965 4978 de
991 4924 1285 4979 Vocaiione
1329 4923 1576 4979 Gentium
1603 4939 1653 4980 c.
1695 4927 1750 4993 2,

227 4992 537 5050 Ecnmenius
563 4992 623 5048 ini
656 5010 774 5062 cap.
808 5013 862 5049 Ix
895 4997 1150 5062 Epistolm
1174 4997 1240 5048 ad
1273 4995 1428 5049 Rom.
1481 4994 1669 5051 Solent
1699 4992 1754 5052 et

155 5063 363 5136 Patres
410 5067 628 5119 laudare
669 5068 1050 5120 nonnullorum
1092 5066 1540 5136 philosophorum
1583 5067 1752 5122 hane-

152 5135 436 5190 ltissimas
462 5151 705 5192 aetioues
724 5153 789 5191 ex
819 5138 1022 5190 viribus
1046 5135 1250 5192 natura:
1267 5137 1554 5204 profectas,
1573 5150 1630 5194 tit
1653 5139 1750 5192 Ba-

151 5206 322 5278 silius
345 5207 400 5260 in
429 5210 590 5274 epist.
624 5209 690 5260 ad
718 5210 1112 5272 adolescentes,
1147 5210 1504 5278 Hieronymus
1549 5209 1686 5263 libro
1715 5226 1751 5265 ιι

150 5276 425 5330 advenus
448 5278 659 5340 Joviu..
689 5278 944 5334 Clemens
975 5280 1264 5333 Alexandr.
1304 5276 1360 5332 in
1387 5279 1478 5332 lib.
1508 5279 1749 5335 Stroma-

152 5354 310 5421 ἕψῃ,
341 5352 564 5418 August.
599 5349 691 5421 lib.
724 5349 1112 5421 Hypognostic.
1142 5361 1193 5421 et
1223 5351 1316 5404 lib.
1347 5350 1414 5404 de
1442 5349 1646 5417 Spiritu
1693 5361 1751 5406 et

147 5415 365 5488 Littera
393 5415 442 5474 cI
469 5421 562 5485 28,
586 5430 642 5473 et
673 5415 865 5474 libfde
888 5415 1119 5474 Civitate
1147 5420 1242 5476 Dei
1264 5438 1312 5476 c.
1333 5421 1424 5488 25,
1444 5415 1496 5475 et
1530 5421 1620 5474 lib.
1657 5437 1749 5476 ut

145 5501 210 5561 ς.
247 5487 430 5561 ςδμθι
461 5491 552 5545 lib.
589 5505 644 5544 tv
671 5499 856 5544 contra
885 5491 1083 5546 Julian.
1120 5492 1296 5561 Pelag.
1330 5493 1750 5560 cap.5.Qnibus

150 5557 313 5632 locis
331 5559 667 5632 Augustinus
691 5563 938 5617 concedit
965 5561 1082 5616 sine
1109 5557 1342 5629 Spiritus
1367 5557 1538 5616 sancti
1570 5557 1746 5631 gratia

145 5627 403 5700 potuisse
417 5627 781 5701 philosophos
805 5648 1017 5704 eaquae
1045 5649 1109 5688 ex
1134 5627 1255 5694 suo.
1277 5650 1474 5702 genere
1524 5627 1744 5688 honesta

146 5707 295 5755 llnt
317 5704 567 5774 exsequi.
595 5714 753 5760 rech
777 5707 1003 5759 rationis
1031 5705 1400 5774 prtescriptum
1429 5715 1744 5773 sequentes;

146 5773 381 5830 moui
397 5773 537 5832 nolit
574 5790 640 5831 ea
661 5777 878 5834 nomine
898 5776 1112 5834 virtutis
1132 5773 1346 5844 ornare,
1379 5777 1502 5844 quia
1533 5775 1598 5831 ad
1646 5791 1742 5833 ve-

1861 4939 2087 5000 quorurn
2110 4926 2274 5000 animi
2307 4925 2476 5000 aciem
2500 4924 2623 4978 vitia
2649 4923 3172 5000 minusliohetarint,
3198 4925 3337 5000 sicut
3364 4935 3445 5000 so-

1860 4993 1907 5070 la
1937 5006 2140 5050 natura:
2173 4996 2245 5058 vi.
2282 4998 2444 5051 multa
2474 5011 2593 5066 qua:
2623 4996 2784 5050 o‘licii
2818 4993 3140 5066 honestique
3161 4993 3302 5053 ratio
3329 4993 3444 5070 eii-

1858 5068 1934 5138 git
1966 5080 2222 5133 praestare
2249 5079 2495 5136 possunt,
2530 5072 2597 5120 ita
2623 5081 2716 5134 per
2743 5081 2806 5120 ea
2829 5077 3035 5138 remote
3051 5083 3110 5134 se
3139 5068 3442 5138 przeparent

1858 5135 1923 5192 ad
1951 5139 2136 5206 gratiae
2180 5135 2378 5210 donum
2407 5139 2836 5205 adipiscendum,
2875 5135 3342 5210 iacientes—aliqua
3371 5157 3439 5196 ex

1861 5221 2010 5276 parte
2048 5211 2192 5279 quod
2229 5211 2282 5265 iii
2315 5209 2447 5278 ipsis
2475 5221 2598 5280 est.‘
2626 5209 2792 5273 Quam
2836 5209 3158 5280 sententiam
3205 5209 3439 5280 amplexi

1858 5289 1984 5350 sunt
2006 5281 2237 5350 theologi
2270 5279 2577 5336 scholastici
2607 5294 2764 5350 quam
2801 5279 3004 5346 plures.
3051 5279 3237 5350 Neque
3284 5279 3439 5334 obest

1860 5348 1984 5404 huic
2013 5348 2294 5406 sententia:
2324 5365 2445 5406 can.
2475 5350 2509 5404 8
2549 5349 2760 5405 concilii
2791 5348 3273 5417 Arausicaiii,'quo
3303 5352 3436 5405 alie-

1859 5435 1958 5490 nus
1988 5435 2017 5474 a
2053 5424 2156 5475 [ide
2181 5431 2435 5474 censetur
2458 5461 2474 5485 ,
2524 5422 2614 5490 qui
2664 5428 2810 5488 putat
2843 5422 3004 5474 alium
3037 5419 3432 5486 misericordia,

1855 5489 2016 5562 aliuni
2046 5491 2112 5545 ad
2152 5491 2401 5562 baptismi
2444 5489 2672 5562 gratiam
2705 5505 2866 5559 posse
2905 5507 3004 5562 per
3033 5491 3256 5546 liberum
3291 5493 3434 5544 arbi-

1859 5561 2018 5614 trium
2051 5559 2368 5631 pervenire';
2406 5576 2510 5614 non
2562 5561 2736 5626 obest,
2779 5559 2992 5630 inquam
3029 5579 3039 5614 :
3089 5579 3208 5616 nam
3243 5563 3305 5615 ad
3342 5563 3433 5616 ba-

1860 5633 2040 5700 ptismi
2059 5635 2282 5702 gratiam
2301 5649 2406 5687 non
2430 5633 2643 5687 venitur
2659 5632 2774 5686 sine
2792 5634 3032 5701 proxima
3050 5632 3427 5703 dispositione,

1854 5717 1972 5771 qua:
1998 5721 2099 5757 non
2126 5707 2373 5758 currentis
2403 5703 2655 5769 hominis,
2675 5719 2764 5756 nec
2791 5705 3001 5757 volentis
3033 5711 3112 5759 est
3132 5745 3146 5768 ,
3166 5705 3255 5758 sed
3279 5706 3428 5758 mise-

1855 5775 2010 5828 remis
2035 5776 2150 5832 Dei.
2183 5776 2317 5832 Huic
2350 5775 2612 5833 doctrinae
2641 5778 2822 5832 [avent
2850 5774 3139 5847 aliquando
3181 5777 3427 5848 plerique
