4000 6186
613 273 715 331 551

616 388 821 465 Patres,
849 388 971 465 'l'im
996 394 1189 449 docent
1212 409 1609 461 nonnumquam
1632 395 1802 450 Deum
1822 413 1849 449 a
1877 397 2030 450 nobis
2055 412 2192 465 prre-
2224 405 2264 457 Λ

616 460 920 535 vcttiri,_vel
951 480 1090 535 cum
1137 480 1242 519 non
1281 460 1540 535 praestare
1565 467 1824 520 auxilium
1866 460 2190 534 gratim-nisi

615 532 693 584 eis
731 531 819 600 qui
846 545 906 584 se
932 534 1121 601 dignos
1146 531 1459 600 effecerint;
1509 538 1587 593 vel
1633 547 1741 591 tum
1788 531 1943 591 nobis
1978 538 2184 602 adesse,

615 616 736 674 cum
770 614 866 653 nos
896 607 1035 671 quod
1063 606 1115 659 in
1146 608 1297 659 nobis
1325 618 1406 661 e~t
1427 608 1864 674 prmstiterimus;
1891 608 1971 663 vel
1992 611 2188 662 bonum

617 671 848 742 aliquem
898 685 1101 729 nostra:
1152 671 1437 731 Voluptatis
1474 678 1757 742 ali-etum,
1809 689 1898 731 aut
1937 687 2188 732 conatum

615 744 910 818 exspeCIari
942 760 970 797 a
1002 750 1109 799 Deo
1140 750 1442 817 priusquam
1469 750 1621 803 nobis
1639 752 1951 817 opituletur.
1974 750 2049 802 Ad
2070 763 2189 818 qua)

616 814 791 886 ontnia
814 818 1230 886 comprobanda,
1260 814 1561 875 testimonia
1593 814 1833 886 quidam
1863 814 2190 873 Patrum-ad-

614 883 745 961 gluca
756 884 1479 961 m_,_Primum,Chrysostom.
1500 883 1683 945 honiil.
1701 892 2035 944 detlonvers.
2054 891 2188 943 Pan--

615 953 670 1016 li,
700 964 753 1009 et
780 954 872 1011 lib.
898 973 912 1011 ι
936 960 1002 1015 de
1026 953 1437 1029 compunctione
1466 962 1640 1016 cordis
1666 979 1680 1015 :
1707 961 1887 1026 Venit,
1913 965 2101 1029 inquit,
2124 961 2189 1014 ad

615 1040 1046 1103 unumquemque
1075 1034 1239 1100 gratia
1275 1032 1368 1087 Dei
1405 1050 1418 1086 :
1469 1032 1561 1087 sed
1607 1033 1743 1103 apud
1792 1049 1884 1087 eos
1915 1034 2001 1101 qui
2032 1033 2190 1100 digne

611 1096 829 1171 explent
856 1116 914 1154 ea
945 1096 1063 1169 qua:
1079 1096 1154 1155 ἰιι
1182 1105 1311 1171 ipsis
1344 1114 1489 1166 sunt,
1522 1096 1797 1170 permanet
1822 1120 1835 1166 ;
1868 1096 1945 1155 ah
1972 1104 2033 1156 iis
2063 1096 2189 1155 vero

611 1168 698 1232 qui
723 1168 896 1223 minus
924 1168 1086 1238 digne
1114 1168 1296 1239 agunt,
1320 1177 1427 1228 cito
1457 1168 1725 1240 discedit;
1774 1175 1840 1227 ad
1874 1189 1966 1226 eos
2009 1184 2187 1227 autem

612 1240 699 1301 qui
747 1255 845 1295 nec
889 1243 1094 1297 initium
1135 1246 1333 1299 faciunt
1381 1247 1728 1299 convertendi
1778 1245 1841 1297 ad
1883 1244 2187 1308 Dominum,

609 1310 831 1383 omnino
859 1328 962 1367 non
984 1317 1160 1369 venit:
1185 1328 1357 1370 rectas
1378 1318 1519 1370 enim
1551 1331 1758 1369 mentes
1782 1316 1975 1383 diligit,
1999 1327 2051 1368 et
2074 1315 2190 1368 sine

611 1377 735 1455 fuco
756 1387 1109 1450 pronositnm.
1128 1387 1277 1455 Quod
1298 1390 1456 1441 etiam
1483 1390 1533 1441 in
1552 1377 2036 1455 Panlorespiciens,
2064 1384 2187 1439 licet

607 1449 781 1504 adhuc
824 1456 928 1508 alio
971 1449 1171 1512 itinere
1213 1460 1481 1513 videretur
1532 1449 2022 1522 incedereftaomn
2060 1457 2184 1525 quia

610 1527 886 1597 proposito
929 1538 1075 1581 recto
1103 1539 1150 1583 et
1187 1531 1304 1582 zelo
1355 1530 1445 1583 Dei
1490 1530 1592 1583 hoc
1623 1529 1829 1597 agebat,
1879 1526 2093 1581 dicitde
2121 1542 2187 1581 eo

610 1590 867 1665 Dominus
900 1613 914 1649 :
948 1598 1081 1665 Quia
1112 1617 1198 1653 vas
1226 1602 1485 1654 electionis
1523 1612 1593 1653 est
1631 1590 1755 1651 nino
1783 1602 1895 1651 iste.
1927 1598 2067 1652 Idem
2096 1599 2191 1652 ho-

610 1663 729 1741 ῐηὶἰἶ
758 1666 825 1722 19
856 1669 907 1741 iu
931 1663 1060 1723 Acta
1091 1671 1279 1739 Apost.
1316 1690 1327 1722 :
1359 1672 1582 1741 Dignum
1610 1670 1851 1738 profecto
1884 1670 2063 1741 mirari
2096 1686 2185 1722 ett-

607 1736 841 1811 nuchum
875 1738 1023 1795 illum
1053 1736 1316 1797 Candwcis
1344 1736 1540 1811 reginae
1578 1736 1729 1794 :‘non
1767 1741 1976 1811 viderat
2003 1740 2185 1794 Jesum

607 1803 899 1882 Christum,
934 1827 1037 1866 non
1084 1814 1293 1868 viderat
1337 1803 1577 1882 sig'num;
1630 1812 1771 1865 ultra
1816 1810 2021 1863 viderat
2068 1812 2187 1879 quis

608 1880 1215 1955 statusAHierOsolymis,
1247 1895 1301 1938 et
1332 1880 1559 1939 credidit
1591 1883 1867 1955 Philippo.
1903 1882 2053 1936 Unde
2085 1883 2186 1951 igi-

607 1954 693 2027 l_l_ll'
714 1952 833 2027 talis
863 1952 1034 2027 factus
1056 1952 1141 2008 est
1158 1956 1179 2007 ?
1198 1955 1441 2011 Sollicita
1464 1964 1580 2027 erat
1607 1956 1781 2027 amula
1816 1953 1981 2027 illius,
2007 1963 2182 2027 allen;

604 2017 683 2090 dit
716 2020 1029 2090 Scriptnris,
1054 2028 1265 2079 vacavit
1286 2026 1625 2080 lectionibus.
1660 2017 1804 2078 ldém
1837 2025 1997 2078 tradit
2022 2024 2188 2090 pluri-

608 2088 706 2167 bus
734 2092 857 2167 aliis
879 2088 1029 2151 locis.
1066 2097 1427 2167 Hieronymus
1458 2097 1611 2150 initio
1651 2096 1744 2149 lib.
1777 2111 1834 2148 ιιι
1856 2088 2060 2167 contra
2086 2094 2184 2149 Pe-

601 2159 708 2227 lag.
739 2164 940 2228 :Scito,
975 2168 1169 2236 inquit,
1194 2159 1517 2237 baptismum
1545 2167 1813 2231 praeterita
1836 2165 2037 2237 donare
2064 2179 2187 2231 pec-

601 2242 741 2311 cata,
775 2250 878 2311 non
911 2238 1141 2311 futuram
1169 2236 1383 2311 servare
1420 2237 1683 2307 justitiam
1714 2254 1727 2300 ;
1776 2251 1894 2304 quae
1920 2236 2186 2311 labore_et

602 2302 861 2376 industria
909 2324 972 2361 ac
1002 2310 1273 2376 diligentia
1299 2352 1313 2375 ,
1360 2302 1662 2373 et'semper
1683 2302 1843 2375 super
1878 2305 2058 2359 omnia
2088 2307 2182 2361 Dei

600 2372 886 2453 clementia
915 2372 1215 2453 custoditur
1241 2424 1255 2448 ,
1300 2372 1361 2433 ut
1392 2390 1632 2453 nostrum
1672 2372 1972 2453 sit—rogare
2000 2418 2013 2440 ,
2044 2376 2183 2431 illius

598 2445 838 2518 tribuere
865 2450 1005 2515 quod
1038 2445 1292 2518 rogatur;
1328 2462 1565 2503 nostrum
1600 2451 1862 2518 incipere,
1890 2448 2033 2501 illius
2065 2465 2182 2513 per-

601 2511 795 2590 licere;
828 2511 1069 2590 nossrutn
1103 2511 1302 2575 offerre
1333 2521 1473 2590 quod
1509 2511 1791 2587 possumus
1828 2560 1841 2581 ,
1884 2520 2027 2572 illius
2067 2511 2181 2573 im-

599 2582 751 2651 plere
780 2588 919 2655 quod
952 2606 1056 2643 non
1082 2582 1383 2654 possumus.
1410 2582 1665 2645 Scribant
1690 2590 1945 2644 nonnulla
1968 2591 2017 2643 in
2046 2590 2181 2644 hanc

598 2662 804 2730 partem
830 2662 1048 2730 August.
1083 2662 1395 2717 lib.xxxvm
1420 2663 1589 2729 q.68;
1614 2662 1798 2715 Anthr.
1832 2661 1922 2714 lib.
1957 2677 1991 2714 ιι
2015 2661 2081 2715 de
2110 2662 2181 2715 A-

598 2725 817 2799 braham
848 2746 895 2783 c.
916 2725 1022 2799 ⁷10,
1048 2744 1100 2787 et
1131 2733 1181 2786 in
1202 2734 1291 2787 Ps.
1324 2725 1509 2797 cxvtn,
1542 2732 1828 2795 serm.10;
1864 2732 2096 2785 llilarius
2128 2733 2178 2785 in

598 2793 686 2849 Ps.
717 2813 901 2865 cxvm,
935 2802 983 2855 in
1009 2793 1174 2859 verba
1207 2822 1220 2858 :
1254 2804 1461 2859 Inclina
1491 2793 1578 2857 cor
1606 2820 1772 2857 meum
1792 2793 1928 2857 Deus
1944 2803 1996 2855 in
2024 2804 2180 2856 testi-

596 2871 773 2945 monia
801 2878 927 2945 tua;
961 2875 1207 2929 Clemens
1230 2877 1383 2932 Alex.
1417 2876 1511 2929 lib.
1546 2891 1615 2929 vtt
1648 2876 1904 2928 Stromat.
1933 2892 1949 2945 ;
1984 2874 2174 2945 Cyrill.

596 2941 862 3013 Alexand.
889 2947 939 2999 in
968 2946 1124 3013 Apol.
1150 2958 1337 3001 contra
1364 2947 1636 3003 Juliannnt
1664 2947 1755 2999 lib.
1790 2960 1845 2998 ιιι
1872 2962 1885 3008 ;
1920 2941 2178 3011 Origenes

595 3009 633 3089 1ἷ
665 3028 750 3077 ιιι,
780 3017 829 3068 in
851 3031 945 3071 vm
964 3009 1082 3086 cap.
1113 3018 1281 3089 Epist.
1303 3020 1366 3071 ad
1395 3018 1547 3072 llom.
1576 3018 1629 3070 in
1656 3016 1847 3070 verba:
1879 3016 1976 3081 Qui
2001 3009 2178 3089 segmi-

595 3081 719 3137 dum
741 3081 1056 3153 propositum
1078 3081 1243 3143 vocali
1265 3100 1404 3144 sunt.
1436 3091 1556 3143 llzec
1578 3089 1650 3141 illi
1677 3090 1882 3153 Patres,
1906 3103 2022 3155 qua:
2046 3085 2177 3140 Cas-

595 3156 731 3233 siani
784 3161 1066 3215 sententia:
1097 3162 1376 3233 suffragari
1406 3162 1677 3233 videntur.
1711 3158 1911 3233 _Neque
1955 3173 2083 3233 vero
2134 3156 2179 3210 si
2209 3157 2254 3219 C

594 3226 776 3302 aliquo
825 3242 1010 3285 nostro
1050 3243 1244 3288 conatu
1265 3226 1578 3302 'possumus
1603 3231 1667 3284 ad
1711 3228 1879 3302 Deum
1914 3230 2182 3302 paulisper

594 3298 877 3365 accedere,
911 3304 1160 3357 attractio
1183 3298 1360 3358 divina
1390 3303 1617 3358 tollitur.
1642 3301 1765 3355 Haec
1799 3301 1938 3353 enim
1966 3300 2181 3367 proprie

599 3382 878 3424 accessum
908 3372 1068 3425 istum
1094 3384 1435 3429 consummat
1460 3416 1474 3438 ,
1508 3388 1614 3427 non
1650 3372 1738 3425 ille
1764 3381 1988 3424 conatus
2012 3412 2027 3434 ,
2058 3385 2179 3423 cum

596 3453 697 3511 nec
726 3440 856 3493 satis
878 3441 944 3494 sit
965 3443 1132 3505 solus,
1166 3460 1267 3498 nec
1297 3445 1636 3498 necessarius
1658 3457 1871 3511 semper
1898 3486 1910 3506 ,
1946 3456 2045 3511 nec
2079 3439 2180 3493 nisi

597 3508 891 3576 improprie
922 3522 1071 3565 tanto
1095 3514 1289 3582 dignus
1319 3528 1538 3567 accessu
1566 3529 1579 3576 ;
1612 3508 1789 3580 neque
1812 3511 1932 3564 inde
1962 3510 2020 3563 ﬁt
2050 3526 2181 3564 con-

596 3581 1463 3653 sequensportionem’quamdam
1487 3583 1819 3637 credentium
1840 3581 2042 3653 Christi
2060 3596 2182 3653 gra-

598 3647 669 3701 tia
698 3649 1000 3717 iustificari,
1034 3647 1258 3707 caeteras
1291 3665 1496 3709 natura!
1519 3655 1760 3707 viribus:
1795 3653 1845 3707 id
1874 3651 2018 3707 enim
2050 3647 2183 3705 alie-

597 3728 933 3793 numr_est_a
979 3724 1274 3789 Cassiano,
1326 3729 1414 3793 qui
1458 3727 1697 3779 omnium
1753 3725 2178 3791 redemptionem

596 3790 819 3865 ascribit
849 3791 1064 3849 Christo
1094 3798 1290 3865 passim
1322 3790 1372 3851 in
1407 3796 1553 3850 libris
1582 3813 1653 3851 vn
1680 3794 1747 3849 de
1769 3790 2176 3849 lncarnatione:

596 3862 784 3936 Omnis
834 3879 1065 3935 namque
1094 3862 1416 3935 'justilicatio
1461 3869 1647 3936 gratia:
1697 3875 1815 3928 est,
1853 3882 1956 3917 non
2000 3874 2177 3936 tamen

595 3934 773 3989 omnis
824 3934 1148 4006 prteparatio
1176 3939 1243 3993 ad
1272 3955 1389 3995 eam
1424 3955 1437 3997 ;
1465 3934 1610 3992 _nam
1666 3940 1909 4006 proxima
1940 3935 2177 4006 quidem

595 4019 811 4074 semper
857 4004 953 4062 est
983 4009 1214 4074 Spiritus
1256 4010 1459 4072 sancti;
1509 4004 1714 4061 remota
1763 4005 1816 4059 in
1865 4004 2179 4070 quibusdam

595 4087 679 4131 est
705 4077 915 4131 fructus
939 4080 1127 4145 gratiae
1151 4097 1164 4142 ;
1200 4080 1251 4131 in
1283 4080 1403 4132 aliis
1428 4088 1653 4131 naturas.
1684 4077 1864 4145 Neque
1890 4077 2180 4131 adversan-

596 4157 682 4217 tur
719 4146 978 4201 Cassiano
1026 4150 1281 4202 nonnulla
1342 4149 1779 4217 Scripturarum,
1826 4148 2178 4201 conciliorum

598 4216 927 4284 Patrumqne
955 4217 1092 4282 loca,
1124 4234 1242 4287 quae
1265 4218 1393 4272 nihil
1427 4216 1524 4271 nos
1547 4218 1674 4272 boni
1705 4234 1769 4272 ex
1799 4218 1952 4271 nobis
1982 4227 2071 4271 aut
2100 4217 2181 4272 fa-

596 4300 754 4357 cere,
782 4296 874 4339 aut
903 4288 1157 4343 inchoare
1185 4329 1198 4352 ,
1231 4299 1323 4342 aut
1350 4290 1586 4356 cogitare
1635 4304 1821 4357 posse,
1872 4288 2181 4357 frequenter

596 4356 900 4433 inculcant;
928 4359 977 4413 id
1005 4360 1147 4414 enim
1175 4356 1733 4433 etCassianusdocet
1752 4356 2065 4433 identidem.
2087 4359 2178 4413 llla

595 4442 725 4500 ergo
753 4427 855 4484 erit
888 4428 1077 4484 horum
1106 4432 1345 4485 omnium
1372 4432 1698 4494 conciliatio,
1728 4427 1869 4500 quod
1902 4445 2023 4484 cum
2056 4431 2179 4485 boni

595 4498 887 4568 quidquam
934 4513 1136 4584 nostra:
1159 4502 1421 4584 tribuitur
1444 4503 1678 4584 facultati
1704 4544 1717 4565 ,
1748 4498 2073 4584 intelligatpr
2111 4502 2179 4556 de
2204 4526 2257 4584 Ι)

594 4586 659 4643 ea
684 4586 906 4643 operum
936 4573 1374 4643 voluntatumque
1406 4574 1644 4628 bonitate
1667 4614 1682 4636 ,
1712 4589 1830 4641 quae
1861 4582 1915 4626 et
1939 4576 1987 4624 in
2011 4572 2181 4628 hone-

596 4642 664 4696 sti
698 4641 973 4711 officiique
1001 4644 1212 4698 ratione
1239 4641 1531 4713 spectatur,
1565 4655 1618 4698 et
1647 4644 1712 4698 ad
1741 4646 1965 4711 gratiam
1994 4644 2181 4710 dispo-

594 4714 673 4767 nit
701 4728 731 4767 e
762 4714 1052 4785 longinquo
1080 4731 1095 4780 ;
1120 4730 1241 4769 cum
1269 4730 1399 4769 vero
1428 4717 1606 4768 omnis
1634 4716 1699 4767 ad
1733 4715 1931 4768 bonum
1958 4724 2181 4769 conatus

593 4798 658 4839 ac
688 4794 926 4851 potestas
954 4793 1151 4839 nostrae
1181 4786 1477 4853 denegatur
1501 4794 1725 4849 naturae,
1760 4786 1825 4839 de
1849 4800 1915 4839 eo
1944 4799 2181 4853 expona-

594 4861 682 4909 tur
713 4854 853 4908 bono
884 4857 1020 4925 quod
1051 4866 1142 4908 aut
1172 4858 1399 4923 gloriam
1422 4866 1713 4919 mereatur,
1744 4867 1839 4909 aut
1865 4856 1929 4909 ad
1953 4858 2177 4921 gratiam

596 4935 867 4994 prteparet
892 4942 922 4979 e
952 4926 1251 4995 propinquo
1277 4943 1290 4989 ;
1332 4926 1582 4994 quodque
1610 4942 1749 4979 verae
1785 4926 1986 4992 pietati,
2018 4925 2177 4979 (Zhri-

594 4996 784 5050 stianae
811 4996 1293 5066 justitia!,vilaaque
1315 4998 1607 5050 secundum
1643 4999 1805 5050 Deum
1836 4996 2177 5050 instituenda:

594 5066 846 5121 intimum
878 5066 966 5120 sit.
1020 5071 1349 5134 Augustinus
1375 5066 1441 5120 de
1466 5077 1669 5121 natura:
1698 5067 1897 5120 viribus
1927 5067 2075 5134 prius
2103 5077 2180 5120 te-

596 5136 852 5191 nuissime
880 5137 1141 5201 sentiens.
1169 5137 1384 5192 demum
1411 5137 1481 5191 ita
1513 5154 1571 5191 se
1591 5138 1823 5204 explicat
1846 5138 1939 5191 lib.
1959 5152 2011 5190 tv
2031 5148 2176 5192 cont.

591 5208 728 5265 duas
762 5208 933 5273 Epist.
970 5208 1151 5279 Pelag.
1182 5226 1230 5261 c.
1262 5209 1316 5274 ti,
1344 5210 1379 5262 Ι.
1411 5224 1447 5262 ιι
1474 5208 1543 5262 de
1566 5210 1712 5279 Bono
1738 5209 2176 5275 Perseverantiae,

590 5295 710 5345 cap.
766 5280 834 5334 15
882 5278 972 5333 lib.
1005 5296 1055 5334 tv
1106 5278 1254 5334 cont.
1310 5279 1505 5334 Julian.
1559 5278 1739 5347 Pelag.
1791 5296 1910 5348 cap.
1944 5280 1977 5335 5
2023 5289 2176 5333 tract.

590 5348 662 5406 45
692 5350 744 5404 in
787 5350 941 5406 Joan.
974 5362 1027 5405 et
1078 5350 1171 5404 lib.
1203 5350 1271 5403 de
1298 5350 1496 5414 Spiritu
1529 5358 1585 5419 et
1610 5350 1807 5406 Littera
1834 5366 1950 5419 cap.
1991 5352 2081 5405 98.
2116 5351 2181 5406 Et

603 5422 846 5476 Trident.
896 5421 1135 5489 synodos
1174 5434 1309 5474 sess.
1345 5421 1377 5474 6
1424 5436 1547 5474 can.
1579 5418 1612 5473 5
1659 5422 1761 5475 huc
1790 5418 2085 5488 respiciens
2114 5425 2182 5475 ita

599 5491 879 5546 decernit:
930 5492 986 5546 Si
1021 5493 1139 5560 quis
1165 5492 1364 5544 dixerit
1402 5492 1517 5545 sine
1564 5492 1925 5556 pratvenientc
1953 5493 2185 5561 Spiritus

591 5564 763 5616 sancti
796 5563 1147 5631 inspiratione
1173 5576 1332 5629 atque
1354 5563 1469 5628 ejus
1490 5562 1757 5629 adjutorio
1778 5564 2045 5615 hominem
2069 5578 2186 5615 cre-

594 5636 754 5698 dere,
804 5648 1066 5702 sperare,
1099 5634 1354 5702 diligere,
1398 5642 1490 5685 aut
1540 5636 1803 5699 pmnitere
1854 5648 2009 5699 posse
2047 5634 2187 5686 sicut

592 5713 803 5831 otpéirtct
830 5701 845 5761 ζ
877 5713 933 5756 ιιι
964 5704 1012 5757 ei
1045 5701 1438 5756 iuStiﬁcationis
1463 5705 1631 5772 gratia
1660 5704 1971 5758 conferatur
1994 5743 2008 5766 ,
2057 5717 2186 5755 ana-

593 5781 614 5827 t
688 5787 773 5828 ma
797 5775 885 5829 sit.

593 5775 773 5829 thema
797 5775 885 5829 sit.

1650 278 1740 332 AD
1778 279 2006 334 OPERA
2050 279 2099 333 «Ι.
2143 278 2455 335 CASSIANI
2495 278 2861 335 APPENDIX.

3762 275 3868 331 552

2561 398 2809 453 TERTIA
2852 397 3161 455 CASSIANI
3201 400 3625 459 PROPOSITIO.

2366 491 2587 567 Aliquod
2617 494 2693 546 vel
2718 494 3287 567 ittitiunfpanitentite,
3320 498 3397 551 vel
3424 499 3738 567 prepositum
3766 518 3878 554 mu-

2294 565 2465 615 tanda:
2491 566 2624 627 uiue,
2649 566 2726 616 vel
2749 563 3023 617 consilium
3053 568 3339 620 revertendi
3362 563 3432 622 ad
3461 563 3623 624 Deum
3647 588 3711 624 ex
3735 575 3877 625 nobis

2292 650 2519 711 esse.__-—
2548 637 2636 688 Sic
2684 636 2884 711 sentire
2937 637 3154 689 videtur
3186 640 3311 695 coll.
3346 643 3432 703 15⁹
3461 655 3581 711 cap.
3615 642 3701 704 11,
3733 644 3794 698 15
3820 655 3877 696 et

2296 704 2381 780 15.
2412 706 2538 780 Hazc
2568 707 2880 780 pmttitentia
2908 722 3000 780 seu
3027 711 3327 771 conversio,
3362 711 3429 765 de
3458 704 3560 780 qua
3592 712 3876 767 Cassianus

2292 776 2435 853 agit;
2477 777 2725 853 inchoata
2769 777 3014 845 quaedam
3047 780 3250 833 attritio
3279 792 3400 846 est,
3447 776 3607 849 quam
3640 786 3878 853 p'erique

2293 846 2528 918 theologi
2562 849 2613 900 itt
2647 858 2909 918 pote~tale
2943 857 3145 902 natura:
3188 846 3477 913 collocant;
3504 867 3559 905 ut
3589 846 3652 908 SI
3682 846 3875 909 Tbo'm.

2292 916 2385 969 lib.
2416 934 2469 970 tv
2500 916 2659 990 Sent.
2684 920 2925 972 distinct.
2964 919 3027 973 17
3055 938 3107 983 q.
3140 921 3175 973 2
3202 932 3301 974 art.
3345 922 3367 973 1
3404 940 3457 990 q.
3488 925 3538 978 5.
3594 924 3878 980 Bona-ren-

2294 996 2410 1060 tura
2441 990 2584 1060 lib."
2616 989 2766 1043 Sent.
2794 990 3031 1043 distinct.
3062 992 3131 1045 28
3155 1002 3258 1045 art.
3282 993 3316 1045 2
3341 989 3573 1060 qua-.stJ
3605 997 3668 1049 ad
3698 998 3791 1049 lin.
3822 1007 3879 1052 et

2293 1059 2412 1123 alii;
2444 1058 2605 1129 idque
2632 1078 2692 1111 ea
2723 1060 2948 1124 ratione,
2981 1062 3102 1128 quia
3137 1065 3275 1116 sicut
3311 1058 3454 1115 omni
3498 1075 3701 1119 natorzn
3748 1068 3879 1120 insi-

2297 1138 2380 1183 tus
2408 1142 2491 1183 est
2531 1133 2788 1185 naturalis
2811 1147 2964 1184 amor
2992 1132 3093 1192 sui,
3128 1134 3196 1185 ita
3244 1143 3298 1187 et
3332 1134 3585 1189 naturalis
3612 1139 3768 1190 timor
3785 1154 3878 1193 eo-

2294 1216 2411 1253 rum
2438 1217 2559 1270 quae
2591 1212 2648 1277 ut
2680 1203 2834 1255 noxia
2867 1204 3259 1277 Concipiuntur.
3289 1204 3404 1277 Jam
3438 1223 3568 1259 Vt'rO
3609 1221 3725 1261 cum
3752 1224 3877 1277 pec-

2294 1284 2471 1345 catum
2500 1273 2654 1326 valde
2688 1284 2918 1345 noceat,
2971 1286 3021 1327 et
3058 1273 3291 1328 hominis
3336 1276 3582 1345 dignitati
3628 1278 3695 1329 ob
3723 1273 3873 1335 sitam

2295 1344 2701 1409 turpitudinem,
2741 1354 2793 1397 et
2824 1344 2977 1398 fama:
3006 1356 3167 1414 atque
3202 1344 3409 1401 honori
3435 1350 3478 1400 si
3516 1348 3637 1402 aliis
3666 1350 3877 1405 innote-

2294 1423 2431 1487 scat,
2465 1426 2516 1467 et
2546 1418 2618 1468 rei
2654 1415 2903 1468 familiari
2946 1416 2989 1468 si
3019 1431 3078 1469 ea
3108 1418 3433 1481 ililapidetur
3459 1459 3473 1483 ,
3506 1428 3559 1472 et
3589 1424 3798 1487 corpori
3829 1423 3875 1476 si

2295 1484 2513 1537 morbos
2546 1490 2744 1552 pariat;
2782 1503 3012 1555 cmnque
3057 1502 3122 1540 ex
3150 1490 3306 1556 culpa
3338 1501 3520 1544 reatus
3557 1484 3729 1545 omnis
3757 1496 3877 1547 exi—

2293 1564 2399 1608 stat
2433 1571 2707 1620 poenarum
2738 1598 2751 1619 ,
2803 1572 2935 1620 quas
2962 1558 3041 1611 vel
3073 1557 3304 1611 humana
3334 1559 3414 1613 lex
3463 1561 3541 1613 vel
3573 1562 3751 1616 divina
3783 1564 3875 1617 de—

2292 1628 2486 1687 cernit.
2519 1643 2619 1700 non
2655 1639 2737 1681 est
2766 1629 2985 1700 omnino
3016 1643 3172 1695 supra
3205 1640 3446 1683 naturam
3477 1633 3655 1685 odisse
3689 1649 3876 1700 pecca-

2295 1705 2427 1763 tum,
2462 1699 2601 1763 quod
2634 1710 2876 1751 naturam
2906 1698 3075 1764 ipsam
3110 1709 3187 1752 tot
3216 1701 3366 1754 malis
3390 1698 3721 1757 nocumentis
3748 1705 3875 1759 facit

2219 1783 2266 1843 Β
2294 1768 2603 1823 obnoxiam.
2660 1774 2835 1843 Atque
2883 1770 2983 1843 hoc
3010 1770 3216 1823 initium
3249 1772 3516 1839 quoddam
3548 1776 3874 1842 pmnitentia:

2292 1850 2373 1892 est
2400 1850 2453 1893 et
2480 1842 2804 1894 reversionis
2835 1840 2898 1892 ad
2935 1840 3122 1894 Deum.

2293 1910 2453 1963 lcrari
2496 1922 2669 1973 potest
2714 1913 2800 1964 illa
2830 1911 3103 1966 distinctio

3154 1843 3329 1907 Quare
3359 1844 3427 1895 ita
3452 1845 3767 1908 constituta,
3793 1856 3874 1901 to-

3133 1912 3152 1983 (
3182 1916 3304 1987 licet
3351 1915 3508 1987 paulo
3549 1915 3736 1987 durior
3759 1917 3873 1987 sit)

2290 1997 2447 2053 quam
2479 1980 2763 2035 Cassianus
2796 1982 2956 2035 tradit
2978 1980 3161 2037 collati.
3196 1985 3263 2038 15
3284 1999 3401 2051 Cap.
3434 1983 3495 2036 17
3530 2002 3541 2036 :
3600 1980 3875 2053 Quorum;

2288 2050 2432 2114 dam,
2465 2053 2651 2121 inquit,
2685 2053 2827 2107 Deos
2858 2063 2936 2104 est
2967 2063 3278 2119 susceptor,
3308 2050 3656 2123 quorumdam
3688 2060 3872 2111 salva-

2291 2132 2393 2175 tor.
2428 2122 2544 2175 Non
2576 2125 2715 2177 enim
2745 2123 2816 2177 ibi
2845 2124 2910 2177 de
2940 2125 3108 2192 gratia
3135 2122 3460 2192 justitiCante
3483 2126 3619 2194 loqui
3650 2128 3875 2183 videtur

2289 2194 2608 2268 (secundum
2639 2210 3028 2268 campumque
3058 2197 3295 2268 omnium
3339 2198 3569 2249 salvator
3594 2206 3717 2263 est,
3748 2201 3875 2268 quia

2286 2264 2607 2335 quicumque
2654 2265 3048 2334 justilicantur,
3122 2270 3189 2318 ab
3244 2266 3343 2319 hoc
3398 2268 3663 2321 salvatore
3714 2264 3875 2335 justi-

2289 2334 2591 2409 (icantur),
2641 2336 2731 2389 sed
2785 2343 2991 2409 remoto
3039 2347 3233 2389 eonatu
3279 2353 3605 2408 accessuque
3653 2334 3725 2392 ad
3782 2341 3875 2409 ju-

2284 2405 2697 2471 stiltcationem,
2748 2407 3039 2460 secundum
3085 2423 3243 2473 quem
3287 2423 3471 2461 eorum
3521 2405 3675 2463 vocat
3706 2405 3874 2465 Deum

2284 2476 2653 2538 salvatorem,
2724 2493 2860 2547 quos
2915 2494 2979 2531 ex
3046 2480 3155 2531 otio
3222 2488 3275 2531 ct
3326 2479 3531 2545 ignavia
3591 2481 3761 2535 salvat
3818 2483 3873 2536 in

2286 2556 2484 2612 totum,
2532 2563 2716 2601 eorum
2767 2564 2899 2601 vero
2943 2559 3344 2615 susceptoretn,
3395 2566 3623 2617 quorum
3678 2551 3873 2606 bonam

2283 2616 2514 2684 aliquant
2572 2618 2985 2673 sollicitudinem
3048 2620 3304 2674 benevole
3356 2616 3614 2687 suscipit,
3668 2631 3721 2676 et
3768 2625 3873 2675 mi-

2283 2689 2627 2742 sericorditer
2702 2698 2995 2755 promovet.
3073 2690 3353 2744 Postremo
3421 2691 3562 2759 quod
3617 2692 3690 2744 ait
3741 2692 3872 2747 Cas~

2283 2759 2465 2813 sianos
2509 2760 2634 2812 coll.
2670 2762 2734 2815 15
2786 2776 2903 2827 cap.
2950 2762 3046 2825 19,
3098 2763 3293 2814 divina:
3341 2762 3504 2815 fuisse
3549 2762 3875 2825 dignationis

2283 2830 2423 2897 quod
2460 2830 2621 2883 David
2649 2848 2741 2897 per
2772 2831 3091 2898 Prophetam
3117 2832 3277 2885 fuerit
3300 2833 3687 2898 reprehensus,
3719 2836 3866 2902 quod

2284 2914 2412 2952 vero
2437 2913 2709 2966 peccatum
2742 2917 2899 2953 suum
2923 2902 3224 2969 agnoverit,
3256 2906 3484 2970 propriae
3514 2904 3675 2957 luisse
3700 2904 3872 2959 liber-

2286 2971 2415 3025 tatis
2449 2986 2603 3039 opus,
2638 2974 2836 3041 exponi
2877 2984 3049 3040 potest
3075 2974 3223 3041 juxta
3254 2974 3305 3027 id
3336 2974 3477 3043 quod
3516 2972 3629 3040 ipse
3672 2974 3871 3031 ibidem

2286 3044 2611 3109 prlecedenti
2651 3043 2824 3107 capite
2847 3046 3159 3112 scripserat,
3184 3060 3376 3111 nempe
3411 3045 3460 3097 in
3488 3044 3715 3099 hominis
3739 3062 3869 3100 esse

2287 3113 2533 3167 libertate
2571 3125 2624 3167 et
2664 3115 2887 3167 arbitrio
2912 3116 3140 3183 gratiam
3175 3116 3264 3169 Dei
3299 3116 3566 3183 negligere
3605 3118 3683 3168 vel
3710 3132 3872 3170 ama-

2288 3198 2370 3245 re,
2399 3186 2555 3253 eique
2586 3186 2668 3238 vel
2694 3187 2914 3251 obsequi
2951 3186 3036 3239 vel
3068 3186 3350 3250 resistere,
3389 3197 3443 3237 ut
3472 3185 3711 3239 decernit
3743 3187 3874 3241 Tri-

2285 3254 2435 3308 dent.
2464 3270 2620 3309 eonc.
2654 3271 2789 3311 Sess.
2823 3256 2856 3309 6
2896 3272 2946 3310 c.
2979 3263 3040 3319 4,
3075 3256 3143 3309 ita
3180 3266 3354 3309 tamen
3389 3266 3445 3309 ut
3473 3273 3763 3325 numquam
3785 3259 3873 3311 itt-

2289 3326 2555 3394 telligatnr
2581 3328 2795 3380 exclusa
2827 3327 3074 3395 specialis
3102 3326 3195 3379 Dei
3228 3329 3393 3381 motio
3414 3372 3427 3394 ,
3460 3342 3563 3395 qua
3595 3330 3648 3379 lit
3692 3338 3747 3380 ut
3779 3344 3875 3381 vo-

2284 3402 2425 3449 cauti
2452 3398 2800 3464 obsequatur,
2826 3408 2878 3451 et
2903 3407 3179 3465 peccatum
3228 3398 3520 3453 el‘licaciter
3544 3398 3869 3452 detestetur.

2283 3466 2459 3531 Quare
2487 3481 2605 3519 cum
2634 3468 2923 3521 CaSsianus
2959 3469 3306 3534 przetttisisset
3338 3469 3428 3521 Dei
3462 3470 3711 3535 gratiam,
3743 3485 3871 3537 quae

2286 3552 2389 3589 non
2422 3538 2593 3591 solum
2620 3539 2757 3591 intus
2779 3580 2792 3602 ,
2827 3539 2921 3593 sed
2951 3540 3109 3592 etiam
3135 3540 3263 3593 foris
3289 3541 3546 3607 arguebat
3583 3540 3870 3606 Davidem,

2283 3607 2466 3661 subdit
2493 3612 2721 3676 proprim
2751 3609 2913 3665 luisse
2940 3610 3201 3664 libertatis
3240 3626 3374 3679 opus
3401 3611 3542 3681 quod
3586 3621 3873 3680 peccatum

2285 3694 2437 3733 suunt
2466 3683 2764 3747 agnoverit.

2518 3772 2799 3837 QUAliTA
2838 3772 3143 3827 CASSIANI
3183 3771 3600 3828 PROPUSITIO.

2357 3862 2684 3916 Nonnullam
2728 3864 2850 3931 ﬁdei
2898 3873 3086 3916 motum
3129 3881 3191 3917 ea:
3228 3866 3369 3918 nobis
3400 3866 3643 3930 incipere.
3674 3894 3749 3907 -
3787 3864 3877 3921 Si-

2284 3935 2565 4001 gniﬁcatur
2596 3934 2646 3986 id
2681 3936 2861 3988 collat.
2896 3934 2960 3988 15
2985 3950 3102 4001 cap.
3140 3936 3196 3988 11
3231 3946 3285 3989 et
3307 3937 3392 3999 15,
3445 3935 3643 3990 clarius
3664 3951 3799 3991 vero
3821 3952 3874 3991 c.

2285 4007 2372 4066 15,
2404 4005 2488 4057 ubi
2517 4005 2826 4059 exercuisse
2843 4006 3112 4059 Christum
3137 4005 3323 4060 scribit
3347 4008 3651 4061 curationes
3677 4021 3879 4062 secun-

2283 4076 2407 4130 dum
2439 4091 2742 4129 mensuram
2779 4075 2901 4129 lidci
2944 4076 2995 4129 in
3039 4091 3139 4143 qua
3173 4091 3607 4147 unumquemque
3634 4080 3871 4146 reperit,

2284 4148 2364 4201 vel
2398 4148 2537 4199 sicut
2568 4148 2855 4213 unicuique
2881 4147 2995 4211 ipse
3016 4148 3242 4216 partitus
3269 4156 3389 4211 est;
3430 4162 3491 4202 ac
3521 4150 3565 4202 si
3594 4148 3760 4211 dicat,
3809 4149 3880 4203 ﬁ-

2282 4220 2405 4271 dem
2439 4217 2671 4285 aliquam
2706 4231 2801 4269 nos
2847 4217 3043 4271 habere
3092 4234 3157 4273 ex
3187 4218 3377 4281 nobis,
3408 4220 3692 4287 quamdam
3736 4234 3877 4273 vero

2283 4289 2449 4342 Deum
2488 4288 2773 4355 impartiri.
2817 4287 2978 4340 Multo
3002 4290 3198 4342 rectius
3229 4300 3467 4343 senserat
3499 4289 3624 4343 coll.
3658 4289 3713 4345 5.
3740 4304 3875 4358 cap.

2283 4360 2372 4423 16,
2411 4359 2596 4413 donari
2623 4369 2676 4413 et
2706 4360 2885 4426 augeri
2919 4358 3077 4412 fidem
3101 4374 3127 4411 a
3165 4360 3298 4423 Deo,
3334 4360 3434 4414 nisi
3462 4359 3575 4413 haec
3607 4368 3662 4412 et
3693 4359 3747 4411 id
3772 4375 3878 4428 ge-

2285 4445 2383 4483 nus
2429 4432 2530 4482 alia
2588 4430 2705 4483 loca
2757 4429 3120 4495 intelligantur
3149 4429 3216 4484 de
3264 4430 3366 4484 lide
3395 4446 3487 4484 seu
3517 4430 3881 4495 persuasione

2287 4501 2512 4553 humana
2542 4542 2556 4565 ,
2587 4516 2707 4553 cum
2748 4498 2814 4552 iis
2862 4515 2980 4567 qua:
3009 4500 3212 4553 revelat
3250 4501 3392 4553 Dens
3420 4516 3513 4569 per
3545 4500 3879 4563 Ecclesium,

2286 4570 2572 4639 incipimUs
2602 4571 2791 4625 saltem
2822 4569 3173 4637 probabiliter
3220 4571 3469 4624 assentiri
3514 4583 3737 4640 propter
3775 4570 3883 4625 art-

2284 4658 2415 4709 quas
2463 4641 2698 4693 rationes
2725 4682 2739 4705 ,
2790 4651 3139 4709 argumenta,
3182 4641 3437 4694 miracula
3464 4682 3479 4701 .
3521 4643 3878 4695 sanctitatem

2282 4711 2695 4777 evangelizantis
2721 4711 3027 4767 Christum:
3076 4710 3376 4779 cujusmodi
3403 4712 3561 4765 ﬁdem
3595 4711 3875 4766 naturali-

2284 4793 2366 4835 ter
2413 4784 2614 4850 acquiri
2671 4795 2828 4849 posse
2853 4791 3103 4835 auctores
3126 4792 3252 4834 sunt
3282 4784 3441 4835 Solus
3473 4783 3566 4835 ιιι).
3600 4797 3656 4839 ιιι
3707 4782 3879 4839 Sent.

2282 4852 2521 4906 distinct.
2551 4852 2619 4905 27
2652 4861 2843 4920 qumst.
2887 4852 3075 4917 unica,
3112 4852 3346 4905 Durand.
3381 4852 3474 4906 lib.
3502 4867 3537 4905 ιι
3566 4852 3718 4907 Sent.
3757 4855 3883 4907 dis-

2284 4924 2435 4978 tinct.
2464 4924 2534 4977 28
2565 4935 2752 4987 quaest.
2791 4923 2840 4984 1,
2873 4924 3034 4976 Alex.
3068 4921 3281 4976 Alensis
3312 4932 3446 4991 part.
3484 4938 3542 4977 ιιι
3574 4932 3774 4992 quaest.
3807 4924 3889 4979 68

2293 4996 2517 5047 membr.
2546 4995 2599 5056 9.,
2631 4994 2999 5046 Bonaventura
3031 4994 3124 5046 lib.
3152 5009 3203 5046 ιιι
3228 4993 3374 5048 Sent.
3408 4994 3642 5047 distinct.
3672 4992 3747 5046 ‘25
3768 5004 3890 5049 art.

2286 5067 2321 5119 2
2342 5082 2431 5135 qu.
2464 5066 2519 5125 2.
2546 5064 2716 5131 (laict.
2746 5064 2835 5116 1-2
2861 5064 3078 5135 quiuit?
3110 5075 3211 5117 art.
3248 5066 3269 5117 1
3306 5068 3486 5117 nolab.
3518 5062 3888 5135 3,_7Caprcol.

2288 5132 2381 5191 lib‘.
2412 5152 2467 5189 ιιι
2493 5136 2642 5190 Sent.
2672 5136 2909 5187 distinct.
2942 5132 3013 5187 21
3042 5145 3234 5202 quaest.
3270 5136 3410 5187 nnic.
3444 5143 3546 5188 art.
3575 5133 3610 5187 ὅ
3656 5135 3721 5186 ad
3758 5151 3892 5201 ιιι-ε.

2291 5210 2433 5261 Scott
2469 5216 2611 5260 cont.
2636 5204 2671 5256 2
2700 5220 2876 5266 conc.,
2906 5204 2992 5257 ubi
3024 5207 3182 5257 etiam
3222 5205 3385 5258 multa
3420 5206 3533 5259 loca
3565 5204 3621 5259 S.
3648 5204 3896 5258 Thomas

2290 5278 2507 5333 adducit
2540 5292 2635 5343 pro
2667 5276 2764 5328 hac
2792 5276 3052 5345 sententia
3080 5291 3094 5339 ;
3127 5290 3155 5328 a
3200 5291 3305 5345 qua
3342 5286 3489 5331 certe
3527 5292 3627 5331 nec
3656 5274 3892 5329 videtur

2291 5348 2588 5403 abhorrere
2616 5349 2839 5415 ipsemet
2878 5347 2934 5399 S.
2981 5344 3218 5400 Thomas
3246 5346 3347 5401 2-2
3387 5356 3580 5416 quasst.
3613 5347 3647 5402 6
3684 5355 3793 5416 art.
3829 5346 3891 5410 1,

2292 5421 2381 5473 ubi
2414 5419 2661 5472 concedit
2694 5432 2847 5484 posse
2878 5431 2998 5469 esse
3050 5416 3278 5484 aliquam
3316 5415 3719 5484 persuasionem
3778 5415 3889 5469 lm~

2291 5506 2503 5544 manant
2537 5489 2877 5542 inducentem
2922 5485 2986 5540 ad
3018 5486 3344 5540 credendum
3371 5529 3385 5553 ,
3433 5488 3527 5542 sed
3580 5502 3685 5541 non
3722 5487 3888 5539 sulfu-

2290 5563 2542 5619 cientcm.
2599 5574 2788 5624 nempe
2818 5558 2882 5611 ad
2928 5558 3081 5610 fidem
3114 5558 3471 5625 catholicam;
3524 5574 3646 5612 nam
3674 5556 3741 5610 ad
3781 5558 3890 5610 hu-

2292 5648 2502 5686 tnanam
2536 5646 2641 5683 non
2694 5638 2934 5697 negaret.
2962 5643 3079 5680 cum
3114 5628 3287 5680 omnis
3322 5632 3599 5694 persuasio
3638 5628 3890 5681 humana

2292 5702 2608 5755 naturaliter
2629 5712 2748 5767 apta
2772 5699 2838 5751 sit
2858 5700 2920 5751 ad
2950 5698 3268 5769 gignendum
3294 5700 3529 5764 aliquam
3556 5698 3889 5769 opinionem

2291 5782 2345 5826 et
2372 5787 2648 5825 assensum
2693 5771 2863 5823 levent
2892 5769 3103 5823 saltem.
3151 5768 3327 5833 Quare
3367 5770 3561 5825 ibidem
3596 5768 3823 5837 iqutest.
3856 5770 3885 5827 ζ
