4000 6186
136 208 259 271 855

998 206 1056 266 Ρ.
1096 208 1395 267 ClACONll
1434 199 2005 266 OBSERVATIONES
2042 206 2107 263 IN
2144 206 2194 263 .l.
2237 202 2649 267 CASSIANUM.

3350 220 3457 279 551

144 344 262 389 art.
305 333 371 395 '5.
418 330 687 385 hzeretico
743 343 849 384 non
880 329 1111 385 credenti
1157 346 1321 386 unum
1345 330 1628 385 articulum
1680 330 1775 383 de-
1803 333 1851 391 Α
1878 328 2080 382 siilerio
2124 325 2438 394 procedere,
2472 340 2700 395 eamque
2730 341 2757 378 a
2810 326 2920 381 Deo
2952 327 3218 396 exaudiri,
3252 346 3360 388 non
3387 350 3455 391 ex

144 416 330 471 negat
362 403 520 457 fidem
555 402 880 457 catholicam
912 402 1071 455 etiam
1101 404 1242 456 circa
1270 403 1471 471 reliqua
1505 417 1622 470 qum
1646 417 1767 454 cre-

146 478 237 529 dit
266 491 285 539 ;
322 474 575 529 concedit
605 483 781 525 tamen
813 472 1098 526 humanam
1130 488 1193 526 ex
1230 477 1446 540 proprio
1472 471 1677 540 judicio
1704 486 1768 525 ac

150 550 462 598 voluntate
496 556 822 608 nascentem,
849 544 897 595 id
929 544 1069 612 quod
1102 543 1358 597 haeretico
1386 553 1568 611 posset
1596 543 1769 596 obtin-

144 634 299 686 gere:
350 618 514 670 etiam
558 625 676 667 ante
706 614 1023 682 acquisitum
1067 615 1189 667 fidei
1219 615 1465 669 humanae
1500 614 1765 686 habitum,

150 684 213 740 nt
251 688 312 740 si
346 703 451 755 qua
482 692 605 739 hora
632 686 880 745 credidit,
914 686 1253 751 postmodum
1281 701 1387 738 non
1418 685 1621 739 credat.
1658 684 1770 738 Hoc

152 761 358 823 ipsum
405 757 558 811 etiam
590 755 786 809 rationi
830 756 987 809 valde
1015 766 1435 810 consentaneum
1481 766 1562 809 est
1588 794 1603 817 ,
1644 756 1769 824 quia

151 847 219 881 ea
259 844 392 895 quae
414 829 747 882 extrinsecus
779 841 876 880 nos
906 827 971 881 ad
997 828 1154 881 fidem
1180 836 1420 887 movent,
1447 826 1620 895 qualia
1646 836 1770 881 sunt

156 899 460 967 miracula,
492 899 620 952 vita:
640 899 915 962 sanctitas,
950 898 1265 966 pr0plietiie,
1296 906 1349 951 et
1378 895 1650 967 caeteraid
1678 911 1770 966 ge-

159 985 305 1034 nus,
334 972 434 1023 etsi
485 985 594 1023 non
623 970 836 1034 pariunt
863 969 1185 1023 evidentiam
1228 967 1469 1022 veritatis
1494 1010 1507 1034 ,
1537 966 1770 1021 afferunt

158 1049 362 1094 tamen
410 1041 739 1095 evidentiam
766 1040 1141 1094 credihilitatis
1166 1082 1180 1101 ,
1230 1040 1282 1092 id
1312 1047 1430 1103 est,
1474 1038 1768 1092 OStendunt

161 1128 285 1165 non
338 1125 461 1166 esse
514 1112 829 1165 temeritatis
878 1110 965 1165 vel
1014 1109 1389 1179 imprudentiae
1418 1109 1680 1177 credere,
1715 1117 1770 1163 et

163 1194 471 1250 prOpterea
516 1184 565 1235 iii
608 1195 887 1235 assensum
937 1181 1169 1250 aliquem
1222 1188 1398 1247 potest
1436 1196 1529 1233 sua
1578 1190 1769 1248 sponte

163 1265 383 1307 natura
426 1267 813 1321 prorumpere;
861 1266 966 1305 non
997 1252 1324 1305 catholicum
1385 1260 1561 1305 tanien
1589 1290 1603 1314 ,
1663 1252 1768 1304 nisi

162 1324 424 1394 Spiritus
451 1326 619 1378 sancti
649 1325 847 1377 lumine
875 1324 1241 1376 colliistretur.
1273 1322 1378 1376 Sed
1408 1321 1771 1394 qualisqualis

166 1393 349 1450 fuerit
378 1393 618 1449 Cassiani
651 1394 916 1449 sententia
943 1436 957 1457 ,
1011 1407 1216 1447 certiiin
1258 1402 1342 1446 est
1387 1393 1556 1446 multo
1603 1393 1770 1458 magis

169 1466 516 1534 probandam
547 1479 669 1520 esse
701 1465 947 1530 Prosperi
979 1465 1369 1531 expositionem
1394 1461 1771 1517 contendeniis

168 1547 290 1589 tam
329 1538 578 1601 Andreas,
612 1536 776 1602 Petri,
805 1536 990 1600 Pauli,
1022 1536 1359 1604 aliorumque
1402 1534 1769 1602 apostolorum

171 1605 370 1673 ﬁdem,
398 1622 557 1677 quam
588 1606 819 1671 Zachmi,
848 1605 1102 1668 Cornelii,
1133 1606 1473 1659 Centurionis
1503 1616 1555 1659 ct
1587 1606 1771 1677 Latro-

175 1680 264 1731 nis
300 1676 674 1743 vocationeni,
710 1679 897 1747 gratiae
926 1677 1339 1747 ascribendani;
1387 1685 1441 1729 et
1475 1691 1579 1729 noti
1609 1676 1770 1747 modo

175 1763 291 1803 non
351 1750 503 1811 illos,
553 1750 646 1802 sed
687 1746 754 1803 ne
783 1748 882 1801 hos
911 1747 1125 1817 quidem
1156 1746 1407 1801 habuisse
1450 1748 1613 1800 ullum
1650 1746 1769 1799 ﬁdei

175 1830 425 1884 motum,
466 1829 751 1889 antequam
796 1821 964 1886 gratia
1018 1820 1462 1884 praevenireutur,
1495 1820 1615 1885 quia
1650 1817 1777 1872 licet

174 1891 426 1960 Spiritus
452 1900 669 1945 szinctus
694 1889 823 1943 foris
850 1904 945 1944 ens
967 1904 1071 1942 non
1101 1889 1343 1953 traxerit,
1382 1889 1544 1960 traxit
1596 1899 1771 1941 tamen

174 1958 355 2025 intus,
380 1962 469 2027 qui
500 1975 629 2015 suos
655 1963 800 2015 varie
822 1960 985 2014 trahit
1007 1960 1073 2013 ad
1102 1964 1364 2014 salutem:
1392 1958 1578 2026 Neque
1606 1961 1772 2025 enim,

174 2033 361 2101 inquit
391 2032 625 2101 Prosper
646 2073 661 2095 ,
705 2031 1002 2100 putandum
1032 2041 1114 2084 est
1145 2030 1287 2099 quod
1321 2033 1555 2097 potentia
1587 2037 1775 2099 gratiae

173 2118 279 2158 eos
309 2113 517 2156 tantum
549 2102 615 2156 ad
648 2102 813 2155 filium
846 2102 1111 2169 attrahat,
1147 2117 1282 2172 quos
1311 2111 1402 2154 aut
1435 2115 1574 2172 voce
1598 2103 1772 2154 incre.

174 2176 354 2243 parit,
387 2182 478 2227 aut
509 2189 664 2241 paena
695 2174 979 2233 attriverit,
1011 2182 1102 2243 aut
1136 2184 1344 2228 terrore
1384 2171 1772 2235 tremefecerit;

169 2245 398 2299 illorum
431 2255 607 2298 autem
640 2244 911 2299 mentibus
942 2242 1075 2298 nihil
1105 2258 1216 2298 sua:
1242 2244 1454 2296 virtutis
1493 2242 1778 2296 admoveat

252 2334 280 2369 r
313 2317 651 2385 tranquillam
682 2316 1132 2369 cohortationem.
1171 2316 1292 2368 llaec
1321 2313 1574 2383 Prosper.
1615 2313 1776 2385 Certe

222 2387 273 2441 ic
310 2384 463 2441 locus
491 2398 684 2455 prmter
711 2386 846 2440 alios
875 2401 1091 2440 causam
1121 2388 1334 2440 videtur
1364 2388 1655 2453 praebuisse
1673 2384 1777 2441 Ge-

168 2458 326 2512 lasio
354 2472 499 2527 papa:
521 2468 576 2512 ut
603 2458 845 2513 Cassiani
878 2472 1039 2526 opera
1068 2456 1212 2512 inter
1238 2460 1548 2527 apocrypha
1578 2473 1771 2512 nume-

168 2538 366 2584 raret.

456 2620 710 2690 QUINTA
742 2619 1057 2677 CASSIANI
1087 2618 1510 2677 PROPOSITIO.

258 2732 468 2807 Nostris
506 2735 824 2789 orationibus
855 2750 1236 2804 nonnumquam
1266 2734 1360 2788 Dei
1382 2737 1604 2807 gratiam
1642 2752 1777 2807 pra-

170 2806 371 2877 ceniri.
402 2808 558 2877 juxta
584 2808 717 2861 illud
739 2823 757 2859 :
792 2807 855 2877 Et
887 2822 1033 2859 marte
1074 2807 1237 2858 oratio
1264 2806 1672 2877 mea’prteveniet
1702 2818 1768 2864 te.

166 2904 251 2916 —-
281 2875 536 2932 Traditur
566 2878 617 2933 id
642 2879 762 2932 coll.
797 2876 831 2929 5
854 2893 899 2930 c.
930 2877 997 2932 19
1019 2888 1071 2931 et
1094 2878 1220 2931 coll.
1260 2875 1325 2929 15
1348 2892 1398 2932 c.
1429 2884 1459 2929 9
1488 2889 1543 2933 et
1571 2881 1657 2933 12.
1685 2879 1775 2933 Ni~

172 2947 258 3001 liil
294 2946 415 3002 haec
443 2950 709 3003 sententia
739 2949 934 3002 habere
963 2949 1174 3001 videtur
1194 2948 1429 3001 absurdi.
1460 2949 1608 3003 Licet
1628 2951 1771 3004 enim

167 3018 295 3086 ipse
328 3020 519 3073 orandi
560 3021 726 3074 Deum
775 3018 996 3072 affectus
1045 3018 1115 3071 sit
1156 3019 1354 3071 donum
1381 3019 1498 3083 Dei,
1528 3020 1658 3072 nihil
1692 3028 1771 3071 la-

1880 400 2064 453 dehito
2098 398 2336 464 iustitiae,
2369 398 2460 450 sed
2502 413 2565 450 ex
2597 412 2727 465 pura
2760 397 3122 453 misericordia
3148 443 3161 463 ,
3194 403 3237 456 si
3266 419 3456 460 neces-

1875 471 2019 523 saria
2045 469 2109 521 ad
2143 469 2819 540 salutentperseveranter
2857 484 2919 524 ac
2958 471 3041 538 pie
3072 487 3171 540 pro
3199 487 3258 527 se
3290 475 3456 530 homio

1873 555 1970 594 nes
2005 547 2216 606 petant;
2252 539 2395 608 quod
2428 540 2674 591 ultimum
2704 537 2994 607 Cajetanui
3024 537 3246 607 exponit
3274 546 3342 600 de
3371 546 3453 601 in-

1877 612 2119 685 tentione
2138 626 2287 685 ._qua
2321 612 2483 662 etiam
2510 617 2763 685 peccator
2788 619 2971 685 potest
3009 611 3069 685 iii
3082 613 3268 685 aliquo
3295 632 3457 685 opere

1870 682 2103 753 diligere
2138 680 2307 753 Deum
2348 688 2568 753 propter
2598 679 3006 753 ipsum’Deuin.
3039 682 3094 753 Si
3122 679 3242 753 quis
3273 679 3455 743 autem

1875 750 2171 807 contendat
2202 751 2338 804 hanc
2381 750 2635 819 pietatem
2667 751 2732 803 ad
2766 750 3161 820 impetrandum
3209 770 3461 812 necessa-

1872 821 2030 888 riam,
2066 838 2171 875 non
2203 836 2362 893 posse
2391 822 2655 893 essesine
2680 821 2860 891 aliquo
2888 824 3109 892 speciali
3142 826 3366 893 auxilio,
3395 837 3454 882 ut

1872 894 2181 963 signiﬁcare
2212 892 2431 947 videtur
2459 891 2659 946 ibidem
2701 901 2805 946 art.
2842 891 3002 949 15’ad
3036 895 3087 959 1,
3118 906 3268 953 certe
3296 891 3459 953 isne-

1871 980 1999 1036 gare
2020 978 2125 1017 non
2152 965 2347 1032 poterit
2374 978 2437 1017 es
2463 963 2728 1036 sententia
2755 964 2813 1019 S.
2839 964 3061 1020 Thomae
3081 966 3313 1036 aliquam
3339 985 3459 1023 ora-

1874 1035 2074 1088 tionem
2105 1049 2262 1102 posse
2292 1049 2361 1087 ex
2392 1044 2600 1106 natura:
2640 1034 2781 1106 bono
2813 1036 3056 1102 prodire,
3089 1034 3336 1106 quamvis
3370 1040 3461 1093 im-

1874 1116 2152 1179 petratura
2195 1120 2300 1158 non
2335 1103 2574 1179 sit,__nisi
2618 1120 2681 1157 ex
2711 1105 2898 1160 divino
2941 1103 3143 1161 auxilio
3170 1109 3349 1179 aliqua
3380 1110 3456 1165 illi

1874 1178 2044 1242 pietas
2068 1175 2409 1243 adiungatur.
2436 1175 2618 1243 Neque
2635 1189 2794 1243 quem
2822 1188 3034 1231 moveat
3054 1175 3312 1234 can0iie‘3
3332 1196 3460 1235 con-

1872 1247 1977 1300 cilii
2012 1246 2326 1299 Arausicani
2357 1248 2435 1300 sic
2466 1248 2748 1299 statuentis
2776 1264 2788 1297 :
2824 1247 2881 1302 Si
2907 1248 3027 1316 quis
3059 1250 3454 1306 inViicationein

1877 1317 2159 1391 humanam
2185 1319 2371 1384 gratim
2394 1317 2490 1391 Dei
2511 1318 2640 1370 dicit
2667 1316 2925 1391 conferri,
2951 1334 3057 1372 non
3080 1331 3258 1375 autem
3288 1322 3457 1391 ipsam

1875 1388 2098 1455 gratiam
2120 1387 2299 1442 facere
2327 1398 2382 1442 iit
2410 1390 2690 1441 inviicetur
2711 1404 2739 1440 a
2766 1388 2940 1447 nobis.
2962 1392 3285 1445 coiitradicit
3307 1387 3458 1446 lsaite

1878 1460 2151 1526 prophetae
2182 1460 2265 1512 vel
2294 1458 2558 1525 Apostolo
2588 1458 2725 1512 idem
2756 1459 2953 1514 dicenti
2982 1458 3260 1516 :Inventus
3281 1479 3397 1516 sum
3424 1480 3456 1516 a

1876 1545 1979 1580 non
2004 1530 2346 1599 qurerentibus
2372 1545 2452 1583 me
2470 1574 2483 1595 ,
2509 1527 2683 1596 palum
2704 1532 2925 1598 apparui
2946 1532 3007 1585 iis
3033 1532 3122 1599 qui
3146 1547 3228 1586 me
3253 1549 3356 1586 non
3380 1534 3460 1586 in-

1876 1598 2221 1668 terrogabunt.
2274 1599 2450 1665 Ipsum
2483 1602 2624 1653 enim
2657 1601 2945 1655 c0nciliiiin
2987 1598 3196 1658 canone
3226 1604 3259 1659 6
3287 1612 3461 1659 semet

1877 1671 2118 1743 exponit,
2146 1686 2263 1722 cuin
2291 1673 2521 1743 al'lirinat
2545 1671 2660 1724 sine
2683 1673 2857 1739 gratia
2883 1672 2976 1726 Dei
3004 1689 3106 1725 non
3130 1689 3289 1743 posse
3309 1677 3457 1729 orari

1880 1740 2311 1815 sicut‘oportet;
2350 1742 2397 1793 id
2431 1742 2618 1815 enim,
2656 1753 2711 1793 ut
2732 1752 2953 1815 oportet
3002 1744 3114 1797 fieri
3131 1740 3250 1799 'non
3282 1754 3463 1815 potest

1880 1811 1998 1888 sine
2013 1810 2126 1888 fide
2150 1823 2203 1888 et
2233 1826 2348 1888 s_pe.
2374 1811 2709 1888 Augustinus
2730 1812 2781 1888 in
2806 1812 3003 1888 Psalin.
3029 1830 3249 1888 Lx_xxvti
3267 1810 3458 1888 z-Ego',

1879 1880 2089 1950 inquit,
2124 1882 2192 1933 ad
2236 1881 2512 1935 Dominum
2541 1884 2777 1948 clamavi,
2814 1884 2915 1937 hoc
2942 1897 3046 1947 eSI,
3079 1880 3383 1941 Dominum'
3400 1880 3460 1942 ut

1880 1952 2067 2005 Salvus
2092 1966 2288 2015 essem,
2324 1955 2589 2007 invocavi.
2617 1953 2901 2018 Quomodo
2922 1967 3098 2009 autem
3128 1957 3458 2020 invocarem,

1881 2024 1983 2075 nisi
2032 2022 2352 2077 crederem?
2380 2024 2649 2092 quomodo
2690 2026 2968 2079 crederem
2994 2065 3011 2089 ,
3045 2026 3146 2079 nisi
3178 2029 3462 2083 audirem?

1880 2092 1984 2148 Sed
2010 2103 2066 2146 ut
2089 2094 2279 2169 audita
2294 2096 2577 2169 crederem
2597 2135 2611 2158 ,
2638 2095 2752 2163 ipse
2782 2110 2866 2169 me
2893 2098 3134 2169 attraxit.
3164 2099 3239 2152 Ex
3271 2114 3377 2169 quo
3403 2100 3461 2157 Iit

1878 2173 1937 2218 ut
1957 2174 2109 2237 recte
2132 2165 2422 2233 consilium
2453 2176 2654 2237 statuat
2684 2168 2855 2237 gratia
2887 2166 3118 2222 faciente
3144 2184 3241 2224 tios
3270 2165 3453 2237 orare,

1881 2235 2001 2304 quia
2036 2250 2138 2288 non
2177 2251 2408 2309 oramus
2440 2236 2545 2309 nisi
2592 2252 2657 2290 ex
2682 2236 2827 2309 Alide,
2879 2252 2998 2305 quae
3045 2240 3230 2309 gratia:
3259 2235 3462 2295 donum

1880 2317 1994 2378 est:
2018 2317 2069 2359 et
2098 2307 2188 2375 qui
2232 2309 2432 2361 sentiat
2470 2307 2637 2362 solam
2671 2306 2829 2362 ﬁdem
2862 2306 3068 2378 absque
3093 2325 3234 2365 novo
3263 2311 3462 2365 auxilio

1880 2377 1946 2430 ad
1978 2378 2283 2449 aliqualiter
2321 2381 2483 2433 Deum
2510 2378 2909 2447 deprecandum
2942 2377 3075 2435 satis
3117 2396 3239 2437 esse
3266 2397 3294 2434 a
3330 2398 3456 2449 pro-

1883 2448 2004 2501 latis
2032 2448 2193 2503 modo
2215 2460 2524 2504 sanctorum
2548 2450 2827 2505 sententiis
2851 2467 2955 2505 non
2985 2454 3279 2517 aherrabit,
3305 2448 3460 2508 dumo

1882 2520 2040 2573 modo
2086 2536 2189 2574 non
2219 2522 2584 2593 negetretiam
2615 2522 2878 2590 ipsisjain
2912 2522 3262 2578 credentibus
3290 2527 3460 2593 perte-

1880 2598 2022 2643 ctiiiu
2060 2592 2249 2645 orandi
2283 2592 2518 2665 studium
2551 2605 2657 2645 non
2692 2594 2978 2665 provenire
3010 2595 3113 2649 nisi
3157 2612 3222 2650 ex
3253 2592 3459 2665 Spiritu

1880 2672 2088 2732 sancto,
2116 2665 2203 2731 qui
2229 2664 2463 2730 postulat
2495 2677 2591 2731 pro
2624 2666 2777 2716 nobis
2800 2664 3089 2732 gemitibus
3122 2664 3456 2722 inenarrabi-

1882 2731 2274 2797 libus,tainetsi
2306 2749 2428 2787 cum
2465 2735 2783 2788 naturaliter
2812 2735 3045 2788 divinam
3061 2735 3458 2790 Providentiam

1879 2806 2097 2870 agnosci
2121 2819 2276 2872 posse
2300 2804 2642 2872 recipiamus,
2667 2804 2797 2858 nihil
2820 2805 2889 2859 sit
2917 2805 3137 2859 absurdi
3165 2822 3230 2859 ex
3255 2817 3459 2859 natura:

1879 2874 2082 2926 viribus
2109 2875 2245 2928 citra
2275 2876 2434 2928 ullaiii
2465 2874 2624 2928 ﬁdem
2659 2876 2893 2929 divinam
2920 2891 3076 2942 posse
3103 2891 3224 2929 esse
3254 2877 3459 2931 orantis

1880 2945 2156 3003 affectum.
2187 2946 2228 2998 si
2264 2961 2369 2999 non
2402 2944 2679 2999 efficacem
2709 2954 2763 2999 et
2789 2947 3070 2999 ardentem
3091 2986 3106 3009 ,
3140 2955 3192 2998 at
3222 2947 3456 3013 aliquem

1884 3020 2086 3084 tamen,
2107 3030 2227 3084 ciiin
2256 3016 2385 3082 ipsae
2406 3027 2590 3083 gentes
2614 3016 2679 3068 iis
2705 3030 2844 3084 quos
2867 3016 2996 3069 deos
3025 3016 3303 3081 putabant,
3327 3026 3460 3071 tem-

169 3076 303 3141 πίιεη
344 3091 591 3154 prohibet
616 3091 847 3158 aliquem
881 3089 997 3155 ejus
1023 3098 1282 3158 conatum
1303 3104 1366 3141 ex
1400 3076 1605 3141 natura:
1631 3090 1771 3141 bono
1797 3076 1841 3135 C
1879 3085 1959 3148 pla
1990 3082 2243 3158 dicarint,
2277 3076 2701 3158 arasfvictimas,
2724 3076 2939 3152 'pteana,
2964 3076 3271 3158 sacerdotes
3292 3076 3456 3141 insti-

168 3174 345 3225 posse
371 3160 656 3226 depromi,
702 3157 752 3211 et
784 3173 877 3222 per
919 3173 1040 3209 eum
1073 3171 1168 3209 nos
1198 3157 1289 3209 Dei
1336 3158 1604 3222 adjiitorio
1633 3173 1767 3225 qua-

170 3230 475 3285 damtenus
505 3229 696 3295 dignos
726 3228 883 3280 eftici.
920 3228 973 3279 ιιι
1003 3228 1144 3278 enim
1177 3228 1573 3292 quodammodo
1601 3228 1771 3295 signi.

170 3269 351 3357 aeaut
385 3304 500 3353 haec
528 3269 687 3352 vgrba
722 3298 956 3351 Patrum.
988 3269 1407 3365 Chrysostomus
1431 3298 1615 3351 homil.
1650 3269 1686 3349 ἓ
1714 3299 1767 3353 in

167 3373 358 3439 Epist.
398 3369 440 3422 ll
496 3370 562 3423 ad
591 3366 836 3422 Corinth.
893 3368 970 3422 Tit
1003 3382 1216 3439 quoque
1263 3377 1316 3421 et
1347 3366 1472 3420 illud
1501 3368 1608 3437 jam
1638 3369 1766 3424 mihi

165 3438 463 3500 considera
488 3483 501 3505 ,
538 3441 679 3510 quod
718 3441 881 3494 etiam
919 3440 962 3492 si
994 3438 1118 3507 quid
1154 3440 1292 3492 Dens
1323 3447 1537 3510 przestai
1567 3454 1631 3494 ex
1660 3442 1764 3495 mi-

166 3512 498 3577 sericordia,
532 3509 707 3565 tamen
761 3512 982 3565 multum
1019 3512 1132 3563 haec
1160 3512 1415 3563 momenti
1454 3509 1641 3564 aﬂ'erat
1669 3513 1765 3567 de-

172 3585 443 3655 precatio.
494 3582 654 3637 lnitio
679 3582 942 3655 siquidem
976 3580 1363 3655 misericordiis
1397 3582 1487 3655 Dei
1535 3584 1763 3655 salutem

174 3650 341 3708 suam
370 3663 641 3723 acceptam
684 3653 925 3707 ferebat:
976 3650 1131 3713 Deus,
1166 3652 1355 3719 inquit,
1391 3653 1764 3706 misericordia-

174 3742 301 3779 rum
331 3725 437 3789 ipse
465 3741 557 3778 nos
578 3725 795 3793 eripiet;
826 3724 912 3777 hic
932 3736 1062 3775 vero
1083 3723 1292 3775 illorum
1318 3725 1482 3776 etiam
1517 3725 1764 3790 precibus

179 3805 457 3859 acceptam
489 3796 672 3851 refert.
700 3795 830 3849 Nam
862 3803 915 3847 ct
938 3793 1085 3847 illum
1109 3794 1199 3862 qui
1230 3802 1333 3847 tam
1363 3794 1526 3848 multa
1563 3798 1761 3849 talenta

182 3865 434 3931 debebat,
483 3868 569 3920 ubi
604 3865 974 3935 procubuisset
1004 3864 1069 3935 ad
1090 3880 1286 3931 genua,
1322 3864 1607 3919 miseratus
1637 3874 1758 3930 est;

182 3938 265 3991 sic
301 3938 439 3991 enim
479 3934 738 4006 scriptum
780 3946 863 3991 est
898 3954 909 3989 :
961 3934 1318 3989 Misericordia
1365 3944 1529 3988 motus
1568 3936 1762 3991 dimisit

182 4009 350 4062 illum.
392 4010 531 4073 Quin
570 4017 627 4063 et
662 4008 921 4062 Cananea:
961 4014 1081 4076 post
1112 4008 1329 4060 multam
1368 4006 1674 4061 instantiam
1706 4018 1761 4063 et

189 4080 518 4145 importunus
543 4080 808 4133 clamores
832 4123 846 4147 ,
904 4078 1117 4131 tandem
1161 4079 1379 4146 largitus
1406 4088 1490 4131 est
1520 4077 1643 4132 ﬁliae
1674 4095 1761 4131 sa-

188 4150 373 4214 lutem,
398 4160 451 4203 et
482 4159 657 4204 tanien
689 4151 830 4203 illam
862 4164 927 4204 ex
957 4148 1318 4202 misericordia
1350 4150 1598 4202 servavit.
1627 4150 1759 4204 Hinc

190 4222 362 4287 itaque
397 4220 651 4274 discimus
676 4221 817 4289 quod
858 4234 1177 4288 quamquam
1216 4219 1638 4273 misericordiam
1665 4236 1759 4274 su-

190 4306 305 4344 mus
332 4294 623 4362 experturi,
641 4300 822 4346 tamen
852 4301 911 4345 ut
927 4306 1024 4344 nos
1039 4291 1192 4362 ipsos
1217 4291 1361 4356 prius
1392 4289 1755 4362 misericordia

189 4362 371 4431 dignos
402 4360 741 4430 praebeamus
771 4371 1002 4431 oportet.
1033 4361 1388 4430 Hieronymus
1424 4360 1519 4415 lib.
1551 4377 1605 4414 iii
1627 4377 1757 4415 con-

191 4430 264 4487 tra
296 4430 605 4501 Pelagianos
636 4449 651 4486 :
705 4430 873 4501 Scito,
903 4432 1095 4502 inquit,
1130 4432 1454 4500 baptismum
1485 4433 1751 4499 prieterita

187 4502 382 4558 donare
403 4517 641 4573 peccata,
667 4521 772 4558 non
801 4504 1027 4557 futuram
1060 4516 1277 4556 servare
1299 4502 1561 4569 justitiam
1586 4544 1601 4569 ,
1632 4516 1753 4570 quae

189 4574 365 4628 labore
392 4589 443 4629 et
473 4576 734 4630 industria
775 4591 839 4630 ac
883 4574 1154 4642 diligentia
1180 4616 1192 4637 ,
1242 4584 1296 4626 et
1334 4586 1547 4639 semper
1591 4586 1755 4642 super

187 4646 360 4698 omnia
416 4646 509 4699 Dei
562 4649 843 4701 clementia
898 4641 1234 4706 custoditur;
1293 4653 1350 4695 ut
1397 4652 1637 4695 nostrum
1686 4641 1756 4695 sit

186 4730 389 4785 rogare,
419 4718 559 4772 illius
614 4718 851 4771 tribuere
879 4714 1021 4784 quod
1040 4725 1297 4785 rogatur;
1338 4720 1576 4766 nOstrnm
1623 4713 1756 4766 inci-

186 4782 340 4854 pere,
368 4788 512 4842 illius
539 4787 819 4857 perficere.
880 4782 946 4840 Et
974 4783 1110 4839 infra
1147 4800 1161 4838 :
1192 4782 1359 4837 Totus
1384 4796 1590 4857 sermo
1624 4797 1748 4837 san-

185 4853 385 4911 ciorum
413 4860 478 4912 ad
531 4853 694 4913 Deum
723 4858 896 4912 oratio
936 4865 1048 4919 est,
1107 4864 1213 4908 tota
1259 4856 1431 4908 oratio
1470 4863 1523 4907 et
1562 4853 1756 4922 depre-

185 4930 318 4982 catio
346 4938 629 4998 extorquet
657 4929 1001 4984 clementiam
1054 4926 1381 4987 Salvatoris.
1420 4935 1477 4977 ut
1523 4925 1751 4998 quino-

185 5001 308 5053 stris
333 4996 538 5055 viribus
573 5012 626 5055 et
653 5001 832 5055 studio
880 4998 1070 5052 salvari
1114 5011 1217 5050 non
1261 5011 1576 5064 possumus,
1608 4996 1750 5050 illius

186 5070 541 5125 misericordia
597 5086 1003 5127 conserventur.
1060 5066 1161 5122 Ubi
1217 5077 1394 5120 autem
1451 5068 1751 5120 iniserictir-

184 5140 265 5194 dia
294 5149 347 5196 et
374 5146 543 5212 gratia
576 5151 678 5208 est,
714 5143 941 5197 liberum
970 5155 1037 5194 ex
1068 5147 1217 5212 parte
1251 5147 1429 5191 cessat
1449 5137 1749 5212 arbitrium,

186 5214 319 5280 quod
345 5208 397 5266 iii
422 5229 490 5269 eo
520 5223 726 5268 tantum
756 5224 831 5267 εει
852 5252 867 5277 ,
910 5220 969 5264 ut
998 5211 1222 5263 velimus
1251 5208 1749 5280 atqiieicupiainus,

187 5279 238 5337 et
265 5284 471 5351 placitis
502 5286 801 5339 tribuamus
831 5296 1131 5337 assensum.
1162 5281 1301 5351 Jam
1325 5280 1377 5332 in
1412 5279 1618 5332 Domini
1662 5295 1753 5347 po-

189 5364 370 5410 testate
400 5367 503 5423 est,
535 5366 592 5410 ut
614 5358 663 5411 id
693 5356 833 5426 quod
868 5354 1132 5426 cupimus,
1155 5350 1307 5426 quod
1341 5352 1746 5426 laboramiisac

189 5426 415 5490 nitimur,
444 5428 591 5483 illius
618 5422 724 5498 ope
743 5439 794 5480 et
816 5425 1012 5498 auxilio
1038 5425 1269 5498 implere»
1290 5426 1579 5477 valeamus.
1606 5422 1749 5475 Hila-

188 5500 295 5552 rius
317 5498 368 5553 in
402 5499 494 5553 Ps.
522 5496 683 5554 cxvni
710 5514 724 5552 :
754 5498 897 5552 Esta
926 5496 1099 5561 nobis,
1130 5496 1322 5563 inquit,
1342 5511 1464 5548 cum
1495 5508 1747 5556 oramus,

188 5569 493 5631 exordium,
526 5580 587 5624 ut
617 5586 810 5623 muniis
840 5584 868 5621 a
911 5567 1019 5618 Deo
1069 5568 1156 5619 sit.
1188 5566 1296 5618 Nec
1324 5564 1381 5620 S.
1416 5565 1651 5618 Thomas
1683 5567 1751 5618 ab

190 5640 285 5695 hac
309 5644 552 5696 doctrina
594 5644 805 5696 videtur
835 5640 1074 5692 alienus:
1110 5652 1231 5689 nam
1253 5635 1402 5704 2qu.
1435 5635 1504 5689 85
1527 5646 1628 5691 art.
1661 5635 1746 5701 10,

188 5712 426 5775 concedit
446 5712 818 5784 peccatoribus
844 5712 1143 5764 orationem
1169 5723 1234 5764 ex
1266 5708 1407 5762 bono
1430 5717 1635 5763 naturae
1661 5707 1752 5762 de-

1876 3151 2095 3223 tiierint.
2148 3154 2398 3208 Scnsisse
2426 3167 2602 3207 autem
2633 3151 2949 3209 Cassianum
2983 3157 3195 3210 modico
3223 3159 3455 3223 quodam

1873 3219 2046 3295 solum
2076 3235 2270 3295 conatu
2317 3223 2611 3293 orandique
2641 3224 2834 3278 atTectu
2874 3226 3040 3280 Deum
3070 3242 3098 3279 a
3130 3219 3286 3281 nobis
3317 3243 3453 3295 pra:-

1872 3290 2064 3368 veiiiri,
2100 3290 2943 3368 plenuinautein'aeperfectiim
2992 3313 3021 3351 a
3055 3297 3284 3351 Doiniiio
3315 3290 3453 3368 prte-

1873 3364 2122 3441 veiiieiim
2151 3365 2438 3441 proficisci,
2471 3365 2759 3441 significari
2786 3370 2999 3423 videtur
3020 3369 3201 3441 collat.
3235 3364 3447 3441 ii’fcap.

1870 3434 1939 3488 12
1968 3436 2033 3487 ad
2066 3433 2250 3488 finem.
2287 3433 2578 3502 Prmveuit,
2617 3437 2822 3504 inquit,
2858 3440 3089 3493 hominis
3119 3433 3452 3497 voluntatem

1870 3506 2243 3560 misericordia
2278 3508 2512 3569 Domitii.
2541 3510 2607 3564 de
2634 3525 2735 3576 qua
2759 3511 2981 3565 dicitur:
3008 3510 3147 3567 Deus
3181 3529 3322 3567 meus
3357 3518 3454 3567 mi-

1866 3578 2149 3630 sericordia
2178 3580 2290 3648 ejus
2315 3581 2581 3646 preveniet
2604 3597 2700 3633 me.
2738 3580 2805 3635 Et
2836 3598 3024 3637 rursus
3049 3583 3331 3638 Dominum
3366 3601 3452 3640 re.

1867 3656 2168 3703 morantem
2196 3659 2357 3718 atque
2384 3653 2583 3704 utiliter
2609 3652 3004 3719 quodammodo
3030 3656 3412 3711 subsistentem
3431 3699 3446 3721 ,

1867 3727 1925 3772 ut
1953 3728 2196 3773 nostrum
2222 3722 2530 3793 experiatur
2553 3723 2840 3793 arbitrium
2864 3764 2879 3787 ,
2916 3727 3159 3778 voluntas
3190 3730 3453 3793 praevenit

1866 3800 2081 3864 nostra,
2114 3805 2236 3844 cum
2282 3791 2515 3864 dicitur:
2544 3790 2611 3864 Et
2650 3808 2802 3845 mane
2823 3794 2993 3864 oratio
3038 3809 3152 3864 mea
3182 3790 3451 3864 preveniet

1865 3868 1938 3925 te;
1964 3872 2015 3912 et
2046 3860 2241 3915 iterum
2266 3880 2276 3913 :
2309 3860 2543 3915 Prwveni
2563 3863 2618 3914 in
2639 3862 2939 3915 maturitate
2959 3903 2971 3923 .
2999 3873 3047 3916 et
3067 3860 3327 3930 clamavi;
3352 3876 3407 3919 et
3434 3884 3444 3918 :

1867 3930 2233 3986 Prwvenerunt
2279 3934 2415 3986 oculi
2446 3934 2544 3986 mei
2568 3934 2637 3985 ad
2662 3942 2709 3985 te
2731 3932 2986 3990 diluculo.
3018 3933 3259 3988 Adviicat
3290 3936 3448 3990 etiam

1866 4018 1965 4055 nos
2004 4015 2055 4056 et
2104 4005 2296 4058 invitat
2326 4020 2445 4058 cum
2498 4005 2658 4057 dicit:
2706 4003 2839 4058 Tota
2878 4006 2960 4057 die
3001 4004 3223 4073 expendi
3265 4021 3451 4060 manus

1863 4090 2001 4126 meas
2029 4074 2095 4127 ad
2118 4077 2364 4146 populum
2388 4091 2489 4128 non
2520 4076 2811 4130 credentem
2844 4077 2969 4130 milii
2995 4086 3045 4130 et
3082 4077 3442 4130 contradicen-

1862 4155 1985 4200 tem.
2032 4146 2096 4199 Et
2124 4147 2383 4199 invitatur
2409 4160 2438 4198 a
2468 4147 2623 4201 nobis
2648 4162 2767 4202 cuiu
2810 4149 3042 4203 dicimus
3070 4151 3156 4204 ei:
3187 4146 3318 4202 Tota
3365 4149 3449 4204 die

1862 4216 2095 4283 expandi
2116 4233 2299 4289 manus
2321 4232 2459 4289 mea:
2477 4219 2546 4270 ad
2570 4228 2636 4271 te.
2664 4219 2952 4289 Exspectat
2975 4234 3070 4274 nos
3100 4234 3222 4273 cuin
3247 4220 3447 4276 dicitur

1864 4301 1959 4355 per
1986 4288 2302 4360 prophetam
2326 4304 2360 4360 :_
2374 4285 2653 4358 Propterea
2684 4285 2941 4360 exspectat
2964 4291 3244 4356 Dominus,
3270 4303 3325 4345 ut
3354 4295 3447 4347 nii-

1861 4366 2093 4425 {creatur
2114 4359 2287 4410 vestri.
2323 4358 2389 4409 Et
2420 4358 2816 4425 exspectatura
2846 4362 3000 4417 nobis
3022 4377 3143 4415 cum
3175 4363 3443 4417 dicimus:

1864 4424 2183 4497 Despectam
2226 4424 2527 4493 exspectavi
2557 4428 2833 4481 Dominum
2854 4471 2867 4495 ,
2896 4439 2941 4483 et
2969 4432 3187 4486 intendit
3213 4449 3325 4497 me;
3346 4444 3399 4488 et
3426 4451 3440 4487 :

1861 4496 2231 4565 Exspectabam
2271 4498 2501 4549 salutare
2541 4507 2708 4561 tuum,
2745 4498 2980 4552 Domine.
3032 4496 3313 4555 Confortat
3341 4518 3444 4555 nos

1856 4564 1977 4639 cum
2002 4565 2158 4618 dicit:
2188 4564 2366 4639 Etiego
2396 4566 2595 4619 erudivi
2625 4578 2670 4639 et
2700 4570 2987 4639 confortavi
3012 4570 3220 4623 brachia
3241 4587 3440 4633 eorum,

1856 4637 1903 4689 ei
1941 4637 1993 4709 in
2039 4652 2116 4689 me
2162 4638 2509 4709 cogitaverunt
2551 4637 2819 4693 malitiam.
2878 4640 2943 4693 Et
2980 4651 3035 4693 ut
3080 4641 3444 4709 nosmetipsos

1857 4705 2256 4781 confortemns’,
2304 4708 2549 4761 hortatur
2594 4724 2714 4763 cum
2760 4710 2921 4765 dicit:
2989 4705 3443 4781 Coiifortate—mu.

1856 4794 1953 4832 nus
1983 4778 2282 4848 dissolutas,
2315 4786 2363 4829 et
2408 4794 2575 4848 genua
2617 4780 2806 4835 debilia
2834 4778 3328 4836 roborata—Clamat
3354 4785 3443 4835 ,Ιν-

1856 4864 1950 4903 sus
1975 4868 1986 4878 ·
2016 4846 2077 4903 Si
2097 4850 2211 4919 quis
2237 4848 2361 4919 sitit,
2394 4846 2561 4901 veniat
2580 4852 2648 4904 ad
2674 4868 2751 4906 me
2776 4862 2821 4904 et
2849 4851 3003 4907 bibat.
3033 4852 3240 4908 Clamat
3279 4854 3440 4907 etiam

1856 4920 1921 4975 ad
1967 4918 2390 4995 eum’propheta
2416 4934 2439 4995 :_
2484 4918 2732 4975 Laboravi
2769 4924 3030 4989 clamans,
3061 4939 3234 4978 raucis
3287 4928 3441 4995 facim

1855 5003 1971 5062 sunt
1999 4992 2172 5062 fauces
2202 5006 2326 5043 mea:
2345 5034 2358 5055 ,
2406 4992 2700 5062 defecerunt
2754 4995 2888 5047 oculi
2918 4996 3017 5048 mei
3047 4996 3169 5049 dum
3198 4992 3348 5061 spero
3390 5000 3443 5048 in

1855 5061 2025 5115 Deum
2048 5080 2233 5116 meum.
2260 5062 2462 5127 Qumrit
2491 5079 2588 5117 nos
2613 5065 2894 5131 Dominus,
2925 5066 3143 5123 dicens:
3181 5066 3404 5133 Quwsiri
3428 5107 3441 5128 ,

1855 5144 1901 5185 et
1949 5151 2050 5187 non
2088 5144 2198 5187 erat
2246 5138 2344 5199 vir;
2369 5135 2576 5200 vocavi,
2612 5145 2659 5189 et
2691 5153 2791 5189 non
2821 5147 2927 5190 erat
2957 5139 3043 5203 qui
3083 5141 3439 5205 responderet.

1856 5205 2128 5268 Qiiteritur
2177 5214 2227 5257 et
2260 5206 2373 5272 ipse
2412 5221 2439 5256 a
2471 5220 2669 5270 sponsa
2715 5208 2965 5263 ﬂebiliter
3011 5221 3377 5276 conquerente
3423 5224 3437 5259 :

1856 5276 1925 5329 lit
1971 5276 2129 5328 cubili
2160 5292 2268 5350 meo
2300 5277 2351 5327 in
2383 5278 2613 5331 noctibus
2642 5280 2850 5346 qua’sivi
2872 5296 3023 5350 quem
3063 5278 3242 5332 dilexit
3267 5279 3441 5330 anima

1852 5364 1985 5407 mea,
2018 5347 2225 5417 quaesivi
2254 5362 2366 5397 eum
2392 5389 2406 5413 ,
2434 5357 2482 5400 et
2508 5364 2607 5402 non
2640 5352 2831 5414 inveni;
2861 5347 3034 5404 uocaui
3063 5366 3181 5404 eum
3205 5388 3219 5407 .
3253 5358 3299 5402 et
3337 5366 3437 5402 non

1853 5419 2115 5489 respondit
2146 5417 2286 5469 iiii/ii.
2324 5417 2411 5489 (Et
2439 5433 2557 5487 cap.
2585 5422 2635 5476 '7;
2663 5420 2875 5488 Divina,
2907 5422 3102 5489 inquit,
3130 5419 3437 5488 benignitas

1856 5505 1975 5562 cum
2026 5488 2193 5562 bona:
2243 5489 2530 5562 voluntatis
2578 5491 2627 5542 in
2694 5493 2847 5546 nobis
2894 5488 3438 5562 quantulumcumque

1857 5559 2456 5635 scintillamemicuisse
2484 5566 2839 5629 persiiexerit.
2862 5559 2945 5619 vel
2974 5580 3131 5635 quam
3158 5565 3273 5631 ipse
3299 5559 3436 5620 tam-

1860 5648 2015 5701 quam
2041 5632 2107 5683 de
2137 5630 2268 5683 dura
2302 5632 2454 5684 silice
2479 5636 2644 5687 nostri
2677 5636 2857 5688 cordis
2900 5630 3221 5702 excusserit,
3251 5636 3412 5692 conio

1864 5714 1950 5758 vet
1982 5720 2096 5755 Cum
2130 5744 2142 5769 ,
2177 5713 2228 5757 ct
2257 5705 2573 5773 exsuscitat,
2628 5719 2831 5776 suaque
2862 5708 3216 5779 insiiiratione
3245 5707 3435 5767 conior
