  <div class='ocr_page' id='page_1' title='image "/cluster/home/n/w/nwhite01/storage/ocr_20150623/50/uva.x000827094/187.png"; bbox 0 0 4000 6186; ppageno 0'>
   <div class='ocr_carea' id='block_1_1' title="bbox 563 160 671 230">
    <p class='ocr_par' dir='ltr' id='par_1_1' title="bbox 563 160 671 230">
     <span class='ocr_line' id='line_1_1' title="bbox 563 160 671 230; baseline 0 -13"><span class='ocrx_word' id='word_1_1' title='bbox 563 160 671 230; x_wconf 60' lang='lat'><strong><em>355</em></strong></span> 
     </span>
    </p>
   </div>
   <div class='ocr_carea' id='block_1_2' title="bbox 1598 143 2802 218">
    <p class='ocr_par' dir='ltr' id='par_1_2' title="bbox 1598 143 2802 218">
     <span class='ocr_line' id='line_1_2' title="bbox 1598 143 2802 218; baseline -0.006 -8"><span class='ocrx_word' id='word_1_2' title='bbox 1598 151 1690 210; x_wconf 85' lang='lat' dir='ltr'><strong><em>AD</em></strong></span> <span class='ocrx_word' id='word_1_3' title='bbox 1729 149 1961 210; x_wconf 80' lang='lat' dir='ltr'><strong>OPERA</strong></span> <span class='ocrx_word' id='word_1_4' title='bbox 1996 153 2045 209; x_wconf 87' lang='lat' dir='ltr'><strong><em>.l.</em></strong></span> <span class='ocrx_word' id='word_1_5' title='bbox 2087 148 2399 211; x_wconf 81' lang='lat' dir='ltr'><strong><em>CASSIANI</em></strong></span> <span class='ocrx_word' id='word_1_6' title='bbox 2436 143 2802 218; x_wconf 80' lang='lat' dir='ltr'><strong><em>APPENDIX.</em></strong></span> 
     </span>
    </p>
   </div>
   <div class='ocr_carea' id='block_1_3' title="bbox 3746 145 3887 208">
    <p class='ocr_par' dir='ltr' id='par_1_3' title="bbox 3746 145 3887 208">
     <span class='ocr_line' id='line_1_3' title="bbox 3746 145 3887 208; baseline 0 0"><span class='ocrx_word' id='word_1_7' title='bbox 3746 145 3887 208; x_wconf 74' lang='lat'><strong><em>356</em></strong></span> 
     </span>
    </p>
   </div>
   <div class='ocr_carea' id='block_1_4' title="bbox 3787 212 3852 224">
    <p class='ocr_par' dir='ltr' id='par_1_4' title="bbox 3787 212 3852 224">
     <span class='ocr_line' id='line_1_4' title="bbox 3787 212 3852 224; baseline 0.015 -1"><span class='ocrx_word' id='word_1_8' title='bbox 3787 212 3852 224; x_wconf 61' lang='grc'><strong><em>’⁵.</em></strong></span> 
     </span>
    </p>
   </div>
   <div class='ocr_carea' id='block_1_5' title="bbox 562 231 3876 346">
    <p class='ocr_par' dir='ltr' id='par_1_5' title="bbox 562 231 3876 346">
     <span class='ocr_line' id='line_1_5' title="bbox 562 231 3876 346; baseline -0.005 -13"><span class='ocrx_word' id='word_1_9' title='bbox 562 275 686 346; x_wconf 90' lang='lat' dir='ltr'><strong><em>tat.)</em></strong></span> <span class='ocrx_word' id='word_1_10' title='bbox 706 274 877 332; x_wconf 76' lang='lat' dir='ltr'><strong><em>Vides</em></strong></span> <span class='ocrx_word' id='word_1_11' title='bbox 901 273 956 330; x_wconf 89' lang='lat' dir='ltr'><strong><em>in</em></strong></span> <span class='ocrx_word' id='word_1_12' title='bbox 1004 272 1071 346; x_wconf 84' lang='lat' dir='ltr'><strong><em>iis</em></strong></span> <span class='ocrx_word' id='word_1_13' title='bbox 1096 270 1230 329; x_wconf 85' lang='lat' dir='ltr'><strong><em>locis</em></strong></span> <span class='ocrx_word' id='word_1_14' title='bbox 1261 286 1367 328; x_wconf 91' lang='lat' dir='ltr'><strong><em>non</em></strong></span> <span class='ocrx_word' id='word_1_15' title='bbox 1397 269 1572 326; x_wconf 87' lang='lat' dir='ltr'><strong><em>solum</em></strong></span> <span class='ocrx_word' id='word_1_16' title='bbox 1610 269 1894 346; x_wconf 63' lang='lat' dir='ltr'><strong><em>preveniri</em></strong></span> <span class='ocrx_word' id='word_1_17' title='bbox 1927 270 2143 346; x_wconf 79' lang='lat' dir='ltr'><strong><em>nosin-</em></strong></span> <span class='ocrx_word' id='word_1_18' title='bbox 2171 268 2225 328; x_wconf 80' lang='grc' dir='ltr'>Α</span> <span class='ocrx_word' id='word_1_19' title='bbox 2253 260 2965 346; x_wconf 65' lang='lat' dir='ltr'><strong><em>liberoarbitrio,_excludit</em></strong></span> <span class='ocrx_word' id='word_1_20' title='bbox 3001 261 3280 346; x_wconf 45' lang='lat' dir='ltr'><strong><em>gratiam,“</em></strong></span> <span class='ocrx_word' id='word_1_21' title='bbox 3299 259 3615 346; x_wconf 44' lang='lat' dir='ltr'><strong><em>quasi.sol_a</em></strong></span> <span class='ocrx_word' id='word_1_22' title='bbox 3659 231 3876 346; x_wconf 66' lang='lat' dir='ltr'><strong><em>gratia</em></strong></span> 
     </span>
    </p>
   </div>
   <div class='ocr_carea' id='block_1_6' title="bbox 563 340 2145 416">
    <p class='ocr_par' dir='ltr' id='par_1_6' title="bbox 563 340 2145 416">
     <span class='ocr_line' id='line_1_6' title="bbox 563 340 2145 416; baseline -0.007 -13"><span class='ocrx_word' id='word_1_23' title='bbox 563 340 796 410; x_wconf 81' lang='lat' dir='ltr'><strong><em>terdum,</em></strong></span> <span class='ocrx_word' id='word_1_24' title='bbox 820 345 1118 416; x_wconf 72' lang='lat' dir='ltr'><strong><em>praevenire</em></strong></span> <span class='ocrx_word' id='word_1_25' title='bbox 1135 340 1702 416; x_wconf 80' lang='lat' dir='ltr'><strong><em>n_onnumqt_tam,_sed_</em></strong></span> <span class='ocrx_word' id='word_1_26' title='bbox 1718 349 1959 416; x_wconf 85' lang='lat' dir='ltr'><strong><em>nostrum</em></strong></span> <span class='ocrx_word' id='word_1_27' title='bbox 1983 343 2145 416; x_wconf 66' lang='lat' dir='ltr'><strong><em>etiam</em></strong></span> 
     </span>
    </p>
   </div>
   <div class='ocr_carea' id='block_1_7' title="bbox 563 410 2146 492">
    <p class='ocr_par' dir='ltr' id='par_1_7' title="bbox 563 410 2146 492">
     <span class='ocr_line' id='line_1_7' title="bbox 563 410 2146 492; baseline -0.008 -16"><span class='ocrx_word' id='word_1_28' title='bbox 563 410 864 492; x_wconf 62' lang='lat' dir='ltr'><strong><em>praevenire</em></strong></span> <span class='ocrx_word' id='word_1_29' title='bbox 891 431 1013 472; x_wconf 87' lang='lat' dir='ltr'><strong><em>esse</em></strong></span> <span class='ocrx_word' id='word_1_30' title='bbox 1051 414 1326 492; x_wconf 80' lang='lat' dir='ltr'><strong><em>modicum</em></strong></span> <span class='ocrx_word' id='word_1_31' title='bbox 1368 411 1584 492; x_wconf 48' lang='lat' dir='ltr'><strong><em>aliquod</em></strong></span> <span class='ocrx_word' id='word_1_32' title='bbox 1631 413 1874 479; x_wconf 88' lang='lat' dir='ltr'><strong><em>initium,</em></strong></span> <span class='ocrx_word' id='word_1_33' title='bbox 1905 410 2048 482; x_wconf 87' lang='lat' dir='ltr'><strong><em>quod</em></strong></span> <span class='ocrx_word' id='word_1_34' title='bbox 2087 419 2146 465; x_wconf 89' lang='lat' dir='ltr'><strong><em>ut</em></strong></span> 
     </span>
    </p>
   </div>
   <div class='ocr_carea' id='block_1_8' title="bbox 564 484 1507 562">
    <p class='ocr_par' dir='ltr' id='par_1_8' title="bbox 564 484 1507 562">
     <span class='ocr_line' id='line_1_8' title="bbox 564 484 1507 562; baseline -0.013 -14"><span class='ocrx_word' id='word_1_35' title='bbox 564 484 907 562; x_wconf 80' lang='lat' dir='ltr'><strong><em>perficiamus</em></strong></span> <span class='ocrx_word' id='word_1_36' title='bbox 933 484 1294 556; x_wconf 66' lang='lat' dir='ltr'><strong><em>praevenimur</em></strong></span> <span class='ocrx_word' id='word_1_37' title='bbox 1320 499 1350 537; x_wconf 85' lang='lat' dir='ltr'><strong><em>a</em></strong></span> <span class='ocrx_word' id='word_1_38' title='bbox 1379 485 1507 538; x_wconf 90' lang='lat' dir='ltr'><strong><em>Deo.</em></strong></span> 
     </span>
    </p>
   </div>
   <div class='ocr_carea' id='block_1_9' title="bbox 829 594 1873 656">
    <p class='ocr_par' dir='ltr' id='par_1_9' title="bbox 829 594 1873 656">
     <span class='ocr_line' id='line_1_9' title="bbox 829 594 1873 656; baseline -0.007 0"><span class='ocrx_word' id='word_1_39' title='bbox 829 599 1058 656; x_wconf 82' lang='lat' dir='ltr'>SEXTA</span> <span class='ocrx_word' id='word_1_40' title='bbox 1094 597 1404 654; x_wconf 83' lang='lat' dir='ltr'><strong><em>CASSIANI</em></strong></span> <span class='ocrx_word' id='word_1_41' title='bbox 1446 594 1873 652; x_wconf 81' lang='lat' dir='ltr'><strong><em>PBOPOSITIO.</em></strong></span> 
     </span>
    </p>
   </div>
   <div class='ocr_carea' id='block_1_10' title="bbox 633 688 2146 763">
    <p class='ocr_par' dir='ltr' id='par_1_10' title="bbox 633 688 2146 763">
     <span class='ocr_line' id='line_1_10' title="bbox 633 688 2146 763; baseline -0.003 -16"><span class='ocrx_word' id='word_1_42' title='bbox 633 695 807 748; x_wconf 78' lang='lat' dir='ltr'><strong><em>Etiam</em></strong></span> <span class='ocrx_word' id='word_1_43' title='bbox 829 699 940 763; x_wconf 83' lang='lat' dir='ltr'><strong><em>post</em></strong></span> <span class='ocrx_word' id='word_1_44' title='bbox 967 691 1400 760; x_wconf 74' lang='lat' dir='ltr'><strong><em>prcvaricalionis</em></strong></span> <span class='ocrx_word' id='word_1_45' title='bbox 1422 691 1621 755; x_wconf 79' lang='lat' dir='ltr'><strong><em>lapsum</em></strong></span> <span class='ocrx_word' id='word_1_46' title='bbox 1643 691 1834 744; x_wconf 74' lang='lat' dir='ltr'><strong><em>mansis</em></strong></span> <span class='ocrx_word' id='word_1_47' title='bbox 1852 705 1889 743; x_wconf 53' lang='lat' dir='ltr'><strong><em>=e</em></strong></span> <span class='ocrx_word' id='word_1_48' title='bbox 1909 691 1962 743; x_wconf 83' lang='lat' dir='ltr'><strong><em>in</em></strong></span> <span class='ocrx_word' id='word_1_49' title='bbox 1979 688 2146 763; x_wconf 79' lang='lat' dir='ltr'><strong><em>Adam</em></strong></span> 
     </span>
    </p>
   </div>
   <div class='ocr_carea' id='block_1_11' title="bbox 559 762 2147 830">
    <p class='ocr_par' dir='ltr' id='par_1_11' title="bbox 559 762 2147 830">
     <span class='ocr_line' id='line_1_11' title="bbox 559 762 2147 830; baseline -0.004 -10"><span class='ocrx_word' id='word_1_50' title='bbox 559 762 988 825; x_wconf 81' lang='lat' dir='ltr'><strong><em>scientiainboni,</em></strong></span> <span class='ocrx_word' id='word_1_51' title='bbox 1019 779 1132 815; x_wconf 78' lang='lat' dir='ltr'><strong><em>cum</em></strong></span> <span class='ocrx_word' id='word_1_52' title='bbox 1163 764 1226 816; x_wconf 90' lang='lat' dir='ltr'><strong><em>sit</em></strong></span> <span class='ocrx_word' id='word_1_53' title='bbox 1258 763 1342 815; x_wconf 75' lang='lat' dir='ltr'><strong><em>lea:</em></strong></span> <span class='ocrx_word' id='word_1_54' title='bbox 1384 764 1494 830; x_wconf 82' lang='lat' dir='ltr'><strong><em>ipsa</em></strong></span> <span class='ocrx_word' id='word_1_55' title='bbox 1525 765 1794 824; x_wconf 74' lang='lat' dir='ltr'><strong><em>naturalis,</em></strong></span> <span class='ocrx_word' id='word_1_56' title='bbox 1824 771 1868 814; x_wconf 88' lang='lat' dir='ltr'><strong><em>et</em></strong></span> <span class='ocrx_word' id='word_1_57' title='bbox 1909 762 2147 830; x_wconf 72' lang='lat' dir='ltr'><strong><em>qiiwdam</em></strong></span> 
     </span>
    </p>
   </div>
   <div class='ocr_carea' id='block_1_12' title="bbox 557 830 2143 898">
    <p class='ocr_par' dir='ltr' id='par_1_12' title="bbox 557 830 2143 898">
     <span class='ocr_line' id='line_1_12' title="bbox 557 830 2143 898; baseline -0.003 -9"><span class='ocrx_word' id='word_1_58' title='bbox 557 839 796 889; x_wconf 82' lang='lat' dir='ltr'><strong><em>virtutum</em></strong></span> <span class='ocrx_word' id='word_1_59' title='bbox 816 836 1008 888; x_wconf 90' lang='lat' dir='ltr'><strong><em>semina</em></strong></span> <span class='ocrx_word' id='word_1_60' title='bbox 1025 836 1163 888; x_wconf 87' lang='lat' dir='ltr'><strong><em>omni</em></strong></span> <span class='ocrx_word' id='word_1_61' title='bbox 1184 835 1372 886; x_wconf 68' lang='lat' dir='ltr'><strong><em>animi:</em></strong></span> <span class='ocrx_word' id='word_1_62' title='bbox 1390 830 1633 898; x_wconf 80' lang='lat' dir='ltr'><strong><em>bene/icio</em></strong></span> <span class='ocrx_word' id='word_1_63' title='bbox 1655 830 1909 886; x_wconf 83' lang='lat' dir='ltr'><strong><em>Creatoris</em></strong></span> <span class='ocrx_word' id='word_1_64' title='bbox 1930 833 2143 886; x_wconf 82' lang='lat' dir='ltr'><strong><em>inserta.</em></strong></span> 
     </span>
    </p>
   </div>
   <div class='ocr_carea' id='block_1_13' title="bbox 558 900 2146 973">
    <p class='ocr_par' dir='ltr' id='par_1_13' title="bbox 558 900 2146 973">
     <span class='ocr_line' id='line_1_13' title="bbox 558 900 2146 973; baseline -0.002 -12"><span class='ocrx_word' id='word_1_65' title='bbox 558 906 612 961; x_wconf 92' lang='lat' dir='ltr'><strong><em>ld</em></strong></span> <span class='ocrx_word' id='word_1_66' title='bbox 636 909 702 960; x_wconf 85' lang='lat' dir='ltr'><strong><em>ad</em></strong></span> <span class='ocrx_word' id='word_1_67' title='bbox 739 906 961 961; x_wconf 83' lang='lat' dir='ltr'><strong><em>verbum</em></strong></span> <span class='ocrx_word' id='word_1_68' title='bbox 994 909 1251 973; x_wconf 83' lang='lat' dir='ltr'><strong><em>scriptum</em></strong></span> <span class='ocrx_word' id='word_1_69' title='bbox 1289 905 1508 972; x_wconf 86' lang='lat' dir='ltr'><strong><em>reliquit</em></strong></span> <span class='ocrx_word' id='word_1_70' title='bbox 1535 902 1715 956; x_wconf 86' lang='lat' dir='ltr'><strong><em>collat.</em></strong></span> <span class='ocrx_word' id='word_1_71' title='bbox 1761 902 1827 956; x_wconf 74' lang='grc'><strong>15</strong></span> <span class='ocrx_word' id='word_1_72' title='bbox 1855 917 1904 954; x_wconf 93' lang='lat' dir='ltr'><strong><em>c.</em></strong></span> <span class='ocrx_word' id='word_1_73' title='bbox 1950 900 2035 956; x_wconf 72' lang='grc'><strong>12.</strong></span> <span class='ocrx_word' id='word_1_74' title='bbox 2068 901 2146 958; x_wconf 82' lang='lat' dir='ltr'><strong><em>Ne</em></strong></span> 
     </span>
    </p>
   </div>
   <div class='ocr_carea' id='block_1_14' title="bbox 555 972 2143 1047">
    <p class='ocr_par' dir='ltr' id='par_1_14' title="bbox 555 972 2143 1047">
     <span class='ocr_line' id='line_1_14' title="bbox 555 972 2143 1047; baseline -0.003 -16"><span class='ocrx_word' id='word_1_75' title='bbox 555 989 736 1032; x_wconf 83' lang='lat' dir='ltr'><strong><em>autem</em></strong></span> <span class='ocrx_word' id='word_1_76' title='bbox 763 977 884 1047; x_wconf 85' lang='lat' dir='ltr'><strong><em>quis</em></strong></span> <span class='ocrx_word' id='word_1_77' title='bbox 907 972 1182 1030; x_wconf 72' lang='lat' dir='ltr'><strong><em>existimet</em></strong></span> <span class='ocrx_word' id='word_1_78' title='bbox 1212 975 1493 1047; x_wconf 79' lang='lat' dir='ltr'><strong><em>scientiam</em></strong></span> <span class='ocrx_word' id='word_1_79' title='bbox 1533 973 1663 1028; x_wconf 91' lang='lat' dir='ltr'><strong><em>boni</em></strong></span> <span class='ocrx_word' id='word_1_80' title='bbox 1702 988 1826 1026; x_wconf 90' lang='lat' dir='ltr'><strong><em>cum</em></strong></span> <span class='ocrx_word' id='word_1_81' title='bbox 1853 973 1974 1028; x_wconf 88' lang='lat' dir='ltr'><strong><em>labe</em></strong></span> <span class='ocrx_word' id='word_1_82' title='bbox 2003 987 2143 1047; x_wconf 77' lang='lat' dir='ltr'><strong><em>pec-</em></strong></span> 
     </span>
    </p>
   </div>
   <div class='ocr_carea' id='block_1_15' title="bbox 560 1043 2146 1114">
    <p class='ocr_par' dir='ltr' id='par_1_15' title="bbox 560 1043 2146 1114">
     <span class='ocr_line' id='line_1_15' title="bbox 560 1043 2146 1114; baseline -0.003 -12"><span class='ocrx_word' id='word_1_83' title='bbox 560 1047 666 1102; x_wconf 89' lang='lat' dir='ltr'><strong><em>cati</em></strong></span> <span class='ocrx_word' id='word_1_84' title='bbox 698 1043 806 1102; x_wconf 80' lang='lat' dir='ltr'><strong><em>non</em></strong></span> <span class='ocrx_word' id='word_1_85' title='bbox 834 1047 1076 1114; x_wconf 83' lang='lat' dir='ltr'><strong><em>potuisse</em></strong></span> <span class='ocrx_word' id='word_1_86' title='bbox 1100 1047 1424 1112; x_wconf 86' lang='lat' dir='ltr'><strong><em>consistere,</em></strong></span> <span class='ocrx_word' id='word_1_87' title='bbox 1469 1044 1584 1099; x_wconf 88' lang='lat' dir='ltr'><strong><em>fere</em></strong></span> <span class='ocrx_word' id='word_1_88' title='bbox 1614 1058 1805 1097; x_wconf 88' lang='lat' dir='ltr'><strong><em>omnes</em></strong></span> <span class='ocrx_word' id='word_1_89' title='bbox 1843 1045 2014 1098; x_wconf 79' lang='lat' dir='ltr'><strong><em>sancti</em></strong></span> <span class='ocrx_word' id='word_1_90' title='bbox 2043 1043 2146 1098; x_wconf 81' lang='lat' dir='ltr'><strong><em>Pa-</em></strong></span> 
     </span>
    </p>
   </div>
   <div class='ocr_carea' id='block_1_16' title="bbox 558 1115 2142 1186">
    <p class='ocr_par' dir='ltr' id='par_1_16' title="bbox 558 1115 2142 1186">
     <span class='ocr_line' id='line_1_16' title="bbox 558 1115 2142 1186; baseline -0.002 -14"><span class='ocrx_word' id='word_1_91' title='bbox 558 1126 671 1173; x_wconf 90' lang='lat' dir='ltr'><strong><em>tres</em></strong></span> <span class='ocrx_word' id='word_1_92' title='bbox 719 1118 1018 1173; x_wconf 81' lang='lat' dir='ltr'><strong><em>naturalem</em></strong></span> <span class='ocrx_word' id='word_1_93' title='bbox 1065 1119 1320 1186; x_wconf 83' lang='lat' dir='ltr'><strong><em>aliquam,</em></strong></span> <span class='ocrx_word' id='word_1_94' title='bbox 1357 1117 1482 1170; x_wconf 87' lang='lat' dir='ltr'><strong><em>licet</em></strong></span> <span class='ocrx_word' id='word_1_95' title='bbox 1529 1115 1706 1168; x_wconf 89' lang='lat' dir='ltr'><strong><em>minus</em></strong></span> <span class='ocrx_word' id='word_1_96' title='bbox 1747 1115 1950 1168; x_wconf 82' lang='lat' dir='ltr'><strong><em>claram</em></strong></span> <span class='ocrx_word' id='word_1_97' title='bbox 1979 1129 2142 1185; x_wconf 89' lang='lat' dir='ltr'><strong><em>quam</em></strong></span> 
     </span>
    </p>
   </div>
   <div class='ocr_carea' id='block_1_17' title="bbox 557 1185 2142 1259">
    <p class='ocr_par' dir='ltr' id='par_1_17' title="bbox 557 1185 2142 1259">
     <span class='ocr_line' id='line_1_17' title="bbox 557 1185 2142 1259; baseline -0.002 -16"><span class='ocrx_word' id='word_1_98' title='bbox 557 1205 675 1259; x_wconf 74' lang='lat' dir='ltr'><strong><em>quae</em></strong></span> <span class='ocrx_word' id='word_1_99' title='bbox 701 1189 878 1244; x_wconf 90' lang='lat' dir='ltr'><strong><em>fuerat</em></strong></span> <span class='ocrx_word' id='word_1_100' title='bbox 907 1185 1212 1242; x_wconf 83' lang='lat' dir='ltr'><strong><em>innocentis</em></strong></span> <span class='ocrx_word' id='word_1_101' title='bbox 1243 1187 1392 1250; x_wconf 64' lang='lat' dir='ltr'><strong><em>Adae,</em></strong></span> <span class='ocrx_word' id='word_1_102' title='bbox 1426 1187 1704 1259; x_wconf 75' lang='lat' dir='ltr'><strong><em>scientiam</em></strong></span> <span class='ocrx_word' id='word_1_103' title='bbox 1750 1185 1873 1239; x_wconf 88' lang='lat' dir='ltr'><strong><em>boni</em></strong></span> <span class='ocrx_word' id='word_1_104' title='bbox 1905 1186 1956 1238; x_wconf 92' lang='lat' dir='ltr'><strong><em>in</em></strong></span> <span class='ocrx_word' id='word_1_105' title='bbox 1989 1185 2142 1259; x_wconf 85' lang='lat' dir='ltr'><strong><em>nobis</em></strong></span> 
     </span>
    </p>
   </div>
   <div class='ocr_carea' id='block_1_18' title="bbox 558 1257 2138 1331">
    <p class='ocr_par' dir='ltr' id='par_1_18' title="bbox 558 1257 2138 1331">
     <span class='ocr_line' id='line_1_18' title="bbox 558 1257 2138 1331; baseline -0.004 -17"><span class='ocrx_word' id='word_1_106' title='bbox 558 1257 880 1331; x_wconf 79' lang='lat' dir='ltr'><strong><em>agnoscunt,</em></strong></span> <span class='ocrx_word' id='word_1_107' title='bbox 913 1269 968 1313; x_wconf 87' lang='lat' dir='ltr'><strong><em>et</em></strong></span> <span class='ocrx_word' id='word_1_108' title='bbox 993 1259 1237 1327; x_wconf 69' lang='lat' dir='ltr'><strong><em>quzedam</em></strong></span> <span class='ocrx_word' id='word_1_109' title='bbox 1281 1259 1536 1331; x_wconf 77' lang='lat' dir='ltr'><strong><em>virtutum</em></strong></span> <span class='ocrx_word' id='word_1_110' title='bbox 1570 1257 1774 1331; x_wconf 69' lang='lat' dir='ltr'><strong><em>semina</em></strong></span> <span class='ocrx_word' id='word_1_111' title='bbox 1819 1257 2138 1331; x_wconf 68' lang='lat' dir='ltr'><strong><em>propensio-</em></strong></span> 
     </span>
    </p>
   </div>
   <div class='ocr_carea' id='block_1_19' title="bbox 561 1327 2138 1402">
    <p class='ocr_par' dir='ltr' id='par_1_19' title="bbox 561 1327 2138 1402">
     <span class='ocr_line' id='line_1_19' title="bbox 561 1327 2138 1402; baseline 0 -18"><span class='ocrx_word' id='word_1_112' title='bbox 561 1327 765 1402; x_wconf 68' lang='lat' dir='ltr'><strong><em>nésque</em></strong></span> <span class='ocrx_word' id='word_1_113' title='bbox 795 1327 951 1385; x_wconf 81' lang='lat' dir='ltr'><strong><em>adea</em></strong></span> <span class='ocrx_word' id='word_1_114' title='bbox 983 1340 1271 1402; x_wconf 75' lang='lat' dir='ltr'><strong><em>quzerecta</em></strong></span> <span class='ocrx_word' id='word_1_115' title='bbox 1296 1338 1441 1402; x_wconf 73' lang='lat' dir='ltr'><strong><em>sunt.</em></strong></span> <span class='ocrx_word' id='word_1_116' title='bbox 1486 1327 1560 1382; x_wconf 89' lang='lat' dir='ltr'><strong><em>lta</em></strong></span> <span class='ocrx_word' id='word_1_117' title='bbox 1583 1327 1909 1402; x_wconf 77' lang='lat' dir='ltr'><strong><em>Basiliusin</em></strong></span> <span class='ocrx_word' id='word_1_118' title='bbox 1937 1329 2138 1402; x_wconf 51' lang='lat' dir='ltr'><strong><em>(potest.</em></strong></span> 
     </span>
    </p>
   </div>
   <div class='ocr_carea' id='block_1_20' title="bbox 557 1398 2135 1470">
    <p class='ocr_par' dir='ltr' id='par_1_20' title="bbox 557 1398 2135 1470">
     <span class='ocr_line' id='line_1_20' title="bbox 557 1398 2135 1470; baseline -0.003 -13"><span class='ocrx_word' id='word_1_119' title='bbox 557 1398 729 1457; x_wconf 79' lang='lat' dir='ltr'><strong><em>fusius</em></strong></span> <span class='ocrx_word' id='word_1_120' title='bbox 754 1403 1036 1469; x_wconf 90' lang='lat' dir='ltr'><strong><em>explicatis</em></strong></span> <span class='ocrx_word' id='word_1_121' title='bbox 1062 1401 1128 1453; x_wconf 87' lang='lat' dir='ltr'><strong><em>ad</em></strong></span> <span class='ocrx_word' id='word_1_122' title='bbox 1157 1408 1351 1470; x_wconf 69' lang='lat' dir='ltr'><strong><em>quiest.</em></strong></span> <span class='ocrx_word' id='word_1_123' title='bbox 1383 1399 1440 1464; x_wconf 70' lang='lat'><strong><em>2,</em></strong></span> <span class='ocrx_word' id='word_1_124' title='bbox 1481 1399 1728 1452; x_wconf 76' lang='lat' dir='ltr'><strong><em>Ambros.</em></strong></span> <span class='ocrx_word' id='word_1_125' title='bbox 1758 1400 1935 1470; x_wconf 62' lang='lat' dir='ltr'><strong><em>epist.</em></strong></span> <span class='ocrx_word' id='word_1_126' title='bbox 1955 1400 2042 1470; x_wconf 84' lang='grc'><strong><em>71.</em></strong></span> <span class='ocrx_word' id='word_1_127' title='bbox 2077 1398 2135 1453; x_wconf 89' lang='lat' dir='ltr'><strong><em>S.</em></strong></span> 
     </span>
    </p>
   </div>
   <div class='ocr_carea' id='block_1_21' title="bbox 557 1469 2141 1540">
    <p class='ocr_par' dir='ltr' id='par_1_21' title="bbox 557 1469 2141 1540">
     <span class='ocr_line' id='line_1_21' title="bbox 557 1469 2141 1540; baseline -0.003 -12"><span class='ocrx_word' id='word_1_128' title='bbox 557 1473 778 1528; x_wconf 82' lang='lat' dir='ltr'><strong><em>Hieron.</em></strong></span> <span class='ocrx_word' id='word_1_129' title='bbox 809 1471 1026 1540; x_wconf 87' lang='lat' dir='ltr'><strong><em>epistol.</em></strong></span> <span class='ocrx_word' id='word_1_130' title='bbox 1058 1470 1155 1525; x_wconf 80' lang='grc'><strong>151</strong></span> <span class='ocrx_word' id='word_1_131' title='bbox 1179 1469 1252 1523; x_wconf 83' lang='lat' dir='ltr'><strong><em>ad</em></strong></span> <span class='ocrx_word' id='word_1_132' title='bbox 1283 1472 1554 1540; x_wconf 85' lang='lat' dir='ltr'><strong><em>Algasiatn</em></strong></span> <span class='ocrx_word' id='word_1_133' title='bbox 1587 1478 1782 1540; x_wconf 71' lang='lat' dir='ltr'><strong><em>quiest.</em></strong></span> <span class='ocrx_word' id='word_1_134' title='bbox 1823 1469 1877 1533; x_wconf 91' lang='lat'><strong><em>8,</em></strong></span> <span class='ocrx_word' id='word_1_135' title='bbox 1907 1469 2141 1539; x_wconf 84' lang='lat' dir='ltr'><strong><em>Cyrillus</em></strong></span> 
     </span>
    </p>
   </div>
   <div class='ocr_carea' id='block_1_22' title="bbox 557 1486 2141 1612">
    <p class='ocr_par' dir='ltr' id='par_1_22' title="bbox 557 1486 2141 1612">
     <span class='ocr_line' id='line_1_22' title="bbox 557 1486 2141 1540; baseline -0.003 -12"><span class='ocrx_word' id='word_1_136' title='bbox 557 1486 778 1528; x_wconf 82' lang='lat' dir='ltr'><strong><em>uteron.</em></strong></span> <span class='ocrx_word' id='word_1_137' title='bbox 809 1486 1026 1540; x_wconf 85' lang='lat' dir='ltr'><strong><em>epist0t.</em></strong></span> <span class='ocrx_word' id='word_1_138' title='bbox 1058 1486 1155 1525; x_wconf 75' lang='lat' dir='ltr'><strong><em>tot</em></strong></span> <span class='ocrx_word' id='word_1_139' title='bbox 1187 1486 1252 1523; x_wconf 88' lang='lat' dir='ltr'><strong><em>au</em></strong></span> <span class='ocrx_word' id='word_1_140' title='bbox 1283 1486 1345 1523; x_wconf 77' lang='lat' dir='ltr'><strong><em>Al</em></strong></span> <span class='ocrx_word' id='word_1_141' title='bbox 1387 1486 1554 1524; x_wconf 82' lang='lat' dir='ltr'><strong><em>asiam</em></strong></span> <span class='ocrx_word' id='word_1_142' title='bbox 1587 1486 1782 1540; x_wconf 78' lang='lat' dir='ltr'><strong><em>quaest.</em></strong></span> <span class='ocrx_word' id='word_1_143' title='bbox 1823 1486 1877 1533; x_wconf 80' lang='grc' dir='ltr'><strong><em>δ,</em></strong></span> <span class='ocrx_word' id='word_1_144' title='bbox 1907 1486 2141 1539; x_wconf 66' lang='lat' dir='ltr'><strong><em>cyrntus</em></strong></span> 
     </span>
     <span class='ocr_line' id='line_1_23' title="bbox 557 1486 2141 1612; baseline -0.003 -14"><span class='ocrx_word' id='word_1_145' title='bbox 557 1542 819 1598; x_wconf 82' lang='lat' dir='ltr'><strong><em>Alexand.</em></strong></span> <span class='ocrx_word' id='word_1_146' title='bbox 872 1541 964 1595; x_wconf 89' lang='lat' dir='ltr'><strong><em>lib.</em></strong></span> <span class='ocrx_word' id='word_1_147' title='bbox 1013 1556 1071 1596; x_wconf 85' lang='grc' dir='ltr'>ιιι</span> <span class='ocrx_word' id='word_1_148' title='bbox 1121 1551 1302 1596; x_wconf 85' lang='lat' dir='ltr'><strong><em>contra</em></strong></span> <span class='ocrx_word' id='word_1_149' title='bbox 1351 1486 1656 1603; x_wconf 61' lang='lat' dir='ltr'><strong><em>iulianum,</em></strong></span> <span class='ocrx_word' id='word_1_150' title='bbox 1718 1539 2141 1612; x_wconf 77' lang='lat' dir='ltr'><strong><em>Chrysostomus</em></strong></span> 
     </span>
    </p>
   </div>
   <div class='ocr_carea' id='block_1_23' title="bbox 559 1611 2141 1682">
    <p class='ocr_par' dir='ltr' id='par_1_23' title="bbox 559 1611 2141 1682">
     <span class='ocr_line' id='line_1_24' title="bbox 559 1611 2141 1682; baseline -0.003 -14"><span class='ocrx_word' id='word_1_151' title='bbox 559 1614 746 1668; x_wconf 87' lang='lat' dir='ltr'><strong><em>bomil.</em></strong></span> <span class='ocrx_word' id='word_1_152' title='bbox 763 1612 797 1668; x_wconf 88' lang='lat'><strong>9</strong></span> <span class='ocrx_word' id='word_1_153' title='bbox 817 1613 885 1665; x_wconf 82' lang='lat' dir='ltr'><strong><em>de</em></strong></span> <span class='ocrx_word' id='word_1_154' title='bbox 907 1612 1252 1677; x_wconf 81' lang='lat' dir='ltr'><strong><em>Poenitentia,</em></strong></span> <span class='ocrx_word' id='word_1_155' title='bbox 1281 1620 1441 1682; x_wconf 89' lang='lat' dir='ltr'><strong><em>atque</em></strong></span> <span class='ocrx_word' id='word_1_156' title='bbox 1465 1611 1790 1682; x_wconf 70' lang='lat' dir='ltr'><strong><em>interpretes</em></strong></span> <span class='ocrx_word' id='word_1_157' title='bbox 1815 1611 1927 1665; x_wconf 76' lang='lat' dir='ltr'><strong><em>fere</em></strong></span> <span class='ocrx_word' id='word_1_158' title='bbox 1951 1625 2141 1682; x_wconf 88' lang='lat' dir='ltr'><strong><em>omnes</em></strong></span> 
     </span>
    </p>
   </div>
   <div class='ocr_carea' id='block_1_24' title="bbox 556 1681 2139 1752">
    <p class='ocr_par' dir='ltr' id='par_1_24' title="bbox 556 1681 2139 1752">
     <span class='ocr_line' id='line_1_25' title="bbox 556 1681 2139 1752; baseline -0.003 -13"><span class='ocrx_word' id='word_1_159' title='bbox 556 1683 611 1739; x_wconf 89' lang='lat' dir='ltr'><strong><em>in</em></strong></span> <span class='ocrx_word' id='word_1_160' title='bbox 647 1699 768 1750; x_wconf 86' lang='lat' dir='ltr'><strong><em>cap.</em></strong></span> <span class='ocrx_word' id='word_1_161' title='bbox 815 1684 946 1738; x_wconf 87' lang='lat' dir='ltr'><strong><em>uad</em></strong></span> <span class='ocrx_word' id='word_1_162' title='bbox 991 1683 1143 1736; x_wconf 79' lang='lat' dir='ltr'><strong><em>Rom.</em></strong></span> <span class='ocrx_word' id='word_1_163' title='bbox 1185 1697 1348 1751; x_wconf 84' lang='lat' dir='ltr'><strong><em>super</em></strong></span> <span class='ocrx_word' id='word_1_164' title='bbox 1388 1684 1516 1735; x_wconf 92' lang='lat' dir='ltr'><strong><em>illud</em></strong></span> <span class='ocrx_word' id='word_1_165' title='bbox 1549 1699 1564 1734; x_wconf 83' lang='lat'><strong>:</strong></span> <span class='ocrx_word' id='word_1_166' title='bbox 1593 1681 1778 1752; x_wconf 79' lang='lat' dir='ltr'><strong><em>Gentes</em></strong></span> <span class='ocrx_word' id='word_1_167' title='bbox 1826 1697 1942 1751; x_wconf 71' lang='lat' dir='ltr'><strong><em>qua</em></strong></span> <span class='ocrx_word' id='word_1_168' title='bbox 1979 1681 2139 1752; x_wconf 78' lang='lat' dir='ltr'><strong><em>legent</em></strong></span> 
     </span>
    </p>
   </div>
   <div class='ocr_carea' id='block_1_25' title="bbox 556 1751 2136 1823">
    <p class='ocr_par' dir='ltr' id='par_1_25' title="bbox 556 1751 2136 1823">
     <span class='ocr_line' id='line_1_26' title="bbox 556 1751 2136 1823; baseline -0.003 -14"><span class='ocrx_word' id='word_1_169' title='bbox 556 1770 661 1809; x_wconf 81' lang='lat' dir='ltr'><strong><em>non</em></strong></span> <span class='ocrx_word' id='word_1_170' title='bbox 691 1755 898 1818; x_wconf 87' lang='lat' dir='ltr'><strong><em>habent,</em></strong></span> <span class='ocrx_word' id='word_1_171' title='bbox 929 1767 985 1808; x_wconf 90' lang='lat' dir='ltr'><strong><em>ut</em></strong></span> <span class='ocrx_word' id='word_1_172' title='bbox 1010 1753 1290 1823; x_wconf 82' lang='lat' dir='ltr'><strong><em>Chrysost.</em></strong></span> <span class='ocrx_word' id='word_1_173' title='bbox 1317 1752 1654 1822; x_wconf 83' lang='lat' dir='ltr'><strong><em>Hieronym.,</em></strong></span> <span class='ocrx_word' id='word_1_174' title='bbox 1681 1751 1914 1808; x_wconf 78' lang='lat' dir='ltr'><strong><em>(Eoum.</em></strong></span> <span class='ocrx_word' id='word_1_175' title='bbox 1945 1765 1999 1807; x_wconf 87' lang='lat' dir='ltr'><strong><em>et</em></strong></span> <span class='ocrx_word' id='word_1_176' title='bbox 2023 1751 2136 1806; x_wconf 87' lang='lat' dir='ltr'><strong><em>alii.</em></strong></span> 
     </span>
    </p>
   </div>
   <div class='ocr_carea' id='block_1_26' title="bbox 555 1823 2140 1895">
    <p class='ocr_par' dir='ltr' id='par_1_26' title="bbox 555 1823 2140 1895">
     <span class='ocr_line' id='line_1_27' title="bbox 555 1823 2140 1895; baseline -0.003 -16"><span class='ocrx_word' id='word_1_177' title='bbox 555 1823 694 1895; x_wconf 79' lang='lat' dir='ltr'><strong><em>Quin</em></strong></span> <span class='ocrx_word' id='word_1_178' title='bbox 726 1825 868 1893; x_wconf 91' lang='lat' dir='ltr'><strong><em>quod</em></strong></span> <span class='ocrx_word' id='word_1_179' title='bbox 895 1824 961 1876; x_wconf 87' lang='lat' dir='ltr'><strong><em>ad</em></strong></span> <span class='ocrx_word' id='word_1_180' title='bbox 994 1826 1106 1878; x_wconf 87' lang='lat' dir='ltr'><strong><em>veri</em></strong></span> <span class='ocrx_word' id='word_1_181' title='bbox 1144 1825 1377 1893; x_wconf 88' lang='lat' dir='ltr'><strong><em>bonique</em></strong></span> <span class='ocrx_word' id='word_1_182' title='bbox 1407 1826 1686 1878; x_wconf 76' lang='lat' dir='ltr'><strong><em>scientiam</em></strong></span> <span class='ocrx_word' id='word_1_183' title='bbox 1713 1824 1982 1895; x_wconf 73' lang='lat' dir='ltr'><strong><em>pertinet,</em></strong></span> <span class='ocrx_word' id='word_1_184' title='bbox 2010 1828 2140 1895; x_wconf 16' lang='grc' dir='ltr'>γΑιι-</span> 
     </span>
    </p>
   </div>
   <div class='ocr_carea' id='block_1_27' title="bbox 558 1894 2143 1967">
    <p class='ocr_par' dir='ltr' id='par_1_27' title="bbox 558 1894 2143 1967">
     <span class='ocr_line' id='line_1_28' title="bbox 558 1894 2143 1967; baseline -0.001 -18"><span class='ocrx_word' id='word_1_185' title='bbox 558 1894 812 1967; x_wconf 75' lang='lat' dir='ltr'><strong><em>gustinus</em></strong></span> <span class='ocrx_word' id='word_1_186' title='bbox 842 1903 1099 1967; x_wconf 83' lang='lat' dir='ltr'><strong><em>retractat</em></strong></span> <span class='ocrx_word' id='word_1_187' title='bbox 1129 1905 1318 1967; x_wconf 81' lang='lat' dir='ltr'><strong><em>aperte</em></strong></span> <span class='ocrx_word' id='word_1_188' title='bbox 1345 1895 1485 1961; x_wconf 85' lang='lat' dir='ltr'><strong><em>quod</em></strong></span> <span class='ocrx_word' id='word_1_189' title='bbox 1518 1895 1610 1967; x_wconf 84' lang='lat' dir='ltr'><strong><em>lib.</em></strong></span> <span class='ocrx_word' id='word_1_190' title='bbox 1645 1910 1680 1967; x_wconf 89' lang='grc' dir='ltr'><strong><em>ιι</em></strong></span> <span class='ocrx_word' id='word_1_191' title='bbox 1702 1894 1931 1967; x_wconf 63' lang='lat' dir='ltr'><strong><em>Soliloq1</em></strong></span> <span class='ocrx_word' id='word_1_192' title='bbox 1959 1894 2143 1948; x_wconf 88' lang='lat' dir='ltr'><strong><em>adver-</em></strong></span> 
     </span>
    </p>
   </div>
   <div class='ocr_carea' id='block_1_28' title="bbox 556 1963 2144 2034">
    <p class='ocr_par' dir='ltr' id='par_1_28' title="bbox 556 1963 2144 2034">
     <span class='ocr_line' id='line_1_29' title="bbox 556 1963 2144 2034; baseline -0.006 -12"><span class='ocrx_word' id='word_1_193' title='bbox 556 1963 650 2022; x_wconf 68' lang='lat' dir='ltr'><strong><em>sus</em></strong></span> <span class='ocrx_word' id='word_1_194' title='bbox 683 1969 818 2021; x_wconf 86' lang='lat' dir='ltr'><strong><em>itane</em></strong></span> <span class='ocrx_word' id='word_1_195' title='bbox 864 1963 1182 2020; x_wconf 83' lang='lat' dir='ltr'><strong><em>sententiain</em></strong></span> <span class='ocrx_word' id='word_1_196' title='bbox 1215 1964 1500 2033; x_wconf 79' lang='lat' dir='ltr'><strong><em>scripsisse</em></strong></span> <span class='ocrx_word' id='word_1_197' title='bbox 1545 1963 2004 2018; x_wconf 80' lang='lat' dir='ltr'><strong><em>videbattteron</em></strong></span> <span class='ocrx_word' id='word_1_198' title='bbox 2047 1979 2144 2034; x_wconf 77' lang='lat' dir='ltr'><strong><em>ap-</em></strong></span> 
     </span>
    </p>
   </div>
   <div class='ocr_carea' id='block_1_29' title="bbox 555 2036 2143 2107">
    <p class='ocr_par' dir='ltr' id='par_1_29' title="bbox 555 2036 2143 2107">
     <span class='ocr_line' id='line_1_30' title="bbox 555 2036 2143 2107; baseline -0.001 -15"><span class='ocrx_word' id='word_1_199' title='bbox 555 2039 748 2107; x_wconf 88' lang='lat' dir='ltr'><strong><em>probo,</em></strong></span> <span class='ocrx_word' id='word_1_200' title='bbox 779 2038 951 2106; x_wconf 80' lang='lat' dir='ltr'><strong><em>inquit</em></strong></span> <span class='ocrx_word' id='word_1_201' title='bbox 985 2039 1076 2091; x_wconf 93' lang='lat' dir='ltr'><strong><em>lib.</em></strong></span> <span class='ocrx_word' id='word_1_202' title='bbox 1104 2053 1121 2090; x_wconf 91' lang='grc' dir='ltr'><strong><em>ι</em></strong></span> <span class='ocrx_word' id='word_1_203' title='bbox 1153 2036 1396 2090; x_wconf 82' lang='lat' dir='ltr'><strong><em>Retract.</em></strong></span> <span class='ocrx_word' id='word_1_204' title='bbox 1423 2051 1540 2105; x_wconf 93' lang='lat' dir='ltr'><strong><em>cap.</em></strong></span> <span class='ocrx_word' id='word_1_205' title='bbox 1568 2037 1622 2098; x_wconf 83' lang='grc'><strong><em>4,</em></strong></span> <span class='ocrx_word' id='word_1_206' title='bbox 1651 2036 1792 2105; x_wconf 88' lang='lat' dir='ltr'><strong><em>quod</em></strong></span> <span class='ocrx_word' id='word_1_207' title='bbox 1817 2036 1870 2090; x_wconf 92' lang='lat' dir='ltr'><strong><em>in</em></strong></span> <span class='ocrx_word' id='word_1_208' title='bbox 1895 2037 2143 2090; x_wconf 89' lang='lat' dir='ltr'><strong><em>oratione</em></strong></span> 
     </span>
    </p>
   </div>
   <div class='ocr_carea' id='block_1_30' title="bbox 556 2107 2140 2177">
    <p class='ocr_par' dir='ltr' id='par_1_30' title="bbox 556 2107 2140 2177">
     <span class='ocr_line' id='line_1_31' title="bbox 556 2107 2140 2177; baseline -0.002 -14"><span class='ocrx_word' id='word_1_209' title='bbox 556 2110 711 2163; x_wconf 87' lang='lat' dir='ltr'><strong><em>dixi:</em></strong></span> <span class='ocrx_word' id='word_1_210' title='bbox 742 2110 885 2162; x_wconf 86' lang='lat' dir='ltr'><strong><em>Deus</em></strong></span> <span class='ocrx_word' id='word_1_211' title='bbox 913 2109 1001 2177; x_wconf 90' lang='lat' dir='ltr'><strong><em>qui</em></strong></span> <span class='ocrx_word' id='word_1_212' title='bbox 1054 2110 1156 2161; x_wconf 84' lang='lat' dir='ltr'><strong><em>nisi</em></strong></span> <span class='ocrx_word' id='word_1_213' title='bbox 1203 2107 1430 2160; x_wconf 87' lang='lat' dir='ltr'><strong><em>mundos</em></strong></span> <span class='ocrx_word' id='word_1_214' title='bbox 1469 2122 1655 2160; x_wconf 88' lang='lat' dir='ltr'><strong><em>verum</em></strong></span> <span class='ocrx_word' id='word_1_215' title='bbox 1697 2109 1839 2160; x_wconf 86' lang='lat' dir='ltr'><strong><em>scire</em></strong></span> <span class='ocrx_word' id='word_1_216' title='bbox 1885 2107 2140 2172; x_wconf 77' lang='lat' dir='ltr'><strong><em>noluiSIi;</em></strong></span> 
     </span>
    </p>
   </div>
   <div class='ocr_carea' id='block_1_31' title="bbox 554 2177 2144 2248">
    <p class='ocr_par' dir='ltr' id='par_1_31' title="bbox 554 2177 2144 2248">
     <span class='ocr_line' id='line_1_32' title="bbox 554 2177 2144 2248; baseline -0.003 -14"><span class='ocrx_word' id='word_1_217' title='bbox 554 2182 868 2248; x_wconf 86' lang='lat' dir='ltr'><strong><em>responderi</em></strong></span> <span class='ocrx_word' id='word_1_218' title='bbox 912 2179 1054 2232; x_wconf 90' lang='lat' dir='ltr'><strong><em>enim</em></strong></span> <span class='ocrx_word' id='word_1_219' title='bbox 1087 2187 1290 2248; x_wconf 82' lang='lat' dir='ltr'><strong><em>potest,</em></strong></span> <span class='ocrx_word' id='word_1_220' title='bbox 1339 2177 1536 2231; x_wconf 87' lang='lat' dir='ltr'><strong><em>multos</em></strong></span> <span class='ocrx_word' id='word_1_221' title='bbox 1563 2181 1725 2232; x_wconf 88' lang='lat' dir='ltr'><strong><em>etiam</em></strong></span> <span class='ocrx_word' id='word_1_222' title='bbox 1765 2193 1872 2232; x_wconf 92' lang='lat' dir='ltr'><strong><em>non</em></strong></span> <span class='ocrx_word' id='word_1_223' title='bbox 1914 2178 2144 2231; x_wconf 86' lang='lat' dir='ltr'><strong><em>mundos</em></strong></span> 
     </span>
    </p>
   </div>
   <div class='ocr_carea' id='block_1_32' title="bbox 554 2249 2142 2305">
    <p class='ocr_par' dir='ltr' id='par_1_32' title="bbox 554 2249 2142 2305">
     <span class='ocr_line' id='line_1_33' title="bbox 554 2249 2142 2305; baseline -0.003 0"><span class='ocrx_word' id='word_1_224' title='bbox 554 2253 719 2305; x_wconf 88' lang='lat' dir='ltr'><strong><em>multa</em></strong></span> <span class='ocrx_word' id='word_1_225' title='bbox 761 2255 905 2305; x_wconf 91' lang='lat' dir='ltr'><strong><em>scire</em></strong></span> <span class='ocrx_word' id='word_1_226' title='bbox 950 2264 1098 2304; x_wconf 86' lang='lat' dir='ltr'><strong><em>vera.</em></strong></span> <span class='ocrx_word' id='word_1_227' title='bbox 1133 2250 1210 2304; x_wconf 90' lang='lat' dir='ltr'><strong><em>De</em></strong></span> <span class='ocrx_word' id='word_1_228' title='bbox 1251 2249 1550 2304; x_wconf 76' lang='lat' dir='ltr'><strong><em>seminibus</em></strong></span> <span class='ocrx_word' id='word_1_229' title='bbox 1589 2262 1723 2301; x_wconf 90' lang='lat' dir='ltr'><strong><em>vero</em></strong></span> <span class='ocrx_word' id='word_1_230' title='bbox 1770 2249 2026 2302; x_wconf 86' lang='lat' dir='ltr'><strong><em>virtutum</em></strong></span> <span class='ocrx_word' id='word_1_231' title='bbox 2070 2251 2142 2301; x_wconf 87' lang='lat' dir='ltr'><strong><em>ita</em></strong></span> 
     </span>
    </p>
   </div>
   <div class='ocr_carea' id='block_1_33' title="bbox 553 2319 2142 2388">
    <p class='ocr_par' dir='ltr' id='par_1_33' title="bbox 553 2319 2142 2388">
     <span class='ocr_line' id='line_1_34' title="bbox 553 2319 2142 2388; baseline -0.002 -12"><span class='ocrx_word' id='word_1_232' title='bbox 553 2323 744 2376; x_wconf 80' lang='lat' dir='ltr'><strong><em>scribit</em></strong></span> <span class='ocrx_word' id='word_1_233' title='bbox 773 2323 868 2376; x_wconf 91' lang='lat' dir='ltr'><strong><em>lib.</em></strong></span> <span class='ocrx_word' id='word_1_234' title='bbox 896 2320 964 2374; x_wconf 88' lang='lat' dir='ltr'><strong><em>de</em></strong></span> <span class='ocrx_word' id='word_1_235' title='bbox 995 2321 1189 2374; x_wconf 85' lang='lat' dir='ltr'><strong><em>Libero</em></strong></span> <span class='ocrx_word' id='word_1_236' title='bbox 1221 2321 1483 2382; x_wconf 82' lang='lat' dir='ltr'><strong><em>Arbitrio,</em></strong></span> <span class='ocrx_word' id='word_1_237' title='bbox 1512 2335 1635 2388; x_wconf 86' lang='lat' dir='ltr'><strong><em>cap.</em></strong></span> <span class='ocrx_word' id='word_1_238' title='bbox 1667 2319 1735 2374; x_wconf 89' lang='grc'><strong>10</strong></span> <span class='ocrx_word' id='word_1_239' title='bbox 1771 2336 1783 2372; x_wconf 93' lang='lat'><strong>:</strong></span> <span class='ocrx_word' id='word_1_240' title='bbox 1819 2319 1964 2374; x_wconf 88' lang='lat' dir='ltr'><strong><em>Satis</em></strong></span> <span class='ocrx_word' id='word_1_241' title='bbox 1995 2320 2142 2373; x_wconf 88' lang='lat' dir='ltr'><strong><em>enim</em></strong></span> 
     </span>
    </p>
   </div>
   <div class='ocr_carea' id='block_1_34' title="bbox 556 2390 2145 2460">
    <p class='ocr_par' dir='ltr' id='par_1_34' title="bbox 556 2390 2145 2460">
     <span class='ocr_line' id='line_1_35' title="bbox 556 2390 2145 2460; baseline -0.002 -14"><span class='ocrx_word' id='word_1_242' title='bbox 556 2402 637 2446; x_wconf 86' lang='lat' dir='ltr'><strong><em>est</em></strong></span> <span class='ocrx_word' id='word_1_243' title='bbox 669 2393 811 2460; x_wconf 88' lang='lat' dir='ltr'><strong><em>quod</em></strong></span> <span class='ocrx_word' id='word_1_244' title='bbox 846 2394 974 2446; x_wconf 87' lang='lat' dir='ltr'><strong><em>istas</em></strong></span> <span class='ocrx_word' id='word_1_245' title='bbox 1002 2400 1273 2460; x_wconf 82' lang='lat' dir='ltr'><strong><em>tamquam</em></strong></span> <span class='ocrx_word' id='word_1_246' title='bbox 1320 2393 1535 2458; x_wconf 77' lang='lat' dir='ltr'><strong><em>regulas</em></strong></span> <span class='ocrx_word' id='word_1_247' title='bbox 1567 2399 1617 2443; x_wconf 88' lang='lat' dir='ltr'><strong><em>et</em></strong></span> <span class='ocrx_word' id='word_1_248' title='bbox 1643 2392 1886 2460; x_wconf 65' lang='lat' dir='ltr'><strong><em>quasdam</em></strong></span> <span class='ocrx_word' id='word_1_249' title='bbox 1939 2390 2145 2443; x_wconf 86' lang='lat' dir='ltr'><strong><em>lumina</em></strong></span> 
     </span>
    </p>
   </div>
   <div class='ocr_carea' id='block_1_35' title="bbox 556 2461 2143 2530">
    <p class='ocr_par' dir='ltr' id='par_1_35' title="bbox 556 2461 2143 2530">
     <span class='ocr_line' id='line_1_36' title="bbox 556 2461 2143 2530; baseline 0 -17"><span class='ocrx_word' id='word_1_250' title='bbox 556 2463 812 2515; x_wconf 87' lang='lat' dir='ltr'><strong><em>virtutum</em></strong></span> <span class='ocrx_word' id='word_1_251' title='bbox 843 2470 900 2515; x_wconf 88' lang='lat' dir='ltr'><strong><em>et</em></strong></span> <span class='ocrx_word' id='word_1_252' title='bbox 922 2477 1044 2516; x_wconf 88' lang='lat' dir='ltr'><strong><em>vera</em></strong></span> <span class='ocrx_word' id='word_1_253' title='bbox 1083 2472 1137 2515; x_wconf 91' lang='lat' dir='ltr'><strong><em>et</em></strong></span> <span class='ocrx_word' id='word_1_254' title='bbox 1173 2462 1650 2525; x_wconf 84' lang='lat' dir='ltr'><strong><em>incommutabilia,</em></strong></span> <span class='ocrx_word' id='word_1_255' title='bbox 1687 2469 1742 2516; x_wconf 87' lang='lat' dir='ltr'><strong><em>et</em></strong></span> <span class='ocrx_word' id='word_1_256' title='bbox 1773 2461 1886 2515; x_wconf 87' lang='lat' dir='ltr'><strong><em>sive</em></strong></span> <span class='ocrx_word' id='word_1_257' title='bbox 1911 2461 2143 2530; x_wconf 84' lang='lat' dir='ltr'><strong><em>singula,</em></strong></span> 
     </span>
    </p>
   </div>
   <div class='ocr_carea' id='block_1_36' title="bbox 557 2532 2146 2599">
    <p class='ocr_par' dir='ltr' id='par_1_36' title="bbox 557 2532 2146 2599">
     <span class='ocr_line' id='line_1_37' title="bbox 557 2532 2146 2599; baseline -0.001 -13"><span class='ocrx_word' id='word_1_258' title='bbox 557 2532 677 2587; x_wconf 88' lang='lat' dir='ltr'><strong><em>sive</em></strong></span> <span class='ocrx_word' id='word_1_259' title='bbox 706 2535 911 2596; x_wconf 88' lang='lat' dir='ltr'><strong><em>omnia,</em></strong></span> <span class='ocrx_word' id='word_1_260' title='bbox 944 2532 1303 2587; x_wconf 81' lang='lat' dir='ltr'><strong><em>eomtnuniter</em></strong></span> <span class='ocrx_word' id='word_1_261' title='bbox 1347 2533 1536 2586; x_wconf 75' lang='lat' dir='ltr'><strong><em>atlesse</em></strong></span> <span class='ocrx_word' id='word_1_262' title='bbox 1568 2533 1632 2585; x_wconf 83' lang='lat' dir='ltr'><strong><em>ad</em></strong></span> <span class='ocrx_word' id='word_1_263' title='bbox 1670 2532 2146 2599; x_wconf 80' lang='lat' dir='ltr'><strong><em>contemplandum</em></strong></span> 
     </span>
    </p>
   </div>
   <div class='ocr_carea' id='block_1_37' title="bbox 556 2603 2147 2674">
    <p class='ocr_par' dir='ltr' id='par_1_37' title="bbox 556 2603 2147 2674">
     <span class='ocr_line' id='line_1_38' title="bbox 556 2603 2147 2674; baseline -0.001 -18"><span class='ocrx_word' id='word_1_264' title='bbox 556 2603 638 2656; x_wconf 90' lang='lat' dir='ltr'><strong><em>eis</em></strong></span> <span class='ocrx_word' id='word_1_265' title='bbox 657 2604 891 2674; x_wconf 65' lang='lat' dir='ltr'><strong><em>qui‘haac</em></strong></span> <span class='ocrx_word' id='word_1_266' title='bbox 912 2605 1090 2657; x_wconf 85' lang='lat' dir='ltr'><strong><em>valent</em></strong></span> <span class='ocrx_word' id='word_1_267' title='bbox 1115 2618 1210 2657; x_wconf 89' lang='lat' dir='ltr'><strong><em>sua</em></strong></span> <span class='ocrx_word' id='word_1_268' title='bbox 1235 2606 1463 2672; x_wconf 79' lang='lat' dir='ltr'><strong><em>quisque</em></strong></span> <span class='ocrx_word' id='word_1_269' title='bbox 1491 2604 1699 2656; x_wconf 88' lang='lat' dir='ltr'><strong><em>ratione</em></strong></span> <span class='ocrx_word' id='word_1_270' title='bbox 1721 2617 1784 2656; x_wconf 89' lang='lat' dir='ltr'><strong><em>ac</em></strong></span> <span class='ocrx_word' id='word_1_271' title='bbox 1811 2611 1991 2656; x_wconf 88' lang='lat' dir='ltr'><strong><em>mente</em></strong></span> <span class='ocrx_word' id='word_1_272' title='bbox 2017 2617 2147 2655; x_wconf 82' lang='lat' dir='ltr'><strong><em>con-</em></strong></span> 
     </span>
    </p>
   </div>
   <div class='ocr_carea' id='block_1_38' title="bbox 555 2673 2148 2750">
    <p class='ocr_par' dir='ltr' id='par_1_38' title="bbox 555 2673 2148 2750">
     <span class='ocr_line' id='line_1_39' title="bbox 555 2673 2148 2750; baseline 0 -22"><span class='ocrx_word' id='word_1_273' title='bbox 555 2673 788 2750; x_wconf 79' lang='lat' dir='ltr'><strong><em>spicere,</em></strong></span> <span class='ocrx_word' id='word_1_274' title='bbox 822 2675 1023 2750; x_wconf 58' lang='lat' dir='ltr'><strong><em>pariter</em></strong></span> <span class='ocrx_word' id='word_1_275' title='bbox 1050 2688 1259 2728; x_wconf 87' lang='lat' dir='ltr'><strong><em>mecum</em></strong></span> <span class='ocrx_word' id='word_1_276' title='bbox 1300 2677 1471 2739; x_wconf 85' lang='lat' dir='ltr'><strong><em>vides,</em></strong></span> <span class='ocrx_word' id='word_1_277' title='bbox 1513 2673 1983 2742; x_wconf 88' lang='lat' dir='ltr'><strong><em>certissimumque</em></strong></span> <span class='ocrx_word' id='word_1_278' title='bbox 2025 2689 2148 2728; x_wconf 87' lang='lat' dir='ltr'><strong><em>esse</em></strong></span> 
     </span>
    </p>
   </div>
   <div class='ocr_carea' id='block_1_39' title="bbox 557 2746 836 2801">
    <p class='ocr_par' dir='ltr' id='par_1_39' title="bbox 557 2746 836 2801">
     <span class='ocr_line' id='line_1_40' title="bbox 557 2746 836 2801; baseline 0 -3"><span class='ocrx_word' id='word_1_279' title='bbox 557 2746 836 2801; x_wconf 85' lang='lat' dir='ltr'><strong><em>concedis.</em></strong></span> 
     </span>
    </p>
   </div>
   <div class='ocr_carea' id='block_1_40' title="bbox 799 2834 1919 2896">
    <p class='ocr_par' dir='ltr' id='par_1_40' title="bbox 799 2834 1919 2896">
     <span class='ocr_line' id='line_1_41' title="bbox 799 2834 1919 2896; baseline -0.005 0"><span class='ocrx_word' id='word_1_280' title='bbox 799 2836 1098 2896; x_wconf 75' lang='lat' dir='ltr'><strong><em>SEPTIMA</em></strong></span> <span class='ocrx_word' id='word_1_281' title='bbox 1138 2835 1453 2894; x_wconf 78' lang='lat' dir='ltr'><strong><em>CASSIANI</em></strong></span> <span class='ocrx_word' id='word_1_282' title='bbox 1494 2834 1919 2893; x_wconf 79' lang='lat' dir='ltr'><strong><em>PROPOSITIO.</em></strong></span> 
     </span>
    </p>
   </div>
   <div class='ocr_carea' id='block_1_41' title="bbox 628 2951 2149 3022">
    <p class='ocr_par' dir='ltr' id='par_1_41' title="bbox 628 2951 2149 3022">
     <span class='ocr_line' id='line_1_42' title="bbox 628 2951 2149 3022; baseline -0.005 -12"><span class='ocrx_word' id='word_1_283' title='bbox 628 2956 921 3010; x_wconf 81' lang='lat' dir='ltr'><strong><em>Cavendum</em></strong></span> <span class='ocrx_word' id='word_1_284' title='bbox 961 2973 1068 3010; x_wconf 84' lang='lat' dir='ltr'><strong><em>esse</em></strong></span> <span class='ocrx_word' id='word_1_285' title='bbox 1109 2956 1287 3022; x_wconf 86' lang='lat' dir='ltr'><strong><em>nobis,</em></strong></span> <span class='ocrx_word' id='word_1_286' title='bbox 1330 2970 1390 3007; x_wconf 89' lang='lat' dir='ltr'><strong><em>ne</em></strong></span> <span class='ocrx_word' id='word_1_287' title='bbox 1432 2954 1506 3005; x_wconf 86' lang='lat' dir='ltr'><strong><em>ita</em></strong></span> <span class='ocrx_word' id='word_1_288' title='bbox 1545 2952 1616 3005; x_wconf 90' lang='lat' dir='ltr'><strong><em>ad</em></strong></span> <span class='ocrx_word' id='word_1_289' title='bbox 1658 2951 1936 3005; x_wconf 86' lang='lat' dir='ltr'><strong><em>Dominum</em></strong></span> <span class='ocrx_word' id='word_1_290' title='bbox 1977 2951 2149 3005; x_wconf 85' lang='lat' dir='ltr'><strong><em>omnia</em></strong></span> 
     </span>
    </p>
   </div>
   <div class='ocr_carea' id='block_1_42' title="bbox 2253 333 3874 390">
    <p class='ocr_par' dir='ltr' id='par_1_42' title="bbox 2253 333 3874 390">
     <span class='ocr_line' id='line_1_43' title="bbox 2253 333 3874 390; baseline 0 0"><span class='ocrx_word' id='word_1_291' title='bbox 2253 345 2346 390; x_wconf 90' lang='lat' dir='ltr'><strong><em>aut</em></strong></span> <span class='ocrx_word' id='word_1_292' title='bbox 2377 336 2604 389; x_wconf 89' lang='lat' dir='ltr'><strong><em>liberum</em></strong></span> <span class='ocrx_word' id='word_1_293' title='bbox 2636 334 2913 388; x_wconf 80' lang='lat' dir='ltr'><strong><em>arbitrium</em></strong></span> <span class='ocrx_word' id='word_1_294' title='bbox 2943 333 3119 387; x_wconf 88' lang='lat' dir='ltr'><strong><em>solum</em></strong></span> <span class='ocrx_word' id='word_1_295' title='bbox 3155 333 3394 388; x_wconf 79' lang='lat' dir='ltr'><strong><em>sufﬁciat</em></strong></span> <span class='ocrx_word' id='word_1_296' title='bbox 3422 333 3488 388; x_wconf 85' lang='lat' dir='ltr'><strong><em>ad</em></strong></span> <span class='ocrx_word' id='word_1_297' title='bbox 3518 333 3874 390; x_wconf 83' lang='lat' dir='ltr'><strong><em>salvandum</em></strong></span> 
     </span>
    </p>
   </div>
   <div class='ocr_carea' id='block_1_43' title="bbox 2255 404 3873 474">
    <p class='ocr_par' dir='ltr' id='par_1_43' title="bbox 2255 404 3873 474">
     <span class='ocr_line' id='line_1_44' title="bbox 2255 404 3873 474; baseline -0.001 -13"><span class='ocrx_word' id='word_1_298' title='bbox 2255 408 2550 462; x_wconf 89' lang='lat' dir='ltr'><strong><em>hominem.</em></strong></span> <span class='ocrx_word' id='word_1_299' title='bbox 2584 404 3012 474; x_wconf 83' lang='lat' dir='ltr'><strong><em>Rectequidem,</em></strong></span> <span class='ocrx_word' id='word_1_300' title='bbox 3039 405 3163 474; x_wconf 86' lang='lat' dir='ltr'><strong><em>quia</em></strong></span> <span class='ocrx_word' id='word_1_301' title='bbox 3189 420 3311 457; x_wconf 87' lang='lat' dir='ltr'><strong><em>cum</em></strong></span> <span class='ocrx_word' id='word_1_302' title='bbox 3339 404 3540 473; x_wconf 85' lang='lat' dir='ltr'><strong><em>aliquid</em></strong></span> <span class='ocrx_word' id='word_1_303' title='bbox 3566 420 3630 459; x_wconf 88' lang='lat' dir='ltr'><strong><em>ex</em></strong></span> <span class='ocrx_word' id='word_1_304' title='bbox 3653 406 3873 461; x_wconf 78' lang='lat' dir='ltr'><strong><em>multis</em></strong></span> 
     </span>
    </p>
   </div>
   <div class='ocr_carea' id='block_1_44' title="bbox 2250 476 3868 546">
    <p class='ocr_par' dir='ltr' id='par_1_44' title="bbox 2250 476 3868 546">
     <span class='ocr_line' id='line_1_45' title="bbox 2250 476 3868 546; baseline -0.001 -13"><span class='ocrx_word' id='word_1_305' title='bbox 2250 480 2430 533; x_wconf 83' lang='lat' dir='ltr'><strong><em>causis</em></strong></span> <span class='ocrx_word' id='word_1_306' title='bbox 2449 478 2744 546; x_wconf 83' lang='lat' dir='ltr'><strong><em>dependet,</em></strong></span> <span class='ocrx_word' id='word_1_307' title='bbox 2774 491 2914 532; x_wconf 91' lang='lat' dir='ltr'><strong><em>nunc</em></strong></span> <span class='ocrx_word' id='word_1_308' title='bbox 2945 476 3036 530; x_wconf 80' lang='lat' dir='ltr'><strong><em>uni</em></strong></span> <span class='ocrx_word' id='word_1_309' title='bbox 3065 490 3272 540; x_wconf 89' lang='lat' dir='ltr'><strong><em>earum,</em></strong></span> <span class='ocrx_word' id='word_1_310' title='bbox 3307 489 3447 528; x_wconf 74' lang='lat' dir='ltr'><strong><em>nunc</em></strong></span> <span class='ocrx_word' id='word_1_311' title='bbox 3469 477 3622 529; x_wconf 86' lang='lat' dir='ltr'><strong><em>alteri</em></strong></span> <span class='ocrx_word' id='word_1_312' title='bbox 3655 484 3868 545; x_wconf 73' lang='lat' dir='ltr'><strong><em>potest</em></strong></span> 
     </span>
    </p>
   </div>
   <div class='ocr_carea' id='block_1_45' title="bbox 2251 545 3866 616">
    <p class='ocr_par' dir='ltr' id='par_1_45' title="bbox 2251 545 3866 616">
     <span class='ocr_line' id='line_1_46' title="bbox 2251 545 3866 616; baseline 0.001 -14"><span class='ocrx_word' id='word_1_313' title='bbox 2251 550 2471 613; x_wconf 85' lang='lat' dir='ltr'><strong><em>ascribi,</em></strong></span> <span class='ocrx_word' id='word_1_314' title='bbox 2523 545 2817 602; x_wconf 77' lang='lat' dir='ltr'><strong><em>dummodo</em></strong></span> <span class='ocrx_word' id='word_1_315' title='bbox 2869 555 3084 601; x_wconf 63' lang='lat' dir='ltr'><strong><em>cieterat</em></strong></span> <span class='ocrx_word' id='word_1_316' title='bbox 3134 562 3240 600; x_wconf 91' lang='lat' dir='ltr'><strong><em>non</em></strong></span> <span class='ocrx_word' id='word_1_317' title='bbox 3287 545 3645 616; x_wconf 82' lang='lat' dir='ltr'><strong><em>excipiantur.</em></strong></span> <span class='ocrx_word' id='word_1_318' title='bbox 3709 547 3866 603; x_wconf 79' lang='lat' dir='ltr'><strong><em>Hinc</em></strong></span> 
     </span>
    </p>
   </div>
   <div class='ocr_carea' id='block_1_46' title="bbox 2252 616 3865 688">
    <p class='ocr_par' dir='ltr' id='par_1_46' title="bbox 2252 616 3865 688">
     <span class='ocr_line' id='line_1_47' title="bbox 2252 616 3865 688; baseline -0.001 -14"><span class='ocrx_word' id='word_1_319' title='bbox 2252 621 2360 675; x_wconf 59' lang='lat' dir='ltr'><strong><em>illa;</em></strong></span> <span class='ocrx_word' id='word_1_320' title='bbox 2390 620 2792 686; x_wconf 86' lang='lat' dir='ltr'><strong><em>Scripturarum</em></strong></span> <span class='ocrx_word' id='word_1_321' title='bbox 2825 621 2985 672; x_wconf 71' lang='lat' dir='ltr'><strong><em>vo&#39;ces</em></strong></span> <span class='ocrx_word' id='word_1_322' title='bbox 3012 635 3024 670; x_wconf 91' lang='lat'><strong>:</strong></span> <span class='ocrx_word' id='word_1_323' title='bbox 3050 616 3155 688; x_wconf 84' lang='lat' dir='ltr'><strong><em>Spe</em></strong></span> <span class='ocrx_word' id='word_1_324' title='bbox 3181 616 3320 688; x_wconf 76' lang='lat' dir='ltr'><strong><em>salvi</em></strong></span> <span class='ocrx_word' id='word_1_325' title='bbox 3339 618 3464 685; x_wconf 81' lang='lat' dir='ltr'><strong><em>[acti</em></strong></span> <span class='ocrx_word' id='word_1_326' title='bbox 3493 621 3646 684; x_wconf 83' lang='lat' dir='ltr'><strong><em>estis;</em></strong></span> <span class='ocrx_word' id='word_1_327' title='bbox 3658 621 3865 688; x_wconf 81' lang='lat' dir='ltr'><strong><em>justus</em></strong></span> 
     </span>
    </p>
   </div>
   <div class='ocr_carea' id='block_1_47' title="bbox 2251 687 3864 760">
    <p class='ocr_par' dir='ltr' id='par_1_47' title="bbox 2251 687 3864 760">
     <span class='ocr_line' id='line_1_48' title="bbox 2251 687 3864 760; baseline -0.001 -17"><span class='ocrx_word' id='word_1_328' title='bbox 2251 707 2313 744; x_wconf 75' lang='lat' dir='ltr'><strong><em>ea:</em></strong></span> <span class='ocrx_word' id='word_1_329' title='bbox 2333 691 2438 759; x_wconf 78' lang='lat' dir='ltr'><strong><em>ﬁde</em></strong></span> <span class='ocrx_word' id='word_1_330' title='bbox 2459 691 2612 753; x_wconf 83' lang='lat' dir='ltr'><strong><em>vivit;</em></strong></span> <span class='ocrx_word' id='word_1_331' title='bbox 2635 688 2872 744; x_wconf 75' lang='lat' dir='ltr'><strong><em>Charitas</em></strong></span> <span class='ocrx_word' id='word_1_332' title='bbox 2893 691 3054 760; x_wconf 81' lang='lat' dir='ltr'><strong><em>operit</em></strong></span> <span class='ocrx_word' id='word_1_333' title='bbox 3080 687 3463 742; x_wconf 77' lang='lat' dir='ltr'><strong><em>multitudinem</em></strong></span> <span class='ocrx_word' id='word_1_334' title='bbox 3487 687 3864 756; x_wconf 67' lang='lat' dir='ltr'><strong><em>peccatorum;</em></strong></span> 
     </span>
    </p>
   </div>
   <div class='ocr_carea' id='block_1_48' title="bbox 2249 759 3863 830">
    <p class='ocr_par' dir='ltr' id='par_1_48' title="bbox 2249 759 3863 830">
     <span class='ocr_line' id='line_1_49' title="bbox 2249 759 3863 830; baseline -0.001 -16"><span class='ocrx_word' id='word_1_335' title='bbox 2249 761 2613 816; x_wconf 72' lang='lat' dir='ltr'><strong><em>Pansitentium</em></strong></span> <span class='ocrx_word' id='word_1_336' title='bbox 2639 763 2792 828; x_wconf 83' lang='lat' dir='ltr'><strong><em>agite,</em></strong></span> <span class='ocrx_word' id='word_1_337' title='bbox 2838 759 3260 830; x_wconf 61' lang='lat' dir='ltr'><strong><em>appropinquabit</em></strong></span> <span class='ocrx_word' id='word_1_338' title='bbox 3299 775 3517 829; x_wconf 82' lang='lat' dir='ltr'><strong><em>regnum</em></strong></span> <span class='ocrx_word' id='word_1_339' title='bbox 3559 761 3863 824; x_wconf 67' lang='lat' dir='ltr'><strong><em>calorum;</em></strong></span> 
     </span>
    </p>
   </div>
   <div class='ocr_carea' id='block_1_49' title="bbox 2249 827 3860 902">
    <p class='ocr_par' dir='ltr' id='par_1_49' title="bbox 2249 827 3860 902">
     <span class='ocr_line' id='line_1_50' title="bbox 2249 827 3860 902; baseline 0 -18"><span class='ocrx_word' id='word_1_340' title='bbox 2249 830 2409 886; x_wconf 81' lang='lat' dir='ltr'><strong><em>Fides</em></strong></span> <span class='ocrx_word' id='word_1_341' title='bbox 2441 841 2529 884; x_wconf 85' lang='lat' dir='ltr'><strong><em>tua</em></strong></span> <span class='ocrx_word' id='word_1_342' title='bbox 2558 843 2605 883; x_wconf 88' lang='lat' dir='ltr'><strong><em>te</em></strong></span> <span class='ocrx_word' id='word_1_343' title='bbox 2631 827 2822 884; x_wconf 72' lang='lat' dir='ltr'><strong><em>salvam</em></strong></span> <span class='ocrx_word' id='word_1_344' title='bbox 2852 827 3011 900; x_wconf 73' lang='lat' dir='ltr'><strong><em>fecit;</em></strong></span> <span class='ocrx_word' id='word_1_345' title='bbox 3038 827 3376 902; x_wconf 71' lang='lat' dir='ltr'><strong><em>Eleemosyna</em></strong></span> <span class='ocrx_word' id='word_1_346' title='bbox 3407 831 3689 902; x_wconf 71' lang='lat' dir='ltr'><strong><em>exstinguit</em></strong></span> <span class='ocrx_word' id='word_1_347' title='bbox 3721 848 3860 902; x_wconf 61' lang='lat' dir='ltr'><strong><em>pec-</em></strong></span> 
     </span>
    </p>
   </div>
   <div class='ocr_carea' id='block_1_50' title="bbox 2247 901 3863 969">
    <p class='ocr_par' dir='ltr' id='par_1_50' title="bbox 2247 901 3863 969">
     <span class='ocr_line' id='line_1_51' title="bbox 2247 901 3863 969; baseline 0.001 -14"><span class='ocrx_word' id='word_1_348' title='bbox 2247 915 2438 956; x_wconf 84' lang='lat' dir='ltr'><strong><em>catum.</em></strong></span> <span class='ocrx_word' id='word_1_349' title='bbox 2480 902 2621 956; x_wconf 85' lang='lat' dir='ltr'><strong><em>Nihil</em></strong></span> <span class='ocrx_word' id='word_1_350' title='bbox 2669 904 2857 956; x_wconf 88' lang='lat' dir='ltr'><strong><em>horum</em></strong></span> <span class='ocrx_word' id='word_1_351' title='bbox 2891 912 3042 956; x_wconf 82' lang='lat' dir='ltr'><strong><em>certe</em></strong></span> <span class='ocrx_word' id='word_1_352' title='bbox 3087 901 3260 955; x_wconf 85' lang='lat' dir='ltr'><strong><em>solum</em></strong></span> <span class='ocrx_word' id='word_1_353' title='bbox 3303 901 3863 969; x_wconf 41' lang='lat' dir='ltr'><strong><em>justitiam’perfecit</em></strong></span> 
     </span>
    </p>
   </div>
   <div class='ocr_carea' id='block_1_51' title="bbox 2247 971 3863 1041">
    <p class='ocr_par' dir='ltr' id='par_1_51' title="bbox 2247 971 3863 1041">
     <span class='ocr_line' id='line_1_52' title="bbox 2247 971 3863 1041; baseline -0.001 -13"><span class='ocrx_word' id='word_1_354' title='bbox 2247 972 2632 1037; x_wconf 84' lang='lat' dir='ltr'><strong><em>Christianam,</em></strong></span> <span class='ocrx_word' id='word_1_355' title='bbox 2663 988 2781 1041; x_wconf 70' lang='lat' dir='ltr'><strong><em>qua:</em></strong></span> <span class='ocrx_word' id='word_1_356' title='bbox 2808 985 2984 1028; x_wconf 72' lang='lat' dir='ltr'><strong><em>tamen</em></strong></span> <span class='ocrx_word' id='word_1_357' title='bbox 3011 987 3150 1026; x_wconf 90' lang='lat' dir='ltr'><strong><em>nunc</em></strong></span> <span class='ocrx_word' id='word_1_358' title='bbox 3174 971 3282 1040; x_wconf 68' lang='grc' dir='ltr'><strong><em>ἰι-ιί,</em></strong></span> <span class='ocrx_word' id='word_1_359' title='bbox 3309 988 3450 1026; x_wconf 88' lang='lat' dir='ltr'><strong><em>nunc</em></strong></span> <span class='ocrx_word' id='word_1_360' title='bbox 3473 973 3552 1025; x_wconf 85' lang='lat' dir='ltr'><strong><em>illi</em></strong></span> <span class='ocrx_word' id='word_1_361' title='bbox 3581 973 3863 1027; x_wconf 86' lang='lat' dir='ltr'><strong><em>tribuitur</em></strong></span> 
     </span>
    </p>
   </div>
   <div class='ocr_carea' id='block_1_52' title="bbox 2245 1042 3860 1112">
    <p class='ocr_par' dir='ltr' id='par_1_52' title="bbox 2245 1042 3860 1112">
     <span class='ocr_line' id='line_1_53' title="bbox 2245 1042 3860 1112; baseline -0.001 -13"><span class='ocrx_word' id='word_1_362' title='bbox 2245 1059 2513 1108; x_wconf 68' lang='lat' dir='ltr'><strong><em>seorsum,</em></strong></span> <span class='ocrx_word' id='word_1_363' title='bbox 2547 1045 2667 1112; x_wconf 90' lang='lat' dir='ltr'><strong><em>quia</em></strong></span> <span class='ocrx_word' id='word_1_364' title='bbox 2704 1043 2786 1097; x_wconf 89' lang='lat' dir='ltr'><strong><em>his</em></strong></span> <span class='ocrx_word' id='word_1_365' title='bbox 2826 1044 3078 1097; x_wconf 89' lang='lat' dir='ltr'><strong><em>omnibus</em></strong></span> <span class='ocrx_word' id='word_1_366' title='bbox 3119 1057 3247 1096; x_wconf 87' lang='lat' dir='ltr'><strong><em>vera</em></strong></span> <span class='ocrx_word' id='word_1_367' title='bbox 3281 1043 3451 1112; x_wconf 88' lang='lat' dir='ltr'><strong><em>pietas</em></strong></span> <span class='ocrx_word' id='word_1_368' title='bbox 3493 1042 3705 1097; x_wconf 81' lang='lat' dir='ltr'><strong><em>nititur.</em></strong></span> <span class='ocrx_word' id='word_1_369' title='bbox 3753 1043 3860 1098; x_wconf 80' lang='lat' dir='ltr'><strong><em>Sic</em></strong></span> 
     </span>
    </p>
   </div>
   <div class='ocr_carea' id='block_1_53' title="bbox 2247 1114 3861 1181">
    <p class='ocr_par' dir='ltr' id='par_1_53' title="bbox 2247 1114 3861 1181">
     <span class='ocr_line' id='line_1_54' title="bbox 2247 1114 3861 1181; baseline 0 -13"><span class='ocrx_word' id='word_1_370' title='bbox 2247 1117 2410 1169; x_wconf 88' lang='lat' dir='ltr'><strong><em>etiam</em></strong></span> <span class='ocrx_word' id='word_1_371' title='bbox 2438 1116 2733 1176; x_wconf 77' lang='lat' dir='ltr'><strong><em>loquuntur</em></strong></span> <span class='ocrx_word' id='word_1_372' title='bbox 2763 1125 2819 1169; x_wconf 88' lang='lat' dir='ltr'><strong><em>et</em></strong></span> <span class='ocrx_word' id='word_1_373' title='bbox 2848 1116 3020 1168; x_wconf 80' lang='lat' dir='ltr'><strong><em>sancti</em></strong></span> <span class='ocrx_word' id='word_1_374' title='bbox 3056 1114 3263 1178; x_wconf 87' lang='lat' dir='ltr'><strong><em>Patres,</em></strong></span> <span class='ocrx_word' id='word_1_375' title='bbox 3287 1129 3354 1167; x_wconf 87' lang='lat' dir='ltr'><strong><em>ex</em></strong></span> <span class='ocrx_word' id='word_1_376' title='bbox 3382 1129 3490 1177; x_wconf 85' lang='lat' dir='ltr'><strong><em>quo</em></strong></span> <span class='ocrx_word' id='word_1_377' title='bbox 3519 1129 3709 1181; x_wconf 83' lang='lat' dir='ltr'><strong><em>magna</em></strong></span> <span class='ocrx_word' id='word_1_378' title='bbox 3749 1129 3861 1168; x_wconf 88' lang='lat' dir='ltr'><strong><em>no-</em></strong></span> 
     </span>
    </p>
   </div>
   <div class='ocr_carea' id='block_1_54' title="bbox 2247 1184 3855 1254">
    <p class='ocr_par' dir='ltr' id='par_1_54' title="bbox 2247 1184 3855 1254">
     <span class='ocr_line' id='line_1_55' title="bbox 2247 1184 3855 1254; baseline -0.001 -14"><span class='ocrx_word' id='word_1_379' title='bbox 2247 1185 2331 1240; x_wconf 89' lang='lat' dir='ltr'><strong><em>bis</em></strong></span> <span class='ocrx_word' id='word_1_380' title='bbox 2361 1187 2425 1239; x_wconf 87' lang='lat' dir='ltr'><strong><em>ad</em></strong></span> <span class='ocrx_word' id='word_1_381' title='bbox 2460 1185 2866 1254; x_wconf 80' lang='lat' dir='ltr'><strong><em>intelligendum</em></strong></span> <span class='ocrx_word' id='word_1_382' title='bbox 2898 1186 3210 1239; x_wconf 82' lang='lat' dir='ltr'><strong><em>Cassianum</em></strong></span> <span class='ocrx_word' id='word_1_383' title='bbox 3238 1184 3484 1253; x_wconf 70' lang='lat' dir='ltr'><strong><em>praesidia</em></strong></span> <span class='ocrx_word' id='word_1_384' title='bbox 3510 1199 3818 1253; x_wconf 77' lang='lat' dir='ltr'><strong><em>comparan</em></strong></span> <span class='ocrx_word' id='word_1_385' title='bbox 3837 1215 3855 1225; x_wconf 86' lang='lat'><strong>-</strong></span> 
     </span>
    </p>
   </div>
   <div class='ocr_carea' id='block_1_55' title="bbox 2248 1257 3849 1326">
    <p class='ocr_par' dir='ltr' id='par_1_55' title="bbox 2248 1257 3849 1326">
     <span class='ocr_line' id='line_1_56' title="bbox 2248 1257 3849 1326; baseline 0.001 -18"><span class='ocrx_word' id='word_1_386' title='bbox 2248 1263 2356 1311; x_wconf 89' lang='lat' dir='ltr'><strong><em>tur.</em></strong></span> <span class='ocrx_word' id='word_1_387' title='bbox 2391 1259 2519 1310; x_wconf 75' lang='lat' dir='ltr'><strong><em>Nam</em></strong></span> <span class='ocrx_word' id='word_1_388' title='bbox 2552 1257 2692 1326; x_wconf 87' lang='lat' dir='ltr'><strong><em>quod</em></strong></span> <span class='ocrx_word' id='word_1_389' title='bbox 2723 1258 2786 1310; x_wconf 89' lang='lat' dir='ltr'><strong><em>ad</em></strong></span> <span class='ocrx_word' id='word_1_390' title='bbox 2827 1257 3208 1325; x_wconf 60' lang='lat' dir='ltr'><strong><em>cogitationum</em></strong></span> <span class='ocrx_word' id='word_1_391' title='bbox 3240 1257 3553 1323; x_wconf 86' lang='lat' dir='ltr'><strong><em>qualitatem</em></strong></span> <span class='ocrx_word' id='word_1_392' title='bbox 3601 1268 3849 1322; x_wconf 64' lang='lat' dir='ltr'><strong><em>streetat,</em></strong></span> 
     </span>
    </p>
   </div>
   <div class='ocr_carea' id='block_1_56' title="bbox 2245 1326 3849 1395">
    <p class='ocr_par' dir='ltr' id='par_1_56' title="bbox 2245 1326 3849 1395">
     <span class='ocr_line' id='line_1_57' title="bbox 2245 1326 3849 1395; baseline 0 -15"><span class='ocrx_word' id='word_1_393' title='bbox 2245 1328 2581 1395; x_wconf 76' lang='lat' dir='ltr'><strong><em>Augustinus</em></strong></span> <span class='ocrx_word' id='word_1_394' title='bbox 2629 1327 2723 1380; x_wconf 89' lang='lat' dir='ltr'><strong><em>lib.</em></strong></span> <span class='ocrx_word' id='word_1_395' title='bbox 2773 1343 2830 1382; x_wconf 87' lang='grc' dir='ltr'><strong><em>ιιι</em></strong></span> <span class='ocrx_word' id='word_1_396' title='bbox 2872 1329 2939 1381; x_wconf 87' lang='lat' dir='ltr'><strong><em>de</em></strong></span> <span class='ocrx_word' id='word_1_397' title='bbox 2970 1327 3163 1381; x_wconf 83' lang='lat' dir='ltr'><strong><em>Libero</em></strong></span> <span class='ocrx_word' id='word_1_398' title='bbox 3210 1326 3453 1380; x_wconf 82' lang='lat' dir='ltr'><strong><em>Arbitrio</em></strong></span> <span class='ocrx_word' id='word_1_399' title='bbox 3505 1328 3576 1379; x_wconf 85' lang='lat' dir='ltr'><strong><em>ita</em></strong></span> <span class='ocrx_word' id='word_1_400' title='bbox 3605 1328 3849 1382; x_wconf 82' lang='lat' dir='ltr'><strong><em>scribit:</em></strong></span> 
     </span>
    </p>
   </div>
   <div class='ocr_carea' id='block_1_57' title="bbox 2245 1397 3853 1465">
    <p class='ocr_par' dir='ltr' id='par_1_57' title="bbox 2245 1397 3853 1465">
     <span class='ocr_line' id='line_1_58' title="bbox 2245 1397 3853 1465; baseline 0.001 -12"><span class='ocrx_word' id='word_1_401' title='bbox 2245 1399 2509 1465; x_wconf 82' lang='lat' dir='ltr'><strong><em>Quoniam</em></strong></span> <span class='ocrx_word' id='word_1_402' title='bbox 2543 1399 2876 1453; x_wconf 77' lang='lat' dir='ltr'><strong><em>voluntatem</em></strong></span> <span class='ocrx_word' id='word_1_403' title='bbox 2909 1413 3013 1452; x_wconf 90' lang='lat' dir='ltr'><strong><em>non</em></strong></span> <span class='ocrx_word' id='word_1_404' title='bbox 3047 1397 3210 1452; x_wconf 86' lang='lat' dir='ltr'><strong><em>allicit</em></strong></span> <span class='ocrx_word' id='word_1_405' title='bbox 3240 1398 3304 1449; x_wconf 89' lang='lat' dir='ltr'><strong><em>ad</em></strong></span> <span class='ocrx_word' id='word_1_406' title='bbox 3332 1398 3633 1452; x_wconf 85' lang='lat' dir='ltr'><strong><em>iaciendum</em></strong></span> <span class='ocrx_word' id='word_1_407' title='bbox 3665 1398 3853 1464; x_wconf 84' lang='lat' dir='ltr'><strong><em>quod-</em></strong></span> 
     </span>
    </p>
   </div>
   <div class='ocr_carea' id='block_1_58' title="bbox 2243 1467 3849 1540">
    <p class='ocr_par' dir='ltr' id='par_1_58' title="bbox 2243 1467 3849 1540">
     <span class='ocr_line' id='line_1_59' title="bbox 2243 1467 3849 1540; baseline 0.001 -18"><span class='ocrx_word' id='word_1_408' title='bbox 2243 1470 2396 1534; x_wconf 87' lang='lat' dir='ltr'><strong><em>libet,</em></strong></span> <span class='ocrx_word' id='word_1_409' title='bbox 2448 1470 2549 1540; x_wconf 83' lang='lat' dir='ltr'><strong><em>nisi</em></strong></span> <span class='ocrx_word' id='word_1_410' title='bbox 2581 1470 2785 1538; x_wconf 87' lang='lat' dir='ltr'><strong><em>aliquid</em></strong></span> <span class='ocrx_word' id='word_1_411' title='bbox 2820 1469 3013 1534; x_wconf 84' lang='lat' dir='ltr'><strong><em>visum,</em></strong></span> <span class='ocrx_word' id='word_1_412' title='bbox 3061 1467 3203 1540; x_wconf 87' lang='lat' dir='ltr'><strong><em>quod</em></strong></span> <span class='ocrx_word' id='word_1_413' title='bbox 3249 1476 3426 1522; x_wconf 87' lang='lat' dir='ltr'><strong><em>autem</em></strong></span> <span class='ocrx_word' id='word_1_414' title='bbox 3474 1468 3701 1539; x_wconf 88' lang='lat' dir='ltr'><strong><em>quisque</em></strong></span> <span class='ocrx_word' id='word_1_415' title='bbox 3756 1471 3849 1524; x_wconf 78' lang='lat' dir='ltr'><strong><em>vel</em></strong></span> 
     </span>
    </p>
   </div>
   <div class='ocr_carea' id='block_1_59' title="bbox 2243 1540 3848 1610">
    <p class='ocr_par' dir='ltr' id='par_1_59' title="bbox 2243 1540 3848 1610">
     <span class='ocr_line' id='line_1_60' title="bbox 2243 1540 3848 1610; baseline 0.001 -18"><span class='ocrx_word' id='word_1_416' title='bbox 2243 1550 2421 1594; x_wconf 84' lang='lat' dir='ltr'><strong><em>sumat</em></strong></span> <span class='ocrx_word' id='word_1_417' title='bbox 2447 1543 2532 1597; x_wconf 84' lang='lat' dir='ltr'><strong><em>vel</em></strong></span> <span class='ocrx_word' id='word_1_418' title='bbox 2557 1553 2774 1608; x_wconf 87' lang='lat' dir='ltr'><strong><em>respuat</em></strong></span> <span class='ocrx_word' id='word_1_419' title='bbox 2806 1551 2889 1596; x_wconf 89' lang='lat' dir='ltr'><strong><em>est</em></strong></span> <span class='ocrx_word' id='word_1_420' title='bbox 2914 1541 2963 1594; x_wconf 89' lang='lat' dir='ltr'><strong><em>iu</em></strong></span> <span class='ocrx_word' id='word_1_421' title='bbox 2989 1547 3291 1610; x_wconf 80' lang='lat' dir='ltr'><strong><em>potestate;</em></strong></span> <span class='ocrx_word' id='word_1_422' title='bbox 3322 1540 3416 1593; x_wconf 89' lang='lat' dir='ltr'><strong><em>sed</em></strong></span> <span class='ocrx_word' id='word_1_423' title='bbox 3435 1555 3545 1610; x_wconf 83' lang='lat' dir='ltr'><strong><em>quo</em></strong></span> <span class='ocrx_word' id='word_1_424' title='bbox 3567 1544 3683 1595; x_wconf 90' lang='lat' dir='ltr'><strong><em>viso</em></strong></span> <span class='ocrx_word' id='word_1_425' title='bbox 3713 1550 3848 1594; x_wconf 82' lang='lat' dir='ltr'><strong><em>tan-</em></strong></span> 
     </span>
    </p>
   </div>
   <div class='ocr_carea' id='block_1_60' title="bbox 2244 1607 3852 1680">
    <p class='ocr_par' dir='ltr' id='par_1_60' title="bbox 2244 1607 3852 1680">
     <span class='ocr_line' id='line_1_61' title="bbox 2244 1607 3852 1680; baseline 0.003 -19"><span class='ocrx_word' id='word_1_426' title='bbox 2244 1623 2400 1680; x_wconf 85' lang='lat' dir='ltr'><strong><em>gatur</em></strong></span> <span class='ocrx_word' id='word_1_427' title='bbox 2426 1613 2566 1666; x_wconf 84' lang='lat' dir='ltr'><strong><em>nulla</em></strong></span> <span class='ocrx_word' id='word_1_428' title='bbox 2601 1607 2836 1677; x_wconf 50' lang='lat' dir='ltr'><strong><em>potestas</em></strong></span> <span class='ocrx_word' id='word_1_429' title='bbox 2866 1621 2970 1675; x_wconf 89' lang='lat' dir='ltr'><strong><em>est,</em></strong></span> <span class='ocrx_word' id='word_1_430' title='bbox 2993 1607 3276 1665; x_wconf 73' lang='lat' dir='ltr'><strong><em>fatendum</em></strong></span> <span class='ocrx_word' id='word_1_431' title='bbox 3305 1621 3388 1664; x_wconf 89' lang='lat' dir='ltr'><strong><em>est</em></strong></span> <span class='ocrx_word' id='word_1_432' title='bbox 3411 1607 3469 1665; x_wconf 70' lang='lat' dir='ltr'><strong><em>ei</em></strong></span> <span class='ocrx_word' id='word_1_433' title='bbox 3493 1627 3558 1665; x_wconf 87' lang='lat' dir='ltr'><strong><em>ex</em></strong></span> <span class='ocrx_word' id='word_1_434' title='bbox 3585 1614 3852 1678; x_wconf 85' lang='lat' dir='ltr'><strong><em>superio-</em></strong></span> 
     </span>
    </p>
   </div>
   <div class='ocr_carea' id='block_1_61' title="bbox 2249 1681 3852 1751">
    <p class='ocr_par' dir='ltr' id='par_1_61' title="bbox 2249 1681 3852 1751">
     <span class='ocr_line' id='line_1_62' title="bbox 2249 1681 3852 1751; baseline 0 -17"><span class='ocrx_word' id='word_1_435' title='bbox 2249 1683 2394 1736; x_wconf 88' lang='lat' dir='ltr'><strong><em>ribus</em></strong></span> <span class='ocrx_word' id='word_1_436' title='bbox 2419 1695 2472 1738; x_wconf 90' lang='lat' dir='ltr'><strong><em>et</em></strong></span> <span class='ocrx_word' id='word_1_437' title='bbox 2495 1699 2559 1737; x_wconf 83' lang='lat' dir='ltr'><strong><em>ett</em></strong></span> <span class='ocrx_word' id='word_1_438' title='bbox 2592 1683 2942 1738; x_wconf 76' lang='lat' dir='ltr'><strong><em>inferioribus</em></strong></span> <span class='ocrx_word' id='word_1_439' title='bbox 2971 1683 3100 1736; x_wconf 89' lang='lat' dir='ltr'><strong><em>visis</em></strong></span> <span class='ocrx_word' id='word_1_440' title='bbox 3127 1681 3364 1734; x_wconf 85' lang='lat' dir='ltr'><strong><em>animum</em></strong></span> <span class='ocrx_word' id='word_1_441' title='bbox 3393 1683 3558 1751; x_wconf 88' lang='lat' dir='ltr'><strong><em>tangi,</em></strong></span> <span class='ocrx_word' id='word_1_442' title='bbox 3582 1692 3639 1737; x_wconf 83' lang='lat' dir='ltr'><strong><em>ut</em></strong></span> <span class='ocrx_word' id='word_1_443' title='bbox 3666 1684 3852 1735; x_wconf 67' lang='lat' dir='ltr'><strong><em>ratio-</em></strong></span> 
     </span>
    </p>
   </div>
   <div class='ocr_carea' id='block_1_62' title="bbox 2248 1753 3842 1821">
    <p class='ocr_par' dir='ltr' id='par_1_62' title="bbox 2248 1753 3842 1821">
     <span class='ocr_line' id='line_1_63' title="bbox 2248 1753 3842 1821; baseline 0.001 -15"><span class='ocrx_word' id='word_1_444' title='bbox 2248 1755 2382 1807; x_wconf 90' lang='lat' dir='ltr'><strong><em>nalis</em></strong></span> <span class='ocrx_word' id='word_1_445' title='bbox 2410 1755 2709 1810; x_wconf 89' lang='lat' dir='ltr'><strong><em>substantia</em></strong></span> <span class='ocrx_word' id='word_1_446' title='bbox 2742 1763 2795 1807; x_wconf 83' lang='lat' dir='ltr'><strong><em>et</em></strong></span> <span class='ocrx_word' id='word_1_447' title='bbox 2819 1769 2883 1807; x_wconf 85' lang='lat' dir='ltr'><strong><em>ex</em></strong></span> <span class='ocrx_word' id='word_1_448' title='bbox 2923 1763 3153 1820; x_wconf 85' lang='lat' dir='ltr'><strong><em>utroque</em></strong></span> <span class='ocrx_word' id='word_1_449' title='bbox 3188 1762 3366 1805; x_wconf 80' lang='lat' dir='ltr'><strong><em>sumat</em></strong></span> <span class='ocrx_word' id='word_1_450' title='bbox 3393 1753 3534 1821; x_wconf 81' lang='lat' dir='ltr'><strong><em>quod</em></strong></span> <span class='ocrx_word' id='word_1_451' title='bbox 3583 1754 3842 1817; x_wconf 87' lang='lat' dir='ltr'><strong><em>voluerit,</em></strong></span> 
     </span>
    </p>
   </div>
   <div class='ocr_carea' id='block_1_63' title="bbox 2245 1823 3849 1880">
    <p class='ocr_par' dir='ltr' id='par_1_63' title="bbox 2245 1823 3849 1880">
     <span class='ocr_line' id='line_1_64' title="bbox 2245 1823 3849 1880; baseline -0.001 -2"><span class='ocrx_word' id='word_1_452' title='bbox 2245 1831 2302 1878; x_wconf 89' lang='lat' dir='ltr'><strong><em>et</em></strong></span> <span class='ocrx_word' id='word_1_453' title='bbox 2325 1840 2389 1877; x_wconf 88' lang='lat' dir='ltr'><strong><em>ex</em></strong></span> <span class='ocrx_word' id='word_1_454' title='bbox 2420 1827 2614 1880; x_wconf 87' lang='lat' dir='ltr'><strong><em>merito</em></strong></span> <span class='ocrx_word' id='word_1_455' title='bbox 2659 1825 2904 1878; x_wconf 70' lang='lat' dir='ltr'><strong><em>sumi-udi</em></strong></span> <span class='ocrx_word' id='word_1_456' title='bbox 2942 1825 3022 1877; x_wconf 93' lang='lat' dir='ltr'><strong><em>vel</em></strong></span> <span class='ocrx_word' id='word_1_457' title='bbox 3057 1823 3272 1877; x_wconf 81' lang='lat' dir='ltr'><strong><em>miseria</em></strong></span> <span class='ocrx_word' id='word_1_458' title='bbox 3320 1826 3402 1876; x_wconf 90' lang='lat' dir='ltr'><strong><em>vel</em></strong></span> <span class='ocrx_word' id='word_1_459' title='bbox 3437 1825 3667 1878; x_wconf 82' lang='lat' dir='ltr'><strong><em>beatitas</em></strong></span> <span class='ocrx_word' id='word_1_460' title='bbox 3706 1824 3849 1878; x_wconf 71' lang='lat' dir='ltr'><strong><em>sub.</em></strong></span> 
     </span>
    </p>
   </div>
   <div class='ocr_carea' id='block_1_64' title="bbox 2244 1895 3848 1959">
    <p class='ocr_par' dir='ltr' id='par_1_64' title="bbox 2244 1895 3848 1959">
     <span class='ocr_line' id='line_1_65' title="bbox 2244 1895 3848 1959; baseline 0.001 -11"><span class='ocrx_word' id='word_1_461' title='bbox 2244 1905 2522 1959; x_wconf 84' lang='lat' dir='ltr'><strong><em>sequatur.</em></strong></span> <span class='ocrx_word' id='word_1_462' title='bbox 2571 1896 2714 1949; x_wconf 91' lang='lat' dir='ltr'><strong><em>ldem</em></strong></span> <span class='ocrx_word' id='word_1_463' title='bbox 2751 1897 2910 1949; x_wconf 76' lang='lat' dir='ltr'><strong><em>tradit</em></strong></span> <span class='ocrx_word' id='word_1_464' title='bbox 2948 1895 3175 1949; x_wconf 88' lang='lat' dir='ltr'><strong><em>Basilius</em></strong></span> <span class='ocrx_word' id='word_1_465' title='bbox 3216 1895 3270 1948; x_wconf 91' lang='lat' dir='ltr'><strong><em>in</em></strong></span> <span class='ocrx_word' id='word_1_466' title='bbox 3313 1895 3528 1948; x_wconf 80' lang='lat' dir='ltr'><strong><em>humilia</em></strong></span> <span class='ocrx_word' id='word_1_467' title='bbox 3558 1937 3570 1954; x_wconf 93' lang='lat'><strong><em>,</em></strong></span> <span class='ocrx_word' id='word_1_468' title='bbox 3621 1896 3848 1952; x_wconf 79' lang='lat' dir='ltr'><strong><em>Attende</em></strong></span> 
     </span>
    </p>
   </div>
   <div class='ocr_carea' id='block_1_65' title="bbox 2245 1964 3844 2037">
    <p class='ocr_par' dir='ltr' id='par_1_65' title="bbox 2245 1964 3844 2037">
     <span class='ocr_line' id='line_1_66' title="bbox 2245 1964 3844 2037; baseline 0.003 -20"><span class='ocrx_word' id='word_1_469' title='bbox 2245 1965 2335 2037; x_wconf 76' lang='lat' dir='ltr'><strong><em>tibi</em></strong></span> <span class='ocrx_word' id='word_1_470' title='bbox 2360 1968 2478 2037; x_wconf 83' lang='lat' dir='ltr'><strong><em>ipsi.</em></strong></span> <span class='ocrx_word' id='word_1_471' title='bbox 2510 1969 2863 2036; x_wconf 82' lang='lat' dir='ltr'><strong><em>AuguSIinum</em></strong></span> <span class='ocrx_word' id='word_1_472' title='bbox 2895 1977 2948 2019; x_wconf 89' lang='lat' dir='ltr'><strong><em>et</em></strong></span> <span class='ocrx_word' id='word_1_473' title='bbox 2975 1967 3226 2020; x_wconf 59' lang='lat' dir='ltr'><strong><em>Basiliam</em></strong></span> <span class='ocrx_word' id='word_1_474' title='bbox 3254 1966 3496 2035; x_wconf 86' lang='lat' dir='ltr'><strong><em>sequitur</em></strong></span> <span class='ocrx_word' id='word_1_475' title='bbox 3517 1964 3844 2030; x_wconf 78' lang='lat' dir='ltr'><strong><em>Cassianus,</em></strong></span> 
     </span>
    </p>
   </div>
   <div class='ocr_carea' id='block_1_66' title="bbox 2247 2035 3847 2107">
    <p class='ocr_par' dir='ltr' id='par_1_66' title="bbox 2247 2035 3847 2107">
     <span class='ocr_line' id='line_1_67' title="bbox 2247 2035 3847 2107; baseline 0.002 -18"><span class='ocrx_word' id='word_1_476' title='bbox 2247 2035 2446 2091; x_wconf 86' lang='lat' dir='ltr'><strong><em>docens</em></strong></span> <span class='ocrx_word' id='word_1_477' title='bbox 2477 2035 2791 2107; x_wconf 78' lang='lat' dir='ltr'><strong><em>qualitatem</em></strong></span> <span class='ocrx_word' id='word_1_478' title='bbox 2825 2050 3129 2092; x_wconf 88' lang='lat' dir='ltr'><strong><em>nostrarum</em></strong></span> <span class='ocrx_word' id='word_1_479' title='bbox 3176 2037 3559 2106; x_wconf 78' lang='lat' dir='ltr'><strong><em>cogitationum</em></strong></span> <span class='ocrx_word' id='word_1_480' title='bbox 3600 2052 3630 2090; x_wconf 88' lang='lat' dir='ltr'><strong><em>a</em></strong></span> <span class='ocrx_word' id='word_1_481' title='bbox 3672 2037 3847 2093; x_wconf 88' lang='lat' dir='ltr'><strong><em>nobis</em></strong></span> 
     </span>
    </p>
   </div>
   <div class='ocr_carea' id='block_1_67' title="bbox 2250 2109 3845 2176">
    <p class='ocr_par' dir='ltr' id='par_1_67' title="bbox 2250 2109 3845 2176">
     <span class='ocr_line' id='line_1_68' title="bbox 2250 2109 3845 2176; baseline 0.001 -14"><span class='ocrx_word' id='word_1_482' title='bbox 2250 2109 2519 2175; x_wconf 87' lang='lat' dir='ltr'><strong><em>pendere;</em></strong></span> <span class='ocrx_word' id='word_1_483' title='bbox 2565 2109 2658 2162; x_wconf 70' lang='lat' dir='ltr'><strong><em>Sed</em></strong></span> <span class='ocrx_word' id='word_1_484' title='bbox 2689 2117 2879 2163; x_wconf 89' lang='lat' dir='ltr'><strong><em>neuter</em></strong></span> <span class='ocrx_word' id='word_1_485' title='bbox 2908 2110 2958 2162; x_wconf 88' lang='lat' dir='ltr'><strong><em>id</em></strong></span> <span class='ocrx_word' id='word_1_486' title='bbox 2994 2111 3149 2163; x_wconf 83' lang='lat' dir='ltr'><strong><em>nobis</em></strong></span> <span class='ocrx_word' id='word_1_487' title='bbox 3171 2112 3343 2162; x_wconf 85' lang='lat' dir='ltr'><strong><em>solum</em></strong></span> <span class='ocrx_word' id='word_1_488' title='bbox 3370 2111 3608 2176; x_wconf 86' lang='lat' dir='ltr'><strong><em>deputat,</em></strong></span> <span class='ocrx_word' id='word_1_489' title='bbox 3643 2123 3845 2163; x_wconf 84' lang='lat' dir='ltr'><strong><em>verum</em></strong></span> 
     </span>
    </p>
   </div>
   <div class='ocr_carea' id='block_1_68' title="bbox 2250 2179 3850 2249">
    <p class='ocr_par' dir='ltr' id='par_1_68' title="bbox 2250 2179 3850 2249">
     <span class='ocr_line' id='line_1_69' title="bbox 2250 2179 3850 2249; baseline 0.003 -19"><span class='ocrx_word' id='word_1_490' title='bbox 2250 2180 2484 2233; x_wconf 79' lang='lat' dir='ltr'><strong><em>indicare</em></strong></span> <span class='ocrx_word' id='word_1_491' title='bbox 2516 2181 2805 2234; x_wconf 88' lang='lat' dir='ltr'><strong><em>voluerunt</em></strong></span> <span class='ocrx_word' id='word_1_492' title='bbox 2833 2195 2955 2235; x_wconf 86' lang='lat' dir='ltr'><strong><em>esse</em></strong></span> <span class='ocrx_word' id='word_1_493' title='bbox 2997 2184 3157 2234; x_wconf 87' lang='lat' dir='ltr'><strong><em>etiam</em></strong></span> <span class='ocrx_word' id='word_1_494' title='bbox 3208 2194 3370 2249; x_wconf 91' lang='lat' dir='ltr'><strong><em>penes</em></strong></span> <span class='ocrx_word' id='word_1_495' title='bbox 3402 2195 3520 2244; x_wconf 90' lang='lat' dir='ltr'><strong><em>nos,</em></strong></span> <span class='ocrx_word' id='word_1_496' title='bbox 3547 2179 3850 2243; x_wconf 70' lang='lat' dir='ltr'><strong><em>adjuvante</em></strong></span> 
     </span>
    </p>
   </div>
   <div class='ocr_carea' id='block_1_69' title="bbox 2251 2250 3846 2320">
    <p class='ocr_par' dir='ltr' id='par_1_69' title="bbox 2251 2250 3846 2320">
     <span class='ocr_line' id='line_1_70' title="bbox 2251 2250 3846 2320; baseline 0.001 -18"><span class='ocrx_word' id='word_1_497' title='bbox 2251 2250 2380 2314; x_wconf 87' lang='lat' dir='ltr'><strong><em>I)eo,</em></strong></span> <span class='ocrx_word' id='word_1_498' title='bbox 2409 2251 2521 2304; x_wconf 89' lang='lat' dir='ltr'><strong><em>visa</em></strong></span> <span class='ocrx_word' id='word_1_499' title='bbox 2555 2251 2750 2319; x_wconf 78' lang='lat' dir='ltr'><strong><em>quibus</em></strong></span> <span class='ocrx_word' id='word_1_500' title='bbox 2780 2252 3049 2319; x_wconf 79' lang='lat' dir='ltr'><strong><em>tangimur</em></strong></span> <span class='ocrx_word' id='word_1_501' title='bbox 3075 2267 3352 2320; x_wconf 86' lang='lat' dir='ltr'><strong><em>respuere,</em></strong></span> <span class='ocrx_word' id='word_1_502' title='bbox 3383 2251 3468 2305; x_wconf 87' lang='lat' dir='ltr'><strong><em>vel</em></strong></span> <span class='ocrx_word' id='word_1_503' title='bbox 3499 2252 3752 2318; x_wconf 87' lang='lat' dir='ltr'><strong><em>probare,</em></strong></span> <span class='ocrx_word' id='word_1_504' title='bbox 3781 2260 3846 2304; x_wconf 86' lang='lat' dir='ltr'><strong><em>et</em></strong></span> 
     </span>
    </p>
   </div>
   <div class='ocr_carea' id='block_1_70' title="bbox 2249 2321 3845 2392">
    <p class='ocr_par' dir='ltr' id='par_1_70' title="bbox 2249 2321 3845 2392">
     <span class='ocr_line' id='line_1_71' title="bbox 2249 2321 3845 2392; baseline 0.002 -19"><span class='ocrx_word' id='word_1_505' title='bbox 2249 2321 2319 2374; x_wconf 85' lang='lat' dir='ltr'><strong><em>ita</em></strong></span> <span class='ocrx_word' id='word_1_506' title='bbox 2348 2321 2450 2390; x_wconf 87' lang='lat' dir='ltr'><strong><em>piis</em></strong></span> <span class='ocrx_word' id='word_1_507' title='bbox 2478 2323 2917 2377; x_wconf 86' lang='lat' dir='ltr'><strong><em>meditationibus</em></strong></span> <span class='ocrx_word' id='word_1_508' title='bbox 2937 2337 3317 2386; x_wconf 86' lang='lat' dir='ltr'><strong><em>consuescere,</em></strong></span> <span class='ocrx_word' id='word_1_509' title='bbox 3345 2329 3406 2376; x_wconf 90' lang='lat' dir='ltr'><strong><em>ut</em></strong></span> <span class='ocrx_word' id='word_1_510' title='bbox 3433 2321 3675 2390; x_wconf 86' lang='lat' dir='ltr'><strong><em>turpibus</em></strong></span> <span class='ocrx_word' id='word_1_511' title='bbox 3703 2321 3845 2392; x_wconf 78' lang='lat' dir='ltr'><strong><em>visis</em></strong></span> 
     </span>
    </p>
   </div>
   <div class='ocr_carea' id='block_1_71' title="bbox 2249 2394 3803 2459">
    <p class='ocr_par' dir='ltr' id='par_1_71' title="bbox 2249 2394 3803 2459">
     <span class='ocr_line' id='line_1_72' title="bbox 2249 2394 3803 2459; baseline 0 -14"><span class='ocrx_word' id='word_1_512' title='bbox 2249 2395 2426 2447; x_wconf 88' lang='lat' dir='ltr'><strong><em>aditus</em></strong></span> <span class='ocrx_word' id='word_1_513' title='bbox 2458 2394 2842 2459; x_wconf 70' lang='lat' dir='ltr'><strong><em>praecludatur.</em></strong></span> <span class='ocrx_word' id='word_1_514' title='bbox 3794 2402 3803 2410; x_wconf 92' lang='lat'><strong>&#39;</strong></span> 
     </span>
    </p>
   </div>
   <div class='ocr_carea' id='block_1_72' title="bbox 2545 2503 3544 2560">
    <p class='ocr_par' dir='ltr' id='par_1_72' title="bbox 2545 2503 3544 2560">
     <span class='ocr_line' id='line_1_73' title="bbox 2545 2503 3544 2560; baseline -0.002 -2"><span class='ocrx_word' id='word_1_515' title='bbox 2545 2503 2724 2558; x_wconf 77' lang='lat' dir='ltr'><strong><em>NONA</em></strong></span> <span class='ocrx_word' id='word_1_516' title='bbox 2765 2503 3082 2560; x_wconf 82' lang='lat' dir='ltr'><strong><em>CASSIANI</em></strong></span> <span class='ocrx_word' id='word_1_517' title='bbox 3122 2503 3544 2559; x_wconf 81' lang='lat' dir='ltr'><strong><em>PROPOSITIO.</em></strong></span> 
     </span>
    </p>
   </div>
   <div class='ocr_carea' id='block_1_73' title="bbox 2322 2595 3840 2665">
    <p class='ocr_par' dir='ltr' id='par_1_73' title="bbox 2322 2595 3840 2665">
     <span class='ocr_line' id='line_1_74' title="bbox 2322 2595 3840 2665; baseline 0.002 -15"><span class='ocrx_word' id='word_1_518' title='bbox 2322 2595 2448 2650; x_wconf 88' lang='lat' dir='ltr'><strong><em>Post</em></strong></span> <span class='ocrx_word' id='word_1_519' title='bbox 2477 2608 2729 2651; x_wconf 81' lang='lat' dir='ltr'><strong><em>recentem</em></strong></span> <span class='ocrx_word' id='word_1_520' title='bbox 2754 2598 2974 2651; x_wconf 83' lang='lat' dir='ltr'><strong><em>hominis</em></strong></span> <span class='ocrx_word' id='word_1_521' title='bbox 3013 2600 3216 2665; x_wconf 72' lang='lat' dir='ltr'><strong><em>lapsum</em></strong></span> <span class='ocrx_word' id='word_1_522' title='bbox 3255 2597 3448 2652; x_wconf 82' lang='lat' dir='ltr'><strong><em>clarius</em></strong></span> <span class='ocrx_word' id='word_1_523' title='bbox 3471 2597 3634 2662; x_wconf 65' lang='lat' dir='ltr'><strong><em>fuisse</em></strong></span> <span class='ocrx_word' id='word_1_524' title='bbox 3663 2597 3840 2653; x_wconf 82' lang='lat' dir='ltr'><strong><em>lumen</em></strong></span> 
     </span>
    </p>
   </div>
   <div class='ocr_carea' id='block_1_74' title="bbox 2249 2667 3840 2740">
    <p class='ocr_par' dir='ltr' id='par_1_74' title="bbox 2249 2667 3840 2740">
     <span class='ocr_line' id='line_1_75' title="bbox 2249 2667 3840 2740; baseline 0.001 -18"><span class='ocrx_word' id='word_1_525' title='bbox 2249 2669 2485 2730; x_wconf 85' lang='lat' dir='ltr'><strong><em>rationis,</em></strong></span> <span class='ocrx_word' id='word_1_526' title='bbox 2525 2677 2576 2719; x_wconf 88' lang='lat' dir='ltr'><strong><em>ut</em></strong></span> <span class='ocrx_word' id='word_1_527' title='bbox 2623 2671 2789 2721; x_wconf 83' lang='lat' dir='ltr'><strong><em>minus</em></strong></span> <span class='ocrx_word' id='word_1_528' title='bbox 2820 2669 2929 2721; x_wconf 82' lang='lat' dir='ltr'><strong><em>Deo</em></strong></span> <span class='ocrx_word' id='word_1_529' title='bbox 2967 2679 3089 2722; x_wconf 85' lang='lat' dir='ltr'><strong><em>tunc</em></strong></span> <span class='ocrx_word' id='word_1_530' title='bbox 3119 2680 3283 2740; x_wconf 86' lang='lat' dir='ltr'><strong><em>egeret</em></strong></span> <span class='ocrx_word' id='word_1_531' title='bbox 3332 2667 3656 2740; x_wconf 52' lang='lat' dir='ltr'><strong><em>iliuminante</em></strong></span> <span class='ocrx_word' id='word_1_532' title='bbox 3679 2685 3840 2736; x_wconf 82' lang='lat' dir='ltr'><strong><em>quam</em></strong></span> 
     </span>
    </p>
   </div>
   <div class='ocr_carea' id='block_1_75' title="bbox 2253 2738 3836 2809">
    <p class='ocr_par' dir='ltr' id='par_1_75' title="bbox 2253 2738 3836 2809">
     <span class='ocr_line' id='line_1_76' title="bbox 2253 2738 3836 2809; baseline 0.002 -17"><span class='ocrx_word' id='word_1_533' title='bbox 2253 2740 2594 2809; x_wconf 85' lang='lat' dir='ltr'><strong><em>postmodum.</em></strong></span> <span class='ocrx_word' id='word_1_534' title='bbox 2620 2740 2708 2796; x_wconf 78' lang='lat' dir='ltr'><strong><em>Sir</em></strong></span> <span class='ocrx_word' id='word_1_535' title='bbox 2733 2741 2958 2794; x_wconf 88' lang='lat' dir='ltr'><strong><em>habetur</em></strong></span> <span class='ocrx_word' id='word_1_536' title='bbox 2977 2742 3106 2794; x_wconf 77' lang='lat' dir='ltr'><strong><em>coll.</em></strong></span> <span class='ocrx_word' id='word_1_537' title='bbox 3133 2738 3169 2794; x_wconf 59' lang='lat'><strong><em>&#39;8</em></strong></span> <span class='ocrx_word' id='word_1_538' title='bbox 3190 2755 3308 2808; x_wconf 87' lang='lat' dir='ltr'><strong><em>cap.</em></strong></span> <span class='ocrx_word' id='word_1_539' title='bbox 3331 2738 3420 2792; x_wconf 72' lang='lat'><strong><em>25.</em></strong></span> <span class='ocrx_word' id='word_1_540' title='bbox 3446 2742 3595 2804; x_wconf 78' lang='lat' dir='ltr'><strong><em>Quod</em></strong></span> <span class='ocrx_word' id='word_1_541' title='bbox 3621 2740 3836 2808; x_wconf 88' lang='lat' dir='ltr'><strong><em>quidem</em></strong></span> 
     </span>
    </p>
   </div>
   <div class='ocr_carea' id='block_1_76' title="bbox 2251 2809 3839 2875">
    <p class='ocr_par' dir='ltr' id='par_1_76' title="bbox 2251 2809 3839 2875">
     <span class='ocr_line' id='line_1_77' title="bbox 2251 2809 3839 2875; baseline 0.002 -11"><span class='ocrx_word' id='word_1_542' title='bbox 2251 2825 2447 2864; x_wconf 87' lang='lat' dir='ltr'><strong><em>novum</em></strong></span> <span class='ocrx_word' id='word_1_543' title='bbox 2483 2811 2712 2875; x_wconf 70' lang='lat' dir='ltr'><strong><em>iudicari</em></strong></span> <span class='ocrx_word' id='word_1_544' title='bbox 2753 2826 2857 2864; x_wconf 89' lang='lat' dir='ltr'><strong><em>non</em></strong></span> <span class='ocrx_word' id='word_1_545' title='bbox 2897 2812 3080 2874; x_wconf 80' lang='lat' dir='ltr'><strong><em>debet,</em></strong></span> <span class='ocrx_word' id='word_1_546' title='bbox 3109 2826 3228 2865; x_wconf 86' lang='lat' dir='ltr'><strong><em>eum</em></strong></span> <span class='ocrx_word' id='word_1_547' title='bbox 3267 2813 3313 2863; x_wconf 90' lang='lat' dir='ltr'><strong><em>id</em></strong></span> <span class='ocrx_word' id='word_1_548' title='bbox 3357 2819 3481 2866; x_wconf 83' lang='lat' dir='ltr'><strong><em>ante</em></strong></span> <span class='ocrx_word' id='word_1_549' title='bbox 3515 2809 3839 2867; x_wconf 83' lang='lat' dir='ltr'><strong><em>Cassianum</em></strong></span> 
     </span>
    </p>
   </div>
   <div class='ocr_carea' id='block_1_77' title="bbox 2252 2881 3836 2952">
    <p class='ocr_par' dir='ltr' id='par_1_77' title="bbox 2252 2881 3836 2952">
     <span class='ocr_line' id='line_1_78' title="bbox 2252 2881 3836 2952; baseline 0.001 -18"><span class='ocrx_word' id='word_1_550' title='bbox 2252 2881 2496 2952; x_wconf 82' lang='lat' dir='ltr'><strong><em>docuerit</em></strong></span> <span class='ocrx_word' id='word_1_551' title='bbox 2521 2883 2877 2952; x_wconf 83' lang='lat' dir='ltr'><strong><em>Hieronymus</em></strong></span> <span class='ocrx_word' id='word_1_552' title='bbox 2899 2885 3058 2952; x_wconf 89' lang='lat' dir='ltr'><strong><em>epist.</em></strong></span> <span class='ocrx_word' id='word_1_553' title='bbox 3089 2884 3122 2935; x_wconf 90' lang='lat'>8</span> <span class='ocrx_word' id='word_1_554' title='bbox 3144 2883 3209 2935; x_wconf 90' lang='lat' dir='ltr'><strong><em>de</em></strong></span> <span class='ocrx_word' id='word_1_555' title='bbox 3234 2883 3480 2950; x_wconf 75' lang='lat' dir='ltr'><strong><em>V&#39;irginit.</em></strong></span> <span class='ocrx_word' id='word_1_556' title='bbox 3504 2886 3568 2934; x_wconf 89' lang='lat' dir='ltr'><strong><em>ad</em></strong></span> <span class='ocrx_word' id='word_1_557' title='bbox 3593 2881 3836 2936; x_wconf 87' lang='lat' dir='ltr'><strong><em>Demetr.</em></strong></span> 
     </span>
    </p>
   </div>
   <div class='ocr_carea' id='block_1_78' title="bbox 2254 2950 3833 3021">
    <p class='ocr_par' dir='ltr' id='par_1_78' title="bbox 2254 2950 3833 3021">
     <span class='ocr_line' id='line_1_79' title="bbox 2254 2950 3833 3021; baseline 0.001 -16"><span class='ocrx_word' id='word_1_558' title='bbox 2254 2950 2470 3006; x_wconf 65' lang='lat' dir='ltr'><strong><em>disertis</em></strong></span> <span class='ocrx_word' id='word_1_559' title='bbox 2499 2953 2698 3017; x_wconf 85' lang='lat' dir='ltr'><strong><em>verbis,</em></strong></span> <span class='ocrx_word' id='word_1_560' title='bbox 2727 2950 2887 3020; x_wconf 74' lang='lat' dir='ltr'><strong><em>cujus</em></strong></span> <span class='ocrx_word' id='word_1_561' title='bbox 2919 2950 2994 3006; x_wconf 78' lang='lat' dir='ltr'><strong><em>rei</em></strong></span> <span class='ocrx_word' id='word_1_562' title='bbox 3030 2958 3142 3007; x_wconf 62' lang='lat' dir='ltr'><strong><em>haec</em></strong></span> <span class='ocrx_word' id='word_1_563' title='bbox 3174 2956 3309 3006; x_wconf 83' lang='lat' dir='ltr'><strong><em>ratio</em></strong></span> <span class='ocrx_word' id='word_1_564' title='bbox 3341 2963 3514 3020; x_wconf 84' lang='lat' dir='ltr'><strong><em>potest</em></strong></span> <span class='ocrx_word' id='word_1_565' title='bbox 3550 2954 3833 3021; x_wconf 78' lang='lat' dir='ltr'><strong><em>assignari.</em></strong></span> 
     </span>
    </p>
   </div>
   <div class='ocr_carea' id='block_1_79' title="bbox 557 3022 3829 3096">
    <p class='ocr_par' dir='ltr' id='par_1_79' title="bbox 557 3022 3829 3096">
     <span class='ocr_line' id='line_1_80' title="bbox 557 3022 3829 3096; baseline -0.002 -14"><span class='ocrx_word' id='word_1_566' title='bbox 557 3037 843 3082; x_wconf 82' lang='lat' dir='ltr'><strong><em>sanctorum</em></strong></span> <span class='ocrx_word' id='word_1_567' title='bbox 869 3031 1049 3080; x_wconf 87' lang='lat' dir='ltr'><strong><em>merita</em></strong></span> <span class='ocrx_word' id='word_1_568' title='bbox 1077 3031 1383 3096; x_wconf 77' lang='lat' dir='ltr'><strong><em>referamus,</em></strong></span> <span class='ocrx_word' id='word_1_569' title='bbox 1417 3032 1471 3077; x_wconf 89' lang='lat' dir='ltr'><strong><em>nt</em></strong></span> <span class='ocrx_word' id='word_1_570' title='bbox 1495 3023 1624 3076; x_wconf 81' lang='lat' dir='ltr'><strong><em>nihil</em></strong></span> <span class='ocrx_word' id='word_1_571' title='bbox 1656 3025 1753 3096; x_wconf 80' lang='lat' dir='ltr'><strong><em>nisi</em></strong></span> <span class='ocrx_word' id='word_1_572' title='bbox 1783 3023 1836 3075; x_wconf 88' lang='lat' dir='ltr'><strong><em>id</em></strong></span> <span class='ocrx_word' id='word_1_573' title='bbox 1865 3023 2000 3087; x_wconf 83' lang='lat' dir='ltr'><strong><em>quod</em></strong></span> <span class='ocrx_word' id='word_1_574' title='bbox 2028 3037 2143 3076; x_wconf 85' lang='lat' dir='ltr'><strong><em>ma-</em></strong></span> <span class='ocrx_word' id='word_1_575' title='bbox 2168 3030 2215 3094; x_wconf 73' lang='grc' dir='ltr'>α</span> <span class='ocrx_word' id='word_1_576' title='bbox 2247 3023 2594 3078; x_wconf 63' lang='lat' dir='ltr'><strong><em>Notissimnm</em></strong></span> <span class='ocrx_word' id='word_1_577' title='bbox 2645 3034 2724 3096; x_wconf 85' lang='lat' dir='ltr'><strong><em>est</em></strong></span> <span class='ocrx_word' id='word_1_578' title='bbox 2759 3024 3094 3093; x_wconf 85' lang='lat' dir='ltr'><strong><em>philosophis</em></strong></span> <span class='ocrx_word' id='word_1_579' title='bbox 3136 3022 3359 3096; x_wconf 70' lang='lat' dir='ltr'><strong><em>affectus</em></strong></span> <span class='ocrx_word' id='word_1_580' title='bbox 3388 3025 3477 3093; x_wconf 90' lang='lat' dir='ltr'><strong><em>qui</em></strong></span> <span class='ocrx_word' id='word_1_581' title='bbox 3510 3024 3829 3081; x_wconf 72' lang='lat' dir='ltr'><strong><em>sentientem</em></strong></span> 
     </span>
    </p>
   </div>
   <div class='ocr_carea' id='block_1_80' title="bbox 559 3095 2136 3170">
    <p class='ocr_par' dir='ltr' id='par_1_80' title="bbox 559 3095 2136 3170">
     <span class='ocr_line' id='line_1_81' title="bbox 559 3095 2136 3170; baseline -0.004 -18"><span class='ocrx_word' id='word_1_582' title='bbox 559 3099 764 3170; x_wconf 75' lang='lat' dir='ltr'><strong><em>iamest</em></strong></span> <span class='ocrx_word' id='word_1_583' title='bbox 789 3108 942 3169; x_wconf 77' lang='lat' dir='ltr'><strong><em>atque</em></strong></span> <span class='ocrx_word' id='word_1_584' title='bbox 962 3095 1255 3170; x_wconf 83' lang='lat' dir='ltr'><strong><em>perversum</em></strong></span> <span class='ocrx_word' id='word_1_585' title='bbox 1289 3097 1531 3170; x_wconf 53' lang='lat' dir='ltr'><strong><em>humana-3</em></strong></span> <span class='ocrx_word' id='word_1_586' title='bbox 1575 3095 1890 3170; x_wconf 50' lang='lat' dir='ltr'><strong><em>ascribamus</em></strong></span> <span class='ocrx_word' id='word_1_587' title='bbox 1913 3103 2136 3170; x_wconf 73' lang='lat' dir='ltr'><strong><em>natnrre.</em></strong></span> 
     </span>
    </p>
   </div>
   <div class='ocr_carea' id='block_1_81' title="bbox 563 3164 2142 3233">
    <p class='ocr_par' dir='ltr' id='par_1_81' title="bbox 563 3164 2142 3233">
     <span class='ocr_line' id='line_1_82' title="bbox 563 3164 2142 3233; baseline -0.003 -8"><span class='ocrx_word' id='word_1_588' title='bbox 563 3169 735 3225; x_wconf 84' lang='lat' dir='ltr'><strong><em>Verba</em></strong></span> <span class='ocrx_word' id='word_1_589' title='bbox 777 3164 904 3225; x_wconf 86' lang='lat' dir='ltr'><strong><em>sunt</em></strong></span> <span class='ocrx_word' id='word_1_590' title='bbox 931 3164 1173 3223; x_wconf 80' lang='lat' dir='ltr'><strong><em>Cassiani</em></strong></span> <span class='ocrx_word' id='word_1_591' title='bbox 1219 3168 1402 3221; x_wconf 91' lang='lat' dir='ltr'><strong><em>collat.</em></strong></span> <span class='ocrx_word' id='word_1_592' title='bbox 1456 3164 1522 3219; x_wconf 82' lang='grc'><strong><em>15</em></strong></span> <span class='ocrx_word' id='word_1_593' title='bbox 1553 3180 1674 3233; x_wconf 88' lang='lat' dir='ltr'><strong><em>cap.</em></strong></span> <span class='ocrx_word' id='word_1_594' title='bbox 1713 3164 1800 3221; x_wconf 68' lang='grc' dir='ltr'><strong>η.</strong></span> <span class='ocrx_word' id='word_1_595' title='bbox 1837 3164 1914 3218; x_wconf 79' lang='lat' dir='ltr'><strong><em>Ex</em></strong></span> <span class='ocrx_word' id='word_1_596' title='bbox 1945 3166 2142 3233; x_wconf 85' lang='lat' dir='ltr'><strong><em>quibus</em></strong></span> 
     </span>
    </p>
   </div>
   <div class='ocr_carea' id='block_1_82' title="bbox 560 3235 2142 3308">
    <p class='ocr_par' dir='ltr' id='par_1_82' title="bbox 560 3235 2142 3308">
     <span class='ocr_line' id='line_1_83' title="bbox 560 3235 2142 3308; baseline -0.004 -13"><span class='ocrx_word' id='word_1_597' title='bbox 560 3257 628 3295; x_wconf 86' lang='lat' dir='ltr'><strong><em>ne</em></strong></span> <span class='ocrx_word' id='word_1_598' title='bbox 655 3243 874 3308; x_wconf 80' lang='lat' dir='ltr'><strong><em>colligas</em></strong></span> <span class='ocrx_word' id='word_1_599' title='bbox 895 3239 1158 3307; x_wconf 82' lang='lat' dir='ltr'><strong><em>quosdam</em></strong></span> <span class='ocrx_word' id='word_1_600' title='bbox 1189 3247 1394 3292; x_wconf 72' lang='lat' dir='ltr'><strong><em>natura:</em></strong></span> <span class='ocrx_word' id='word_1_601' title='bbox 1426 3235 2142 3308; x_wconf 12' lang='lat' dir='ltr'><strong><em>meritis,quosdamidiviua</em></strong></span> 
     </span>
    </p>
   </div>
   <div class='ocr_carea' id='block_1_83' title="bbox 558 3306 2140 3382">
    <p class='ocr_par' dir='ltr' id='par_1_83' title="bbox 558 3306 2140 3382">
     <span class='ocr_line' id='line_1_84' title="bbox 558 3306 2140 3382; baseline -0.003 -18"><span class='ocrx_word' id='word_1_602' title='bbox 558 3313 730 3382; x_wconf 87' lang='lat' dir='ltr'><strong><em>gratia</em></strong></span> <span class='ocrx_word' id='word_1_603' title='bbox 766 3306 943 3365; x_wconf 66' lang='lat' dir='ltr'><strong><em>salvos</em></strong></span> <span class='ocrx_word' id='word_1_604' title='bbox 975 3309 1111 3382; x_wconf 76' lang='lat' dir='ltr'><strong><em>ﬁeri.</em></strong></span> <span class='ocrx_word' id='word_1_605' title='bbox 1146 3310 1259 3363; x_wconf 71' lang='lat' dir='ltr'><strong><em>Non</em></strong></span> <span class='ocrx_word' id='word_1_606' title='bbox 1284 3308 1427 3382; x_wconf 79' lang='lat' dir='ltr'><strong><em>eitim</em></strong></span> <span class='ocrx_word' id='word_1_607' title='bbox 1470 3307 1520 3360; x_wconf 94' lang='lat' dir='ltr'><strong><em>id</em></strong></span> <span class='ocrx_word' id='word_1_608' title='bbox 1554 3307 1774 3382; x_wconf 77' lang='lat' dir='ltr'><strong><em>tradidit</em></strong></span> <span class='ocrx_word' id='word_1_609' title='bbox 1806 3306 2098 3360; x_wconf 84' lang='lat' dir='ltr'><strong><em>Cassianus</em></strong></span> <span class='ocrx_word' id='word_1_610' title='bbox 2124 3349 2140 3373; x_wconf 95' lang='lat'><strong><em>,</em></strong></span> 
     </span>
    </p>
   </div>
   <div class='ocr_carea' id='block_1_84' title="bbox 559 3377 2142 3443">
    <p class='ocr_par' dir='ltr' id='par_1_84' title="bbox 559 3377 2142 3443">
     <span class='ocr_line' id='line_1_85' title="bbox 559 3377 2142 3443; baseline -0.004 -7"><span class='ocrx_word' id='word_1_611' title='bbox 559 3377 656 3437; x_wconf 65' lang='lat' dir='ltr'><strong><em>Sed</em></strong></span> <span class='ocrx_word' id='word_1_612' title='bbox 684 3385 881 3436; x_wconf 86' lang='lat' dir='ltr'><strong><em>dooere</em></strong></span> <span class='ocrx_word' id='word_1_613' title='bbox 907 3381 1098 3443; x_wconf 89' lang='lat' dir='ltr'><strong><em>voluit,</em></strong></span> <span class='ocrx_word' id='word_1_614' title='bbox 1123 3395 1227 3432; x_wconf 91' lang='lat' dir='ltr'><strong><em>non</em></strong></span> <span class='ocrx_word' id='word_1_615' title='bbox 1255 3381 1395 3432; x_wconf 87' lang='lat' dir='ltr'><strong><em>sicut</em></strong></span> <span class='ocrx_word' id='word_1_616' title='bbox 1423 3377 1598 3432; x_wconf 86' lang='lat' dir='ltr'><strong><em>omnia</em></strong></span> <span class='ocrx_word' id='word_1_617' title='bbox 1632 3379 1766 3431; x_wconf 87' lang='lat' dir='ltr'><strong><em>mata</em></strong></span> <span class='ocrx_word' id='word_1_618' title='bbox 1791 3387 1914 3430; x_wconf 87' lang='lat' dir='ltr'><strong><em>sunt</em></strong></span> <span class='ocrx_word' id='word_1_619' title='bbox 1944 3392 2009 3430; x_wconf 82' lang='lat' dir='ltr'><strong><em>ex</em></strong></span> <span class='ocrx_word' id='word_1_620' title='bbox 2043 3393 2142 3430; x_wconf 92' lang='lat' dir='ltr'><strong><em>no-</em></strong></span> 
     </span>
    </p>
   </div>
   <div class='ocr_carea' id='block_1_85' title="bbox 561 3449 2146 3517">
    <p class='ocr_par' dir='ltr' id='par_1_85' title="bbox 561 3449 2146 3517">
     <span class='ocr_line' id='line_1_86' title="bbox 561 3449 2146 3517; baseline -0.003 -11"><span class='ocrx_word' id='word_1_621' title='bbox 561 3452 664 3517; x_wconf 82' lang='lat' dir='ltr'><strong><em>bis,</em></strong></span> <span class='ocrx_word' id='word_1_622' title='bbox 690 3455 762 3505; x_wconf 87' lang='lat' dir='ltr'><strong><em>ita</em></strong></span> <span class='ocrx_word' id='word_1_623' title='bbox 783 3451 960 3504; x_wconf 87' lang='lat' dir='ltr'><strong><em>omnia</em></strong></span> <span class='ocrx_word' id='word_1_624' title='bbox 989 3451 1177 3505; x_wconf 89' lang='lat' dir='ltr'><strong><em>merita</em></strong></span> <span class='ocrx_word' id='word_1_625' title='bbox 1201 3464 1323 3503; x_wconf 83' lang='lat' dir='ltr'><strong><em>esse</em></strong></span> <span class='ocrx_word' id='word_1_626' title='bbox 1343 3465 1408 3502; x_wconf 84' lang='lat' dir='ltr'><strong><em>ex</em></strong></span> <span class='ocrx_word' id='word_1_627' title='bbox 1437 3449 1544 3501; x_wconf 75' lang='lat' dir='ltr'><strong><em>Deo</em></strong></span> <span class='ocrx_word' id='word_1_628' title='bbox 1571 3452 1708 3513; x_wconf 81' lang='lat' dir='ltr'><strong><em>solo,</em></strong></span> <span class='ocrx_word' id='word_1_629' title='bbox 1734 3464 1852 3500; x_wconf 89' lang='lat' dir='ltr'><strong><em>cum</em></strong></span> <span class='ocrx_word' id='word_1_630' title='bbox 1882 3459 1936 3501; x_wconf 74' lang='lat' dir='ltr'><strong><em>et</em></strong></span> <span class='ocrx_word' id='word_1_631' title='bbox 1968 3449 2061 3502; x_wconf 85' lang='lat' dir='ltr'><strong><em>Dei</em></strong></span> <span class='ocrx_word' id='word_1_632' title='bbox 2091 3457 2146 3502; x_wconf 92' lang='lat' dir='ltr'><strong><em>et</em></strong></span> 
     </span>
    </p>
   </div>
   <div class='ocr_carea' id='block_1_86' title="bbox 565 3519 2146 3586">
    <p class='ocr_par' dir='ltr' id='par_1_86' title="bbox 565 3519 2146 3586">
     <span class='ocr_line' id='line_1_87' title="bbox 565 3519 2146 3586; baseline -0.002 -11"><span class='ocrx_word' id='word_1_633' title='bbox 565 3530 745 3575; x_wconf 85' lang='lat' dir='ltr'><strong><em>nostra</em></strong></span> <span class='ocrx_word' id='word_1_634' title='bbox 791 3524 897 3574; x_wconf 88' lang='lat' dir='ltr'><strong><em>sint</em></strong></span> <span class='ocrx_word' id='word_1_635' title='bbox 941 3521 1142 3583; x_wconf 87' lang='lat' dir='ltr'><strong><em>omnia,</em></strong></span> <span class='ocrx_word' id='word_1_636' title='bbox 1185 3529 1510 3583; x_wconf 85' lang='lat' dir='ltr'><strong><em>cooperator</em></strong></span> <span class='ocrx_word' id='word_1_637' title='bbox 1555 3519 1697 3571; x_wconf 90' lang='lat' dir='ltr'><strong><em>enim</em></strong></span> <span class='ocrx_word' id='word_1_638' title='bbox 1741 3521 1930 3586; x_wconf 68' lang='lat' dir='ltr'><strong><em>gratim</em></strong></span> <span class='ocrx_word' id='word_1_639' title='bbox 1963 3527 2146 3572; x_wconf 81' lang='lat' dir='ltr'><strong><em>ucstra</em></strong></span> 
     </span>
    </p>
   </div>
   <div class='ocr_carea' id='block_1_87' title="bbox 563 3587 2145 3657">
    <p class='ocr_par' dir='ltr' id='par_1_87' title="bbox 563 3587 2145 3657">
     <span class='ocr_line' id='line_1_88' title="bbox 563 3587 2145 3657; baseline -0.002 -13"><span class='ocrx_word' id='word_1_640' title='bbox 563 3592 815 3644; x_wconf 84' lang='lat' dir='ltr'><strong><em>voluntas</em></strong></span> <span class='ocrx_word' id='word_1_641' title='bbox 848 3592 898 3643; x_wconf 91' lang='lat' dir='ltr'><strong><em>in</em></strong></span> <span class='ocrx_word' id='word_1_642' title='bbox 930 3591 1216 3644; x_wconf 80' lang='lat' dir='ltr'><strong><em>merendo.</em></strong></span> <span class='ocrx_word' id='word_1_643' title='bbox 1250 3587 1323 3642; x_wconf 90' lang='lat' dir='ltr'><strong><em>lta</em></strong></span> <span class='ocrx_word' id='word_1_644' title='bbox 1353 3589 1551 3657; x_wconf 79' lang='lat' dir='ltr'><strong><em>passim</em></strong></span> <span class='ocrx_word' id='word_1_645' title='bbox 1593 3589 1780 3641; x_wconf 82' lang='lat' dir='ltr'><strong><em>scribit</em></strong></span> <span class='ocrx_word' id='word_1_646' title='bbox 1814 3587 2103 3644; x_wconf 75' lang='lat' dir='ltr'><strong><em>Cassianus</em></strong></span> <span class='ocrx_word' id='word_1_647' title='bbox 2129 3629 2145 3654; x_wconf 95' lang='lat'><strong><em>,</em></strong></span> 
     </span>
    </p>
   </div>
   <div class='ocr_carea' id='block_1_88' title="bbox 565 3659 2145 3726">
    <p class='ocr_par' dir='ltr' id='par_1_88' title="bbox 565 3659 2145 3726">
     <span class='ocr_line' id='line_1_89' title="bbox 565 3659 2145 3726; baseline -0.002 -10"><span class='ocrx_word' id='word_1_648' title='bbox 565 3673 624 3717; x_wconf 89' lang='lat' dir='ltr'><strong><em>ut</em></strong></span> <span class='ocrx_word' id='word_1_649' title='bbox 645 3663 738 3716; x_wconf 92' lang='lat' dir='ltr'><strong><em>lib.</em></strong></span> <span class='ocrx_word' id='word_1_650' title='bbox 772 3677 848 3715; x_wconf 88' lang='lat' dir='ltr'><strong><em>xtt</em></strong></span> <span class='ocrx_word' id='word_1_651' title='bbox 875 3661 943 3715; x_wconf 91' lang='lat' dir='ltr'><strong><em>de</em></strong></span> <span class='ocrx_word' id='word_1_652' title='bbox 974 3661 1149 3714; x_wconf 87' lang='lat' dir='ltr'><strong><em>lnstit.</em></strong></span> <span class='ocrx_word' id='word_1_653' title='bbox 1183 3660 1318 3714; x_wconf 71' lang='lat' dir='ltr'><strong><em>lien.</em></strong></span> <span class='ocrx_word' id='word_1_654' title='bbox 1351 3675 1473 3726; x_wconf 88' lang='lat' dir='ltr'><strong><em>cap.</em></strong></span> <span class='ocrx_word' id='word_1_655' title='bbox 1511 3659 1604 3724; x_wconf 74' lang='lat' dir='ltr'><strong><em>l2;</em></strong></span> <span class='ocrx_word' id='word_1_656' title='bbox 1635 3659 1815 3713; x_wconf 89' lang='lat' dir='ltr'><strong><em>collat.</em></strong></span> <span class='ocrx_word' id='word_1_657' title='bbox 1841 3662 1874 3715; x_wconf 80' lang='lat'><strong><em>&#39;5</em></strong></span> <span class='ocrx_word' id='word_1_658' title='bbox 1901 3677 2022 3725; x_wconf 87' lang='lat' dir='ltr'><strong><em>cap.</em></strong></span> <span class='ocrx_word' id='word_1_659' title='bbox 2057 3661 2145 3725; x_wconf 86' lang='grc'><strong>11,</strong></span> 
     </span>
    </p>
   </div>
   <div class='ocr_carea' id='block_1_89' title="bbox 568 3729 2151 3800">
    <p class='ocr_par' dir='ltr' id='par_1_89' title="bbox 568 3729 2151 3800">
     <span class='ocr_line' id='line_1_90' title="bbox 568 3729 2151 3800; baseline 0 -14"><span class='ocrx_word' id='word_1_660' title='bbox 568 3735 656 3798; x_wconf 68' lang='grc'><strong><em>12,</em></strong></span> <span class='ocrx_word' id='word_1_661' title='bbox 691 3731 760 3786; x_wconf 81' lang='grc'><strong>15</strong></span> <span class='ocrx_word' id='word_1_662' title='bbox 780 3746 832 3787; x_wconf 80' lang='lat' dir='ltr'><strong><em>et.</em></strong></span> <span class='ocrx_word' id='word_1_663' title='bbox 866 3732 950 3793; x_wconf 84' lang='lat' dir='ltr'><strong><em>l9,</em></strong></span> <span class='ocrx_word' id='word_1_664' title='bbox 985 3732 1165 3786; x_wconf 91' lang='lat' dir='ltr'><strong><em>collat.</em></strong></span> <span class='ocrx_word' id='word_1_665' title='bbox 1199 3732 1232 3786; x_wconf 82' lang='grc'><strong>5</strong></span> <span class='ocrx_word' id='word_1_666' title='bbox 1257 3745 1377 3800; x_wconf 84' lang='lat' dir='ltr'><strong><em>cap.</em></strong></span> <span class='ocrx_word' id='word_1_667' title='bbox 1428 3731 1493 3785; x_wconf 81' lang='grc'><strong>16</strong></span> <span class='ocrx_word' id='word_1_668' title='bbox 1525 3741 1579 3784; x_wconf 88' lang='lat' dir='ltr'><strong><em>et</em></strong></span> <span class='ocrx_word' id='word_1_669' title='bbox 1606 3729 1709 3794; x_wconf 67' lang='lat'><strong><em>24;</em></strong></span> <span class='ocrx_word' id='word_1_670' title='bbox 1747 3740 1800 3785; x_wconf 88' lang='lat' dir='ltr'><strong><em>et</em></strong></span> <span class='ocrx_word' id='word_1_671' title='bbox 1845 3732 2029 3785; x_wconf 87' lang='lat' dir='ltr'><strong><em>collat.</em></strong></span> <span class='ocrx_word' id='word_1_672' title='bbox 2081 3731 2151 3786; x_wconf 70' lang='grc'><strong>15</strong></span> 
     </span>
    </p>
   </div>
   <div class='ocr_carea' id='block_1_90' title="bbox 565 3801 2144 3874">
    <p class='ocr_par' dir='ltr' id='par_1_90' title="bbox 565 3801 2144 3874">
     <span class='ocr_line' id='line_1_91' title="bbox 565 3801 2144 3874; baseline -0.003 -16"><span class='ocrx_word' id='word_1_673' title='bbox 565 3818 684 3874; x_wconf 89' lang='lat' dir='ltr'><strong><em>cap.</em></strong></span> <span class='ocrx_word' id='word_1_674' title='bbox 717 3803 772 3867; x_wconf 88' lang='lat'><strong><em>9,</em></strong></span> <span class='ocrx_word' id='word_1_675' title='bbox 807 3803 985 3869; x_wconf 92' lang='grc'><strong>10,11</strong></span> <span class='ocrx_word' id='word_1_676' title='bbox 1015 3814 1068 3858; x_wconf 90' lang='lat' dir='ltr'><strong><em>et</em></strong></span> <span class='ocrx_word' id='word_1_677' title='bbox 1115 3805 1211 3857; x_wconf 93' lang='lat' dir='ltr'><strong><em>ult.</em></strong></span> <span class='ocrx_word' id='word_1_678' title='bbox 1244 3801 1356 3858; x_wconf 81' lang='lat' dir='ltr'><strong><em>Nec</em></strong></span> <span class='ocrx_word' id='word_1_679' title='bbox 1396 3801 1686 3874; x_wconf 85' lang='lat' dir='ltr'><strong><em>Cassianus</em></strong></span> <span class='ocrx_word' id='word_1_680' title='bbox 1734 3803 1903 3867; x_wconf 84' lang='lat' dir='ltr'><strong><em>solus,</em></strong></span> <span class='ocrx_word' id='word_1_681' title='bbox 1955 3802 2048 3854; x_wconf 85' lang='lat' dir='ltr'><strong><em>sed</em></strong></span> <span class='ocrx_word' id='word_1_682' title='bbox 2096 3812 2144 3854; x_wconf 89' lang='lat' dir='ltr'><strong><em>et</em></strong></span> 
     </span>
    </p>
   </div>
   <div class='ocr_carea' id='block_1_91' title="bbox 566 3873 2147 3931">
    <p class='ocr_par' dir='ltr' id='par_1_91' title="bbox 566 3873 2147 3931">
     <span class='ocr_line' id='line_1_92' title="bbox 566 3873 2147 3931; baseline -0.002 -3"><span class='ocrx_word' id='word_1_683' title='bbox 566 3873 803 3930; x_wconf 73' lang='lat' dir='ltr'><strong><em>universi</em></strong></span> <span class='ocrx_word' id='word_1_684' title='bbox 833 3877 1020 3931; x_wconf 85' lang='lat' dir='ltr'><strong><em>Patres</em></strong></span> <span class='ocrx_word' id='word_1_685' title='bbox 1047 3875 1240 3929; x_wconf 90' lang='lat' dir='ltr'><strong><em>docent</em></strong></span> <span class='ocrx_word' id='word_1_686' title='bbox 1284 3875 1434 3927; x_wconf 86' lang='lat' dir='ltr'><strong><em>liberi</em></strong></span> <span class='ocrx_word' id='word_1_687' title='bbox 1469 3873 1678 3927; x_wconf 89' lang='lat' dir='ltr'><strong><em>arbitrii</em></strong></span> <span class='ocrx_word' id='word_1_688' title='bbox 1709 3875 1814 3924; x_wconf 88' lang='lat' dir='ltr'><strong><em>vim</em></strong></span> <span class='ocrx_word' id='word_1_689' title='bbox 1844 3886 1947 3924; x_wconf 92' lang='lat' dir='ltr'><strong><em>non</em></strong></span> <span class='ocrx_word' id='word_1_690' title='bbox 1976 3875 2147 3925; x_wconf 88' lang='lat' dir='ltr'><strong><em>solum</em></strong></span> 
     </span>
    </p>
   </div>
   <div class='ocr_carea' id='block_1_92' title="bbox 565 3942 2148 4014">
    <p class='ocr_par' dir='ltr' id='par_1_92' title="bbox 565 3942 2148 4014">
     <span class='ocr_line' id='line_1_93' title="bbox 565 3942 2148 4014; baseline -0.003 -13"><span class='ocrx_word' id='word_1_691' title='bbox 565 3948 618 4001; x_wconf 92' lang='lat' dir='ltr'><strong><em>in</em></strong></span> <span class='ocrx_word' id='word_1_692' title='bbox 649 3962 716 4002; x_wconf 91' lang='lat' dir='ltr'><strong><em>eo</em></strong></span> <span class='ocrx_word' id='word_1_693' title='bbox 743 3950 900 4001; x_wconf 90' lang='lat' dir='ltr'><strong><em>sitam</em></strong></span> <span class='ocrx_word' id='word_1_694' title='bbox 930 3961 1073 4009; x_wconf 89' lang='lat' dir='ltr'><strong><em>esse,</em></strong></span> <span class='ocrx_word' id='word_1_695' title='bbox 1119 3955 1176 4000; x_wconf 89' lang='lat' dir='ltr'><strong><em>ut</em></strong></span> <span class='ocrx_word' id='word_1_696' title='bbox 1206 3945 1401 4014; x_wconf 84' lang='lat' dir='ltr'><strong><em>aliquis</em></strong></span> <span class='ocrx_word' id='word_1_697' title='bbox 1438 3955 1594 4014; x_wconf 70' lang='lat' dir='ltr'><strong><em>recte</em></strong></span> <span class='ocrx_word' id='word_1_698' title='bbox 1625 3942 1782 3996; x_wconf 85' lang='lat' dir='ltr'><strong><em>faciat</em></strong></span> <span class='ocrx_word' id='word_1_699' title='bbox 1810 3957 1877 3996; x_wconf 87' lang='lat' dir='ltr'><strong><em>ex</em></strong></span> <span class='ocrx_word' id='word_1_700' title='bbox 1925 3943 2105 4014; x_wconf 80' lang='lat' dir='ltr'><strong><em>seipso</em></strong></span> <span class='ocrx_word' id='word_1_701' title='bbox 2133 3983 2148 4008; x_wconf 92' lang='lat'><strong><em>,</em></strong></span> 
     </span>
    </p>
   </div>
   <div class='ocr_carea' id='block_1_93' title="bbox 566 4012 2149 4087">
    <p class='ocr_par' dir='ltr' id='par_1_93' title="bbox 566 4012 2149 4087">
     <span class='ocr_line' id='line_1_94' title="bbox 566 4012 2149 4087; baseline -0.002 -16"><span class='ocrx_word' id='word_1_702' title='bbox 566 4028 731 4087; x_wconf 87' lang='lat' dir='ltr'><strong><em>utque</em></strong></span> <span class='ocrx_word' id='word_1_703' title='bbox 783 4020 994 4072; x_wconf 89' lang='lat' dir='ltr'><strong><em>vocanti</em></strong></span> <span class='ocrx_word' id='word_1_704' title='bbox 1041 4012 1388 4082; x_wconf 86' lang='lat' dir='ltr'><strong><em>moventique</em></strong></span> <span class='ocrx_word' id='word_1_705' title='bbox 1435 4013 1554 4087; x_wconf 80' lang='lat' dir='ltr'><strong><em>Deo</em></strong></span> <span class='ocrx_word' id='word_1_706' title='bbox 1596 4013 1766 4079; x_wconf 86' lang='lat' dir='ltr'><strong><em>possit</em></strong></span> <span class='ocrx_word' id='word_1_707' title='bbox 1812 4012 2039 4087; x_wconf 84' lang='lat' dir='ltr'><strong><em>obniti,_</em></strong></span> <span class='ocrx_word' id='word_1_708' title='bbox 2056 4014 2149 4068; x_wconf 85' lang='lat' dir='ltr'><strong><em>sed</em></strong></span> 
     </span>
    </p>
   </div>
   <div class='ocr_carea' id='block_1_94' title="bbox 565 4083 2152 4154">
    <p class='ocr_par' dir='ltr' id='par_1_94' title="bbox 565 4083 2152 4154">
     <span class='ocr_line' id='line_1_95' title="bbox 565 4083 2152 4154; baseline -0.002 -13"><span class='ocrx_word' id='word_1_709' title='bbox 565 4083 727 4142; x_wconf 81' lang='lat' dir='ltr'><strong><em>etiam</em></strong></span> <span class='ocrx_word' id='word_1_710' title='bbox 757 4100 815 4140; x_wconf 91' lang='lat' dir='ltr'><strong><em>ut</em></strong></span> <span class='ocrx_word' id='word_1_711' title='bbox 837 4102 972 4154; x_wconf 91' lang='lat' dir='ltr'><strong><em>opus</em></strong></span> <span class='ocrx_word' id='word_1_712' title='bbox 1003 4087 1201 4138; x_wconf 90' lang='lat' dir='ltr'><strong><em>bonum</em></strong></span> <span class='ocrx_word' id='word_1_713' title='bbox 1231 4096 1285 4135; x_wconf 88' lang='lat' dir='ltr'><strong><em>et</em></strong></span> <span class='ocrx_word' id='word_1_714' title='bbox 1314 4083 1652 4137; x_wconf 76' lang='lat' dir='ltr'><strong><em>moritorium</em></strong></span> <span class='ocrx_word' id='word_1_715' title='bbox 1690 4097 1794 4136; x_wconf 91' lang='lat' dir='ltr'><strong><em>non</em></strong></span> <span class='ocrx_word' id='word_1_716' title='bbox 1828 4084 1977 4136; x_wconf 90' lang='lat' dir='ltr'><strong><em>solus</em></strong></span> <span class='ocrx_word' id='word_1_717' title='bbox 2009 4084 2152 4138; x_wconf 84' lang='lat' dir='ltr'><strong><em>Deus</em></strong></span> 
     </span>
    </p>
   </div>
   <div class='ocr_carea' id='block_1_95' title="bbox 569 4155 2154 4226">
    <p class='ocr_par' dir='ltr' id='par_1_95' title="bbox 569 4155 2154 4226">
     <span class='ocr_line' id='line_1_96' title="bbox 569 4155 2154 4226; baseline -0.003 -14"><span class='ocrx_word' id='word_1_718' title='bbox 569 4159 831 4226; x_wconf 87' lang='lat' dir='ltr'><strong><em>perliciat,</em></strong></span> <span class='ocrx_word' id='word_1_719' title='bbox 863 4158 956 4211; x_wconf 89' lang='lat' dir='ltr'><strong><em>sed</em></strong></span> <span class='ocrx_word' id='word_1_720' title='bbox 994 4158 1130 4208; x_wconf 79' lang='lat' dir='ltr'><strong><em>Deus</em></strong></span> <span class='ocrx_word' id='word_1_721' title='bbox 1161 4163 1215 4207; x_wconf 87' lang='lat' dir='ltr'><strong><em>et</em></strong></span> <span class='ocrx_word' id='word_1_722' title='bbox 1239 4155 1484 4226; x_wconf 70' lang='lat' dir='ltr'><strong><em>voluntas</em></strong></span> <span class='ocrx_word' id='word_1_723' title='bbox 1514 4161 1717 4226; x_wconf 82' lang='lat' dir='ltr'><strong><em>nostra,</em></strong></span> <span class='ocrx_word' id='word_1_724' title='bbox 1749 4164 1806 4207; x_wconf 89' lang='lat' dir='ltr'><strong><em>et</em></strong></span> <span class='ocrx_word' id='word_1_725' title='bbox 1833 4163 2001 4207; x_wconf 86' lang='lat' dir='ltr'><strong><em>totum</em></strong></span> <span class='ocrx_word' id='word_1_726' title='bbox 2034 4155 2154 4223; x_wconf 78' lang='lat' dir='ltr'><strong><em>qui-</em></strong></span> 
     </span>
    </p>
   </div>
   <div class='ocr_carea' id='block_1_96' title="bbox 566 4223 2149 4292">
    <p class='ocr_par' dir='ltr' id='par_1_96' title="bbox 566 4223 2149 4292">
     <span class='ocr_line' id='line_1_97' title="bbox 566 4223 2149 4292; baseline -0.002 -9"><span class='ocrx_word' id='word_1_727' title='bbox 566 4223 687 4283; x_wconf 85' lang='lat' dir='ltr'><strong><em>dem</em></strong></span> <span class='ocrx_word' id='word_1_728' title='bbox 715 4229 824 4292; x_wconf 90' lang='lat' dir='ltr'><strong><em>ille,</em></strong></span> <span class='ocrx_word' id='word_1_729' title='bbox 850 4237 1018 4280; x_wconf 86' lang='lat' dir='ltr'><strong><em>totum</em></strong></span> <span class='ocrx_word' id='word_1_730' title='bbox 1042 4236 1092 4278; x_wconf 86' lang='lat' dir='ltr'><strong><em>et</em></strong></span> <span class='ocrx_word' id='word_1_731' title='bbox 1117 4227 1237 4279; x_wconf 89' lang='lat' dir='ltr'><strong><em>ista.</em></strong></span> <span class='ocrx_word' id='word_1_732' title='bbox 1266 4225 1341 4279; x_wconf 86' lang='lat' dir='ltr'><strong><em>ita</em></strong></span> <span class='ocrx_word' id='word_1_733' title='bbox 1363 4224 1556 4278; x_wconf 85' lang='lat' dir='ltr'><strong><em>Patres</em></strong></span> <span class='ocrx_word' id='word_1_734' title='bbox 1585 4223 1697 4278; x_wconf 89' lang='lat' dir='ltr'><strong><em>fere</em></strong></span> <span class='ocrx_word' id='word_1_735' title='bbox 1719 4239 1912 4279; x_wconf 90' lang='lat' dir='ltr'><strong><em>omnes</em></strong></span> <span class='ocrx_word' id='word_1_736' title='bbox 1935 4226 2149 4280; x_wconf 85' lang='lat' dir='ltr'><strong><em>docent.</em></strong></span> 
     </span>
    </p>
   </div>
   <div class='ocr_carea' id='block_1_97' title="bbox 567 4294 2148 4366">
    <p class='ocr_par' dir='ltr' id='par_1_97' title="bbox 567 4294 2148 4366">
     <span class='ocr_line' id='line_1_98' title="bbox 567 4294 2148 4366; baseline -0.001 -12"><span class='ocrx_word' id='word_1_737' title='bbox 567 4299 626 4354; x_wconf 90' lang='lat' dir='ltr'><strong><em>S.</em></strong></span> <span class='ocrx_word' id='word_1_738' title='bbox 669 4299 889 4350; x_wconf 80' lang='lat' dir='ltr'><strong><em>Hieron.</em></strong></span> <span class='ocrx_word' id='word_1_739' title='bbox 937 4301 990 4350; x_wconf 90' lang='lat' dir='ltr'><strong><em>in</em></strong></span> <span class='ocrx_word' id='word_1_740' title='bbox 1022 4296 1247 4365; x_wconf 87' lang='lat' dir='ltr'><strong><em>epistola</em></strong></span> <span class='ocrx_word' id='word_1_741' title='bbox 1291 4295 1356 4349; x_wconf 88' lang='lat' dir='ltr'><strong><em>ad</em></strong></span> <span class='ocrx_word' id='word_1_742' title='bbox 1399 4294 1794 4349; x_wconf 84' lang='lat' dir='ltr'><strong><em>Demetriadem</em></strong></span> <span class='ocrx_word' id='word_1_743' title='bbox 1843 4297 1911 4351; x_wconf 92' lang='lat' dir='ltr'><strong><em>de</em></strong></span> <span class='ocrx_word' id='word_1_744' title='bbox 1945 4297 2148 4366; x_wconf 83' lang='lat' dir='ltr'><strong><em>Virgiu.</em></strong></span> 
     </span>
    </p>
   </div>
   <div class='ocr_carea' id='block_1_98' title="bbox 2245 3095 3838 3163">
    <p class='ocr_par' dir='ltr' id='par_1_98' title="bbox 2245 3095 3838 3163">
     <span class='ocr_line' id='line_1_99' title="bbox 2245 3095 3838 3163; baseline 0.001 -14"><span class='ocrx_word' id='word_1_745' title='bbox 2245 3096 2482 3149; x_wconf 88' lang='lat' dir='ltr'><strong><em>animum</em></strong></span> <span class='ocrx_word' id='word_1_746' title='bbox 2509 3095 2823 3163; x_wconf 86' lang='lat' dir='ltr'><strong><em>perturbant</em></strong></span> <span class='ocrx_word' id='word_1_747' title='bbox 2849 3096 2967 3148; x_wconf 87' lang='lat' dir='ltr'><strong><em>sine</em></strong></span> <span class='ocrx_word' id='word_1_748' title='bbox 2988 3095 3230 3163; x_wconf 87' lang='lat' dir='ltr'><strong><em>corporis</em></strong></span> <span class='ocrx_word' id='word_1_749' title='bbox 3257 3098 3672 3148; x_wconf 79' lang='lat' dir='ltr'><strong><em>commutatione</em></strong></span> <span class='ocrx_word' id='word_1_750' title='bbox 3703 3109 3838 3163; x_wconf 83' lang='lat' dir='ltr'><strong><em>qua-</em></strong></span> 
     </span>
    </p>
   </div>
   <div class='ocr_carea' id='block_1_99' title="bbox 2245 3164 3832 3235">
    <p class='ocr_par' dir='ltr' id='par_1_99' title="bbox 2245 3164 3832 3235">
     <span class='ocr_line' id='line_1_100' title="bbox 2245 3164 3832 3235; baseline 0.001 -16"><span class='ocrx_word' id='word_1_751' title='bbox 2245 3167 2368 3219; x_wconf 86' lang='lat' dir='ltr'><strong><em>dam</em></strong></span> <span class='ocrx_word' id='word_1_752' title='bbox 2404 3180 2508 3218; x_wconf 91' lang='lat' dir='ltr'><strong><em>non</em></strong></span> <span class='ocrx_word' id='word_1_753' title='bbox 2548 3168 2808 3230; x_wconf 78' lang='lat' dir='ltr'><strong><em>excitari;</em></strong></span> <span class='ocrx_word' id='word_1_754' title='bbox 2865 3171 3078 3235; x_wconf 73' lang='lat' dir='ltr'><strong><em>sanguis</em></strong></span> <span class='ocrx_word' id='word_1_755' title='bbox 3123 3169 3267 3220; x_wconf 91' lang='lat' dir='ltr'><strong><em>enim</em></strong></span> <span class='ocrx_word' id='word_1_756' title='bbox 3319 3181 3456 3219; x_wconf 86' lang='lat' dir='ltr'><strong><em>nunc</em></strong></span> <span class='ocrx_word' id='word_1_757' title='bbox 3502 3164 3832 3232; x_wconf 75' lang='lat' dir='ltr'><strong><em>elferveseit,</em></strong></span> 
     </span>
    </p>
   </div>
   <div class='ocr_carea' id='block_1_100' title="bbox 2247 3235 3831 3305">
    <p class='ocr_par' dir='ltr' id='par_1_100' title="bbox 2247 3235 3831 3305">
     <span class='ocr_line' id='line_1_101' title="bbox 2247 3235 3831 3305; baseline 0 -15"><span class='ocrx_word' id='word_1_758' title='bbox 2247 3251 2388 3291; x_wconf 91' lang='lat' dir='ltr'><strong><em>nunc</em></strong></span> <span class='ocrx_word' id='word_1_759' title='bbox 2437 3241 2704 3304; x_wconf 88' lang='lat' dir='ltr'><strong><em>tepescit;</em></strong></span> <span class='ocrx_word' id='word_1_760' title='bbox 2762 3237 2912 3304; x_wconf 84' lang='lat' dir='ltr'><strong><em>ﬂuit,</em></strong></span> <span class='ocrx_word' id='word_1_761' title='bbox 2967 3235 3180 3302; x_wconf 80' lang='lat' dir='ltr'><strong><em>reﬂuit,</em></strong></span> <span class='ocrx_word' id='word_1_762' title='bbox 3229 3238 3536 3305; x_wconf 87' lang='lat' dir='ltr'><strong><em>procurrit,</em></strong></span> <span class='ocrx_word' id='word_1_763' title='bbox 3579 3239 3831 3291; x_wconf 88' lang='lat' dir='ltr'><strong><em>recurrit.</em></strong></span> 
     </span>
    </p>
   </div>
   <div class='ocr_carea' id='block_1_101' title="bbox 2245 3307 3837 3370">
    <p class='ocr_par' dir='ltr' id='par_1_101' title="bbox 2245 3307 3837 3370">
     <span class='ocr_line' id='line_1_102' title="bbox 2245 3307 3837 3370; baseline 0.001 -8"><span class='ocrx_word' id='word_1_764' title='bbox 2245 3308 2353 3362; x_wconf 84' lang='lat' dir='ltr'><strong><em>Cor</em></strong></span> <span class='ocrx_word' id='word_1_765' title='bbox 2377 3311 2540 3361; x_wconf 87' lang='lat' dir='ltr'><strong><em>etiam</em></strong></span> <span class='ocrx_word' id='word_1_766' title='bbox 2571 3309 2738 3370; x_wconf 90' lang='lat' dir='ltr'><strong><em>varie,</em></strong></span> <span class='ocrx_word' id='word_1_767' title='bbox 2786 3319 2878 3361; x_wconf 90' lang='lat' dir='ltr'><strong><em>aut</em></strong></span> <span class='ocrx_word' id='word_1_768' title='bbox 2908 3310 3246 3362; x_wconf 84' lang='lat' dir='ltr'><strong><em>contrahitur</em></strong></span> <span class='ocrx_word' id='word_1_769' title='bbox 3277 3317 3365 3360; x_wconf 90' lang='lat' dir='ltr'><strong><em>aut</em></strong></span> <span class='ocrx_word' id='word_1_770' title='bbox 3407 3308 3684 3361; x_wconf 88' lang='lat' dir='ltr'><strong><em>dilatatur.</em></strong></span> <span class='ocrx_word' id='word_1_771' title='bbox 3733 3307 3837 3363; x_wconf 82' lang='lat' dir='ltr'><strong><em>His</em></strong></span> 
     </span>
    </p>
   </div>
   <div class='ocr_carea' id='block_1_102' title="bbox 2246 3378 3834 3448">
    <p class='ocr_par' dir='ltr' id='par_1_102' title="bbox 2246 3378 3834 3448">
     <span class='ocr_line' id='line_1_103' title="bbox 2246 3378 3834 3448; baseline 0.001 -15"><span class='ocrx_word' id='word_1_772' title='bbox 2246 3378 2425 3433; x_wconf 86' lang='lat' dir='ltr'><strong><em>cordis</em></strong></span> <span class='ocrx_word' id='word_1_773' title='bbox 2469 3388 2523 3432; x_wconf 90' lang='lat' dir='ltr'><strong><em>et</em></strong></span> <span class='ocrx_word' id='word_1_774' title='bbox 2571 3379 2848 3448; x_wconf 82' lang='lat' dir='ltr'><strong><em>sanguinis</em></strong></span> <span class='ocrx_word' id='word_1_775' title='bbox 2895 3379 3274 3433; x_wconf 75' lang='lat' dir='ltr'><strong><em>alfectionibus</em></strong></span> <span class='ocrx_word' id='word_1_776' title='bbox 3321 3378 3628 3432; x_wconf 82' lang='lat' dir='ltr'><strong><em>afﬁciuntur</em></strong></span> <span class='ocrx_word' id='word_1_777' title='bbox 3679 3379 3834 3438; x_wconf 79' lang='lat' dir='ltr'><strong><em>varie</em></strong></span> 
     </span>
    </p>
   </div>
   <div class='ocr_carea' id='block_1_103' title="bbox 2248 3448 3833 3519">
    <p class='ocr_par' dir='ltr' id='par_1_103' title="bbox 2248 3448 3833 3519">
     <span class='ocr_line' id='line_1_104' title="bbox 2248 3448 3833 3519; baseline 0.003 -19"><span class='ocrx_word' id='word_1_778' title='bbox 2248 3458 2530 3519; x_wconf 89' lang='lat' dir='ltr'><strong><em>parentum</em></strong></span> <span class='ocrx_word' id='word_1_779' title='bbox 2579 3464 2839 3517; x_wconf 84' lang='lat' dir='ltr'><strong><em>corpora,</em></strong></span> <span class='ocrx_word' id='word_1_780' title='bbox 2893 3465 3191 3519; x_wconf 83' lang='lat' dir='ltr'><strong><em>eorumque</em></strong></span> <span class='ocrx_word' id='word_1_781' title='bbox 3240 3448 3463 3503; x_wconf 86' lang='lat' dir='ltr'><strong><em>facultas</em></strong></span> <span class='ocrx_word' id='word_1_782' title='bbox 3513 3449 3787 3506; x_wconf 85' lang='lat' dir='ltr'><strong><em>seminalis</em></strong></span> <span class='ocrx_word' id='word_1_783' title='bbox 3815 3491 3833 3513; x_wconf 89' lang='lat'><em>.</em></span> 
     </span>
    </p>
   </div>
   <div class='ocr_carea' id='block_1_104' title="bbox 2248 3521 3838 3590">
    <p class='ocr_par' dir='ltr' id='par_1_104' title="bbox 2248 3521 3838 3590">
     <span class='ocr_line' id='line_1_105' title="bbox 2248 3521 3838 3590; baseline 0.003 -17"><span class='ocrx_word' id='word_1_784' title='bbox 2248 3537 2370 3589; x_wconf 64' lang='lat' dir='ltr'><strong><em>quae</em></strong></span> <span class='ocrx_word' id='word_1_785' title='bbox 2401 3523 2582 3574; x_wconf 83' lang='lat' dir='ltr'><strong><em>vitiutn</em></strong></span> <span class='ocrx_word' id='word_1_786' title='bbox 2611 3522 2753 3590; x_wconf 90' lang='lat' dir='ltr'><strong><em>quod</em></strong></span> <span class='ocrx_word' id='word_1_787' title='bbox 2801 3521 2980 3574; x_wconf 85' lang='lat' dir='ltr'><strong><em>hausit</em></strong></span> <span class='ocrx_word' id='word_1_788' title='bbox 3007 3537 3034 3573; x_wconf 88' lang='lat' dir='ltr'><strong><em>a</em></strong></span> <span class='ocrx_word' id='word_1_789' title='bbox 3063 3521 3209 3574; x_wconf 82' lang='lat' dir='ltr'><strong><em>fonte</em></strong></span> <span class='ocrx_word' id='word_1_790' title='bbox 3239 3523 3304 3574; x_wconf 87' lang='lat' dir='ltr'><strong><em>ad</em></strong></span> <span class='ocrx_word' id='word_1_791' title='bbox 3337 3521 3528 3574; x_wconf 81' lang='lat' dir='ltr'><strong><em>liberos</em></strong></span> <span class='ocrx_word' id='word_1_792' title='bbox 3561 3531 3838 3588; x_wconf 85' lang='lat' dir='ltr'><strong><em>tamquam</em></strong></span> 
     </span>
    </p>
   </div>
   <div class='ocr_carea' id='block_1_105' title="bbox 2249 3591 3839 3661">
    <p class='ocr_par' dir='ltr' id='par_1_105' title="bbox 2249 3591 3839 3661">
     <span class='ocr_line' id='line_1_106' title="bbox 2249 3591 3839 3661; baseline 0.003 -18"><span class='ocrx_word' id='word_1_793' title='bbox 2249 3593 2314 3644; x_wconf 91' lang='lat' dir='ltr'><strong><em>ad</em></strong></span> <span class='ocrx_word' id='word_1_794' title='bbox 2349 3593 2490 3645; x_wconf 84' lang='lat' dir='ltr'><strong><em>rivos</em></strong></span> <span class='ocrx_word' id='word_1_795' title='bbox 2521 3593 2880 3654; x_wconf 82' lang='lat' dir='ltr'><strong><em>transl‘nudit;</em></strong></span> <span class='ocrx_word' id='word_1_796' title='bbox 2915 3602 2966 3645; x_wconf 90' lang='lat' dir='ltr'><strong><em>et</em></strong></span> <span class='ocrx_word' id='word_1_797' title='bbox 2992 3593 3121 3645; x_wconf 87' lang='lat' dir='ltr'><strong><em>dum</em></strong></span> <span class='ocrx_word' id='word_1_798' title='bbox 3153 3591 3245 3644; x_wconf 88' lang='lat' dir='ltr'><strong><em>lilii</em></strong></span> <span class='ocrx_word' id='word_1_799' title='bbox 3273 3602 3481 3645; x_wconf 69' lang='lat' dir='ltr'><strong><em>naturas</em></strong></span> <span class='ocrx_word' id='word_1_800' title='bbox 3503 3607 3659 3661; x_wconf 82' lang='lat' dir='ltr'><strong><em>quam</em></strong></span> <span class='ocrx_word' id='word_1_801' title='bbox 3682 3605 3839 3647; x_wconf 83' lang='lat' dir='ltr'><strong><em>acce-</em></strong></span> 
     </span>
    </p>
   </div>
   <div class='ocr_carea' id='block_1_106' title="bbox 2252 3661 3838 3730">
    <p class='ocr_par' dir='ltr' id='par_1_106' title="bbox 2252 3661 3838 3730">
     <span class='ocr_line' id='line_1_107' title="bbox 2252 3661 3838 3730; baseline 0 -14"><span class='ocrx_word' id='word_1_802' title='bbox 2252 3676 2444 3729; x_wconf 79' lang='lat' dir='ltr'><strong><em>perunt</em></strong></span> <span class='ocrx_word' id='word_1_803' title='bbox 2474 3678 2504 3714; x_wconf 87' lang='lat' dir='ltr'><strong><em>a</em></strong></span> <span class='ocrx_word' id='word_1_804' title='bbox 2537 3663 2849 3730; x_wconf 89' lang='lat' dir='ltr'><strong><em>parentibus</em></strong></span> <span class='ocrx_word' id='word_1_805' title='bbox 2880 3663 3137 3728; x_wconf 88' lang='lat' dir='ltr'><strong><em>vitiatam,</em></strong></span> <span class='ocrx_word' id='word_1_806' title='bbox 3186 3665 3296 3716; x_wconf 86' lang='lat' dir='ltr'><strong><em>suis</em></strong></span> <span class='ocrx_word' id='word_1_807' title='bbox 3335 3661 3440 3729; x_wconf 83' lang='lat' dir='ltr'><strong><em>ipsi</em></strong></span> <span class='ocrx_word' id='word_1_808' title='bbox 3474 3661 3711 3716; x_wconf 80' lang='lat' dir='ltr'><strong><em>moribus</em></strong></span> <span class='ocrx_word' id='word_1_809' title='bbox 3739 3663 3838 3716; x_wconf 78' lang='lat' dir='ltr'><strong><em>ad-</em></strong></span> 
     </span>
    </p>
   </div>
   <div class='ocr_carea' id='block_1_107' title="bbox 2245 3733 3838 3804">
    <p class='ocr_par' dir='ltr' id='par_1_107' title="bbox 2245 3733 3838 3804">
     <span class='ocr_line' id='line_1_108' title="bbox 2245 3733 3838 3804; baseline 0.003 -19"><span class='ocrx_word' id='word_1_810' title='bbox 2245 3733 2442 3801; x_wconf 90' lang='lat' dir='ltr'><strong><em>jiciunt</em></strong></span> <span class='ocrx_word' id='word_1_811' title='bbox 2476 3737 2870 3802; x_wconf 83' lang='lat' dir='ltr'><strong><em>corruptelam,</em></strong></span> <span class='ocrx_word' id='word_1_812' title='bbox 2901 3735 2954 3787; x_wconf 89' lang='lat' dir='ltr'><strong><em>lit</em></strong></span> <span class='ocrx_word' id='word_1_813' title='bbox 2979 3744 3035 3787; x_wconf 90' lang='lat' dir='ltr'><strong><em>ut</em></strong></span> <span class='ocrx_word' id='word_1_814' title='bbox 3060 3750 3168 3804; x_wconf 89' lang='lat' dir='ltr'><strong><em>quo</em></strong></span> <span class='ocrx_word' id='word_1_815' title='bbox 3192 3734 3499 3787; x_wconf 81' lang='lat' dir='ltr'><strong><em>diuturnior</em></strong></span> <span class='ocrx_word' id='word_1_816' title='bbox 3535 3743 3838 3804; x_wconf 83' lang='lat' dir='ltr'><strong><em>temporum</em></strong></span> 
     </span>
    </p>
   </div>
   <div class='ocr_carea' id='block_1_108' title="bbox 2250 3803 3839 3872">
    <p class='ocr_par' dir='ltr' id='par_1_108' title="bbox 2250 3803 3839 3872">
     <span class='ocr_line' id='line_1_109' title="bbox 2250 3803 3839 3872; baseline 0.001 -15"><span class='ocrx_word' id='word_1_817' title='bbox 2250 3805 2509 3858; x_wconf 81' lang='lat' dir='ltr'><strong><em>decursus</em></strong></span> <span class='ocrx_word' id='word_1_818' title='bbox 2540 3817 2641 3865; x_wconf 85' lang='lat' dir='ltr'><strong><em>est,</em></strong></span> <span class='ocrx_word' id='word_1_819' title='bbox 2671 3821 2736 3858; x_wconf 82' lang='lat' dir='ltr'><strong><em>eu</em></strong></span> <span class='ocrx_word' id='word_1_820' title='bbox 2759 3806 2896 3858; x_wconf 89' lang='lat' dir='ltr'><strong><em>bona</em></strong></span> <span class='ocrx_word' id='word_1_821' title='bbox 2931 3803 3132 3858; x_wconf 62' lang='lat' dir='ltr'><strong><em>natura:</em></strong></span> <span class='ocrx_word' id='word_1_822' title='bbox 3160 3807 3365 3858; x_wconf 81' lang='lat' dir='ltr'><strong><em>semina</em></strong></span> <span class='ocrx_word' id='word_1_823' title='bbox 3403 3806 3573 3872; x_wconf 80' lang='lat' dir='ltr'><strong><em>magis</em></strong></span> <span class='ocrx_word' id='word_1_824' title='bbox 3601 3803 3839 3859; x_wconf 84' lang='lat' dir='ltr'><strong><em>obruan-</em></strong></span> 
     </span>
    </p>
   </div>
   <div class='ocr_carea' id='block_1_109' title="bbox 2251 3875 3839 3946">
    <p class='ocr_par' dir='ltr' id='par_1_109' title="bbox 2251 3875 3839 3946">
     <span class='ocr_line' id='line_1_110' title="bbox 2251 3875 3839 3946; baseline 0.003 -18"><span class='ocrx_word' id='word_1_825' title='bbox 2251 3883 2355 3940; x_wconf 88' lang='lat' dir='ltr'><strong><em>tur,</em></strong></span> <span class='ocrx_word' id='word_1_826' title='bbox 2394 3875 2673 3943; x_wconf 84' lang='lat' dir='ltr'><strong><em>tnajorque</em></strong></span> <span class='ocrx_word' id='word_1_827' title='bbox 2705 3877 2990 3942; x_wconf 87' lang='lat' dir='ltr'><strong><em>nepotibus</em></strong></span> <span class='ocrx_word' id='word_1_828' title='bbox 3019 3891 3178 3944; x_wconf 87' lang='lat' dir='ltr'><strong><em>quam</em></strong></span> <span class='ocrx_word' id='word_1_829' title='bbox 3203 3891 3389 3930; x_wconf 89' lang='lat' dir='ltr'><strong><em>eorum</em></strong></span> <span class='ocrx_word' id='word_1_830' title='bbox 3419 3875 3711 3946; x_wconf 82' lang='lat' dir='ltr'><strong><em>majoribus</em></strong></span> <span class='ocrx_word' id='word_1_831' title='bbox 3741 3890 3839 3932; x_wconf 81' lang='lat' dir='ltr'><strong><em>ne-</em></strong></span> 
     </span>
    </p>
   </div>
   <div class='ocr_carea' id='block_1_110' title="bbox 2251 3946 3350 4011">
    <p class='ocr_par' dir='ltr' id='par_1_110' title="bbox 2251 3946 3350 4011">
     <span class='ocr_line' id='line_1_111' title="bbox 2251 3946 3350 4011; baseline 0.004 -14"><span class='ocrx_word' id='word_1_832' title='bbox 2251 3947 2479 3998; x_wconf 86' lang='lat' dir='ltr'><strong><em>cessitas</em></strong></span> <span class='ocrx_word' id='word_1_833' title='bbox 2510 3948 2696 4011; x_wconf 69' lang='lat' dir='ltr'><strong><em>gratia:</em></strong></span> <span class='ocrx_word' id='word_1_834' title='bbox 2727 3947 3080 4001; x_wconf 86' lang='lat' dir='ltr'><strong><em>illtuuiuautis</em></strong></span> <span class='ocrx_word' id='word_1_835' title='bbox 3110 3946 3350 4001; x_wconf 89' lang='lat' dir='ltr'><strong><em>accedat.</em></strong></span> 
     </span>
    </p>
   </div>
   <div class='ocr_carea' id='block_1_111' title="bbox 2509 4058 3565 4118">
    <p class='ocr_par' dir='ltr' id='par_1_111' title="bbox 2509 4058 3565 4118">
     <span class='ocr_line' id='line_1_112' title="bbox 2509 4058 3565 4118; baseline 0.005 -6"><span class='ocrx_word' id='word_1_836' title='bbox 2509 4059 2768 4114; x_wconf 75' lang='lat' dir='ltr'><strong><em>DECIMA</em></strong></span> <span class='ocrx_word' id='word_1_837' title='bbox 2805 4059 3118 4116; x_wconf 83' lang='lat' dir='ltr'><strong><em>CASSIANI</em></strong></span> <span class='ocrx_word' id='word_1_838' title='bbox 3161 4058 3565 4118; x_wconf 83' lang='lat' dir='ltr'><strong><em>PROPOSITIO</em></strong></span> 
     </span>
    </p>
   </div>
   <div class='ocr_carea' id='block_1_112' title="bbox 2325 4152 3842 4224">
    <p class='ocr_par' dir='ltr' id='par_1_112' title="bbox 2325 4152 3842 4224">
     <span class='ocr_line' id='line_1_113' title="bbox 2325 4152 3842 4224; baseline 0.001 -18"><span class='ocrx_word' id='word_1_839' title='bbox 2325 4152 2564 4208; x_wconf 84' lang='lat' dir='ltr'><strong><em>Dividere</em></strong></span> <span class='ocrx_word' id='word_1_840' title='bbox 2593 4154 2844 4224; x_wconf 82' lang='lat' dir='ltr'><strong><em>Spiritum</em></strong></span> <span class='ocrx_word' id='word_1_841' title='bbox 2873 4166 3109 4208; x_wconf 85' lang='lat' dir='ltr'><strong><em>sanctum</em></strong></span> <span class='ocrx_word' id='word_1_842' title='bbox 3129 4155 3297 4208; x_wconf 86' lang='lat' dir='ltr'><strong><em>varios</em></strong></span> <span class='ocrx_word' id='word_1_843' title='bbox 3324 4156 3502 4224; x_wconf 76' lang='lat' dir='ltr'><strong><em>gratia:</em></strong></span> <span class='ocrx_word' id='word_1_844' title='bbox 3529 4153 3716 4224; x_wconf 81' lang='lat' dir='ltr'><strong><em>gradus</em></strong></span> <span class='ocrx_word' id='word_1_845' title='bbox 3743 4169 3842 4224; x_wconf 71' lang='lat' dir='ltr'><strong><em>pro</em></strong></span> 
     </span>
    </p>
   </div>
   <div class='ocr_carea' id='block_1_113' title="bbox 2252 4222 3840 4296">
    <p class='ocr_par' dir='ltr' id='par_1_113' title="bbox 2252 4222 3840 4296">
     <span class='ocr_line' id='line_1_114' title="bbox 2252 4222 3840 4296; baseline -0.001 -18"><span class='ocrx_word' id='word_1_846' title='bbox 2252 4226 2398 4278; x_wconf 83' lang='lat' dir='ltr'><strong><em>vario</em></strong></span> <span class='ocrx_word' id='word_1_847' title='bbox 2429 4222 2694 4279; x_wconf 76' lang='lat' dir='ltr'><strong><em>hominum</em></strong></span> <span class='ocrx_word' id='word_1_848' title='bbox 2733 4235 2905 4296; x_wconf 83' lang='lat' dir='ltr'><strong><em>captu,</em></strong></span> <span class='ocrx_word' id='word_1_849' title='bbox 2955 4226 3148 4288; x_wconf 83' lang='lat' dir='ltr'><strong><em>labore,</em></strong></span> <span class='ocrx_word' id='word_1_850' title='bbox 3200 4222 3479 4296; x_wconf 71' lang='lat' dir='ltr'><strong><em>industria,</em></strong></span> <span class='ocrx_word' id='word_1_851' title='bbox 3527 4222 3750 4296; x_wconf 62' lang='lat' dir='ltr'><strong><em>conatis.</em></strong></span> <span class='ocrx_word' id='word_1_852' title='bbox 3777 4222 3840 4284; x_wconf 68' lang='lat' dir='ltr'><strong><em>ll</em></strong></span> 
     </span>
    </p>
   </div>
   <div class='ocr_carea' id='block_1_114' title="bbox 2255 4293 3836 4364">
    <p class='ocr_par' dir='ltr' id='par_1_114' title="bbox 2255 4293 3836 4364">
     <span class='ocr_line' id='line_1_115' title="bbox 2255 4293 3836 4364; baseline 0.001 -16"><span class='ocrx_word' id='word_1_853' title='bbox 2255 4296 2520 4364; x_wconf 73' lang='lat' dir='ltr'><strong><em>significat</em></strong></span> <span class='ocrx_word' id='word_1_854' title='bbox 2543 4297 2635 4351; x_wconf 90' lang='lat' dir='ltr'><strong><em>tib.</em></strong></span> <span class='ocrx_word' id='word_1_855' title='bbox 2662 4312 2712 4349; x_wconf 92' lang='lat' dir='ltr'><strong><em>vt</em></strong></span> <span class='ocrx_word' id='word_1_856' title='bbox 2741 4293 2806 4350; x_wconf 78' lang='lat' dir='ltr'><strong><em>de</em></strong></span> <span class='ocrx_word' id='word_1_857' title='bbox 2833 4297 3008 4351; x_wconf 88' lang='lat' dir='ltr'><strong><em>lnstit.</em></strong></span> <span class='ocrx_word' id='word_1_858' title='bbox 3041 4300 3274 4350; x_wconf 82' lang='lat' dir='ltr'><strong><em>lteuunt.</em></strong></span> <span class='ocrx_word' id='word_1_859' title='bbox 3303 4311 3422 4364; x_wconf 88' lang='lat' dir='ltr'><strong><em>cap.</em></strong></span> <span class='ocrx_word' id='word_1_860' title='bbox 3451 4293 3537 4352; x_wconf 86' lang='grc'><strong><em>18.</em></strong></span> <span class='ocrx_word' id='word_1_861' title='bbox 3561 4295 3836 4350; x_wconf 86' lang='lat' dir='ltr'><strong><em>collation.</em></strong></span> 
     </span>
    </p>
   </div>
   <div class='ocr_carea' id='block_1_115' title="bbox 567 4365 3840 4461">
    <p class='ocr_par' dir='ltr' id='par_1_115' title="bbox 567 4365 3840 4461">
     <span class='ocr_line' id='line_1_116' title="bbox 567 4365 3840 4461; baseline -0.001 -40"><span class='ocrx_word' id='word_1_862' title='bbox 567 4367 843 4461; x_wconf 48' lang='lat' dir='ltr'><strong><em>servatum,</em></strong></span> <span class='ocrx_word' id='word_1_863' title='bbox 867 4378 929 4461; x_wconf 54' lang='lat' dir='ltr'><strong><em>et</em></strong></span> <span class='ocrx_word' id='word_1_864' title='bbox 950 4370 1049 4450; x_wconf 79' lang='lat' dir='ltr'><strong><em>lib.</em></strong></span> <span class='ocrx_word' id='word_1_865' title='bbox 1079 4383 1116 4421; x_wconf 93' lang='lat' dir='ltr'><strong><em>tt</em></strong></span> <span class='ocrx_word' id='word_1_866' title='bbox 1137 4379 1278 4461; x_wconf 39' lang='lat' dir='ltr'><strong><em>eltnut</em></strong></span> <span class='ocrx_word' id='word_1_867' title='bbox 1301 4374 1486 4461; x_wconf 50' lang='lat' dir='ltr'><strong><em>cntra</em></strong></span> <span class='ocrx_word' id='word_1_868' title='bbox 1517 4366 1732 4461; x_wconf 40' lang='lat' dir='ltr'><strong><em>Plellagj;</em></strong></span> <span class='ocrx_word' id='word_1_869' title='bbox 1761 4365 1987 4461; x_wconf 55' lang='lat' dir='ltr'><strong><em>August.</em></strong></span> <span class='ocrx_word' id='word_1_870' title='bbox 2019 4368 2148 4461; x_wconf 29' lang='lat' dir='ltr'><strong><em>inde</em></strong></span> <span class='ocrx_word' id='word_1_871' title='bbox 2175 4399 2230 4461; x_wconf 66' lang='grc' dir='ltr'><strong>Β</strong></span> <span class='ocrx_word' id='word_1_872' title='bbox 2257 4367 2296 4461; x_wconf 58' lang='grc' dir='ltr'>ξ</span> <span class='ocrx_word' id='word_1_873' title='bbox 2319 4383 2436 4461; x_wconf 67' lang='lat' dir='ltr'><strong><em>cap.</em></strong></span> <span class='ocrx_word' id='word_1_874' title='bbox 2467 4367 2524 4450; x_wconf 71' lang='lat' dir='ltr'><strong><em>ll</em></strong></span> <span class='ocrx_word' id='word_1_875' title='bbox 2555 4370 2727 4461; x_wconf 59' lang='lat' dir='ltr'><strong><em>etuti,</em></strong></span> <span class='ocrx_word' id='word_1_876' title='bbox 2758 4366 3048 4461; x_wconf 37' lang='lat' dir='ltr'><strong><em>collat.}?</em></strong></span> <span class='ocrx_word' id='word_1_877' title='bbox 3075 4382 3193 4437; x_wconf 85' lang='lat' dir='ltr'><strong><em>cap.</em></strong></span> <span class='ocrx_word' id='word_1_878' title='bbox 3226 4366 3292 4461; x_wconf 53' lang='lat' dir='ltr'><strong><em>lii</em></strong></span> <span class='ocrx_word' id='word_1_879' title='bbox 3319 4377 3372 4421; x_wconf 92' lang='lat' dir='ltr'><strong><em>et</em></strong></span> <span class='ocrx_word' id='word_1_880' title='bbox 3403 4365 3490 4422; x_wconf 86' lang='grc'><strong><em>16.</em></strong></span> <span class='ocrx_word' id='word_1_881' title='bbox 3521 4365 3635 4420; x_wconf 80' lang='lat' dir='ltr'><strong><em>Hoc</em></strong></span> <span class='ocrx_word' id='word_1_882' title='bbox 3667 4375 3722 4419; x_wconf 88' lang='lat' dir='ltr'><strong><em>ut</em></strong></span> <span class='ocrx_word' id='word_1_883' title='bbox 3747 4381 3840 4424; x_wconf 60' lang='lat' dir='ltr'><strong><em>ea.</em></strong></span> 
     </span>
    </p>
   </div>
   <div class='ocr_carea' id='block_1_116' title="bbox 566 4438 2146 4498">
    <p class='ocr_par' dir='ltr' id='par_1_116' title="bbox 566 4438 2146 4498">
     <span class='ocr_line' id='line_1_117' title="bbox 566 4438 2146 4498; baseline 0 -5"><span class='ocrx_word' id='word_1_884' title='bbox 566 4439 764 4494; x_wconf 84' lang='lat' dir='ltr'><strong><em>Natura</em></strong></span> <span class='ocrx_word' id='word_1_885' title='bbox 779 4451 840 4493; x_wconf 35' lang='lat' dir='ltr'><strong><em>iet</em></strong></span> <span class='ocrx_word' id='word_1_886' title='bbox 867 4438 1047 4495; x_wconf 87' lang='lat' dir='ltr'><strong><em>Gratia</em></strong></span> <span class='ocrx_word' id='word_1_887' title='bbox 1071 4454 1119 4494; x_wconf 92' lang='lat' dir='ltr'><strong><em>c.</em></strong></span> <span class='ocrx_word' id='word_1_888' title='bbox 1157 4439 1222 4493; x_wconf 77' lang='lat' dir='ltr'><strong><em>lli</em></strong></span> <span class='ocrx_word' id='word_1_889' title='bbox 1254 4449 1301 4492; x_wconf 88' lang='lat' dir='ltr'><strong><em>et</em></strong></span> <span class='ocrx_word' id='word_1_890' title='bbox 1334 4439 1426 4498; x_wconf 70' lang='grc'><strong><em>29,</em></strong></span> <span class='ocrx_word' id='word_1_891' title='bbox 1459 4448 1513 4492; x_wconf 88' lang='lat' dir='ltr'><strong><em>et</em></strong></span> <span class='ocrx_word' id='word_1_892' title='bbox 1543 4439 1633 4492; x_wconf 90' lang='lat' dir='ltr'><strong><em>lib.</em></strong></span> <span class='ocrx_word' id='word_1_893' title='bbox 1664 4438 1733 4492; x_wconf 89' lang='lat' dir='ltr'><strong><em>de</em></strong></span> <span class='ocrx_word' id='word_1_894' title='bbox 1761 4439 1944 4493; x_wconf 83' lang='lat' dir='ltr'><strong><em>Gratia</em></strong></span> <span class='ocrx_word' id='word_1_895' title='bbox 1973 4448 2026 4493; x_wconf 88' lang='lat' dir='ltr'><strong><em>et</em></strong></span> <span class='ocrx_word' id='word_1_896' title='bbox 2057 4442 2146 4494; x_wconf 86' lang='lat' dir='ltr'><strong><em>Li-</em></strong></span> 
     </span>
    </p>
   </div>
   <div class='ocr_carea' id='block_1_117' title="bbox 567 4507 2149 4582">
    <p class='ocr_par' dir='ltr' id='par_1_117' title="bbox 567 4507 2149 4582">
     <span class='ocr_line' id='line_1_118' title="bbox 567 4507 2149 4582; baseline -0.004 -16"><span class='ocrx_word' id='word_1_897' title='bbox 567 4512 696 4567; x_wconf 89' lang='lat' dir='ltr'><strong><em>bero</em></strong></span> <span class='ocrx_word' id='word_1_898' title='bbox 727 4512 925 4564; x_wconf 69' lang='lat' dir='ltr'><strong><em>Arbitr.</em></strong></span> <span class='ocrx_word' id='word_1_899' title='bbox 950 4525 1068 4578; x_wconf 88' lang='lat' dir='ltr'><strong><em>cap.</em></strong></span> <span class='ocrx_word' id='word_1_900' title='bbox 1089 4507 1372 4582; x_wconf 56' lang='lat' dir='ltr'><strong><em>iet5,lib.</em></strong></span> <span class='ocrx_word' id='word_1_901' title='bbox 1396 4524 1453 4563; x_wconf 88' lang='grc' dir='ltr'><strong><em>ιιι</em></strong></span> <span class='ocrx_word' id='word_1_902' title='bbox 1479 4509 1950 4582; x_wconf 75' lang='lat' dir='ltr'><strong><em>ilypegnosticOu;</em></strong></span> <span class='ocrx_word' id='word_1_903' title='bbox 1977 4511 2149 4582; x_wconf 78' lang='lat' dir='ltr'><strong><em>Chi-y-</em></strong></span> 
     </span>
    </p>
   </div>
   <div class='ocr_carea' id='block_1_118' title="bbox 564 4581 2151 4649">
    <p class='ocr_par' dir='ltr' id='par_1_118' title="bbox 564 4581 2151 4649">
     <span class='ocr_line' id='line_1_119' title="bbox 564 4581 2151 4649; baseline 0 -14"><span class='ocrx_word' id='word_1_904' title='bbox 564 4593 836 4636; x_wconf 86' lang='lat' dir='ltr'><strong><em>sostomus</em></strong></span> <span class='ocrx_word' id='word_1_905' title='bbox 880 4582 1065 4635; x_wconf 88' lang='lat' dir='ltr'><strong><em>homii.</em></strong></span> <span class='ocrx_word' id='word_1_906' title='bbox 1097 4581 1131 4634; x_wconf 68' lang='grc'><strong>2</strong></span> <span class='ocrx_word' id='word_1_907' title='bbox 1164 4583 1213 4633; x_wconf 90' lang='lat' dir='ltr'><strong><em>in</em></strong></span> <span class='ocrx_word' id='word_1_908' title='bbox 1251 4581 1419 4649; x_wconf 87' lang='lat' dir='ltr'><strong><em>Epist.</em></strong></span> <span class='ocrx_word' id='word_1_909' title='bbox 1461 4581 1498 4634; x_wconf 93' lang='lat' dir='ltr'><strong><em>ll</em></strong></span> <span class='ocrx_word' id='word_1_910' title='bbox 1531 4582 1595 4633; x_wconf 82' lang='lat' dir='ltr'><strong><em>ad</em></strong></span> <span class='ocrx_word' id='word_1_911' title='bbox 1617 4581 1904 4645; x_wconf 66' lang='lat' dir='ltr'><strong><em>&#39;tjoriutb.;</em></strong></span> <span class='ocrx_word' id='word_1_912' title='bbox 1957 4581 2151 4636; x_wconf 72' lang='lat' dir='ltr'><strong><em>An~el-</em></strong></span> 
     </span>
    </p>
   </div>
   <div class='ocr_carea' id='block_1_119' title="bbox 567 4650 2146 4721">
    <p class='ocr_par' dir='ltr' id='par_1_119' title="bbox 567 4650 2146 4721">
     <span class='ocr_line' id='line_1_120' title="bbox 567 4650 2146 4721; baseline -0.001 -13"><span class='ocrx_word' id='word_1_913' title='bbox 567 4669 686 4708; x_wconf 90' lang='lat' dir='ltr'><strong><em>mus</em></strong></span> <span class='ocrx_word' id='word_1_914' title='bbox 721 4655 770 4706; x_wconf 87' lang='lat' dir='ltr'><strong><em>in</em></strong></span> <span class='ocrx_word' id='word_1_915' title='bbox 807 4653 978 4721; x_wconf 64' lang='lat' dir='ltr'><strong><em>Epist.</em></strong></span> <span class='ocrx_word' id='word_1_916' title='bbox 1011 4650 1295 4706; x_wconf 84' lang='lat' dir='ltr'><strong><em>iCorinth.</em></strong></span> <span class='ocrx_word' id='word_1_917' title='bbox 1335 4667 1454 4714; x_wconf 86' lang='lat' dir='ltr'><strong><em>cap.</em></strong></span> <span class='ocrx_word' id='word_1_918' title='bbox 1487 4667 1578 4714; x_wconf 88' lang='lat' dir='ltr'><strong><em>xv,</em></strong></span> <span class='ocrx_word' id='word_1_919' title='bbox 1605 4666 1768 4719; x_wconf 87' lang='lat' dir='ltr'><strong><em>super</em></strong></span> <span class='ocrx_word' id='word_1_920' title='bbox 1809 4653 1894 4706; x_wconf 91' lang='lat' dir='ltr'><strong><em>illa</em></strong></span> <span class='ocrx_word' id='word_1_921' title='bbox 1943 4653 2146 4707; x_wconf 87' lang='lat' dir='ltr'><strong><em>verba:</em></strong></span> 
     </span>
    </p>
   </div>
   <div class='ocr_carea' id='block_1_120' title="bbox 568 4722 2145 4797">
    <p class='ocr_par' dir='ltr' id='par_1_120' title="bbox 568 4722 2145 4797">
     <span class='ocr_line' id='line_1_121' title="bbox 568 4722 2145 4797; baseline 0.001 -20"><span class='ocrx_word' id='word_1_922' title='bbox 568 4725 689 4778; x_wconf 88' lang='lat' dir='ltr'><strong><em>Non</em></strong></span> <span class='ocrx_word' id='word_1_923' title='bbox 718 4741 830 4797; x_wconf 86' lang='lat' dir='ltr'><strong><em>ego,</em></strong></span> <span class='ocrx_word' id='word_1_924' title='bbox 854 4729 952 4797; x_wconf 73' lang='lat' dir='ltr'><strong><em>sed</em></strong></span> <span class='ocrx_word' id='word_1_925' title='bbox 978 4724 1145 4797; x_wconf 71' lang='lat' dir='ltr'><strong><em>gratia</em></strong></span> <span class='ocrx_word' id='word_1_926' title='bbox 1176 4722 1270 4775; x_wconf 77' lang='lat' dir='ltr'><strong><em>Dei</em></strong></span> <span class='ocrx_word' id='word_1_927' title='bbox 1293 4739 1520 4797; x_wconf 76' lang='lat' dir='ltr'><strong><em>mecum;</em></strong></span> <span class='ocrx_word' id='word_1_928' title='bbox 1549 4724 1606 4797; x_wconf 67' lang='lat' dir='ltr'><strong><em>S.</em></strong></span> <span class='ocrx_word' id='word_1_929' title='bbox 1635 4723 1926 4797; x_wconf 62' lang='lat' dir='ltr'><strong><em>Gregorius</em></strong></span> <span class='ocrx_word' id='word_1_930' title='bbox 1955 4723 2145 4797; x_wconf 78' lang='lat' dir='ltr'><strong><em>liotnil.</em></strong></span> 
     </span>
    </p>
   </div>
   <div class='ocr_carea' id='block_1_121' title="bbox 565 4793 2150 4858">
    <p class='ocr_par' dir='ltr' id='par_1_121' title="bbox 565 4793 2150 4858">
     <span class='ocr_line' id='line_1_122' title="bbox 565 4793 2150 4858; baseline 0.001 -10"><span class='ocrx_word' id='word_1_931' title='bbox 565 4797 598 4848; x_wconf 81' lang='lat'><strong>9</strong></span> <span class='ocrx_word' id='word_1_932' title='bbox 630 4797 680 4848; x_wconf 90' lang='lat' dir='ltr'><strong><em>iu</em></strong></span> <span class='ocrx_word' id='word_1_933' title='bbox 709 4793 1078 4858; x_wconf 62' lang='lat' dir='ltr'><strong><em>Eaccltieleiii;</em></strong></span> <span class='ocrx_word' id='word_1_934' title='bbox 1111 4794 1416 4847; x_wconf 70' lang='lat' dir='ltr'><strong><em>Bernartius</em></strong></span> <span class='ocrx_word' id='word_1_935' title='bbox 1447 4793 1539 4846; x_wconf 90' lang='lat' dir='ltr'><strong><em>lib.</em></strong></span> <span class='ocrx_word' id='word_1_936' title='bbox 1577 4793 1643 4846; x_wconf 90' lang='lat' dir='ltr'><strong><em>de</em></strong></span> <span class='ocrx_word' id='word_1_937' title='bbox 1664 4793 1845 4848; x_wconf 87' lang='lat' dir='ltr'><strong><em>Gratia</em></strong></span> <span class='ocrx_word' id='word_1_938' title='bbox 1871 4803 1926 4848; x_wconf 89' lang='lat' dir='ltr'><strong><em>et</em></strong></span> <span class='ocrx_word' id='word_1_939' title='bbox 1954 4795 2150 4850; x_wconf 84' lang='lat' dir='ltr'><strong><em>Libero</em></strong></span> 
     </span>
    </p>
   </div>
   <div class='ocr_carea' id='block_1_122' title="bbox 563 4863 1860 4922">
    <p class='ocr_par' dir='ltr' id='par_1_122' title="bbox 563 4863 1860 4922">
     <span class='ocr_line' id='line_1_123' title="bbox 563 4863 1860 4922; baseline -0.001 -4"><span class='ocrx_word' id='word_1_940' title='bbox 563 4867 764 4919; x_wconf 83' lang='lat' dir='ltr'><strong><em>Arbitr.</em></strong></span> <span class='ocrx_word' id='word_1_941' title='bbox 800 4879 852 4922; x_wconf 89' lang='lat' dir='ltr'><strong><em>et</em></strong></span> <span class='ocrx_word' id='word_1_942' title='bbox 879 4865 1074 4921; x_wconf 87' lang='lat' dir='ltr'><strong><em>concil.</em></strong></span> <span class='ocrx_word' id='word_1_943' title='bbox 1108 4863 1352 4918; x_wconf 81' lang='lat' dir='ltr'><strong><em>Trident.</em></strong></span> <span class='ocrx_word' id='word_1_944' title='bbox 1386 4879 1522 4919; x_wconf 87' lang='lat' dir='ltr'><strong><em>sess.</em></strong></span> <span class='ocrx_word' id='word_1_945' title='bbox 1553 4863 1587 4918; x_wconf 84' lang='lat'><strong>6</strong></span> <span class='ocrx_word' id='word_1_946' title='bbox 1614 4880 1738 4919; x_wconf 88' lang='lat' dir='ltr'><strong><em>can.</em></strong></span> <span class='ocrx_word' id='word_1_947' title='bbox 1770 4864 1860 4918; x_wconf 77' lang='grc'><strong><em>52.</em></strong></span> 
     </span>
    </p>
   </div>
   <div class='ocr_carea' id='block_1_123' title="bbox 810 4976 1898 5035">
    <p class='ocr_par' dir='ltr' id='par_1_123' title="bbox 810 4976 1898 5035">
     <span class='ocr_line' id='line_1_124' title="bbox 810 4976 1898 5035; baseline 0.002 -3"><span class='ocrx_word' id='word_1_948' title='bbox 810 4977 1084 5033; x_wconf 73' lang='lat' dir='ltr'><strong><em>OCTAVA</em></strong></span> <span class='ocrx_word' id='word_1_949' title='bbox 1125 4976 1438 5034; x_wconf 80' lang='lat' dir='ltr'><strong><em>CASSIANI</em></strong></span> <span class='ocrx_word' id='word_1_950' title='bbox 1476 4977 1898 5035; x_wconf 74' lang='lat' dir='ltr'><strong><em>PROI’OSITIO.</em></strong></span> 
     </span>
    </p>
   </div>
   <div class='ocr_carea' id='block_1_124' title="bbox 636 5068 2149 5138">
    <p class='ocr_par' dir='ltr' id='par_1_124' title="bbox 636 5068 2149 5138">
     <span class='ocr_line' id='line_1_125' title="bbox 636 5068 2149 5138; baseline 0.003 -15"><span class='ocrx_word' id='word_1_951' title='bbox 636 5068 952 5123; x_wconf 84' lang='lat' dir='ltr'><strong><em>Nostrarum</em></strong></span> <span class='ocrx_word' id='word_1_952' title='bbox 975 5069 1274 5138; x_wconf 85' lang='lat' dir='ltr'><strong><em>qualitatem</em></strong></span> <span class='ocrx_word' id='word_1_953' title='bbox 1313 5070 1680 5138; x_wconf 83' lang='lat' dir='ltr'><strong><em>cogitationum</em></strong></span> <span class='ocrx_word' id='word_1_954' title='bbox 1717 5080 1807 5125; x_wconf 86' lang='lat' dir='ltr'><strong><em>aut</em></strong></span> <span class='ocrx_word' id='word_1_955' title='bbox 1834 5074 2149 5128; x_wconf 85' lang='lat' dir='ltr'><strong><em>recordatio-</em></strong></span> 
     </span>
    </p>
   </div>
   <div class='ocr_carea' id='block_1_125' title="bbox 562 5141 2150 5210">
    <p class='ocr_par' dir='ltr' id='par_1_125' title="bbox 562 5141 2150 5210">
     <span class='ocr_line' id='line_1_126' title="bbox 562 5141 2150 5210; baseline 0.003 -15"><span class='ocrx_word' id='word_1_956' title='bbox 562 5157 684 5194; x_wconf 84' lang='lat' dir='ltr'><strong><em>num</em></strong></span> <span class='ocrx_word' id='word_1_957' title='bbox 709 5141 763 5194; x_wconf 87' lang='lat' dir='ltr'><strong><em>in</em></strong></span> <span class='ocrx_word' id='word_1_958' title='bbox 791 5149 964 5192; x_wconf 88' lang='lat' dir='ltr'><strong><em>nostra</em></strong></span> <span class='ocrx_word' id='word_1_959' title='bbox 992 5141 1213 5210; x_wconf 83' lang='lat' dir='ltr'><strong><em>positam</em></strong></span> <span class='ocrx_word' id='word_1_960' title='bbox 1242 5156 1350 5193; x_wconf 86' lang='lat' dir='ltr'><strong><em>esse</em></strong></span> <span class='ocrx_word' id='word_1_961' title='bbox 1377 5149 1641 5205; x_wconf 86' lang='lat' dir='ltr'><strong><em>potestate.</em></strong></span> <span class='ocrx_word' id='word_1_962' title='bbox 1681 5141 1735 5194; x_wconf 90' lang='lat' dir='ltr'><strong><em>id</em></strong></span> <span class='ocrx_word' id='word_1_963' title='bbox 1767 5143 2003 5199; x_wconf 84' lang='lat' dir='ltr'><strong><em>aitirmat</em></strong></span> <span class='ocrx_word' id='word_1_964' title='bbox 2037 5146 2150 5199; x_wconf 87' lang='lat' dir='ltr'><strong><em>col-</em></strong></span> 
     </span>
    </p>
   </div>
   <div class='ocr_carea' id='block_1_126' title="bbox 561 5210 2147 5280">
    <p class='ocr_par' dir='ltr' id='par_1_126' title="bbox 561 5210 2147 5280">
     <span class='ocr_line' id='line_1_127' title="bbox 561 5210 2147 5280; baseline 0.004 -14"><span class='ocrx_word' id='word_1_965' title='bbox 561 5213 657 5267; x_wconf 88' lang='lat' dir='ltr'><strong><em>lat.</em></strong></span> <span class='ocrx_word' id='word_1_966' title='bbox 689 5216 706 5265; x_wconf 86' lang='lat' dir='ltr'><strong><em>l</em></strong></span> <span class='ocrx_word' id='word_1_967' title='bbox 734 5227 853 5280; x_wconf 84' lang='lat' dir='ltr'><strong><em>cap.</em></strong></span> <span class='ocrx_word' id='word_1_968' title='bbox 881 5211 945 5264; x_wconf 89' lang='grc'><strong>17</strong></span> <span class='ocrx_word' id='word_1_969' title='bbox 970 5221 1024 5264; x_wconf 89' lang='lat' dir='ltr'><strong><em>et</em></strong></span> <span class='ocrx_word' id='word_1_970' title='bbox 1050 5210 1137 5276; x_wconf 87' lang='lat' dir='ltr'><strong><em>l9,</em></strong></span> <span class='ocrx_word' id='word_1_971' title='bbox 1167 5223 1220 5264; x_wconf 90' lang='lat' dir='ltr'><strong><em>et</em></strong></span> <span class='ocrx_word' id='word_1_972' title='bbox 1241 5212 1421 5264; x_wconf 90' lang='lat' dir='ltr'><strong><em>collat.</em></strong></span> <span class='ocrx_word' id='word_1_973' title='bbox 1449 5212 1478 5264; x_wconf 82' lang='lat' dir='ltr'><strong><em>&#39;t&#39;</em></strong></span> <span class='ocrx_word' id='word_1_974' title='bbox 1503 5225 1623 5280; x_wconf 87' lang='lat' dir='ltr'><strong><em>cap.</em></strong></span> <span class='ocrx_word' id='word_1_975' title='bbox 1654 5210 1707 5265; x_wconf 69' lang='grc'><strong><em>4.</em></strong></span> <span class='ocrx_word' id='word_1_976' title='bbox 1741 5213 1854 5268; x_wconf 80' lang='lat' dir='ltr'><strong><em>Hoc</em></strong></span> <span class='ocrx_word' id='word_1_977' title='bbox 1877 5214 1993 5269; x_wconf 91' lang='lat' dir='ltr'><strong><em>loco</em></strong></span> <span class='ocrx_word' id='word_1_978' title='bbox 2016 5217 2147 5273; x_wconf 88' lang='lat' dir='ltr'><strong><em>illud</em></strong></span> 
     </span>
    </p>
   </div>
   <div class='ocr_carea' id='block_1_127' title="bbox 558 5281 2148 5350">
    <p class='ocr_par' dir='ltr' id='par_1_127' title="bbox 558 5281 2148 5350">
     <span class='ocr_line' id='line_1_128' title="bbox 558 5281 2148 5350; baseline 0.003 -13"><span class='ocrx_word' id='word_1_979' title='bbox 558 5285 920 5339; x_wconf 86' lang='lat' dir='ltr'><strong><em>annotandum</em></strong></span> <span class='ocrx_word' id='word_1_980' title='bbox 938 5290 1024 5337; x_wconf 85' lang='lat' dir='ltr'><strong><em>est</em></strong></span> <span class='ocrx_word' id='word_1_981' title='bbox 1040 5281 1185 5350; x_wconf 90' lang='lat' dir='ltr'><strong><em>quod</em></strong></span> <span class='ocrx_word' id='word_1_982' title='bbox 1208 5283 1394 5337; x_wconf 86' lang='lat' dir='ltr'><strong><em>scribit</em></strong></span> <span class='ocrx_word' id='word_1_983' title='bbox 1416 5282 1702 5337; x_wconf 85' lang='lat' dir='ltr'><strong><em>Anselmus</em></strong></span> <span class='ocrx_word' id='word_1_984' title='bbox 1725 5286 1778 5339; x_wconf 93' lang='lat' dir='ltr'><strong><em>in</em></strong></span> <span class='ocrx_word' id='word_1_985' title='bbox 1805 5286 1898 5342; x_wconf 92' lang='lat' dir='ltr'><strong><em>lib.</em></strong></span> <span class='ocrx_word' id='word_1_986' title='bbox 1924 5286 1990 5340; x_wconf 92' lang='lat' dir='ltr'><strong><em>de</em></strong></span> <span class='ocrx_word' id='word_1_987' title='bbox 2012 5287 2148 5342; x_wconf 90' lang='lat' dir='ltr'><strong><em>Con-</em></strong></span> 
     </span>
    </p>
   </div>
   <div class='ocr_carea' id='block_1_128' title="bbox 561 5354 2147 5427">
    <p class='ocr_par' dir='ltr' id='par_1_128' title="bbox 561 5354 2147 5427">
     <span class='ocr_line' id='line_1_129' title="bbox 561 5354 2147 5427; baseline 0.003 -17"><span class='ocrx_word' id='word_1_988' title='bbox 561 5355 746 5410; x_wconf 90' lang='lat' dir='ltr'><strong><em>cordia</em></strong></span> <span class='ocrx_word' id='word_1_989' title='bbox 795 5354 1152 5427; x_wconf 66' lang='lat' dir='ltr'><strong><em>prncietitiaa</em></strong></span> <span class='ocrx_word' id='word_1_990' title='bbox 1194 5354 1804 5427; x_wconf 71' lang='lat' dir='ltr'><strong><em>et_pra_edestinationts,</em></strong></span> <span class='ocrx_word' id='word_1_991' title='bbox 1856 5360 2147 5427; x_wconf 70' lang='lat' dir='ltr'><strong><em>gratimque</em></strong></span> 
     </span>
    </p>
   </div>
   <div class='ocr_carea' id='block_1_129' title="bbox 557 5423 2145 5496">
    <p class='ocr_par' dir='ltr' id='par_1_129' title="bbox 557 5423 2145 5496">
     <span class='ocr_line' id='line_1_130' title="bbox 557 5423 2145 5496; baseline 0.002 -15"><span class='ocrx_word' id='word_1_992' title='bbox 557 5440 624 5481; x_wconf 85' lang='lat' dir='ltr'><strong><em>ac</em></strong></span> <span class='ocrx_word' id='word_1_993' title='bbox 652 5427 809 5481; x_wconf 82' lang='lat' dir='ltr'><strong><em>liberi</em></strong></span> <span class='ocrx_word' id='word_1_994' title='bbox 847 5425 1057 5480; x_wconf 84' lang='lat' dir='ltr'><strong><em>arbitrii</em></strong></span> <span class='ocrx_word' id='word_1_995' title='bbox 1097 5435 1221 5492; x_wconf 82' lang='lat' dir='ltr'><strong><em>cap.</em></strong></span> <span class='ocrx_word' id='word_1_996' title='bbox 1265 5425 1319 5480; x_wconf 76' lang='grc'><strong>5.</strong></span> <span class='ocrx_word' id='word_1_997' title='bbox 1367 5423 1424 5480; x_wconf 88' lang='lat' dir='ltr'><strong><em>Si</em></strong></span> <span class='ocrx_word' id='word_1_998' title='bbox 1463 5426 1633 5486; x_wconf 86' lang='lat' dir='ltr'><strong><em>bene,</em></strong></span> <span class='ocrx_word' id='word_1_999' title='bbox 1668 5423 2145 5496; x_wconf 56' lang='lat' dir='ltr'><strong><em>inquit,&#39;ctmside-</em></strong></span> 
     </span>
    </p>
   </div>
   <div class='ocr_carea' id='block_1_130' title="bbox 557 5499 2143 5572">
    <p class='ocr_par' dir='ltr' id='par_1_130' title="bbox 557 5499 2143 5572">
     <span class='ocr_line' id='line_1_131' title="bbox 557 5499 2143 5572; baseline -0.001 -15"><span class='ocrx_word' id='word_1_1000' title='bbox 557 5513 750 5558; x_wconf 85' lang='lat' dir='ltr'><strong><em>rentur</em></strong></span> <span class='ocrx_word' id='word_1_1001' title='bbox 771 5516 892 5572; x_wconf 72' lang='lat' dir='ltr'><strong><em>quae</em></strong></span> <span class='ocrx_word' id='word_1_1002' title='bbox 921 5500 1063 5555; x_wconf 84' lang='lat' dir='ltr'><strong><em>dicta</em></strong></span> <span class='ocrx_word' id='word_1_1003' title='bbox 1095 5505 1244 5561; x_wconf 89' lang='lat' dir='ltr'><strong><em>sunt,</em></strong></span> <span class='ocrx_word' id='word_1_1004' title='bbox 1272 5506 1454 5565; x_wconf 86' lang='lat' dir='ltr'><strong><em>aperte</em></strong></span> <span class='ocrx_word' id='word_1_1005' title='bbox 1489 5501 1835 5572; x_wconf 76' lang='lat' dir='ltr'><strong><em>cognoscitur</em></strong></span> <span class='ocrx_word' id='word_1_1006' title='bbox 1866 5499 1990 5570; x_wconf 89' lang='lat' dir='ltr'><strong><em>quia</em></strong></span> <span class='ocrx_word' id='word_1_1007' title='bbox 2021 5516 2143 5555; x_wconf 89' lang='lat' dir='ltr'><strong><em>cum</em></strong></span> 
     </span>
    </p>
   </div>
   <div class='ocr_carea' id='block_1_131' title="bbox 558 5568 2142 5645">
    <p class='ocr_par' dir='ltr' id='par_1_131' title="bbox 558 5568 2142 5645">
     <span class='ocr_line' id='line_1_132' title="bbox 558 5568 2142 5645; baseline -0.001 -20"><span class='ocrx_word' id='word_1_1008' title='bbox 558 5575 763 5645; x_wconf 87' lang='lat' dir='ltr'><strong><em>aliquid</em></strong></span> <span class='ocrx_word' id='word_1_1009' title='bbox 791 5568 924 5628; x_wconf 80' lang='lat' dir='ltr'><strong><em>dicit</em></strong></span> <span class='ocrx_word' id='word_1_1010' title='bbox 952 5574 1233 5645; x_wconf 88' lang='lat' dir='ltr'><strong><em>Scriptura</em></strong></span> <span class='ocrx_word' id='word_1_1011' title='bbox 1266 5583 1362 5636; x_wconf 93' lang='lat' dir='ltr'><strong><em>pro</em></strong></span> <span class='ocrx_word' id='word_1_1012' title='bbox 1392 5568 1582 5635; x_wconf 84' lang='lat' dir='ltr'><strong><em>gratia,</em></strong></span> <span class='ocrx_word' id='word_1_1013' title='bbox 1618 5583 1724 5622; x_wconf 90' lang='lat' dir='ltr'><strong><em>non</em></strong></span> <span class='ocrx_word' id='word_1_1014' title='bbox 1765 5568 1983 5645; x_wconf 78' lang='lat' dir='ltr'><strong><em>amovet</em></strong></span> <span class='ocrx_word' id='word_1_1015' title='bbox 2024 5585 2142 5624; x_wconf 87' lang='lat' dir='ltr'><strong><em>om-</em></strong></span> 
     </span>
    </p>
   </div>
   <div class='ocr_carea' id='block_1_132' title="bbox 562 5644 2144 5714">
    <p class='ocr_par' dir='ltr' id='par_1_132' title="bbox 562 5644 2144 5714">
     <span class='ocr_line' id='line_1_133' title="bbox 562 5644 2144 5714; baseline 0 -15"><span class='ocrx_word' id='word_1_1016' title='bbox 562 5644 690 5699; x_wconf 76' lang='lat' dir='ltr'><strong><em>nino</em></strong></span> <span class='ocrx_word' id='word_1_1017' title='bbox 741 5647 960 5699; x_wconf 79' lang='lat' dir='ltr'><strong><em>liberum</em></strong></span> <span class='ocrx_word' id='word_1_1018' title='bbox 1008 5644 1320 5704; x_wconf 80' lang='lat' dir='ltr'><strong><em>arbitrium;</em></strong></span> <span class='ocrx_word' id='word_1_1019' title='bbox 1372 5653 1549 5708; x_wconf 87' lang='lat' dir='ltr'><strong><em>neque</em></strong></span> <span class='ocrx_word' id='word_1_1020' title='bbox 1593 5652 1718 5695; x_wconf 87' lang='lat' dir='ltr'><strong><em>cum</em></strong></span> <span class='ocrx_word' id='word_1_1021' title='bbox 1765 5644 2001 5710; x_wconf 89' lang='lat' dir='ltr'><strong><em>loquitur</em></strong></span> <span class='ocrx_word' id='word_1_1022' title='bbox 2045 5657 2144 5714; x_wconf 88' lang='lat' dir='ltr'><strong><em>pro</em></strong></span> 
     </span>
    </p>
   </div>
   <div class='ocr_carea' id='block_1_133' title="bbox 2259 4438 3838 4506">
    <p class='ocr_par' dir='ltr' id='par_1_133' title="bbox 2259 4438 3838 4506">
     <span class='ocr_line' id='line_1_134' title="bbox 2259 4438 3838 4506; baseline 0.001 -16"><span class='ocrx_word' id='word_1_1023' title='bbox 2259 4438 2456 4492; x_wconf 83' lang='lat' dir='ltr'><strong><em>thutiee</em></strong></span> <span class='ocrx_word' id='word_1_1024' title='bbox 2503 4439 2852 4506; x_wconf 58' lang='lat' dir='ltr'><strong><em>intelligatur,</em></strong></span> <span class='ocrx_word' id='word_1_1025' title='bbox 2910 4439 3039 4492; x_wconf 89' lang='lat' dir='ltr'><strong><em>illttd</em></strong></span> <span class='ocrx_word' id='word_1_1026' title='bbox 3085 4440 3374 4492; x_wconf 89' lang='lat' dir='ltr'><strong><em>tenendum</em></strong></span> <span class='ocrx_word' id='word_1_1027' title='bbox 3425 4445 3537 4502; x_wconf 85' lang='lat' dir='ltr'><strong><em>est,</em></strong></span> <span class='ocrx_word' id='word_1_1028' title='bbox 3591 4450 3838 4497; x_wconf 83' lang='lat' dir='ltr'><strong><em>nostrum</em></strong></span> 
     </span>
    </p>
   </div>
   <div class='ocr_carea' id='block_1_134' title="bbox 2259 4506 3838 4577">
    <p class='ocr_par' dir='ltr' id='par_1_134' title="bbox 2259 4506 3838 4577">
     <span class='ocr_line' id='line_1_135' title="bbox 2259 4506 3838 4577; baseline -0.001 -14"><span class='ocrx_word' id='word_1_1029' title='bbox 2259 4510 2400 4563; x_wconf 89' lang='lat' dir='ltr'><strong><em>hunc</em></strong></span> <span class='ocrx_word' id='word_1_1030' title='bbox 2420 4519 2631 4576; x_wconf 86' lang='lat' dir='ltr'><strong><em>captum</em></strong></span> <span class='ocrx_word' id='word_1_1031' title='bbox 2667 4519 2721 4563; x_wconf 87' lang='lat' dir='ltr'><strong><em>et</em></strong></span> <span class='ocrx_word' id='word_1_1032' title='bbox 2745 4519 3017 4575; x_wconf 87' lang='lat' dir='ltr'><strong><em>conatum,</em></strong></span> <span class='ocrx_word' id='word_1_1033' title='bbox 3047 4510 3134 4564; x_wconf 93' lang='lat' dir='ltr'><strong><em>cui</em></strong></span> <span class='ocrx_word' id='word_1_1034' title='bbox 3169 4511 3308 4564; x_wconf 86' lang='lat' dir='ltr'><strong><em>Deus</em></strong></span> <span class='ocrx_word' id='word_1_1035' title='bbox 3336 4524 3447 4563; x_wconf 67' lang='lat' dir='ltr'><strong><em>sua:</em></strong></span> <span class='ocrx_word' id='word_1_1036' title='bbox 3485 4507 3670 4577; x_wconf 64' lang='lat' dir='ltr'><strong><em>gratiae</em></strong></span> <span class='ocrx_word' id='word_1_1037' title='bbox 3693 4506 3838 4562; x_wconf 78' lang='lat' dir='ltr'><strong><em>dici-</em></strong></span> 
     </span>
    </p>
   </div>
   <div class='ocr_carea' id='block_1_135' title="bbox 2259 4578 3839 4650">
    <p class='ocr_par' dir='ltr' id='par_1_135' title="bbox 2259 4578 3839 4650">
     <span class='ocr_line' id='line_1_136' title="bbox 2259 4578 3839 4650; baseline -0.001 -15"><span class='ocrx_word' id='word_1_1038' title='bbox 2259 4591 2344 4635; x_wconf 81' lang='lat' dir='ltr'><strong><em>tur</em></strong></span> <span class='ocrx_word' id='word_1_1039' title='bbox 2369 4581 2627 4648; x_wconf 84' lang='lat' dir='ltr'><strong><em>adaptare</em></strong></span> <span class='ocrx_word' id='word_1_1040' title='bbox 2659 4595 2992 4647; x_wconf 86' lang='lat' dir='ltr'><strong><em>mensuram,</em></strong></span> <span class='ocrx_word' id='word_1_1041' title='bbox 3037 4583 3225 4636; x_wconf 88' lang='lat' dir='ltr'><strong><em>referri</em></strong></span> <span class='ocrx_word' id='word_1_1042' title='bbox 3271 4595 3428 4650; x_wconf 88' lang='lat' dir='ltr'><strong><em>posse</em></strong></span> <span class='ocrx_word' id='word_1_1043' title='bbox 3473 4578 3539 4632; x_wconf 85' lang='lat' dir='ltr'><strong><em>ad</em></strong></span> <span class='ocrx_word' id='word_1_1044' title='bbox 3572 4578 3690 4632; x_wconf 88' lang='lat' dir='ltr'><strong><em>tria.</em></strong></span> <span class='ocrx_word' id='word_1_1045' title='bbox 3721 4579 3839 4633; x_wconf 79' lang='lat' dir='ltr'><strong><em>Pri-</em></strong></span> 
     </span>
    </p>
   </div>
   <div class='ocr_carea' id='block_1_136' title="bbox 2259 4651 3837 4721">
    <p class='ocr_par' dir='ltr' id='par_1_136' title="bbox 2259 4651 3837 4721">
     <span class='ocr_line' id='line_1_137' title="bbox 2259 4651 3837 4721; baseline 0.001 -16"><span class='ocrx_word' id='word_1_1046' title='bbox 2259 4668 2400 4705; x_wconf 85' lang='lat' dir='ltr'><strong><em>mum</em></strong></span> <span class='ocrx_word' id='word_1_1047' title='bbox 2430 4654 2640 4720; x_wconf 81' lang='lat' dir='ltr'><strong><em>quidem</em></strong></span> <span class='ocrx_word' id='word_1_1048' title='bbox 2669 4651 2734 4706; x_wconf 88' lang='lat' dir='ltr'><strong><em>ad</em></strong></span> <span class='ocrx_word' id='word_1_1049' title='bbox 2764 4662 3024 4706; x_wconf 85' lang='lat' dir='ltr'><strong><em>remotam</em></strong></span> <span class='ocrx_word' id='word_1_1050' title='bbox 3054 4654 3524 4721; x_wconf 58' lang='lat' dir='ltr'><strong><em>praeparationem,</em></strong></span> <span class='ocrx_word' id='word_1_1051' title='bbox 3555 4665 3673 4720; x_wconf 66' lang='lat' dir='ltr'><strong><em>quae</em></strong></span> <span class='ocrx_word' id='word_1_1052' title='bbox 3709 4663 3837 4706; x_wconf 82' lang='lat' dir='ltr'><strong><em>cum</em></strong></span> 
     </span>
    </p>
   </div>
   <div class='ocr_carea' id='block_1_137' title="bbox 2261 4723 3838 4789">
    <p class='ocr_par' dir='ltr' id='par_1_137' title="bbox 2261 4723 3838 4789">
     <span class='ocr_line' id='line_1_138' title="bbox 2261 4723 3838 4789; baseline 0 -14"><span class='ocrx_word' id='word_1_1053' title='bbox 2261 4725 2511 4775; x_wconf 82' lang='lat' dir='ltr'><strong><em>nonnulla</em></strong></span> <span class='ocrx_word' id='word_1_1054' title='bbox 2538 4737 2658 4776; x_wconf 85' lang='lat' dir='ltr'><strong><em>esse</em></strong></span> <span class='ocrx_word' id='word_1_1055' title='bbox 2687 4725 2850 4789; x_wconf 85' lang='lat' dir='ltr'><strong><em>possit</em></strong></span> <span class='ocrx_word' id='word_1_1056' title='bbox 2879 4739 2943 4776; x_wconf 82' lang='lat' dir='ltr'><strong><em>ex</em></strong></span> <span class='ocrx_word' id='word_1_1057' title='bbox 2978 4725 3153 4788; x_wconf 88' lang='lat' dir='ltr'><strong><em>nobis,</em></strong></span> <span class='ocrx_word' id='word_1_1058' title='bbox 3186 4741 3309 4776; x_wconf 87' lang='lat' dir='ltr'><strong><em>cu-tn</em></strong></span> <span class='ocrx_word' id='word_1_1059' title='bbox 3355 4724 3492 4776; x_wconf 78' lang='lat' dir='ltr'><strong><em>tiens</em></strong></span> <span class='ocrx_word' id='word_1_1060' title='bbox 3526 4737 3646 4775; x_wconf 88' lang='lat' dir='ltr'><strong><em>eam</em></strong></span> <span class='ocrx_word' id='word_1_1061' title='bbox 3678 4723 3838 4775; x_wconf 71' lang='grc' dir='ltr'>ιιιιειε-</span> 
     </span>
    </p>
   </div>
   <div class='ocr_carea' id='block_1_138' title="bbox 2258 4792 3837 4862">
    <p class='ocr_par' dir='ltr' id='par_1_138' title="bbox 2258 4792 3837 4862">
     <span class='ocr_line' id='line_1_139' title="bbox 2258 4792 3837 4862; baseline -0.001 -16"><span class='ocrx_word' id='word_1_1062' title='bbox 2258 4792 2541 4847; x_wconf 86' lang='lat' dir='ltr'><strong><em>ricorditer</em></strong></span> <span class='ocrx_word' id='word_1_1063' title='bbox 2574 4794 2786 4856; x_wconf 66' lang='lat' dir='ltr'><strong><em>respicit</em></strong></span> <span class='ocrx_word' id='word_1_1064' title='bbox 2815 4803 2863 4847; x_wconf 86' lang='lat' dir='ltr'><strong><em>et</em></strong></span> <span class='ocrx_word' id='word_1_1065' title='bbox 2892 4795 3035 4862; x_wconf 87' lang='lat' dir='ltr'><strong><em>juxta</em></strong></span> <span class='ocrx_word' id='word_1_1066' title='bbox 3081 4809 3197 4848; x_wconf 87' lang='lat' dir='ltr'><strong><em>eam</em></strong></span> <span class='ocrx_word' id='word_1_1067' title='bbox 3251 4808 3345 4847; x_wconf 61' lang='lat' dir='ltr'><strong><em>sua</em></strong></span> <span class='ocrx_word' id='word_1_1068' title='bbox 3396 4794 3534 4846; x_wconf 89' lang='lat' dir='ltr'><strong><em>dona</em></strong></span> <span class='ocrx_word' id='word_1_1069' title='bbox 3589 4792 3837 4859; x_wconf 79' lang='lat' dir='ltr'><strong><em>largitur,</em></strong></span> 
     </span>
    </p>
   </div>
   <div class='ocr_carea' id='block_1_139' title="bbox 2258 4864 3837 4933">
    <p class='ocr_par' dir='ltr' id='par_1_139' title="bbox 2258 4864 3837 4933">
     <span class='ocr_line' id='line_1_140' title="bbox 2258 4864 3837 4933; baseline 0.002 -17"><span class='ocrx_word' id='word_1_1070' title='bbox 2258 4864 2362 4916; x_wconf 80' lang='lat' dir='ltr'><strong><em>diri</em></strong></span> <span class='ocrx_word' id='word_1_1071' title='bbox 2385 4873 2560 4932; x_wconf 87' lang='lat' dir='ltr'><strong><em>potest</em></strong></span> <span class='ocrx_word' id='word_1_1072' title='bbox 2587 4875 2875 4933; x_wconf 79' lang='lat' dir='ltr'><strong><em>utcumque</em></strong></span> <span class='ocrx_word' id='word_1_1073' title='bbox 2903 4875 3082 4918; x_wconf 67' lang='lat' dir='ltr'><strong><em>nmter</em></strong></span> <span class='ocrx_word' id='word_1_1074' title='bbox 3107 4873 3333 4918; x_wconf 88' lang='lat' dir='ltr'><strong><em>conatus</em></strong></span> <span class='ocrx_word' id='word_1_1075' title='bbox 3361 4878 3608 4918; x_wconf 83' lang='lat' dir='ltr'><strong><em>mensura</em></strong></span> <span class='ocrx_word' id='word_1_1076' title='bbox 3630 4871 3837 4928; x_wconf 69' lang='lat' dir='ltr'><strong><em>gratiae.</em></strong></span> 
     </span>
    </p>
   </div>
   <div class='ocr_carea' id='block_1_140' title="bbox 2260 4933 3840 5005">
    <p class='ocr_par' dir='ltr' id='par_1_140' title="bbox 2260 4933 3840 5005">
     <span class='ocr_line' id='line_1_141' title="bbox 2260 4933 3840 5005; baseline 0.001 -16"><span class='ocrx_word' id='word_1_1077' title='bbox 2260 4933 2556 5002; x_wconf 85' lang='lat' dir='ltr'><strong><em>Utcumque</em></strong></span> <span class='ocrx_word' id='word_1_1078' title='bbox 2585 4935 2716 4996; x_wconf 82' lang='lat' dir='ltr'><strong><em>dixi,</em></strong></span> <span class='ocrx_word' id='word_1_1079' title='bbox 2765 4939 2886 5004; x_wconf 86' lang='lat' dir='ltr'><strong><em>quia</em></strong></span> <span class='ocrx_word' id='word_1_1080' title='bbox 2929 4951 3033 4988; x_wconf 86' lang='lat' dir='ltr'><strong><em>non</em></strong></span> <span class='ocrx_word' id='word_1_1081' title='bbox 3069 4936 3284 5005; x_wconf 89' lang='lat' dir='ltr'><strong><em>proprie</em></strong></span> <span class='ocrx_word' id='word_1_1082' title='bbox 3323 4945 3378 4988; x_wconf 87' lang='lat' dir='ltr'><strong><em>et</em></strong></span> <span class='ocrx_word' id='word_1_1083' title='bbox 3430 4934 3678 4998; x_wconf 75' lang='lat' dir='ltr'><strong><em>perfecte,</em></strong></span> <span class='ocrx_word' id='word_1_1084' title='bbox 3724 4945 3840 4990; x_wconf 80' lang='lat' dir='ltr'><strong><em>tum</em></strong></span> 
     </span>
    </p>
   </div>
   <div class='ocr_carea' id='block_1_141' title="bbox 2258 5005 3844 5073">
    <p class='ocr_par' dir='ltr' id='par_1_141' title="bbox 2258 5005 3844 5073">
     <span class='ocr_line' id='line_1_142' title="bbox 2258 5005 3844 5073; baseline 0.001 -16"><span class='ocrx_word' id='word_1_1085' title='bbox 2258 5005 2378 5073; x_wconf 89' lang='lat' dir='ltr'><strong><em>quia</em></strong></span> <span class='ocrx_word' id='word_1_1086' title='bbox 2411 5006 2596 5058; x_wconf 72' lang='lat' dir='ltr'><strong><em>isthmc</em></strong></span> <span class='ocrx_word' id='word_1_1087' title='bbox 2631 5005 2947 5072; x_wconf 58' lang='lat' dir='ltr'><strong><em>praeparatio</em></strong></span> <span class='ocrx_word' id='word_1_1088' title='bbox 2977 5008 3058 5060; x_wconf 92' lang='lat' dir='ltr'><strong><em>vix</em></strong></span> <span class='ocrx_word' id='word_1_1089' title='bbox 3103 5010 3236 5059; x_wconf 81' lang='lat' dir='ltr'><strong><em>lines</em></strong></span> <span class='ocrx_word' id='word_1_1090' title='bbox 3274 5005 3454 5059; x_wconf 89' lang='lat' dir='ltr'><strong><em>tneriti</em></strong></span> <span class='ocrx_word' id='word_1_1091' title='bbox 3497 5008 3844 5072; x_wconf 81' lang='lat' dir='ltr'><strong><em>congruentis</em></strong></span> 
     </span>
    </p>
   </div>
   <div class='ocr_carea' id='block_1_142' title="bbox 2259 5075 3843 5143">
    <p class='ocr_par' dir='ltr' id='par_1_142' title="bbox 2259 5075 3843 5143">
     <span class='ocr_line' id='line_1_143' title="bbox 2259 5075 3843 5143; baseline 0 -14"><span class='ocrx_word' id='word_1_1092' title='bbox 2259 5076 2575 5143; x_wconf 83' lang='lat' dir='ltr'><strong><em>ingreditur,</em></strong></span> <span class='ocrx_word' id='word_1_1093' title='bbox 2610 5088 2717 5130; x_wconf 91' lang='lat' dir='ltr'><strong><em>tum</em></strong></span> <span class='ocrx_word' id='word_1_1094' title='bbox 2751 5076 2872 5143; x_wconf 83' lang='lat' dir='ltr'><strong><em>quia</em></strong></span> <span class='ocrx_word' id='word_1_1095' title='bbox 2903 5078 3046 5130; x_wconf 89' lang='lat' dir='ltr'><strong><em>illius</em></strong></span> <span class='ocrx_word' id='word_1_1096' title='bbox 3077 5079 3294 5131; x_wconf 85' lang='lat' dir='ltr'><strong><em>modum</em></strong></span> <span class='ocrx_word' id='word_1_1097' title='bbox 3340 5076 3537 5130; x_wconf 67' lang='lat' dir='ltr'><strong><em>divinae</em></strong></span> <span class='ocrx_word' id='word_1_1098' title='bbox 3583 5075 3843 5142; x_wconf 79' lang='lat' dir='ltr'><strong><em>largitatis</em></strong></span> 
     </span>
    </p>
   </div>
   <div class='ocr_carea' id='block_1_143' title="bbox 2259 5146 3840 5217">
    <p class='ocr_par' dir='ltr' id='par_1_143' title="bbox 2259 5146 3840 5217">
     <span class='ocr_line' id='line_1_144' title="bbox 2259 5146 3840 5217; baseline -0.001 -17"><span class='ocrx_word' id='word_1_1099' title='bbox 2259 5147 2569 5211; x_wconf 85' lang='lat' dir='ltr'><strong><em>magnitudo</em></strong></span> <span class='ocrx_word' id='word_1_1100' title='bbox 2601 5146 2908 5216; x_wconf 73' lang='lat' dir='ltr'><strong><em>frequenter</em></strong></span> <span class='ocrx_word' id='word_1_1101' title='bbox 2933 5148 3162 5208; x_wconf 78' lang='lat' dir='ltr'><strong><em>excedit,</em></strong></span> <span class='ocrx_word' id='word_1_1102' title='bbox 3205 5147 3346 5217; x_wconf 87' lang='lat' dir='ltr'><strong><em>quod</em></strong></span> <span class='ocrx_word' id='word_1_1103' title='bbox 3398 5148 3595 5200; x_wconf 82' lang='lat' dir='ltr'><strong><em>diserte</em></strong></span> <span class='ocrx_word' id='word_1_1104' title='bbox 3626 5146 3840 5217; x_wconf 62' lang='lat' dir='ltr'><strong><em>Cassia-</em></strong></span> 
     </span>
    </p>
   </div>
   <div class='ocr_carea' id='block_1_144' title="bbox 2258 5215 3837 5285">
    <p class='ocr_par' dir='ltr' id='par_1_144' title="bbox 2258 5215 3837 5285">
     <span class='ocr_line' id='line_1_145' title="bbox 2258 5215 3837 5285; baseline -0.001 -14"><span class='ocrx_word' id='word_1_1105' title='bbox 2258 5232 2358 5271; x_wconf 92' lang='lat' dir='ltr'><strong><em>nus</em></strong></span> <span class='ocrx_word' id='word_1_1106' title='bbox 2391 5217 2625 5271; x_wconf 88' lang='lat' dir='ltr'><strong><em>aflirmat</em></strong></span> <span class='ocrx_word' id='word_1_1107' title='bbox 2661 5215 2788 5271; x_wconf 89' lang='lat' dir='ltr'><strong><em>coll.</em></strong></span> <span class='ocrx_word' id='word_1_1108' title='bbox 2823 5219 2886 5270; x_wconf 75' lang='grc'><strong>15</strong></span> <span class='ocrx_word' id='word_1_1109' title='bbox 2917 5235 3034 5285; x_wconf 87' lang='lat' dir='ltr'><strong><em>cap.</em></strong></span> <span class='ocrx_word' id='word_1_1110' title='bbox 3084 5218 3173 5280; x_wconf 82' lang='grc'><strong><em>16,</em></strong></span> <span class='ocrx_word' id='word_1_1111' title='bbox 3213 5215 3490 5285; x_wconf 82' lang='lat' dir='ltr'><strong><em>additque,</em></strong></span> <span class='ocrx_word' id='word_1_1112' title='bbox 3532 5231 3650 5282; x_wconf 86' lang='lat' dir='ltr'><strong><em>cap.</em></strong></span> <span class='ocrx_word' id='word_1_1113' title='bbox 3688 5215 3739 5269; x_wconf 80' lang='lat' dir='ltr'><strong><em>ll</em></strong></span> <span class='ocrx_word' id='word_1_1114' title='bbox 3785 5229 3837 5270; x_wconf 88' lang='lat' dir='ltr'><strong><em>et</em></strong></span> 
     </span>
    </p>
   </div>
   <div class='ocr_carea' id='block_1_145' title="bbox 2259 5287 3839 5357">
    <p class='ocr_par' dir='ltr' id='par_1_145' title="bbox 2259 5287 3839 5357">
     <span class='ocr_line' id='line_1_146' title="bbox 2259 5287 3839 5357; baseline -0.002 -13"><span class='ocrx_word' id='word_1_1115' title='bbox 2259 5289 2349 5349; x_wconf 80' lang='grc'><strong><em>15.</em></strong></span> <span class='ocrx_word' id='word_1_1116' title='bbox 2379 5289 2666 5342; x_wconf 87' lang='lat' dir='ltr'><strong><em>nonnullos</em></strong></span> <span class='ocrx_word' id='word_1_1117' title='bbox 2697 5303 2818 5343; x_wconf 81' lang='lat' dir='ltr'><strong><em>esse</em></strong></span> <span class='ocrx_word' id='word_1_1118' title='bbox 2840 5302 2976 5357; x_wconf 87' lang='lat' dir='ltr'><strong><em>quos</em></strong></span> <span class='ocrx_word' id='word_1_1119' title='bbox 3001 5290 3069 5344; x_wconf 89' lang='lat' dir='ltr'><strong><em>de</em></strong></span> <span class='ocrx_word' id='word_1_1120' title='bbox 3095 5291 3284 5344; x_wconf 80' lang='lat' dir='ltr'><strong><em>salutis</em></strong></span> <span class='ocrx_word' id='word_1_1121' title='bbox 3306 5306 3416 5343; x_wconf 64' lang='lat' dir='ltr'><strong><em>sua:</em></strong></span> <span class='ocrx_word' id='word_1_1122' title='bbox 3445 5288 3684 5343; x_wconf 88' lang='lat' dir='ltr'><strong><em>remedio</em></strong></span> <span class='ocrx_word' id='word_1_1123' title='bbox 3706 5287 3839 5341; x_wconf 90' lang='lat' dir='ltr'><strong><em>nihil</em></strong></span> 
     </span>
    </p>
   </div>
   <div class='ocr_carea' id='block_1_146' title="bbox 2256 5361 3838 5430">
    <p class='ocr_par' dir='ltr' id='par_1_146' title="bbox 2256 5361 3838 5430">
     <span class='ocr_line' id='line_1_147' title="bbox 2256 5361 3838 5430; baseline -0.002 -17"><span class='ocrx_word' id='word_1_1124' title='bbox 2256 5361 2575 5429; x_wconf 80' lang='lat' dir='ltr'><strong><em>cogitantes,</em></strong></span> <span class='ocrx_word' id='word_1_1125' title='bbox 2605 5375 2776 5430; x_wconf 84' lang='lat' dir='ltr'><strong><em>neque</em></strong></span> <span class='ocrx_word' id='word_1_1126' title='bbox 2806 5362 2870 5412; x_wconf 86' lang='lat' dir='ltr'><strong><em>ad</em></strong></span> <span class='ocrx_word' id='word_1_1127' title='bbox 2905 5361 2954 5413; x_wconf 90' lang='lat' dir='ltr'><strong><em>id</em></strong></span> <span class='ocrx_word' id='word_1_1128' title='bbox 2989 5376 3047 5412; x_wconf 86' lang='lat' dir='ltr'><strong><em>se</em></strong></span> <span class='ocrx_word' id='word_1_1129' title='bbox 3079 5373 3464 5428; x_wconf 70' lang='lat' dir='ltr'><strong><em>praeparantes.</em></strong></span> <span class='ocrx_word' id='word_1_1130' title='bbox 3508 5361 3646 5414; x_wconf 86' lang='lat' dir='ltr'><strong><em>Deus</em></strong></span> <span class='ocrx_word' id='word_1_1131' title='bbox 3676 5373 3838 5424; x_wconf 64' lang='lat' dir='ltr'><strong><em>spem</em></strong></span> 
     </span>
    </p>
   </div>
   <div class='ocr_carea' id='block_1_147' title="bbox 2255 5430 3838 5500">
    <p class='ocr_par' dir='ltr' id='par_1_147' title="bbox 2255 5430 3838 5500">
     <span class='ocr_line' id='line_1_148' title="bbox 2255 5430 3838 5500; baseline -0.001 -15"><span class='ocrx_word' id='word_1_1132' title='bbox 2255 5440 2406 5485; x_wconf 88' lang='lat' dir='ltr'><strong><em>tanea</em></strong></span> <span class='ocrx_word' id='word_1_1133' title='bbox 2432 5433 2615 5498; x_wconf 67' lang='lat' dir='ltr'><strong><em>gratiae</em></strong></span> <span class='ocrx_word' id='word_1_1134' title='bbox 2641 5446 2752 5485; x_wconf 67' lang='lat' dir='ltr'><strong><em>suae</em></strong></span> <span class='ocrx_word' id='word_1_1135' title='bbox 2774 5430 3087 5499; x_wconf 82' lang='lat' dir='ltr'><strong><em>dignatione</em></strong></span> <span class='ocrx_word' id='word_1_1136' title='bbox 3116 5433 3408 5500; x_wconf 62' lang='lat' dir='ltr'><strong><em>praeelegit.</em></strong></span> <span class='ocrx_word' id='word_1_1137' title='bbox 3436 5430 3642 5485; x_wconf 80' lang='lat' dir='ltr'><strong><em>Referri</em></strong></span> <span class='ocrx_word' id='word_1_1138' title='bbox 3667 5438 3838 5497; x_wconf 84' lang='lat' dir='ltr'><strong><em>potest</em></strong></span> 
     </span>
    </p>
   </div>
   <div class='ocr_carea' id='block_1_148' title="bbox 2254 5500 3837 5568">
    <p class='ocr_par' dir='ltr' id='par_1_148' title="bbox 2254 5500 3837 5568">
     <span class='ocr_line' id='line_1_149' title="bbox 2254 5500 3837 5568; baseline -0.003 -14"><span class='ocrx_word' id='word_1_1139' title='bbox 2254 5503 2494 5556; x_wconf 84' lang='lat' dir='ltr'><strong><em>secundo</em></strong></span> <span class='ocrx_word' id='word_1_1140' title='bbox 2522 5503 2644 5556; x_wconf 88' lang='lat' dir='ltr'><strong><em>loco</em></strong></span> <span class='ocrx_word' id='word_1_1141' title='bbox 2673 5510 2862 5557; x_wconf 83' lang='lat' dir='ltr'><strong><em>noster</em></strong></span> <span class='ocrx_word' id='word_1_1142' title='bbox 2892 5504 2981 5555; x_wconf 91' lang='lat' dir='ltr'><strong><em>ille</em></strong></span> <span class='ocrx_word' id='word_1_1143' title='bbox 3009 5511 3237 5555; x_wconf 84' lang='lat' dir='ltr'><strong><em>conatus</em></strong></span> <span class='ocrx_word' id='word_1_1144' title='bbox 3258 5510 3316 5555; x_wconf 88' lang='lat' dir='ltr'><strong><em>et</em></strong></span> <span class='ocrx_word' id='word_1_1145' title='bbox 3347 5515 3532 5568; x_wconf 75' lang='lat' dir='ltr'><strong><em>raptus</em></strong></span> <span class='ocrx_word' id='word_1_1146' title='bbox 3562 5503 3624 5552; x_wconf 80' lang='lat' dir='ltr'><strong><em>ad</em></strong></span> <span class='ocrx_word' id='word_1_1147' title='bbox 3657 5500 3837 5566; x_wconf 78' lang='lat' dir='ltr'><strong><em>proxi-</em></strong></span> 
     </span>
    </p>
   </div>
   <div class='ocr_carea' id='block_1_149' title="bbox 2255 5573 3834 5641">
    <p class='ocr_par' dir='ltr' id='par_1_149' title="bbox 2255 5573 3834 5641">
     <span class='ocr_line' id='line_1_150' title="bbox 2255 5573 3834 5641; baseline 0.001 -16"><span class='ocrx_word' id='word_1_1148' title='bbox 2255 5588 2393 5626; x_wconf 89' lang='lat' dir='ltr'><strong><em>mam</em></strong></span> <span class='ocrx_word' id='word_1_1149' title='bbox 2421 5573 2823 5641; x_wconf 84' lang='lat' dir='ltr'><strong><em>dispositionem</em></strong></span> <span class='ocrx_word' id='word_1_1150' title='bbox 2854 5590 2864 5624; x_wconf 92' lang='lat'>:</span> <span class='ocrx_word' id='word_1_1151' title='bbox 2891 5575 3044 5639; x_wconf 84' lang='lat' dir='ltr'><strong><em>cujus</em></strong></span> <span class='ocrx_word' id='word_1_1152' title='bbox 3069 5574 3191 5639; x_wconf 86' lang='lat' dir='ltr'><strong><em>quia</em></strong></span> <span class='ocrx_word' id='word_1_1153' title='bbox 3221 5574 3834 5634; x_wconf 67' lang='lat' dir='ltr'><strong><em>licus-est.auet0r,cuttt</em></strong></span> 
     </span>
    </p>
   </div>
   <div class='ocr_carea' id='block_1_150' title="bbox 2251 5643 3834 5714">
    <p class='ocr_par' dir='ltr' id='par_1_150' title="bbox 2251 5643 3834 5714">
     <span class='ocr_line' id='line_1_151' title="bbox 2251 5643 3834 5714; baseline -0.001 -16"><span class='ocrx_word' id='word_1_1154' title='bbox 2251 5643 2370 5709; x_wconf 86' lang='lat' dir='ltr'><strong><em>ejus</em></strong></span> <span class='ocrx_word' id='word_1_1155' title='bbox 2395 5645 2614 5698; x_wconf 86' lang='lat' dir='ltr'><strong><em>modulo</em></strong></span> <span class='ocrx_word' id='word_1_1156' title='bbox 2639 5643 2781 5701; x_wconf 89' lang='lat' dir='ltr'><strong><em>Deus</em></strong></span> <span class='ocrx_word' id='word_1_1157' title='bbox 2801 5646 3184 5714; x_wconf 84' lang='lat' dir='ltr'><strong><em>justiticantem</em></strong></span> <span class='ocrx_word' id='word_1_1158' title='bbox 3207 5645 3435 5714; x_wconf 79' lang='lat' dir='ltr'><strong><em>gratiam</em></strong></span> <span class='ocrx_word' id='word_1_1159' title='bbox 3462 5646 3704 5710; x_wconf 86' lang='lat' dir='ltr'><strong><em>metitur,</em></strong></span> <span class='ocrx_word' id='word_1_1160' title='bbox 3729 5655 3834 5707; x_wconf 76' lang='lat' dir='ltr'><strong><em>non</em></strong></span> 
     </span>
    </p>
   </div>
  </div>
