4000 6186
549 269 653 331 δϐἸ

547 394 648 439 tem
681 394 744 433 ac
796 394 1047 445 pabulum
1092 394 1325 426 nauucre
1370 394 1794 439 puuuauputam,
1840 394 1899 420 us
1944 394 2127 419 acrum

544 448 912 508 Tcrtnllianus
944 446 1035 500 lib.
1068 444 1134 499 de
1189 439 1693 510 Prrescriptionibus
1726 438 2127 503 haareticorum,

542 536 595 578 et
622 520 718 576 lib.
743 519 1004 573 adversus
1030 515 1446 583 Hermogenem.

830 630 946 685 Lib.
980 628 1013 683 8
1041 627 1109 682 de
1138 624 1376 682 Institut.
1408 624 1641 679 Renunt.
1674 636 1794 691 cap.
1816 622 1909 678 20.

620 722 901 780 Sciendum
928 728 1097 772 tamen
1125 718 1179 771 in
1200 733 1257 771 eo
1288 716 1425 784 quod
1453 719 1509 769 in
1538 714 1846 785 quibusdam
1870 714 2133 781 exempla-

538 797 686 851 ribus
734 792 1030 845 invenitur:
1067 789 1169 853 Qui
1194 788 1439 841 irascitur
1480 786 1632 855 fratri
1672 801 1767 838 suo
1796 785 1905 838 sine
1952 799 2133 849 causa,

537 883 656 921 reus
686 863 779 917 erit
798 862 1025 930 judicio,
1054 861 1373 930 superﬂuum
1403 872 1530 930 esse,
1554 859 1874 930 sinecausa,
1914 855 2136 930 et_adje-

506 942 516 961 "
540 947 680 989 ctum
703 934 765 986 ab
788 925 866 986 liis
894 932 981 1001 qui
1002 925 1372 1001 amp'utandam
1394 928 1637 1001 iram‘pro
1651 926 1815 1001 justis
1827 925 2010 1001 causis
2039 925 2137 977 mi-

510 1010 513 1013 ’
543 1009 680 1060 nime
709 994 1028 1073 putaverunt,
1063 994 1178 1073 cum
1216 1000 1393 1066 utique
1422 994 1900 1073 nullusquamlibet
1945 995 2137 1073 absque

544 1064 753 1131 ratione
786 1064 1068 1129 commotus
1114 1071 1224 1124 sine
1263 1064 1422 1122 causa
1468 1084 1522 1121 se
1557 1064 1694 1120 dicat
1730 1067 1906 1119 irasci.
1940 1064 2140 1129 Quam-

516 1178 517 1183 η
546 1148 723 1202 ebrem
753 1154 965 1216 apparet
986 1143 1050 1216 ab
1076 1142 1148 1195 eis
1176 1140 1443 1216 adjectum
1466 1138 1552 1216 qui
1581 1137 1909 1216 propositum
1932 1152 2035 1188 non
2056 1136 2138 1216 in-

550 1204 852 1272 tellexerunt
880 1204 1393 1289 Scripturteuo'tentis
1413 1204 1955 1289 fomitetnjracundia’
1976 1208 2140 1287 omni-

547 1289 713 1342 modis
748 1276 1048 1353 amputare,
1086 1282 1383 1353 nullamque
1408 1276 1777 1353 indignationis
1818 1276 2139 1331 occasionem

547 1360 749 1428 penitus
785 1348 1061 1420 reservare,
1094 1368 1157 1428 ne
1202 1351 1325 1403 dum
1346 1348 1587 1428 iubemur
1613 1348 1770 1428 irasci
1813 1364 1935 1428 cum
1957 1362 2136 1415 causa,

547 1418 747 1483 'en’amsi
791 1428 901 1478 sine
926 1418 1086 1477 causa
1126 1421 1387 1475 irascendi
1435 1420 1581 1474 nobis
1627 1418 2005 1473 intromittatur
2053 1434 2140 1472 oc-

546 1501 707 1553 casio.
736 1494 886 1548 Finis
930 1494 1063 1547 enim
1107 1492 1368 1561 patientiae
1417 1506 1521 1544 non
1559 1492 1615 1543 in
1671 1488 1940 1561 irascendo
1973 1492 2137 1561 juste,

545 1570 635 1623 sed
678 1567 879 1637 penitus
922 1565 979 1637 in
1011 1560 1115 1615 non
1150 1560 1419 1637 irascendo
1464 1560 1730 1637 consistit;
1779 1560 1895 1613 licet
1942 1576 1973 1637 ᾳ
2025 1560 2142 1637 qui-

547 1630 764 1691 busdam
793 1638 887 1688 hoc
913 1636 1102 1700 ipsum,
1134 1636 1274 1703 quod
1308 1633 1520 1695 dicitur,
1568 1632 1677 1686 sine
1719 1647 1897 1698 causa,
1938 1630 2014 1683 ita
2058 1631 2141 1703 in-

546 1706 818 1789 terpretari
866 1704 1044 1789 sciant,
1088 1701 1438 1785 quodscilicet
1463 1705 1573 1789 sine
1615 1703 2057 1789 causg'irascatur
2097 1701 2139 1753 is

548 1771 635 1832 cui
662 1786 894 1847 expetere
920 1771 1165 1829 ultionem
1198 1775 1347 1847 irato
1389 1789 1493 1847 non
1520 1774 1695 1847 liceat.
1728 1771 1916 1847 Melius
1967 1780 2140 1847 tamen

548 1858 621 1902 est
649 1842 947 1912 ita'tenere,
977 1855 1029 1897 ut
1059 1844 1259 1899 novella
1294 1842 1612 1911 exemplaria
1652 1846 1817 1896 multa
1856 1851 1904 1896 et
1928 1843 2142 1910 antiqua

547 1922 719 1974 omnia
744 1919 1069 1972 inveniuntur
1096 1932 1203 1969 esse
1233 1916 1537 1985 perscripta.
1572 1944 1643 1954 —
1669 1915 1973 1985 ldem_ante
2010 1914 2141 1985 Cas-

546 1992 762 2045 sianum
795 1990 1007 2043 dixerat
1037 1983 1398 2055 Hieronymus
1426 1999 1589 2053 super
1621 1984 1753 2040 illud
1784 1983 2021 2038 Matthzei
2062 1999 2093 2055 γ
2125 2001 2138 2037 :

550 2061 651 2126 Qui
696 2060 935 2115 irascitur
964 2059 1115 2127 fratri
1150 2054 1261 2110 suo.
1294 2055 1353 2109 ln
1383 2055 1724 2127 quibusdam,
1756 2056 1951 2127 inquit,
1990 2054 2141 2127 codi-

547 2124 702 2187 cibus
743 2124 983 2197 additur,
1017 2130 1127 2183 sine
1157 2142 1343 2189 causa;
1374 2136 1629 2197 creterum
1664 2126 1891 2197 iuiveris
1920 2124 2143 2197 deﬁnita

545 2204 817 2260 sententia
852 2193 1044 2265 est,'et
1074 2201 1152 2252 ira
1185 2198 1397 2265 penitus
1441 2196 1669 2249 tollitur.
1705 2196 1775 2249 Et
1810 2205 1999 2249 contra
2042 2193 2144 2250 Pe-

547 2274 792 2343 lagianos
836 2290 847 2325 :
884 2270 1262 2343 Qui‘irascitur
1290 2266 1439 2336 fratri
1462 2267 1693 2343 suasine
1718 2281 1875 2343 causa
1903 2282 2019 2343 reus
2048 2267 2143 2343 erit

546 2336 775 2408 iudicio,
824 2343 952 2396 licet
1000 2341 1053 2394 in
1097 2340 1364 2408 plerisque
1405 2336 1685 2391 codicibus
1735 2336 2004 2406 antiquis,
2036 2338 2143 2389 sine

550 2430 728 2477 causa,
782 2411 1020 2465 additum
1051 2426 1156 2463 non
1207 2409 1296 2474 sit,
1346 2418 1403 2460 ut
1449 2408 1688 2476 scilicet,
1723 2424 1790 2463 ne
1819 2422 1941 2461 cum
1980 2422 2141 2461 causa

551 2482 768 2551 quidem
797 2482 1090 2551 debeamus
1118 2479 1293 2532 irasci.
1328 2479 1661 2551 Augustinus
1687 2480 1850 2533 etiam
1884 2478 1957 2551 li_b
1987 2478 2007 2531 l
2033 2478 2140 2551 Re-

550 2548 707 2606 tract.
740 2565 788 2605 c.
830 2552 915 2605 19.
947 2549 1127 2618 Neque
1171 2559 1348 2603 tamen
1404 2548 1503 2602 hos
1533 2549 1784 2603 doctores
1812 2548 2141 2602 credendum

552 2630 634 2677 est
665 2621 1046 2676 commendare
1076 2619 1309 2674 voluisse
1347 2618 1656 2674 Stoicorum
1682 2621 1950 2685 ἀπάθειαν,
1983 2634 2139 2688 quam

550 2694 749 2748 refellit
773 2695 995 2761 August.
1024 2690 1185 2745 lib.rx
1208 2691 1274 2744 de
1298 2690 1524 2744 Civitate
1544 2689 1660 2755 Dei,
1687 2705 1736 2744 c.
1765 2691 1820 2754 Is,
1844 2700 1896 2743 et
1922 2693 2137 2761 merito.

553 2762 695 2817 Nam
718 2764 760 2817 si
776 2759 979 2816 ira—non
1004 2762 1156 2832 fuerit
1189 2778 1301 2813 cum
1328 2777 1483 2814 causa
1504 2761 1694 2825 subest,
1725 2772 1777 2813 ut
1809 2762 1881 2815 ait
1910 2759 2142 2830 Chryso-

550 2845 713 2889 stom.
746 2834 893 2889 hom.
928 2834 990 2887 11
1030 2834 1080 2887 iu
1116 2832 1465 2898 Matthmum,
1490 2848 1581 2885 nec
1628 2832 1865 2884 doctrina
1899 2834 2139 2900 proﬁcit,

548 2922 642 2959 nec
663 2907 867 2977 judicia
902 2914 1082 2977 stant,
1115 2919 1206 2957 nec
1231 2905 1450 2957 crimina
1480 2912 1889 2977 compescuntur.
1917 2904 2012 2977 [rte
2044 2904 2143 2957 ita-

550 2973 678 3045 que'
711 2977 967 3040 nomine,
1022 2976 1383 3045 Hieronymus
1439 2984 1494 3029 et
1541 2974 1834 3028 Cassianus
1891 2973 2141 3029 aﬁ'eCtum

550 3048 835 3116 quemdam
865 3048 1249 3101 intellexerunt
1284 3046 1375 3116 qui
1405 3045 1673 3101 rationem
1701 3045 2015 3099 antevertit.
2044 3048 2139 3101 Hic

1582 254 1678 313 AD
1712 254 1942 312 OPERA
1979 253 2031 310 Ι.
2072 250 2387 311 CASSIANI
2425 250 2793 309 APPENDIX.

796 374 1047 445 pabulum
1086 374 1325 445 rhabnere
1368 367 1794 445 philosophiam,
1838 374 1911 445 ut_
1944 365 2130 419 scribit
2153 367 2212 426 Δ
2235 373 2408 445 ῃεηξε⁵
2438 364 2631 445 Caneri
2671 364 2807 445 iram
2844 362 3508 445 aliquandocconcednnt,
3538 362 3666 432 quia
3711 379 3833 445 eam

3722 249 3833 309 568

2237 435 2564 505 intelligunt,
2594 450 2715 503 quae
2746 434 3030 504 imperium
3056 434 3285 505 rationis
3313 434 3514 488 excitat
3546 446 3611 489 ac
3647 434 3836 491 mode-

2236 504 2593 562 raturiUnde
2619 506 2676 560 S.
2716 505 2877 573 Greg.
2914 505 3009 559 lib.
3043 521 3060 559 ι
3099 504 3295 559 Morel.
3327 520 3447 571 cap.
3490 505 3561 559 '53
3593 520 3608 557 :
3638 506 3837 559 Curan-

2238 579 2381 644 dum,
2416 578 2606 647 inquit.
2630 592 2948 644 summopere
2976 586 3072 639 est.
3096 592 3158 629 ne
3179 576 3280 643 ira,
3304 591 3410 645 qua
3433 576 3836 630 instrumentum

2237 649 2438 702 virtutis
2484 646 2789 711 assumitur,
2838 646 2996 700 menti
3039 646 3371 711 dominetur;
3411 663 3502 700 nec
3546 647 3697 716 quasi
3741 647 3836 701 do-

2239 720 2380 772 mina
2412 727 2632 785 prceeat,
2664 717 2753 771 sed
2790 719 2935 786 quasi
2964 717 3158 770 ancilla
3195 716 3263 771 ad
3299 717 3597 787 obsequium
3625 727 3832 785 parata,

2238 806 2271 843 a
2299 791 2517 843 rationis
2545 799 2688 859 tergo
2718 804 2993 859 numquam
3021 789 3244 859 recedat.
3279 788 3345 843 Et
3372 786 3502 843 liCet
3538 786 3836 843 Cassianus

2239 861 2432 916 eodem
2478 860 2572 914 lib.
2606 858 2657 915 (ἑ.
2690 860 2744 925 6,
2778 860 2809 913 7
2840 868 2899 913 et
2926 858 2990 924 8,
3023 858 3291 926 signiﬁcet
3329 860 3421 913 ira:
3466 859 3838 915 ministerium

2241 930 2306 984 ad
2336 930 2437 985 hoc
2462 930 2640 985 solum
2670 930 2828 984 nobis
2854 943 2977 985 esse
3006 929 3269 985 insertum
3288 972 3302 993 ,
3336 939 3395 985 ut
3423 929 3841 985 lascivientibus

2240 1000 2475 1056 motibus
2517 1015 2581 1054 ac
2635 999 2784 1055 vitiis
2834 998 3001 1054 animi
3047 1001 3217 1055 nostri
3274 1002 3601 1060 irascamur.
3646 1008 3839 1056 tamen

2240 1071 2427 1126 eadem
2459 1069 2534 1133 όις,
2555 1086 2713 1125 causa
2741 1085 3146 1139 nonnumquam
3175 1072 3340 1126 etiam
3369 1085 3497 1141 erga
3525 1070 3667 1141 alios
3700 1071 3841 1125 iram

2243 1142 2619 1211 proferendam
2648 1157 2773 1197 esse
2804 1158 2927 1197 cum
2955 1141 3093 1195 ratio
3121 1140 3572 1209 postularit.’non
3601 1140 3843 1196 obscure

2240 1213 2509 1282 signiﬁcat
2533 1212 2659 1267 coll.
2691 1214 2776 1276 16,
2811 1227 2859 1266 c.
2892 1213 2981 1277 ‘26,
3025 1227 3145 1267 cum
3186 1212 3376 1269 scribit
3407 1228 3422 1266 :
3457 1210 3569 1265 Nec
3604 1228 3697 1282 ego
3727 1212 3843 1266 dixi

2240 1280 2379 1354 quod
2410 1284 2551 1337 illius
2591 1283 2679 1353 qui
2722 1284 2871 1349 fortis
2918 1291 2991 1337 est
3034 1300 3095 1336 ac
3124 1284 3358 1337 robustus
3398 1284 3561 1336 virtus
3601 1280 3839 1354 toleran-

2243 1352 2415 1423 tiaque
2458 1354 2707 1408 vincenda
2733 1355 2819 1415 sit,
2863 1354 2951 1407 sed
2998 1354 3137 1423 quod
3186 1355 3383 1422 inﬁrmi
3433 1354 3653 1421 pessima
3698 1352 3842 1407 vale-

2243 1373 2313 1408 ιια
2355 1373 2415 1408 ue
2458 1373 2707 1408 υιηεεηαα
2733 1373 2819 1415 ιιι,
2863 1373 2950 1407 sea
2998 1373 3135 1423 quoa
3186 1373 3382 1422 νην-πη
3433 1373 3653 1421 ραδειιηα
3698 1373 3841 1407 vate-

2243 1373 2390 1488 tujo,
2412 1426 2553 1479 illius
2575 1426 2662 1495 qui
2689 1441 2848 1479 sanus
2870 1434 2941 1479 est
2961 1425 3328 1479 sustentatione
3354 1424 3572 1487 nutrita,
3603 1432 3757 1491 atque
3783 1424 3841 1495 in

2243 1497 2468 1551 deterius
2515 1496 2743 1565 quotidie
2787 1496 3089 1565 prolabens,
3132 1506 3438 1564 generatum
3465 1495 3530 1550 sit
3556 1510 3743 1548 causas
3774 1494 3839 1548 ob

2242 1583 2371 1637 quas
2402 1568 2510 1637 ipse
2538 1567 2676 1620 ultra
2704 1583 2806 1619 non
2830 1567 3007 1620 debeat
3034 1566 3296 1620 sustineri.

2786 1677 2924 1733 Coll.
2960 1678 3021 1732 11
3054 1693 3174 1749 cap.
3207 1679 3295 1733 l5.

2166 1744 2217 1806 Β
2316 1772 2607 1827 Cassianus
2647 1771 2918 1826 Christum
2963 1784 3120 1827 vocat
3160 1770 3433 1827 hominem
3465 1771 3838 1839 Dominicum,

2246 1843 2518 1914 quomodo
2562 1851 2616 1897 et
2650 1850 2775 1898 ante
2813 1854 3072 1898 vocarant
3117 1844 3271 1897 multi
3303 1844 3507 1913 antiqui
3538 1843 3749 1907 Patres,
3782 1852 3845 1900 et

2246 1915 2576 1984 Augustinus
2606 1914 2705 1968 lib.
2734 1929 2942 1969 uxqu
2986 1923 3179 1984 quaest.
3213 1914 3303 1979 ‘56,
3339 1915 3559 1970 tametsi
3589 1917 3728 1969 hanc
3754 1914 3844 1971 lo-

2246 1987 2519 2040 cutionem
2569 1984 2911 2053 postmodum
2956 1986 3259 2040 emendarit
3288 1986 3383 2040 lib.
3425 2001 3443 2039 ι
3489 1984 3738 2041 Retract.
3781 1999 3840 2040 c.

2248 2056 2338 2121 19,
2368 2055 2493 2125 quia
2518 2070 2641 2109 cum
2670 2054 2916 2110 ChriStus
2947 2055 3210 2111 Dominus
3240 2055 3340 2120 sit,
3381 2056 3690 2112 Dominicus
3736 2057 3844 2111 im-

2245 2128 2467 2197 preprie
2488 2125 2763 2197 diceretur
2800 2144 2814 2179 :
2843 2126 3239 2196 signiﬁcaretur
3284 2127 3431 2183 enim
3469 2126 3622 2181 illum
3652 2126 3847 2182 homi-

2248 2196 2371 2251 nem
2414 2213 2519 2252 non
2560 2212 2679 2252 esse
2706 2196 2876 2251 Deum
2920 2212 2982 2252 ac
3012 2198 3319 2264 Dominum,
3345 2198 3439 2253 sed
3472 2197 3844 2265 Dominicum,

2246 2269 2349 2323 hoc
2378 2276 2483 2329 est,
2512 2282 2631 2322 esse
2654 2270 2992 2337 suppositum
3016 2269 3310 2323 humanum
3340 2269 3548 2323 unitum
3578 2267 3843 2333 Domino.

2246 2354 2342 2393 seu
2368 2339 2653 2411 supposito
2688 2338 2902 2411 Domini
2915 2357 2937 2411 ;7
2952 2355 3128 2411 quare
3161 2341 3268 2395 duo
3295 2339 3574 2411 supposita
3598 2338 3654 2394 in
3680 2338 3845 2411 Chri-

2245 2420 2329 2465 sto
2360 2408 2717 2479 ﬁngerentur,
2747 2410 2891 2479 quod
2922 2409 3300 2466 Nestorianum
3346 2408 3449 2465 est.
3481 2411 3547 2465 Et
3578 2410 3844 2476 quoniam

2246 2489 2464 2535 constat
2492 2478 2810 2534 Cassianum
2843 2496 2951 2535 non
2980 2481 3156 2537 solum
3209 2498 3313 2536 non
3359 2482 3705 2537 consensisse
3733 2480 3844 2537 Ne~

2246 2553 2446 2616 storio,
2509 2552 2603 2605 sed
2658 2561 2846 2605 contra
2904 2568 3026 2607 eum
3066 2563 3274 2623 septem
3319 2552 3503 2623 libros,
3530 2552 3843 2621 scripsisse,

2247 2624 2442 2692 quibus
2480 2622 2672 2691 probat
2700 2638 2808 2676 non
2834 2623 2988 2691 duas,
3018 2625 3113 2678 sed
3134 2622 3304 2678 unam
3331 2639 3453 2679 esse
3476 2622 3679 2679 Christi
3710 2638 3843 2691 per-

2246 2709 2434 2748 sonam
2459 2710 2471 2755 ;
2504 2692 2622 2747 ideo
2654 2694 2817 2747 homo
2841 2693 3152 2749 Dominicus
3180 2695 3322 2765 apud
3350 2710 3471 2749 eum
3498 2694 3844 2749 excusandus

2248 2774 2330 2817 est
2356 2780 2419 2817 eo
2448 2765 2609 2817 modo
2631 2780 2787 2833 quem
2814 2766 2963 2834 ponit
2986 2767 3042 2820 S.
3078 2766 3315 2820 Thomas
3356 2782 3415 2820 ιιι
3444 2776 3609 2835 part.,
3641 2777 3843 2833 quast.

2250 2836 2336 2899 16,
2382 2846 2483 2888 art.
2527 2836 2560 2889 5
2594 2852 2605 2887 :
2642 2835 2841 2901 Homo,
2870 2836 3075 2906 inquit,
3112 2838 3418 2891 Dominicus
3462 2840 3725 2891 nonnulla
3754 2854 3842 2892 ra-

2249 2906 2392 2959 tione
2446 2914 2627 2977 posset
2681 2906 2918 2970 dcfcndi,
2977 2911 3101 2976 quia
3146 2909 3359 2962 scilicet
3406 2918 3595 2977 posset
3640 2909 3843 2977 aliquis

2247 2977 2425 3031 dicere
2446 2976 2585 3047 quod
2608 2977 2804 3031 dicitur
2828 2978 2989 3031 homo
3018 2980 3325 3033 Dominicus
3349 2976 3558 3034 ratione
3586 2976 3844 3034 humanae

2250 3058 2453 3101 natura:
2482 3063 2640 3117 quam
2671 3048 2938 3117 signiﬁcat
2958 3049 3059 3105 hoc
3079 3066 3275 3104 nomen
3303 3053 3487 3117 homo,
3520 3064 3621 3105 non
3655 3060 3843 3108 autent

552 3112 697 3172 enim
746 3119 960 3172 etiamsi
998 3135 1063 3173 ex
1099 3119 1245 3193 insta
1277 3112 1435 3193 causa
1467 3131 1736 3193 erumpat,
1769 3117 1987 3193 modum
2026 3133 2141 3172 ser-
2168 3112 2216 3177 C
2247 3122 2455 3173 ratione
2483 3112 2765 3193 s'uppqsiti.
2790 3118 2924 3175 Vide
2950 3119 3200 3176 Ruﬁnum
3231 3124 3286 3176 in
3306 3112 3574 3193 Apologia
3599 3137 3696 3191 pro
3719 3122 3843 3176 Uri-

552 3203 679 3245 vare
718 3204 822 3245 non
864 3199 1069 3260 poteSt;
1103 3190 1225 3243 ideo
1254 3188 1472 3258 penitus
1501 3204 1610 3243 non
1649 3189 1992 3243 irascendum
2023 3206 2137 3243 mo-

2245 3205 2406 3261 gcne,
2439 3205 2603 3259 prOpe
2629 3189 2813 3244 ﬁnem.

970 3394 1078 3458 DE
1120 3393 1481 3456 CASSIANI
1524 3393 1931 3455 DOCTRINA
1978 3394 2139 3454 ΛΝΝ

2252 3395 2649 3458 ΛΜΕΝΤΗΜ
2694 3396 2968 3461 DIDACI
3011 3398 3409 3461 ALVAREZ.

1332 3545 1406 3595 Ex
1429 3544 1513 3593 lib.
1538 3559 1553 3591 ι
1576 3544 1700 3606 disp.
1726 3545 1756 3593 2
1777 3544 1803 3606 §
1824 3544 1854 3592 5
1882 3542 1947 3592 de
1979 3541 2193 3592 Auxiliis
2208 3542 2309 3593 div.
2337 3550 2464 3604 grat.
2494 3550 2547 3593 et
2584 3546 2764 3595 viribus
2788 3544 2872 3594 lib.
2900 3547 3045 3596 arbit.

914 3747 1127 3811 Error
1150 3744 1440 3808 Cassiani
1469 3743 1637 3804 circa
1656 3744 2078 3806 necessitatem
2105 3746 2328 3822 gratiae
2365 3752 2418 3804 et
2449 3745 2611 3806 vires
2646 3744 2969 3806 naturales
2994 3746 3202 3807 nostri
3232 3744 3510 3810 arbitrii.

631 3902 935 3969 Antequam
967 3894 1111 3969 dicta
1156 3890 1822 3969 Cassiani_suhjiciamtts,
1868 3889 2148 3969 advertere

559 3960 808 4041 oportet,
839 3974 1015 4041 ipsum
1064 3966 1139 4041 ἰιι⁸
1161 3966 1345 4041 collat.
1393 3962 1461 4015 15
1499 3963 1710 4041 abbatis
1746 3960 2144 4041 Chaer-emonis,

559 4033 804 4101 tuentem
824 4033 1065 4108 ejusdem
1093 4034 1300 4108 abbatis
1329 4034 1606 4108 aperuisse
1645 4034 1787 4086 circa
1838 4033 2062 4108 gratiam
2094 4041 2149 4086 et

560 4116 795 4171 liberum
830 4103 1131 4162 arbitrium.
1164 4103 1329 4171 Cujus
1376 4103 1730 4167 sententiam,
1765 4105 1887 4167 quia
1928 4117 2032 4155 non
2064 4119 2149 4157 re-

561 4186 754 4253 probat
772 4194 912 4241 eam,
932 4178 1079 4230 visus
1101 4185 1175 4253 est
1197 4174 1367 4253 sequi;
1386 4189 1448 4226 ac
1465 4172 1822 4253 proptereaS.
1851 4172 2081 4253 Prosper
2096 4175 2148 4228 in

565 4246 707 4310 libro
738 4265 895 4320 quem
919 4256 1106 4303 contra
1135 4246 1458 4320 Collatnrem
1483 4247 1805 4320 composuit.
1832 4258 1954 4320 eum
1980 4246 2144 4320 vehe-

564 4316 779 4380 menter
803 4322 1109 4386 impugnat,
1128 4326 1180 4369 et
1196 4332 1223 4369 a
1245 4316 1653 4385 Pelagianorum
1677 4316 1883 4369 semitis
1902 4331 2008 4367 non
2033 4316 2146 4370 dis-

566 4394 763 4451 cedere
784 4388 1201 4447 evidentissimis
1222 4387 1553 4442 demimstrat
1576 4387 1903 4456 argumentis
1921 4402 1985 4439 ex
2002 4387 2145 4441 Scri-

567 4477 729 4534 ptura
765 4478 918 4517 sacra
947 4458 1303 4534 et_Aug_usti_ni
1321 4457 1539 4534 scriptis
1555 4457 1905 4534 depromptis.
1925 4456 2147 4534 pudeat

569 4527 821 4593 Celasius
845 4532 1082 4601 pontifex
1109 4530 1164 4585 d.
1192 4531 1258 4585 15
1282 4545 1399 4597 cap.
1426 4529 1619 4601 Sancta
1640 4528 1903 4592 Romana,
1924 4527 2145 4584 Joannis

568 4606 819 4663 Cassiani
841 4600 1036 4658 librum
1058 4644 1072 4667 ,
1103 4604 1191 4668 qui
1224 4601 1524 4669 appellatur
1552 4600 1819 4665 Pastoris,
1852 4601 1991 4653 inter
2016 4615 2147 4665 apo-

571 4679 777 4749 crypha
802 4683 1071 4749 numerat.
1098 4674 1162 4726 Et
1183 4673 1432 4749 doctores
1454 4671 1837 4749 Loyanienses,
1859 4673 1945 4735 qui
1973 4671 2024 4724 in
2048 4670 2145 4725 do—

570 4742 748 4806 ctrina
763 4745 1047 4815 Augustini
1069 4754 1193 4798 sunt
1215 4743 1582 4815 eruditissimi,
1600 4742 1973 4815 annotationes
1994 4756 2154 4809 quas-

572 4823 701 4875 dam
729 4830 781 4874 et
804 4812 1086 4874 censuram
1110 4817 1161 4869 in
1187 4815 1332 4867 varia
1354 4815 1496 4867 dicta
1518 4812 1757 4867 Cassiani
1782 4812 2149 4881 subjecerunt,

572 4894 627 4946 in
664 4890 772 4944 ﬁne
799 4887 1171 4957 impressionis
1202 4885 1508 4957 Antuerpite
1542 4886 1699 4957 1578.

650 4961 749 5015 Est
777 4954 905 5029 ergo
936 4959 1164 5025 primum
1214 4957 1421 5029 dictum
1443 4956 1685 5029 Cassiani
1712 4973 1723 5006 :
1753 4954 1928 5029 llomo
1964 4954 2013 5007 in
2056 4970 2154 5008 na-

579 5042 699 5086 tura
751 5024 899 5099 lapsa
930 5024 1094 5083 habet
1119 5028 1363 5082 naturale
1404 5025 1671 5099 judicium
1704 5024 1775 5099 ad
1822 5040 2153 5099 cognoscent

580 5105 709 5158 dum
738 5096 938 5155 bonum
984 5109 1039 5155 et
1068 5101 1298 5165 malum,
1331 5106 1385 5153 et
1426 5098 1721 5151 naturalem
1754 5096 2059 5165 facultatem
2082 5097 2151 5151 ad

579 5184 873 5242 utrumque
913 5164 1363 5242 amplectendam.
1394 5168 1567 5223 Verba
1600 5164 2145 5242 pejus__sunt_(Collat.

580 5246 649 5300 15
675 5262 722 5298 c.
754 5236 822 5298 {'2
845 5285 858 5309 ,
885 5244 939 5295 in
972 5236 1162 5311 princ.)
1188 5260 1200 5294 :
1236 5240 1346 5295 Nec
1372 5242 1506 5295 enim
1534 5236 1685 5294 talem
1721 5236 1863 5292 Deus
1903 5238 2155 5292 hominem

574 5317 761 5391 fecisse
805 5314 1087 5391 credendus
1103 5322 1189 5391 _est
1214 5353 1228 5376 ,
1262 5314 1348 5391 qui
1377 5328 1467 5391 nec
1496 5312 1611 5366 velit
1642 5326 1879 5391 umquam
1917 5326 2007 5391 nec
2030 5326 2156 5388 pos-

577 5380 644 5443 sit
677 5388 885 5451 bonum,
918 5386 1151 5453 alioquin
1174 5400 1263 5437 nec
1292 5384 1337 5435 ei
1370 5382 1583 5436 liberum
1606 5382 1839 5453 permisit
1860 5380 2152 5445 arbitrium,

574 5462 620 5515 si
642 5459 691 5512 ei
721 5451 1077 5511 tantummodo
1100 5453 1295 5511 malum
1312 5463 1367 5507 ut
1393 5454 1509 5508 velit
1540 5464 1588 5507 et
1612 5452 1788 5522 possit,
1822 5451 2011 5522 bonum
2036 5465 2154 5503 vero

572 5556 606 5591 a
649 5530 921 5596 semetipso
971 5543 1060 5581 nec
1111 5526 1239 5582 uelle
1283 5542 1371 5579 nec
1424 5541 1569 5595 posse
1616 5524 1878 5596 concessit.
1925 5521 1994 5575 Et
2036 5529 2157 5590 post

572 5614 748 5678 pauca
767 5595 1012 5678 ,-probat
1041 5614 1159 5678 non_
1184 5596 1435 5678 amisisse
1458 5611 1628 5677 genus
1660 5595 2153 5678 “liumanumx‘post

614 5662 1080 5724 raevaricationem
1133 5668 1293 5733 Adae,
1337 5662 1613 5722 scientiam
1660 5667 1818 5730 boni,
1858 5680 1922 5719 ex
1952 5664 2056 5733 illo
2085 5662 2153 5716 ad

628 5754 739 5811 om.
771 5755 845 5799 tt:
869 5738 998 5797 Cum
1036 5741 1170 5801 enim
1194 5732 1400 5811 gentes,
1440 5754 1551 5809 qua:
1594 5737 1757 5808 legem
1788 5751 1891 5793 non
1938 5732 2150 5806 habent,

2176 4714 2231 4775 D

2254 3891 2563 3944 naturaliter
2583 3906 2641 3944 ea
2671 3906 2785 3960 qua:
2812 3891 2939 3962 legis
2974 3900 3095 3944 sunt
3125 3892 3356 3960 faciunt,
3402 3902 3505 3947 etc.
3542 3891 3629 3947 Ait
3656 3892 3802 3947 enim
3830 3914 3849 3949 :

2254 3962 2495 4034 Concepit
2523 3978 2645 4031 ergo
2668 3963 2857 4026 Adam,
2884 3974 2996 4034 post
3020 3963 3522 4031 prwvaricationem,
3554 3980 3710 4034 quam
3736 3982 3855 4023 non

2253 4033 2530 4099 habuerat,
2575 4034 2841 4086 scientiam
2886 4033 3042 4099 mali;
3072 4034 3189 4086 boni
3235 4050 3351 4087 rero
3382 4052 3535 4104 quam
3569 4033 3857 4103 acceperat

2253 4105 2523 4156 scientiam
2551 4120 2652 4156 non
2676 4106 2862 4156 (mnsit.
2899 4104 3125 4173 Denique
3156 4122 3256 4158 non
3291 4107 3525 4159 amisisse
3555 4108 3857 4162 humanum

2256 4191 2434 4245 genus,
2454 4186 2564 4243 post
2580 4176 3071 4244 prwvaricationem,
3089 4177 3353 4229 scientiam
3370 4178 3507 4239 boni,
3533 4179 3687 4230 etiam
3709 4180 3860 4245 Αροη

2259 4248 2381 4300 stoli
2404 4247 2650 4298 sententia
2683 4247 3054 4299 euidentissime
3082 4247 3510 4316 declaratur,qua
3532 4247 3689 4300 dicit:
3713 4252 3859 4305 Cum

2254 4319 2390 4389 enim
2409 4326 2602 4385 gentes.
2640 4333 2750 4382 quae
2777 4316 2939 4389 legent
2969 4333 3066 4369 non
3090 4319 3291 4389 liabent.
3313 4320 3617 4371 naturaliter
3640 4336 3700 4372 ea
3726 4337 3860 4389 quea

2255 4388 2379 4458 legis
2406 4400 2523 4441 sunt
2556 4388 2750 4456 faciunt
2784 4388 2968 4456 (Item.
2994 4389 3077 4457 ιι).
3106 4388 3169 4441 Et
3198 4389 3354 4453 paulo
3378 4389 3596 4445 inferius
3622 4388 3805 4445 subdit
3839 4412 3858 4448 :

2254 4458 2485 4530 l_)enique
2500 4470 2549 4511 ut
2568 4459 2956 4530 possibilitatem
2986 4460 3036 4511 in
3061 4461 3132 4511 eis
3162 4476 3272 4513 esse
3295 4460 3516 4530 signaret
3537 4503 3550 4526 ,
3568 4477 3858 4528 increpans

2255 4527 2551 4583 Pharisazos
2575 4547 2585 4581 :
2608 4529 2746 4594 Quid
2760 4541 2950 4592 autem,
2974 4530 3160 4598 inquit,
3178 4527 3408 4585 etiame:
3428 4532 3564 4583 vobis
3591 4527 3719 4597 ipsis?
3737 4550 3858 4588 non

2245 4603 2521 4669 judicans,
2537 4602 2887 4670 quodjustum
2908 4612 2977 4651 est
2998 4599 3149 4669 (Luc.
3172 4601 3296 4669 xu)?
3314 4606 3447 4669 quod
3471 4602 3857 4669 utiqueeisnon

2258 4672 2501 4737 dixisset,
2534 4672 2632 4724 nisi
2664 4689 2743 4743 eos
2785 4671 2979 4729 iuuicio
3008 4672 3229 4743 naturali
3259 4674 3311 4723 id
3338 4673 3477 4741 quod
3507 4688 3706 4741 wquum
3736 4683 3851 4743 est,

2254 4743 2429 4794 scisset
2462 4759 2606 4803 posse
2651 4742 2959 4794 discernere.
2999 4741 3146 4797 Unde
3184 4743 3463 4796 cavendum
3493 4757 3565 4796 est
3593 4743 3735 4798 nobis
3775 4741 3854 4800 ne

2255 4812 2327 4865 ita
2353 4812 2420 4863 ad
2442 4811 2608 4864 Deum
2638 4814 2809 4865 omnia
2828 4823 3119 4867 sanctorum
3144 4814 3321 4867 merita
3346 4814 3645 4880 referamus,
3663 4823 3715 4866 ut
3738 4815 3858 4871 nisi

2253 4884 2393 5004 quod
2417 4884 2607 4936 malum
2646 4894 2791 4952 atque
2822 4901 3107 4951 perversum
3154 4897 3257 4951 est,
3290 4898 3489 4945 natura!
3526 4884 3857 4941 ascribamus

2273 4970 2517 5004 tumanaz.
2552 4954 2617 5004 Et
2646 4958 2825 5004 nancis
2856 4955 3181 5004 interiectis.
3217 4956 3383 5004 innuit
3408 4974 3417 5004 :
3443 4955 3617 5004 Manet
3646 4956 3695 5004 in
3748 4958 3855 5004 ho-

2273 4954 2517 5007 tutnanw.
2552 4954 2617 5007 Et
2644 4958 2825 5021 paucis
2856 4955 3181 5023 iulerjectis,
3217 4956 3383 5023 inquit
3408 4974 3417 5007 :
3443 4955 3617 5008 Manet
3646 4956 3695 5007 in
3748 4958 3855 5009 lto-

2258 5026 2393 5079 mine
2412 5025 2621 5078 liberum
2644 5042 2838 5094 semper
2854 5026 3140 5093 arbitrium,
3171 5042 3270 5095 quo
3290 5026 3509 5097 gratiam
3531 5024 3630 5079 Dei
3652 5030 3847 5096 possit,

2253 5097 2333 5150 vel
2360 5098 2612 5166 negligere
2632 5138 2644 5159 ,
2676 5098 2755 5150 uel
2785 5112 2976 5166 amare.

2334 5167 2475 5221 Dicit
2504 5167 2764 5230 secundo,
2798 5165 3071 5221 hominem
3101 5166 3299 5221 habere
3330 5166 3647 5221 naturaliter
3681 5181 3851 5235 qua:-

2264 5238 2385 5293 dam
2416 5239 2670 5292 virtutum
2696 5238 2901 5292 semina
2925 5278 2938 5299 ,
2971 5252 3089 5307 qute
3118 5245 3295 5292 tamen
3316 5279 3329 5303 ,
3354 5238 3456 5292 nisi
3488 5252 3584 5307 per
3608 5241 3847 5306 gratiam

2261 5310 2329 5363 ad
2381 5310 2765 5379 perfectionem
2819 5308 3100 5379 pervenire
3151 5322 3255 5362 non
3304 5319 3566 5378 possunt:
3599 5307 3853 5365 Dubitari

2259 5375 2415 5452 ergo,
2445 5380 2615 5450 inquit
2642 5379 2793 5452 (Cap.
2820 5375 3189 5452 127cit.),non
3216 5375 3409 5445 potest,
3428 5380 3610 5452 inesse
3626 5380 3849 5449 quidem

2258 5450 2397 5512 omni
2444 5450 2985 5504 animte'naturaliter
3032 5451 3274 5503 virtutum
3309 5451 3543 5518 semina,
3594 5450 3848 5519 beneﬁcio

2256 5520 2514 5576 Creatoris
2539 5522 2755 5586 inserta;
2783 5523 2873 5576 sed
2896 5522 2999 5575 nisi
3025 5522 3131 5575 licet:
3156 5522 3491 5589 cpitulatione
3521 5519 3617 5577 Dei
3647 5522 3852 5591 fuerint

2256 5594 2472 5647 excitata
2498 5633 2514 5659 ,
2566 5594 2634 5646 ad
2678 5594 3044 5647 incrementum
3088 5592 3416 5661 perfectionis
3456 5608 3558 5651 non
3602 5600 3853 5661 poterunt

2255 5664 2539 5733 pervenire,
2565 5665 2686 5733 quia
2708 5665 2990 5719 secundum
3018 5662 3343 5728 apostolum:
3368 5661 3549 5733 Neque
3576 5662 3666 5733 qui
3687 5662 3849 5733 plan~

2256 5745 2328 5794 tat
2352 5744 2427 5792 est
2455 5734 2677 5807 aliquid,
2709 5751 2867 5809 neque
2906 5736 2995 5812 qui
3023 5734 3195 5811 rigat,
3222 5734 3313 5793 sed
3337 5734 3427 5811 qui
3465 5737 3859 5813 incnmentuag
