4000 6186
197 296 295 359 889

755 288 846 349 DE
884 290 1195 350 CASSIANI
1236 288 1585 348 DOCTRINA
1624 287 2197 347 ANNOTAMENTUM
2235 288 2467 346 DIDACI
2506 288 2855 348 ALVAREZ.

3342 294 3454 355 570

198 414 278 484 ttat
304 408 434 465 Deus
459 407 505 479 (l
530 403 651 462 Cor.
680 404 837 484 ‘x_m)._
873 406 932 460 Et
966 420 1085 484 cap.
1128 407 1193 461 8:
1232 406 1330 484 Qui
1375 422 1489 459 cum
1526 408 1578 484 in
1608 407 1751 484 nobis
1781 407 1830 469 Α
1864 407 2220 484 Ρνοριιειαγηε
2240 408 2523 484 Propterea
2549 422 2802 465 exsoectat
2826 411 3101 484 Dominus,
3129 423 3184 470 ut
3204 432 3449 475 miserea-

200 482 321 538 Deus
346 477 501 535 ortum
522 478 799 545 quemdam
821 477 965 531 bona:
992 479 1269 530 voluntatis
1296 479 1597 543 inspexerit,
1625 481 1721 532 illu

198 555 344 608 minat
369 568 477 606 eant
496 550 623 619 conf
632 551 783 609 'slim,
815 558 968 616 atque
995 549 1274 617 confortat,
1299 561 1346 602 et
1377 550 1554 601 incitat
1581 552 1651 601 ad
1672 568 1757 604 sa-

200 627 374 689 lutem;
403 625 758 676 incrementum
788 620 1016 691 tribuens
1042 624 1110 680 ei,
1152 636 1306 689 quam
1334 621 1410 673 vel
1449 621 1557 691 ipse
1592 621 1750 677 olan-

200 696 333 756 tavit,
361 695 436 748 vel
459 703 624 746 nostro
646 702 834 743 conatu
856 690 1038 743 viderit
1064 693 1345 744 emersisse.

264 767 395 820 Dicit
415 766 564 818 tertio
587 761 859 815 hominem
889 776 1048 829 posse
1072 776 1138 815 ex
1168 761 1279 815 sula
1314 762 1568 817 facultate
1591 764 1749 820 liberi

198 837 388 893 arbitrii
430 836 620 889 habere
655 834 1000 887 cltaritatem.
1050 832 1335 895 Colligitur
1379 833 1493 887 ham
1523 837 1753 890 assertio

198 924 256 964 ex
283 908 390 976 ejus
433 905 877 976 dictis.coll._15
923 920 975 976 c._
1006 903 1120 976 14,
1163 906 1251 976 ul_ii
1295 905 1573 976 explicans
1624 907 1752 962 illud

198 974 394 1034 Denter.
438 992 534 1031 xm
578 974 903 1045 (Secundum
957 974 1162 1039 LXX):
1202 974 1381 1027 Tentat
1428 986 1475 1030 te
1499 975 1753 1032 Dominus

198 1047 319 1103 Deus
350 1060 461 1101 tuus
488 1057 541 1101 ut
580 1047 755 1114 palam
800 1046 924 1113 fiat,
955 1058 1128 1098 utrum
1172 1047 1360 1114 diligas
1398 1063 1518 1100 eum
1564 1049 1617 1102 in
1645 1058 1753 1103 toto

196 1120 334 1174 corde
361 1129 477 1185 tuo,
521 1129 568 1172 et
596 1127 705 1171 tota
740 1118 911 1170 anima
943 1126 1033 1168 tua
1058 1158 1075 1187 ε
1117 1132 1184 1168 an
1228 1132 1360 1178 non.
1394 1117 1569 1184 inqttit
1595 1163 1609 1187 ,
1645 1120 1753 1174 Sed

194 1192 353 1262 utique
375 1206 463 1244 nec
489 1190 682 1262 tentari
694 1204 780 1241 eos
796 1188 1006 1262 justitia
1050 1186 1254 1262 Domini
1279 1190 1623 1262 permisisset,
1652 1192 1753 1244 nisi

192 1258 361 1329 parem
401 1262 453 1314 in
497 1263 565 1315 eis
611 1260 802 1333 scisset
832 1260 998 1333 inesse
1038 1258 1308 1311 resistendi
1336 1262 1604 1333 virtutem,
1650 1278 1754 1333 qua

192 1340 386 1402 possent
419 1333 663 1403 (equitatis
681 1330 885 1403 judicio
916 1329 967 1381 in
994 1336 1214 1403 utroque
1250 1330 1431 1403 merito
1470 1333 1547 1403 vel
1572 1333 1645 1384 rei
1663 1329 1753 1386 vel

193 1399 455 1476 laudabiles
470 1399 726 1476 'judicat'i.
753 1400 896 1476 Idem
922 1399 1193 1476 colligitur
1211 1415 1276 1453 cx
1299 1401 1473 1476 capite
1500 1402 1715 1476 decimo
1732 1448 1745 1473 ,

194 1475 274 1527 ubi
300 1471 508 1539 fatetur,
538 1476 719 1528 inesse
749 1471 896 1526 omni
927 1471 1122 1524 anima:
1152 1472 1466 1526 naturaliter
1488 1471 1747 1529 virtutum

193 1547 408 1609 semina,
440 1547 496 1599 in
538 1546 734 1615 quibus
764 1541 1704 1615 etiamcomprehenditfcliaritatem
1731 1586 1746 1611 ,

193 1628 297 1684 cum
343 1612 590 1671 absolute
625 1616 875 1684 loquatur
914 1612 980 1666 tle
1011 1613 1312 1666 virtutibus.
1352 1614 1503 1669 Unde
1532 1624 1749 1671 sanctus

192 1683 410 1757 Proslier
432 1688 551 1757 hoc
577 1683 779 1741 dictum
815 1684 999 1757 tribuit
1019 1684 1277 1737 Cassiano
1299 1726 1313 1749 ,
1345 1698 1466 1738 cum
1495 1686 1570 1739 ait
1597 1686 1744 1757 (Lib.

188 1765 323 1856 [eq-nt,
347 1756 483 1856 Coll.
518 1775 631 1840 egp.
651 1757 787 1856 '59):
816 1755 885 1856 [Et
918 1764 1058 1856 (gnta
1084 1763 1199 1856 ett;
1234 1758 1513 1856 sesundum
1551 1755 1707 1856 ikstum
1731 1802 1746 1827 ,
1778 1793 1829 1856 Β

187 1826 325 1882 liberi
350 1829 556 1881 arbitrii
580 1826 663 1881 vel
693 1826 1020 1881 incolumitas
1049 1828 1127 1879 vel
1169 1826 1412 1895 facultas,
1442 1836 1499 1880 ut
1525 1827 1752 1884 charita-

186 1906 273 1951 tem
296 1914 416 1969 qute
443 1901 498 1953 in
528 1900 747 1953 omnium
771 1914 886 1952 arce
910 1898 1152 1950 virtutum
1174 1906 1270 1963 est,
1296 1914 1397 1951 non
1426 1914 1490 1951 ea:
1513 1898 1612 1954 Dei
1632 1919 1748 1956 mu-

184 1968 326 2035 nere,
351 1970 447 2025 sed
476 1986 540 2025 ea:
568 1968 678 2025 sola
708 1969 889 2024 habeat
910 1969 1187 2023 voluntate.

247 2040 384 2096 Dicit
412 2050 632 2112 quarto,
656 2040 793 2112 quod
824 2039 987 2094 homo
1006 2039 1063 2112 in
1090 2048 1280 2093 natura
1306 2040 1451 2109 lapsa
1479 2042 1751 2098 sufficien-

187 2117 260 2164 tes
295 2109 447 2167 vires
464 2109 754 2167 habeat'ad
782 2109 1145 2167 resistendum
1175 2112 1559 2167 lentationlbus
1586 2115 1748 2169 etiam

186 2183 535 2252 gravioribus,
559 2191 614 2238 et
632 2182 971 2251 superandas
989 2195 1354 2252 quascumque
1380 2182 1747 2240 difficultates.

186 2251 250 2324 lta
274 2253 399 2309 dicit
428 2255 615 2310 collat.
652 2253 719 2308 15
743 2268 866 2324 cap.
903 2253 991 2320 14,
1011 2251 1117 2308 ubi
1149 2253 1377 2324 loquens
1406 2254 1471 2308 de
1503 2258 1751 2310 tentatio-

185 2323 325 2379 nibus
345 2325 469 2395 Job,
504 2340 623 2395 quas
644 2323 977 2395 graviSsimae
1000 2323 1236 2391 fuerunt,
1263 2324 1433 2393 inquit
1457 2343 1469 2379 τ
1500 2326 1607 2382 Sed
1632 2344 1749 2381 cum

181 2396 361 2449 nullam
389 2397 651 2469 ejusmodi
679 2395 1050 2467 querimoniam
1070 2396 1423 2469 calumniosus
1440 2468 1445 2469 γ
1460 2397 1619 2451 hostis
1639 2408 1753 2469 post

183 2465 460 2536 conflictum
490 2465 700 2521 audeat
730 2469 917 2521 iterare
942 2508 956 2530 ,
986 2482 1089 2520 non
1116 2465 1245 2531 Dei,
1284 2468 1374 2520 sed
1408 2468 1548 2521 illius
1578 2465 1647 2522 se
1677 2472 1752 2522 vi-

182 2544 304 2590 ctum
328 2540 529 2592 viribus
556 2540 846 2606 conﬁtetur.
883 2536 1025 2609 Licet
1054 2539 1204 2591 etiam
1232 2539 1403 2609 gratia
1434 2539 1530 2593 Dei
1570 2556 1670 2593 non
1697 2541 1749 2594 in

182 2614 324 2661 totum
358 2612 438 2664 illi
469 2610 699 2679 defuisse
726 2608 982 2663 credenda
1010 2609 1074 2663 sit
1093 2652 1107 2677 ,
1131 2608 1250 2679 quae
1285 2618 1477 2661 tantam
1508 2613 1751 2665 teutatori

181 2682 391 2750 tentandi
425 2681 609 2736 tribuit
649 2688 945 2750 potestatem
962 2722 977 2743 ,
1002 2690 1251 2750 quantam
1272 2688 1319 2732 et
1342 2679 1490 2733 illum
1515 2683 1751 2735 resisten-

180 2748 225 2800 di
248 2762 448 2806 noverat
472 2748 659 2806 habere
678 2753 936 2813 virtutem,
962 2748 1065 2805 non
1090 2767 1207 2804 eum
1227 2750 1291 2803 ab
1312 2751 1457 2804 illius
1479 2753 1750 2821 impugna-

178 2821 300 2875 tione
344 2824 421 2879 sic
445 2833 749 2895 protegens,
783 2834 838 2875 ut
866 2822 1072 2895 nultum,
1109 2823 1566 2895 virtuti_humante
1596 2824 1750 2878 relin-

177 2901 335 2959 queret
360 2891 556 2950 loeum.
593 2891 658 2950 Et
706 2895 889 2963 paucis
919 2894 1248 2964 interjectis:
1280 2891 1350 2947 Et
1376 2895 1502 2963 quid
1530 2911 1614 2948 eos
1654 2912 1747 2949 ne-

176 2976 298 3017 cesse
323 2975 398 3019 est
426 2968 510 3020 vel
538 2967 745 3032 tentari,
769 2981 894 3033 quos
924 2965 996 3018 ita
1012 2965 1246 3034 infirmos
1269 2966 1406 3017 novit
1430 2981 1492 3017 ac
1513 2966 1744 3035 fragiles,

177 3040 560 3105 utnequaquam
581 3039 763 3090 virtute
774 3036 1327 3090 suavaleantresistere
1347 3038 1585 3088 tentatori
1598 3038 1621 3087 ἱ)
1644 3036 1750 3089 Sed

172 3106 331 3175 utique
361 3124 465 3161 nec
487 3110 669 3161 tentari
699 3124 784 3161 eos
805 3106 1015 3175 justitia
1058 3106 1268 3159 Domini
1294 3105 1628 3172 permisisset,
1652 3106 1751 3156 nisi

1859 488 1942 531 tur
1971 482 2132 532 nostri
2168 479 2350 549 (Isaia!
2380 482 2529 548 xxx).

1930 553 2081 617 Quod
2125 567 2301 605 autem
2335 552 2624 617 aliquando
2656 553 2794 606 Deus
2817 569 2920 608 non
2954 554 3267 623 praeveniat,
3291 560 3443 615 affir-

1858 634 1970 697 mat
2001 624 2190 676 eodem
2222 637 2342 697 cap.
2362 624 2467 697 12,
2502 640 2621 697 cuin
2650 626 2756 697 ait:
2786 623 3042 697 ,Prtevcnit
3071 645 3191 697 ergo
3219 629 3442 688 hominis

1858 694 2171 746 voluntatem
2197 694 2552 767 misericordia
2584 694 2813 761 Domini,
2837 698 2899 749 de
2927 714 3026 767 qua
3055 694 3273 753 dicitur:
3302 702 3442 758 Deus

1858 780 2000 843 meus
2055 766 2410 843 misericordia
2439 768 2550 830 eius
2592 768 2862 830 prtrveniet
2912 766 2991 821 me
3038 768 3221 837 (Psal.
3263 776 3446 843 LVIII).

1858 835 1928 912 Et
1957 853 2137 912 rursus
2190 834 2469 912 Dominum
2501 848 2870 901 remorantem,
2925 834 3075 909 atque
3105 842 3299 895 utiliter
3319 834 3447 912 quo-

1857 908 2134 960 dummodo
2179 907 2538 960 subsistentem
2588 918 2641 959 ut
2691 920 2922 962 nostrum
2971 907 3267 976 ea‘periamr
3309 907 3447 967 arbi-

1857 979 2033 1045 trium,
2062 976 2296 1030 voluntas
2322 980 2565 1045 prmi-snit
2592 988 2787 1043 nostra,
2809 996 2925 1033 cum
2951 983 3174 1035 dicitur:
3202 982 3267 1037 Et
3293 1000 3443 1038 mune

1859 1050 2024 1120 oratio
2047 1065 2174 1120 mea
2219 1052 2489 1112 prtrveniet
2529 1059 2575 1101 te
2606 1048 2775 1117 (Psal.
2806 1056 3088 1116 LXXXVII).
3133 1054 3199 1107 Et
3220 1069 3339 1120 cap.
3378 1056 3443 1109 17

1856 1119 2011 1174 docet
2045 1119 2208 1172 Deum
2234 1121 2590 1188 quorumdam
2618 1122 2835 1187 quidem
2858 1124 3153 1177 Vulentiutn
3182 1134 3235 1177 et
3255 1119 3444 1182 sitien-

1856 1190 1989 1267 t_ium
2018 1205 2239 1267 cursum
2264 1192 2329 1243 ait
2356 1190 2615 1267 majorem
2639 1190 2866 1267 incitare
2889 1195 3250 1262 ﬂagrantiam,
3279 1212 3445 1267 quos-

1802 1275 1814 1289 ·
1855 1260 1977 1333 dam
2012 1276 2140 1314 vero
2170 1264 2330 1314 etiam
2360 1262 2603 1315 nolentes
2638 1262 2941 1331 invitusque
2969 1260 3341 1333 "compellere.
3378 1267 3445 1322 Et

1853 1330 1994 1406 idem
2028 1335 2224 1400 repetit
2272 1348 2391 1399 cap.
2429 1333 2528 1396 18,
2553 1333 2651 1406 tibi
2682 1333 2801 1406 ait:
2834 1335 2900 1387 Et
2951 1337 3081 1389 alios
3110 1330 3315 1406 quidem
3355 1354 3445 1391 vo-

1854 1400 2017 1475 lentes
2046 1410 2403 1475 currentesque
2428 1403 2708 1472 suscipere,
2733 1405 2862 1475 alios
2887 1406 3090 1475 quidem
3108 1400 3337 1462 nolentes
3361 1424 3445 1462 re-

1853 1474 2170 1544 nitentesque
2209 1473 2538 1545 pertrahere,
2574 1483 2621 1529 et
2661 1476 2731 1528 ad
2758 1473 2947 1530 bonum
2984 1492 3163 1547 cogere
3201 1477 3445 1535 volunta-

1854 1552 1972 1597 tem.

1924 1615 2082 1690 Dicit,
2114 1626 2305 1690 sexto,
2341 1632 2448 1690 non
2476 1631 2598 1690 esse
2628 1616 2701 1690 ita
2729 1626 2898 1690 totum
2924 1618 3270 1675 tribuendum
3313 1635 3441 1690 gra-

1854 1686 1966 1751 tim,
1995 1689 2123 1759 quin
2153 1689 2333 1758 aliqua
2358 1688 2475 1742 laus
2505 1696 2559 1759 et
2586 1688 2853 1759 industria
2882 1690 3146 1744 servanda
3178 1686 3439 1747 sitlibero

1855 1757 2101 1831 arbitrio.
2149 1757 2256 1815 Ait
2287 1761 2443 1831 enim
2478 1757 2701 1831 (Collat.
2734 1758 2893 1831 15_7c.
2928 1760 3026 1831 11)
3068 1761 3261 1816 nullius
3307 1763 3441 1817 enim

1856 1828 2027 1883 laudis
2055 1841 2182 1884 esset
2202 1846 2261 1881 ac
2276 1830 2466 1901 meriti,
2489 1829 2539 1901 si
2554 1828 2607 1881 id
2625 1830 2678 1901 in
2704 1846 2763 1882 eo
2776 1828 3014 1901 Christus
3030 1834 3180 1901 quod
3206 1834 3318 1901 ipse
3344 1833 3442 1888 doc

1856 1908 2064 1954 noverat
2098 1900 2436 1969 praztulisset,
2467 1898 2699 1967 alioquin
2731 1900 2940 1954 dixisset
2964 1916 2982 1954 :
3012 1898 3135 1955 Non
3162 1898 3280 1958 dedi
3327 1912 3441 1958 tan-

1857 1980 1959 2024 tam
1985 1972 2141 2041 ﬁdem
2169 1973 2222 2025 in
2250 1969 2436 2024 Israel.
2472 1969 2623 2041 Hanc
2654 1969 2815 2023 etiam
2861 1972 3217 2041 assertionem
3256 1973 3441 2030 tribuit

1853 2039 2112 2115 Cassiano
2140 2042 2197 2115 S_.
2232 2042 2469 2115 Prosper
2489 2039 2669 2106 (Libro
2692 2050 2826 2115 cont.
2855 2039 3042 2115 Cellat.
3080 2044 3285 2113 diﬂinit.
3319 2044 3437 2115 11),

1855 2128 1976 2166 cum
2005 2114 2078 2167 ait
2103 2129 2117 2167 :
2150 2112 2353 2182 Impius
2380 2128 2595 2182 sensus,_
2615 2111 2705 2179 qui
2733 2122 2879 2179 putat
2906 2111 3182 2167 beatiorem
3208 2131 3313 2170 esse
3337 2111 3435 2169 to;

1855 2184 2041 2306 minem
2068 2185 2152 2238 cui
2170 2180 2311 2239 Deus
2332 2182 2465 2238 nihil
2496 2180 2714 2249 dederit,
2749 2199 2902 2250 quam
2942 2185 3029 2237 cui
3050 2186 3287 2238 universa
3316 2201 3440 2239 con-

1855 2264 1908 2306 tu
1935 2257 2046 2306 erit.

1854 2257 2046 2309 tulerit.

1927 2325 2089 2392 Dicit,
2109 2328 2363 2396 septimo,
2382 2326 2657 2382 hominem
2682 2341 2747 2382 ex
2770 2326 3023 2381 facultate
3046 2333 3252 2396 naturte
3277 2339 3438 2395 posse

1854 2396 2120 2466 medicum
2135 2395 2398 2466 qtnerere,
2415 2407 2470 2453 et
2483 2400 2766 2455 sanitatem
2782 2397 3127 2452 desiderare:
3149 2395 3260 2451 Nec
3278 2399 3435 2463 enim,

1854 2465 2025 2536 inquit
2050 2465 2209 2539 (Ead.
2235 2470 2424 2524 Collat.
2450 2488 2496 2523 c.
2531 2470 2586 2534 9,
2611 2470 2663 2523 in
2686 2469 2828 2538 ﬁne),
2857 2486 2971 2522 cum
2990 2469 3330 2539 volueritquis
3352 2485 3440 2521 sa-

1855 2538 2013 2623 nitate
2039 2538 2347 2623 perfruitur,
2375 2549 2464 2623 aut
2494 2540 2558 2594 de
2585 2540 2909 2623 wgrlitttdinis
2938 2540 3146 2607 morbo,
3169 2557 3269 2623 pro
3300 2540 3437 2623 arbi-

1854 2610 1940 2661 trii
1970 2610 2051 2663 sui
2077 2610 2327 2666 desiderio
2372 2610 2646 2665 liberatur:
2668 2611 2805 2676 Quid
2851 2620 3020 2664 autem
3050 2612 3255 2680 prodest
3290 2614 3436 2665 sani-

1856 2680 1972 2733 tatis
1994 2684 2215 2753 gratiam
2237 2683 2558 2751 concupisse,
2584 2683 2685 2736 nisi
2701 2681 2952 2736 Dominus
2970 2724 2983 2744 ,
3026 2683 3113 2748 qui
3135 2684 3252 2736 vita:
3271 2683 3438 2750 ipsius

1854 2766 2005 2823 usum
2053 2753 2250 2818 tribuit,
2283 2754 2438 2806 etiam
2470 2755 2688 2823 vigorem
2718 2753 3438 2823 incolumitatis_impartiat?

1853 2820 1984 2892 Quae
2011 2823 2174 2879 verba
2214 2833 2431 2879 sanctus
2462 2820 2695 2892 Prosper
2720 2822 3038 2891 impugnans
3066 2821 3151 2890 (S.
3184 2821 3435 2889 Prosper.

1854 2890 1968 2963 Lib.
2030 2904 2168 2949 cont.
2224 2893 2413 2948 Collat.
2464 2909 2507 2944 c.
2540 2890 2620 2963 8),
2654 2892 2731 2947 ait
2759 2910 2773 2945 :
2800 2890 2970 2946 Doces
3015 2908 3135 2963 ergo
3162 2907 3267 2944 non
3292 2906 3439 2962 posse

1854 2962 2106 3033 hominem
2137 2980 2227 3033 per
2255 2961 2585 3032 semetipsum
2607 2962 2991 3033 apprehendere
3016 2961 3284 3033 sanitatem
3301 3003 3316 3025 ,
3347 2966 3437 3015 sed

1853 3030 2040 3086 habere
2068 3030 2181 3087 eum
2235 3050 2265 3085 a
2292 3030 2560 3102 semetipso
2610 3032 2922 3087 desiderium
2952 3032 3209 3102 sanitatis,
3259 3042 3308 3086 et
3344 3048 3438 3086 sua

1856 3110 2051 3154 tantum
2072 3112 2250 3171 sponte
2266 3104 2440 3155 venire
2461 3104 2527 3154 ad
2546 3103 2820 3167 medicum,
2848 3117 2954 3154 non
2975 3101 3130 3154 etiam
3150 3101 3247 3156 hoc
3266 3104 3437 3171 ipsum

168 3172 333 3243 par—em
355 3180 415 3231 in
438 3179 513 3232 eis
536 3172 817 3231 resistendi
831 3177 1003 3228 scisset
1026 3176 1190 3229 inesse
1214 3176 1482 3237 virtutem,
1510 3190 1610 3241 qua
1630 3189 1752 3242 pos-
1782 3172 1828 3236 C
1857 3172 2041 3243 medici
2068 3188 2174 3226 esse
2193 3172 2331 3241 quod
2360 3172 2551 3243 veniat.

167 3256 263 3299 sent
284 3249 559 3316 tequitatis
576 3247 777 3312 judicio
806 3246 860 3298 in
888 3254 1102 3316 utroque
1131 3245 1311 3316 merito
1340 3243 1418 3295 vel
1444 3244 1619 3316 rei_vel
1641 3244 1752 3316 lau-

168 3312 361 3397 dabiles
385 3317 655 3397 iudicari,
683 3316 750 3397 Et
775 3315 902 3397 coll.
995 3328 1115 3397 cap.
1150 3313 1482 3397 lGeDDtttlltO
1511 3312 1713 3397 dicenti
1739 3332 1750 3367 :

168 3384 356 3442 Resisti
384 3382 499 3439 illis
521 3386 747 3449 (scilicet
776 3384 1161 3440 tentationibus
1193 3382 1523 3439 terribilibus
1553 3383 1754 3438 adver-

169 3457 462 3528 sariorum)
500 3459 562 3512 ab
593 3459 691 3511 hac
716 3456 1003 3529 praesertim
1030 3456 1211 3529 fragili
1262 3455 1755 3529 carneimpossibile

172 3526 521 3594 crederemus,
556 3530 653 3583 nisi
680 3526 749 3582 ad
775 3530 907 3581 hanc
952 3527 1245 3596 opinionem
1287 3526 1464 3578 vestris
1494 3528 1754 3581 sententiis

173 3602 293 3653 velut
335 3599 631 3654 caelestibus
665 3602 1015 3653 animarentur
1045 3598 1286 3651 oraculis.
1322 3596 1630 3663 Respondet
1666 3611 1754 3650 ca-

175 3670 270 3736 pite
295 3681 516 3737 octavo,
542 3670 785 3738 ejusdem
814 3669 1022 3724 collat.:
1051 3668 1396 3735 Quamobrem
1418 3668 1549 3721 sicut
1572 3669 1625 3720 in
1646 3667 1751 3722 illis

178 3751 238 3814 est
261 3742 617 3814 instigationis
644 3744 789 3812 copia
815 3780 828 3803 ,
863 3742 938 3793 ita
964 3750 1009 3794 et
1030 3741 1083 3792 in
1113 3740 1255 3814 nobis
1294 3739 1454 3814 virtus
1480 3739 1751 3814 respuendi

178 3810 267 3882 sive
306 3808 670 3882 acquiescendi
705 3808 920 3866 libertas
962 3820 1034 3865 est
1084 3812 1350 3882 attributa.
1397 3808 1751 3882 Undecapite

182 3878 601 3955 decimo'qnarto
635 3885 872 3953 explicat
920 3882 1047 3935 illud
1080 3899 1091 3933 :
1124 3881 1321 3955 Fidelis
1360 3891 1529 3955 autem
1572 3878 1746 3955 Deus,

183 3955 255 4024 qui
280 3972 380 4009 non
422 3952 689 4023 permittet
712 3952 813 4007 vos
845 3955 1030 4024 tentari
1073 3968 1231 4024 supra
1264 3953 1317 4005 id
1355 3952 1497 4021 quod
1542 3953 1748 4024 potestis

185 4022 221 4143 ξι
246 4026 354 4081 Cor.
392 4022 472 4097 χ),
518 4026 585 4080 de
620 4035 886 4095 potestate
930 4022 1211 4078 resistendi
1254 4022 1640 4077 tentationibus
1679 4038 1745 4076 ex

203 4098 416 4143 acnltatp.
442 4106 672 4143 nalnrm-
710 4098 798 4143 Ait
824 4097 966 4143 enim
991 4112 1002 4143 :
1032 4093 1230 4143 Fidelis
1262 4104 1430 4143 autem
1460 4092 1601 4143 Deus
1621 4134 1635 4143 .
1660 4094 1745 4143 aui

203 4095 416 4153 'acultate
430 4092 672 4151 naturae.
708 4098 798 4150 Ait
824 4097 966 4149 enim
991 4112 1002 4147 :
1031 4093 1230 4148 Fidelis
1262 4104 1430 4147 autem
1460 4092 1601 4146 Deus
1621 4134 1635 4159 ,
1660 4094 1749 4162 qui

184 4178 266 4217 non
290 4171 544 4234 permittet
572 4186 659 4221 vos
692 4169 875 4220 tentari
905 4182 1065 4232 supra
1095 4166 1149 4219 id
1195 4166 1331 4235 quod
1376 4165 1611 4231 potestis,
1632 4164 1745 4235 sed

185 4237 309 4305 faciet
336 4257 446 4293 cum
481 4242 760 4293 tentatione
806 4247 851 4291 et
887 4240 1023 4290 exitu
1048 4280 1061 4303 ,
1107 4246 1162 4289 ut
1208 4234 1453 4290 sustinere
1502 4234 1742 4305 possitis:

187 4304 288 4360 Cum
314 4314 449 4364 enim
481 4311 637 4375 dicit,
680 4308 781 4370 Qui
822 4318 920 4361 stat
952 4309 1116 4362 videat
1146 4325 1208 4361 ne
1258 4308 1435 4369 cadat,
1469 4304 1742 4358 sallicitam

187 4380 322 4432 reddit
350 4383 555 4435 arbitrii
597 4380 880 4434 libertatem
902 4421 916 4442 ,
950 4395 1101 4443 quam
1134 4381 1302 4448 utique
1344 4388 1583 4441 noverat,
1614 4393 1747 4446 pcr-

186 4458 304 4516 cepta
330 4457 526 4520 gratia,
560 4454 635 4504 vel
666 4464 803 4504 stare
832 4468 922 4521 per
953 4450 1255 4503 industriam
1280 4490 1293 4514 ,
1327 4449 1404 4521 v_el
1425 4448 1615 4521 cadere
1653 4462 1743 4516 per

1924 3239 2084 3310 Dicit,
2113 3239 2548 3307 octavo,bomini
2580 3256 2646 3296 ex
2674 3241 3013 3297 naturalibus
3029 3242 3247 3297 conanti
3262 3242 3440 3299 facere

1859 3310 2001 3378 quod
2031 3313 2082 3367 in
2114 3326 2173 3367 se
2193 3322 2277 3367 est
2299 3310 2525 3382 gratiam
2549 3312 2688 3379 dari,
2713 3326 2816 3383 qua
2844 3312 2989 3368 Deus
3016 3312 3186 3368 bonos
3214 3322 3438 3370 conatus

1859 3391 2065 3453 naturas
2095 3383 2303 3453 dirigit,
2352 3382 2652 3449 confortat,
2689 3394 2743 3439 et
2773 3384 3103 3439 voluntatem
3150 3385 3339 3439 incitat
3370 3386 3438 3439 ad

1856 3452 2110 3525 salutem.
2127 3453 2207 3509 Ne
2237 3464 2414 3509 autem
2442 3470 2562 3511 cum
2590 3456 2809 3525 Pelagio
2834 3457 3143 3511 consentire
3164 3455 3434 3511 videatur.

1854 3524 1933 3578 sic
1963 3526 2116 3580 istam
2139 3526 2490 3597 assertionem
2516 3524 2801 3597 temperat,
2818 3534 2875 3582 ut
2902 3527 3048 3582 dicat
3066 3536 3293 3582 conatus
3316 3527 3438 3583 illos

1857 3609 1964 3667 gon
1995 3610 2118 3651 esse
2144 3596 2451 3651 meritorios
2475 3596 2682 3667 gratiae,
2707 3613 2808 3654 nec
2833 3613 3051 3664 semper
3074 3600 3434 3654 necessarios.

1854 3664 1925 3721 Et
1952 3668 2168 3734 quidem
2208 3668 2351 3735 quod
2393 3664 2597 3723 homini
2628 3670 2847 3724 conanti
2887 3685 2953 3726 ex
2983 3678 3190 3725 naturae
3224 3670 3434 3725 viribus

1853 3736 2011 3809 detur
2031 3739 2234 3806 gratia,
2266 3738 2498 3792 afﬁrmat
2524 3740 2650 3793 coll.
2682 3741 2750 3795 15
2783 3756 2903 3809 cap.
2936 3741 3002 3803 8,
3032 3756 3155 3795 cum
3188 3743 3299 3795 ait:
3334 3741 3436 3808 Qui

1853 3822 1970 3859 cum
1996 3808 2050 3860 in
2074 3810 2219 3880 nobis
2250 3818 2418 3861 ortum
2452 3809 2721 3877 quemdam
2749 3808 2891 3864 bona:
2914 3810 3190 3864 voluntatis
3223 3827 3435 3880 conspec

1849 3880 2022 3949 xerit,
2052 3878 2314 3933 illuminat
2369 3895 2479 3932 eam
2524 3880 2820 3949 confestim,
2863 3888 3013 3947 atque
3057 3878 3355 3947 confortat,‘
3389 3891 3437 3933 et

1850 3948 2029 4001 incitat
2073 3949 2141 4002 ad
2171 3952 2391 4004 salutem
2417 3996 2431 4019 ,
2464 3948 2835 4003 incrementum
2865 3949 3088 4003 tribuens
3112 3952 3158 4003 ei
3186 3966 3338 4019 quam
3359 3951 3435 4005 vel

1848 4019 1957 4089 ipse
1984 4021 2261 4091 plantavit,
2295 4024 2374 4075 vel
2412 4033 2588 4075 nostro
2617 4032 2808 4091 conatu
2835 4021 3020 4075 viderit
3048 4020 3333 4091 emersisse.
3368 4022 3436 4077 Et

1849 4090 2065 4157 cap.“
2089 4111 2101 4146 :
2138 4092 2281 4145 Nam
2307 4108 2422 4146 cum
2450 4091 2582 4145 videt
2610 4108 2703 4145 nos
2725 4090 2868 4147 Deus
2892 4092 2960 4146 ad
2983 4092 3171 4146 bonum
3192 4090 3318 4144 velle
3346 4092 3437 4144 de-

1847 4163 2071 4236 flectere,
2106 4165 2345 4232 occurrit,
2389 4163 2596 4236 dirigit,
2628 4172 2779 4234 atque
2825 4168 3121 4234 confortnt:
3153 4162 3233 4236 Ad
3252 4178 3434 4236 vocem

1845 4234 1982 4372 {pint
2020 4235 2256 4372 clamt))ris
2286 4238 2359 4287 tui
2391 4234 2564 4288 statim
2614 4244 2670 4287 ut
2696 4236 2955 4299 audierit,
2986 4234 3315 4306 respondebit
3344 4234 3433 4288 tibi

1905 4320 2029 4356 sata:
2049 4321 2148 4357 xxx
2187 4346 2197 4357 .

1905 4305 2029 4356 saite
2049 4306 2197 4375 xxx).

1919 4375 2275 4447 Quodautem
2311 4376 2383 4447 illi
2407 4385 2633 4430 conatus
2664 4392 2768 4431 non
2796 4378 2903 4432 sint
2926 4378 3187 4433 meritorii
3219 4379 3429 4447 gratim,

1849 4446 2042 4518 asserit
2066 4444 2117 4495 in
2143 4460 2262 4518 cap.
2291 4446 2355 4518 1f}
2377 4448 2617 4518 ejusdem
2643 4449 2961 4509 collationis,
2990 4451 3169 4503 statim
3194 4444 3247 4503 in
3280 4444 3432 4518 prin;

186 4514 525 4606 tggligEntium
578 4540 743 4587 posse.
798 4514 861 4576 Et
914 4529 1033 4589 po-~t
1083 4535 1285 4587 pauca:
1327 4516 1527 4606 Fidslts
1574 4514 1743 4606 a'utem
1770 4546 1825 4606 D
1848 4514 2022 4606 ciniLn,
2050 4528 2171 4606 ευρ]
2204 4516 2376 4606 inquit
2401 4532 2414 4568 :
2438 4516 2795 4597 Nentoautem
2823 4520 3073 4571 existimet
3091 4520 3200 4572 hinc
3226 4537 3259 4571 a
3281 4514 3431 4571 nobis

187 4583 321 4665 Dius:
352 4597 435 4662 qui
472 4583 585 4647 non.
607 4594 859 4665 permittet
898 4583 983 4644 vos
1009 4583 1191 4665 tentari
1224 4604 1377 4665 supra
1402 4587 1456 4639 id
1476 4587 1615 4665 quod
1648 4603 1739 4651 po-

186 4662 298 4734 testis
318 4680 336 4717 :
362 4658 462 4719 non
496 4658 670 4734 utique
704 4675 877 4730 optat,
910 4678 975 4714 ne
1011 4677 1094 4734 eas
1125 4658 1375 4734 Dominus
1408 4658 1592 4708 tentari
1623 4671 1739 4725 per—

186 4732 390 4801 mitteret,
415 4736 513 4790 sed
540 4731 601 4789 ne
627 4752 785 4806 supra
808 4734 860 4786 id
888 4731 1023 4806 quod
1044 4732 1293 4806 sustinere
1319 4734 1555 4806 poterant
1578 4736 1741 4778 tenta«

186 4812 351 4858 rentur.
378 4795 522 4859 illud
549 4795 909 4859 enim'indicnt
931 4801 1147 4855 humani
1174 4795 1375 4852 arbitrii
1405 4795 1740 4863 facultatem;

186 4866 263 4923 hoc
280 4890 385 4948 vero
406 4877 624 4931 Domini
645 4878 865 4948 gratiam
896 4873 1235 4927 tentationum
1264 4869 1543 4924 luctamina
1565 4869 1741 4921 mode-

187 4946 320 4997 rantis
344 4948 586 5001 ostendit.

245 5014 363 5071 Dicit
390 5022 615 5087 quiuto,
662 5018 804 5072 Deus
833 5022 1113 5087 exspectat
1143 5021 1360 5068 nostros
1381 5020 1606 5087 conatus
1627 5053 1655 5087 ,_
1681 5021 1736 5087 et

186 5080 435 5152 aliquando
470 5104 570 5143 nos
603 5080 1146 5159 prevenittptiniam
1177 5092 1383 5159 partem
1415 5082 1573 5159 huj_ns
1604 5083 1735 5159 tli_c_ti

186 5161 423 5221 expressis
451 5154 635 5213 verbis
689 5159 850 5213 tradit
876 5157 1165 5211 Cassianus
1217 5154 1399 5209 collat.
1458 5155 1596 5207 t5c.
1646 5155 1731 5220 15,

185 5235 285 5279 cum
311 5229 377 5284 ait
405 5249 417 5283 :
450 5230 517 5283 Et
546 5232 619 5283 ita
661 5244 860 5294 semper
895 5228 1063 5299 gratia
1095 5226 1187 5280 Dei
1232 5235 1406 5279 nostro
1450 5225 1735 5299 inbonam

186 5306 345 5373 Partem
368 5312 671 5369 coaperatur
689 5294 1109 5367 arbitrio',vatque
1132 5299 1185 5351 in
1212 5298 1443 5349 omnibus
1478 5294 1612 5349 illud
1638 5299 1734 5373 ad;

184 5367 324 5434 iuvat,
353 5367 569 5445 protegit
593 5388 654 5425 ac
693 5373 955 5445 defendit,
984 5380 1047 5445 ut,
1070 5384 1456 5445 nonnumquam
1486 5374 1639 5445 etiam
1670 5367 1735 5445 ab

183 5448 229 5485 ιο
254 5438 769 5506 ᾳαοέάαιηέοηαιυε’
793 5443 937 5493 bona:
966 5442 1271 5504 voluntatis,
1309 5441 1386 5493 vel
1418 5438 1607 5509 exigat,
1652 5439 1732 5492 vel

184 5517 416 5586 Exspectet,
440 5532 502 5568 ne
523 5516 729 5586 penitus
752 5512 1027 5586 dormienti
1049 5523 1139 5566 aut
1168 5511 1321 5586 inerti
1349 5511 1451 5565 otio
1476 5510 1732 5586 dissoluto

182 5587 259 5631 δυσ
291 5583 417 5639 dona
465 5583 705 5651 conferre
733 5584 995 5646 videatur,
1024 5585 1313 5636 occasiones
1353 5584 1731 5653 quodammodo

180 5660 377 5730 ‘l'twtens
426 5659 630 5730 quibus.
672 5656 913 5730 humana:
958 5654 1187 5730 segnitiei
1216 5664 1419 5730 torpore
1456 5653 1686 5730 discusso
1712 5695 1727 5721 ,

182 5730 267 5795 gon
296 5724 656 5783 irrationabilis
685 5727 1055 5795 muniﬁcentiw
1083 5740 1191 5779 sua:
1216 5724 1431 5794 largitas
1472 5725 1726 5777 videatur.

182 5780 235 5843 Et
268 5780 1055 5869 capi—152'inquitiEaspectat
1094 5811 1219 5864 nos,
1266 5780 1380 5850 cum
1420 5795 1609 5851 dicitur
1638 5809 1732 5865 per

1852 4584 1914 4653 ob
1940 4583 2035 4635 hoc
2058 4584 2213 4653 fuisse
2230 4586 2456 4649 prolata,
2486 4595 2541 4637 ut
2567 4586 2788 4638 nitamur
2814 4598 3043 4640 astruere
3071 4603 3325 4640 summam
3346 4605 3431 4640 sa-

1853 4652 1975 4706 lutis
2007 4652 2065 4705 in,
2090 4664 2277 4707 nostra:
2306 4654 2427 4723 fidei
2458 4656 2649 4707 ditione
2694 4659 2969 4709 consistere
2996 4658 3278 4709 secundum
3301 4674 3430 4723 quo-

1851 4724 2087 4797 rumdam
2115 4725 2387 4797 profanam
2410 4726 2721 4797 Opinionem,
2743 4728 2829 4793 qui
2850 4734 3014 4779 totum
3033 4727 3194 4779 libero
3215 4727 3430 4782 arbitrio

1852 4796 2173 4862 deputantes,
2200 4794 2419 4863 gratiam
2443 4794 2539 4848 Dei
2562 4794 2852 4862 dispensari
2879 4796 3161 4850 secundum
3192 4798 3429 4852 meritum

1850 4868 2255 4937 uniuscujusque
2282 4866 2551 4937 definiunt.
2588 4866 2652 4919 Et
2680 4881 2799 4935 cap.
2848 4867 2935 4932 15,
2968 4878 3250 4937 postquam
3278 4869 3428 4924 dixe-

1849 4947 1933 5010 rat
1962 4936 2360 5007 nonnumquam
2384 4936 2550 5010 Deum
2582 4938 2794 5006 exigere
2821 4939 2905 5010 vel
2929 4936 3247 5010 exspectare
3269 4956 3430 5010 quos-

1852 5009 1971 5062 dam
1998 5019 2225 5063 conatus
2249 5010 2400 5062 bonm
2428 5009 2737 5073 voluntatis,
2759 5008 2970 5063 subdit:
2998 5008 3065 5062 Et
3094 5008 3428 5066 nihilominus

1841 5081 2013 5155 gratia
2052 5079 2154 5155 Dei
2199 5096 2394 5155 semper
2433 5080 3183 5155 gratuitauperseverat,dum
3229 5085 3428 5155 exiguis

1839 5152 2145 5219 quibusdam
2194 5153 2460 5221 parvisque
2502 5153 2765 5205 conatibus
2795 5161 2989 5206 tantam
3021 5152 3427 5206 immortalitatis

1838 5222 2083 5291 gloriam,
2116 5232 2257 5276 tanta
2286 5224 2518 5292 perennis
2547 5221 2880 5277 beatitudinis
2919 5226 3055 5277 dona
3084 5223 3427 5277 intestimabili

1840 5295 2016 5347 tribuit
2059 5296 2313 5365 largitate.
2350 5293 2419 5347 Et
2450 5302 2568 5361 post
2599 5307 2763 5359 pauca
2806 5311 2818 5346 :
2872 5294 3259 5365 Quantumlibet
3307 5308 3427 5364 ergo

1839 5366 1989 5418 enixa
2018 5363 2166 5434 fuerit
2191 5366 2414 5417 humana
2447 5365 2724 5433 fragilitas,
2769 5365 2960 5433 futurw
2979 5363 3305 5417 retributioni
3332 5363 3428 5434 par

1838 5451 1946 5489 esse
1974 5452 2073 5489 non
2116 5437 2335 5501 poterit;
2362 5451 2451 5487 nec
2477 5436 2548 5487 ita
2577 5434 2837 5488 laboribus
2870 5436 2974 5488 suis
2996 5434 3225 5487 divinam
3251 5436 3428 5488 immi-

1837 5509 1949 5559 nuit
1970 5508 2207 5576 gratiam,
2238 5515 2291 5559 ut
2320 5522 2421 5558 non
2441 5522 2642 5572 semper
2668 5514 2967 5576 perseveret.

1909 5578 2060 5645 Quod
2084 5593 2210 5632 vero
2234 5584 2458 5631 conatus
2484 5576 2559 5630 illi
2590 5591 2699 5630 non
2721 5577 2828 5630 sint
2856 5590 3072 5645 semper
3101 5577 3419 5645 necessarii,

1838 5649 2071 5722 affirmat
2107 5664 2224 5713 cap.
2262 5649 2328 5722 15
2351 5648 2537 5722 citato,
2571 5648 2858 5716 inquiens:
2884 5646 2953 5701 Et
2983 5649 3057 5703 ita
3083 5665 3281 5722 semper
3304 5665 3422 5720 gra-

1838 5721 1910 5774 tia
1938 5721 2034 5773 Dei
2067 5730 2238 5774 nostro
2279 5720 2329 5771 in
2378 5719 2560 5773 bonam
2608 5727 2808 5786 partem
2836 5731 3143 5789 cooperatur
3168 5719 3383 5776 arbitrio
3404 5762 3419 5784 .

1838 5801 1986 5861 atque
2029 5792 2083 5846 in
2110 5790 2342 5848 omnibus
2388 5793 2515 5847 *fltazt
2546 5794 2757 5861 mtjnsat
2782 5832 2796 5861 ,
2827 5794 3044 5863 protegit
3080 5810 3139 5849 ac
3166 5794 3420 5862 defendit,
