4000 6186
1240 113 1473 171 γιϐιῐιιι
1503 113 1781 171 DIACONI
1824 112 2112 172 BEGULA
2150 112 2660 173 MONACHORUM.

3482 107 3601 179 ’ωδ

2138 260 2303 267 _..__

1587 447 1758 493 ANNO
1800 444 2033 491 DOMINI
2077 443 2325 489 CDXXX.

720 598 1776 764 VIGILIUS
1910 596 3182 761 DIACONUS.

1481 976 2137 1060 PROLEGOM
2150 972 2418 1058 ENA.

379 1164 402 1201 ι
451 1145 675 1217 Vigilius
712 1143 1014 1207 Diaconos,
1072 1138 1245 1209 inquit
1287 1137 1607 1194 Gennadius
1646 1153 1766 1208 cap.
1798 1139 1889 1206 5t,
1923 1140 1973 1200 Α
2070 1136 2198 1190 Πίεο
2249 1134 2742 1191 Schmnemannus.
2793 1131 2916 1190 Iam
2955 1142 3117 1190 antea
3158 1134 3380 1207 Regulae
3418 1134 3602 1209 Vigilii

304 1257 328 1293 s
373 1239 684 1309 composuit
716 1252 782 1292 ex
816 1236 1102 1291 traditione
1139 1235 1353 1286 l’atrum
1398 1230 1774 1287 Manachorum
1803 1231 1905 1287 Re-

301 1349 322 1383 s
368 1333 590 1405 gulam,
630 1345 752 1400 quae
790 1329 843 1381 in
872 1328 1121 1382 coenobio
1147 1325 1212 1378 ad
1259 1324 1555 1392 protectum
1590 1322 1813 1378 fratrum
1849 1323 1903 1378 in

292 1443 315 1479 ι
363 1437 649 1480 conventu
684 1425 913 1494 legitur,
946 1423 1193 1476 breviatu
1232 1430 1284 1473 et
1314 1429 1502 1487 aperto
1535 1432 1787 1473 sermone
1818 1428 1903 1471 to-

291 1536 313 1571 s
362 1520 482 1575 tius
516 1518 829 1573 monasticae
862 1513 1219 1585 profrs~i0uis
1265 1513 1318 1566 in
1347 1528 1407 1567 se
1439 1522 1710 1567 tenentem
1736 1511 1903 1566 disci-

289 1626 313 1663 s
365 1612 613 1679 plinam.
662 1628 681 1662 ι
735 1608 793 1664 In
821 1606 1105 1663 Trithemii
1133 1603 1553 1659 Commentariis
1584 1603 1699 1659 haec
1725 1613 1903 1658 autem

288 1698 566 1768 leguntur
603 1718 615 1753 :
650 1718 670 1767 ς
700 1698 930 1766 Vigilius
968 1697 1240 1751 Diacouus
1276 1704 1329 1750 ct
1362 1693 1692 1761 monachus,
1726 1694 1813 1751 vir
1852 1696 1905 1751 in

294 1809 316 1843 ο
372 1792 895 1861 Scripturissanctis
919 1791 1195 1847 studiosus
1216 1798 1273 1845 et
1297 1788 1562 1853 eruditus,
1594 1791 1905 1845 monasticae

291 1902 315 1935 ι
367 1882 685 1951 disciplina!
707 1894 885 1937 custos
904 1892 958 1936 ct
982 1891 1180 1945 rector,
1207 1880 1376 1935 fertur
1396 1881 1461 1934 ad
1487 1880 1903 1936 tediticationem

292 1993 311 2027 s
364 1977 771 2029 monachorum
808 1978 1051 2043 qumdam
1096 1973 1311 2027 cudisse
1359 1976 1649 2041 opuscula,
1687 1989 1806 2041 qua:
1836 1974 1903 2030 ad

290 2087 311 2122 ι
362 2080 620 2123 nostram
663 2070 981 2123 memoriam
1025 2068 1212 2122 venire
1238 2078 1289 2120 et
1336 2065 1580 2121 locorum
1614 2076 1668 2123 et
1698 2077 1908 2136 tempo-

291 2178 311 2213 ι
360 2177 493 2216 rum
541 2162 797 2216 distantia
851 2159 1145 2229 prohibuit.
1208 2159 1345 2214 Dicit
1393 2168 1571 2213 autem
1622 2159 1906 2230 presbyter

292 2273 315 2309 ι
361 2254 715 2320 Gennadius,
743 2253 1035 2323 scripsisse
1066 2254 1218 2308 illum
1247 2252 1403 2308 valde
1426 2253 1613 2308 utilem
1643 2252 1904 2322 Regulam

290 2364 313 2398 ι
363 2346 438 2401 de
490 2348 917 2403 conversatione
967 2348 1357 2401 monachorum
1404 2346 1455 2399 in
1490 2360 1599 2401 uno
1632 2346 1791 2400 libro.
1827 2346 1905 2402 De

288 2456 309 2491 ι
362 2441 593 2496 caeteris
615 2455 721 2494 llOtI
749 2440 1003 2509 loquitur.
1028 2438 1235 2495 Claruit
1258 2440 1360 2494 sub
1386 2439 1626 2496 Honorio
1648 2449 1705 2495 et
1726 2438 1903 2495 Theo-

2007 1232 2125 1301 ipse
2151 1231 2329 1285 editor
2350 1230 2619 1285 Marianos
2646 1226 2881 1285 Brockie
2906 1229 3120 1286 dixerat
3150 1249 3161 1285 :

2084 1344 2104 1379 ι
2148 1326 2441 1393 Hucusque
2462 1336 2576 1379 octo
2596 1324 2818 1395 Regula:
2844 1324 3193 1393 Orientalium
3210 1324 3429 1385 Patrum
3450 1327 3606 1387 exhi-

2007 1419 2133 1474 bita:
2170 1428 2298 1473 suut
2327 1420 2379 1474 in
2426 1418 2527 1474 hoc
2556 1418 2719 1473 Luca:
2750 1418 3017 1473 Holsteuii
3048 1417 3265 1483 Codice,
3297 1435 3369 1475 ex
3403 1421 3605 1487 quibus

2007 1512 2235 1579 Vigilius
2266 1512 2533 1577 Diaconos
2570 1511 2708 1565 hanc
2739 1509 3132 1566 Mouachorum
3161 1506 3426 1579 Regulam
3453 1526 3605 1569 com-

2006 1604 2224 1673 posuit,
2260 1618 2382 1672 qum
2423 1603 2581 1671 proin
2626 1602 2822 1657 merito
2851 1612 2905 1657 et
2947 1600 3227 1657 Orientalis
3264 1600 3370 1665 dici
3399 1610 3603 1671 potest,

2007 1697 2259 1768 quamvis
2287 1697 2338 1749 in
2371 1695 2668 1750 Occidente
2692 1695 2897 1763 scripta
2923 1694 3193 1750 videatur.
3238 1693 3448 1755 Laudat
3484 1694 3606 1766 qui-

2007 1792 2131 1844 dem
2159 1789 2297 1843 hanc
2320 1788 2580 1857 Regulam
2606 1786 2941 1854 Gennadius,
2973 1786 3276 1856 asseritque
3297 1786 3447 1842 illam
3474 1788 3606 1845 bre-

2008 1884 2152 1938 viato
2176 1892 2229 1936 et
2260 1892 2452 1950 aperto
2483 1893 2738 1937 sermone
2766 1880 2932 1935 totius
2958 1878 3273 1934 monasticte
3301 1878 3604 1949 professio-

2008 1977 2091 2032 nis
2110 1975 2448 2045 disciplinam
2467 1974 2770 2036 continere,
2787 1985 2855 2025 ex
2876 1985 2976 2040 qua
3001 1970 3153 2039 proin
3171 1969 3228 2026 S.
3249 1970 3604 2042 Benedictus,

2007 2068 2229 2123 Aniena:
2258 2068 2447 2133 abbas,
2478 2080 2589 2119 sua:
2618 2064 2944 2133 [tegularum
2973 2062 3295 2118 Concordiae
3327 2065 3493 2119 multa
3523 2065 3607 2120 in-

2004 2161 2205 2225 seruit;
2249 2156 2709 2230 quemadmodum
2741 2164 2797 2212 et
2828 2154 3189 2223 Smaragdus,
3236 2155 3295 2211 S.
3326 2154 3608 2212 Michaelis

2006 2256 2058 2309 in
2092 2253 2434 2324 Lotharingia
2466 2250 2636 2306 abbas
2659 2288 2677 2317 ,
2731 2251 2784 2303 in
2815 2264 2909 2304 sua
2962 2247 3186 2317 Regula:
3234 2246 3608 2305 Benedictina

2006 2348 2379 2419 Expositione.
2424 2344 2654 2402 Constat
2691 2353 2873 2400 autem
2906 2343 3025 2399 haec
3066 2341 3268 2413 Regula
3300 2340 3490 2396 XLVII
3515 2354 3609 2400 cs-

2007 2444 2227 2514 pitihus,
2260 2442 2457 2513 quibus
2486 2438 2781 2494 includitur
2809 2437 3069 2509 quidquid
3098 2437 3165 2493 ad
3191 2437 3392 2493 bonum
3423 2434 3607 2506 cujus-

288 2550 309 2585 ς
356 2534 530 2589 dosio
560 2535 912 2603 principibus,
943 2549 1086 2589 anno
1115 2533 1242 2589 420.
1283 2554 1302 2588 ι
1349 2535 1538 2588 Exstat
1571 2542 1754 2590 tamen
1785 2533 1900 2592 haec
1930 2542 1977 2603 Β
2003 2552 2109 2607 que
2138 2536 2456 2591 monasterii
2497 2533 2743 2605 regimen
2772 2533 3029 2604 pertinet,
3065 2539 3121 2587 et
3146 2546 3267 2602 qua:
3297 2545 3367 2585 ex
3398 2528 3606 2600 Regula

282 2624 505 2695 Regula
530 2629 630 2683 sub
659 2629 814 2685 titulo
838 2628 1049 2699 Regula
1078 2627 1355 2683 Orientalis
1374 2645 1441 2682 ea:
1476 2628 1691 2683 Patrum
1716 2627 1899 2683 Orien-

281 2722 480 2776 talium
542 2722 758 2791 Regalis
809 2723 1037 2777 collem:
1077 2740 1111 2776 a
1164 2722 1354 2794 Vigilio
1395 2723 1625 2777 Diacono
1682 2722 1733 2775 iu
1787 2722 1897 2778 Co-

280 2816 410 2870 dice
442 2815 770 2890 Regularunt
800 2834 961 2888 quem
988 2817 1155 2872 edidit
1189 2816 1376 2872 Romae
1402 2833 1492 2871 an.
1525 2816 1685 2881 1661,
1721 2818 1895 2885 iit-4°,

279 2905 478 2963 Lucas
528 2910 871 2974 Holstcnius;
924 2920 1065 2977 part.
1113 2924 1132 2964 I
1172 2911 1258 2964 ed.
1312 2909 1485 2963 Paris.
1524 2909 1695 2972 1665,
1735 2908 1894 2977 iri-4',

280 3014 340 3069 ι).
374 3003 596 3069 88-95;
629 3012 686 3058 et
714 3021 865 3057 novae
888 3019 1048 3073 quam
1073 3004 1350 3057 accuravit
1374 3002 1642 3055 Mariauus
1669 3001 1899 3056 Bt‘ttt'kle

275 3100 338 3145 et
389 3105 522 3160 post
566 3103 798 3149 mortem
830 3095 951 3163 ejus
990 3094 1279 3148 ediderunt
1329 3095 1460 3148 socii
1491 3096 1611 3161 ejus
1642 3094 1901 3161 Augusta:

275 3182 471 3236 Vind.
497 3200 589 3238 an.
622 3184 791 3251 1759,
822 3199 919 3239 sex
943 3184 1307 3241 voluminibus
1340 3186 1576 3249 in-folio,
1607 3193 1741 3240 tom.
1774 3185 1813 3248 Ι,
1845 3200 1899 3255 p.

261 3272 491 3331 διδ-64.
520 3294 526 3301 ·

1158 3540 1839 3654 VIGILII
1945 3542 2740 3657 DIAGONI

2007 2630 2065 2687 S.
2118 2628 2395 2685 Pachomii
2444 2626 2759 2698 plerumque
2806 2626 3134 2690 desumitur;
3185 2640 3309 2681 cum
3356 2636 3604 2694 persaepe

2006 2724 2206 2780 ibidem
2233 2722 2466 2794 propria:
2498 2719 2557 2779 S.
2591 2720 2867 2776 Pachomii
2911 2718 3197 2775 sententiae
3232 2718 3600 2785 reperiamus.

2006 2819 2153 2874 Vixit
2183 2820 2403 2888 quidem
2436 2815 2666 2886 Vigilius
2691 2814 2962 2875 Diaconos
2991 2813 3193 2868 saeculo
3229 2810 3421 2881 quinto
3445 2849 3461 2874 ,
3504 2809 3603 2867 sed

2006 2913 2287 2983 ignoratur
2316 2911 2473 2980 cujus
2503 2907 2769 2965 Ecclesiae
2795 2907 2960 2963 fuerit
3002 2905 3266 2960 diaconus
3292 2941 3308 2968 ,
3353 2902 3602 2972 quamvis

2007 3003 2149 3071 apud
2186 3003 2375 3059 Gallos
2417 3002 2672 3056 ﬂoruisse
2707 3001 2936 3069 supponi
2969 2996 3163 3066 possit,
3198 3009 3322 3052 cum
3358 2993 3603 3052 nonnulli

2007 3095 2365 3158 contendant,
2400 3093 2539 3146 hanc
2570 3092 2824 3161 Regulam
2855 3090 3185 3156 (hiemalem,
3208 3090 3280 3145 ab
3308 3088 3427 3158 ipso
3450 3103 3600 3145 com-

2009 3186 2269 3256 positam,
2301 3184 2354 3240 in
2388 3184 2724 3239 monasterio
2750 3184 2807 3240 S.
2837 3183 3113 3240 Maximini
3134 3182 3476 3241 Trevirensis
3499 3197 3597 3240 eo-

2008 3280 2130 3335 dem
2167 3280 2367 3335 saeculo
2406 3276 2574 3333 fuisse
2600 3275 2961 3334 observatam.
3008 3294 3032 3331 ι

2804 3422 2948 3438 -εῠι

854 3746 1563 3879 REGULA
1653 3752 3021 3903 MONACHORUM.

1626 3962 1776 4040 Qum
1807 3962 1994 4041 vulgo
2033 3962 2273 4025 dicitur

1277 4118 1771 4207 REGULA

1870 4122 2607 4210 ORIENTALIS.

1413 4284 1530 4336 Cod.
1552 4283 1785 4346 Regular.
1813 4283 2015 4333 Marian.
2042 4284 2252 4335 Brockie
2283 4290 2399 4334 tom.
2426 4282 2503 4347 Ι.)

368 4525 413 4605 l_.
454 4525 527 4584 Ut
550 4540 729 4605 neque
747 4525 991 4597 seniores
1015 4524 1070 4580 in
1095 4526 1349 4595 regendis
1379 4524 1643 4579 fratribus
1664 4521 1898 4577 inaniter
1924 4526 1970 4589 Ο
2000 4530 2089 4589 get
2116 4566 2128 4587 ,
2161 4521 2488 4577 condemnet
2515 4564 2529 4589 ,
2558 4525 2643 4579 vel
2674 4524 2971 4593 suscipiat,
2999 4525 3043 4579 si
3092 4526 3162 4580 ita
3190 4526 3327 4579 utile
3354 4523 3592 4593 videtur,

300 4600 594 4689 laborent,
626 4600 800 4692 neque
835 4620 1117 4691 disciplina
1153 4619 1432 4691 juuiorum
1476 4618 1730 4683 vacillet,
1772 4630 1895 4683 qua:

302 4714 515 4785 abbatis
542 4714 956 4772 conversatione
986 4712 1224 4768 stabilita
1256 4712 1414 4767 ﬁrma
1444 4712 1533 4779 sit,
1563 4718 1777 4781 oportet
1803 4709 1895 4765 ab~

304 4790 482 4863 batem
525 4806 1060 4878 irrcpreheusibilcm
1095 4821 1239 4870 esse,
1270 4820 1543 4874 severum,
1581 4806 1892 4875 patientem,

299 4896 564 4970 jejunum,
594 4901 764 4970 pium,
790 4899 1049 4954 humilem
1076 4917 1089 4953 :
1116 4910 1171 4953 ut
1189 4899 1425 4954 doctoris
1451 4908 1503 4954 et
1530 4898 1697 4967 patris
1721 4899 1895 4953 locum

306 4989 529 5061 impleat
554 4993 791 5061 seipsum
823 4990 1045 5047 formam
1077 4992 1324 5061 prmhcns
1352 4991 1617 5044 bonorum
1645 5004 1893 5059 operum.

308 5082 385 5137 Ad
423 5088 577 5150 cuius
616 5082 1020 5141 ordinationem
1078 5099 1271 5140 omnes
1320 5082 1519 5139 fratres
1568 5084 1896 5153 respiciant;

308 5174 437 5229 nihil
460 5174 580 5232 siue
606 5175 836 5230 consilio
858 5184 913 5230 et
933 5178 1258 5233 auctoritate
1286 5177 1456 5247 ipsius
1485 5174 1763 5231 facientes.
1796 5174 1901 5245 Qui

308 5270 583 5324 sustinens
638 5269 956 5325 monasterii
1007 5272 1363 5326 necessitates
1406 5272 1473 5325 de
1501 5272 1753 5325 omnibus
1779 5286 1898 5340 quae

312 5359 361 5415 in
392 5367 725 5421 nimiasterio
752 5374 879 5419 sunt
921 5362 1095 5419 libere
1119 5366 1421 5435 judicabit;
1472 5366 1675 5421 nullius
1712 5380 1901 5436 perso-

310 5468 427 5511 nam
453 5458 747 5529 accipiens,
771 5475 867 5515 nec
890 5461 981 5517 ulli
1005 5465 1235 5533 gratiam
1266 5472 1552 5532 przcstaus,
1576 5461 1671 5517 sed
1700 5478 1895 5516 unum-

313 5564 581 5626 quemque
618 5556 915 5613 sccundmn
946 5556 1139 5613 merita
1178 5554 1506 5628 quotidiaué
1534 5555 1897 5613 conversatio-

315 5644 398 5705 nis
428 5646 487 5708 in
516 5650 745 5712 veritate
765 5653 1023 5723 judicans
1044 5693 1062 5722 ,
1093 5651 1407 5725 admoneat,
1440 5652 1705 5723 hortetur,
1739 5650 1898 5710 casti-

2002 4618 2283 4671 venientes
2310 4617 2376 4671 ad
2403 4620 2819 4684 monasterium;
2853 4619 2937 4673 vel
2977 4618 3187 4688 ejiciat,
3220 4620 3265 4673 si
3299 4620 3371 4673 ita
3404 4635 3592 4675 ncces-

1999 4711 2130 4767 sitas
2163 4710 2345 4777 fuerit,
2376 4710 2514 4766 male
2540 4711 2869 4767 habitantes.

2072 4804 2136 4860 ll.
2178 4805 2235 4859 ln
2275 4808 2607 4861 monasterio
2637 4807 2883 4863 seniores
2917 4807 3029 4863 sint
3068 4808 3208 4874 duo,
3244 4808 3310 4861 ad
3343 4824 3477 4878 quos
3507 4814 3592 4871 vel

1998 4909 2265 4971 prmsente
2291 4899 2486 4955 abbate
2514 4900 2601 4956 vel
2630 4902 2854 4956 absente
2892 4901 3137 4957 omnium
3176 4900 3398 4958 fratrum
3428 4904 3565 4959 disri
3591 4936 3596 4945 -

2000 4992 2143 5062 pliua
2185 4999 2241 5049 et
2268 4994 2446 5047 omnis
2484 5006 2617 5047 cura
2662 4994 2978 5049 monasterii
3028 4994 3299 5063 pertineat
3346 5012 3358 5048 :
3404 4998 3595 5050 dantes

2000 5088 2101 5143 sibi
2130 5088 2279 5143 vices
2315 5103 2411 5157 per
2439 5086 2576 5150 dies,
2608 5096 2662 5143 et
2700 5086 3007 5144 dividentes
3033 5088 3177 5143 inter
3203 5102 3262 5143 se
3289 5089 3503 5157 pondus
3531 5101 3595 5142 ac

2004 5183 2385 5237 necessitatem
2420 5184 2763 5249 monasterii;
2812 5197 2877 5237 ex
2918 5182 3116 5253 quibus
3162 5196 3302 5236 unus
3344 5188 3595 5248 tempore

2001 5290 2100 5329 suo
2125 5290 2366 5346 praesens
2396 5276 2449 5330 iu
2483 5276 2814 5330 monasterio
2844 5290 3061 5344 semper
3081 5275 3206 5342 erit,
3238 5274 3303 5327 ad
3336 5282 3594 5343 praestan-

2004 5371 2128 5425 dum
2157 5370 2337 5424 abbati
2371 5371 2623 5426 solatium
2650 5415 2665 5441 ,
2700 5371 2788 5427 vel
2830 5372 3147 5439 obsequium
3178 5368 3593 5424 advenientibus

2004 5462 2294 5529 fratribus;
2332 5472 2386 5518 et
2414 5464 2481 5518 ad
2509 5464 2941 5533 procedendum,
2975 5463 3064 5519 ubi
3107 5462 3402 5519 necessitas
3445 5475 3592 5515 com-

2003 5555 2182 5613 munis
2216 5556 2496 5625 exegerit,
2532 5565 2693 5627 atque
2731 5556 3064 5630 diligentiam
3091 5556 3233 5614 eirea
3266 5553 3444 5609 omnia
3473 5567 3593 5624 quae

2005 5651 2071 5709 ad
2098 5650 2469 5724 quotidianam
2502 5651 2804 5708 custodiam
2833 5657 2890 5708 et
2912 5649 3380 5709 conversationem
3409 5660 3592 5705 morm
