4000 6186
370 142 492 213 ,επ

1737 138 1964 198 VlGlLll
2005 138 2275 197 DIACONI

3551 134 3659 196 376

379 236 533 323 sterii
564 261 837 333 pertinent
868 261 1228 320 adhibendam
1267 277 1278 314 :
1314 268 1371 315 ut
1397 271 1751 330 quacumque
1780 261 1845 312 ad
1874 260 1965 313 ob-
1990 258 2045 319 Α
2071 258 2470 328 praescientiam
2497 255 2775 328 principis,
2791 256 2995 329 absque
3012 268 3122 329 quo
3141 254 3325 313 nullus
3346 253 3663 326 increpandi

381 356 627 427 sequium
676 369 944 425 usumque
993 352 1306 409 monasterii
1344 350 1587 406 facienda
1634 359 1795 413 sunt,
1849 348 1969 403 sine

384 447 714 516 negligentia
761 455 815 500 et
860 445 1080 515 querela
1122 445 1339 497 faciant.
1373 442 1525 496 Alius
1553 455 1677 494 cum
1715 439 1968 494 fratribus

382 541 513 606 erit,
542 549 783 609 tempore
810 553 908 592 suo
928 538 1170 591 exiturus
1191 552 1311 591 cum
1340 535 1474 605 ipsis
1498 534 1563 588 ad
1593 533 1777 588 omnia
1807 546 1971 603 opera

381 643 437 686 et
468 646 682 685 omnem
730 628 1107 684 necessitatem
1137 670 1149 689 ,
1200 628 1492 698 providens
1536 641 1603 680 ne
1632 625 1755 693 quid
1784 633 1971 681 contra

384 722 722 791 disciplinam
761 722 981 776 faciant.
1036 721 1135 787 Qui
1183 720 1535 775 considerans
1584 734 1773 773 omnes
1822 725 1973 773 actus

385 817 716 885 singulorum
749 855 763 878 ,
810 818 853 867 si
905 830 1025 881 qua:
1054 823 1240 867 contra
1281 814 1545 868 rationem
1583 811 1722 866 facta
1754 810 1970 877 viderit,

381 909 475 962 sed
507 924 596 974 per
625 922 683 960 se
709 907 981 972 emendet,
1013 905 1103 959 vel
1134 904 1311 959 abbati
1347 904 1567 958 indicet.

458 1000 547 1054 Ill.
592 999 687 1054 lile
718 1015 849 1054 vero
874 1044 887 1066 ,
930 1000 1021 1068 qui
1054 998 1349 1053 secundum
1395 997 1639 1051 ordinem
1680 995 1976 1063 disciplinae

389 1092 731 1146 ordinatione
756 1092 971 1145 abbatis
998 1107 1060 1145 ex
1091 1090 1322 1145 consilio
1348 1099 1403 1144 et
1431 1088 1712 1143 voluntate
1736 1088 1975 1143 omnium

387 1186 612 1240 fratrum
648 1187 897 1240 fratribus
931 1183 1249 1253 praepositus
1276 1193 1389 1245 est,
1427 1197 1645 1237 omnem
1688 1180 1756 1235 ad
1800 1194 1859 1235 se
1888 1195 1978 1235 cu-

386 1290 503 1329 ram
531 1277 598 1331 de
625 1277 908 1345 disciplina
945 1276 1166 1330 fratrum
1206 1286 1259 1331 et
1304 1274 1636 1345 diligentiam
1665 1271 1975 1326 monasterii

384 1372 699 1433 revocabit;
732 1370 935 1423 habens
958 1376 1278 1438 potestatem
1302 1366 1493 1421 abbate
1509 1365 1733 1420 absente
1750 1362 1979 1419 faciendi

387 1464 566 1515 omnia
594 1476 716 1531 quae
756 1462 919 1515 abbas
961 1476 1199 1528 praesens
1230 1462 1375 1516 facit.
1420 1459 1515 1514 Ille
1554 1466 1734 1513 autem
1770 1458 1980 1527 patien-

390 1555 517 1605 tiam
542 1592 556 1615 ,
611 1552 1081 1607 mansuetudinem
1106 1593 1121 1618 ,
1177 1551 1533 1605 humilitatem
1562 1594 1577 1618 ,
1630 1550 1975 1617 charitatem,

2074 350 2295 406 fratrem
2325 351 2543 407 habebit
2572 359 2917 421 potestatem.

2145 444 2282 500 XIV.
2325 444 2385 500 Si
2426 446 2673 500 inventus
2706 444 2870 500 fuerit
2906 458 3045 499 unus
3083 457 3114 497 a
3156 442 3417 498 fratribus
3458 442 3663 514 aliquid

2073 550 2169 604 per
2195 535 2597 590 contentionem
2643 550 2846 605 agens,
2892 536 2975 589 vel
3025 532 3402 588 contradicens
3443 532 3666 602 majoris

2074 626 2338 693 imperio,
2382 627 2681 696 increpabit
2709 627 2859 695 juxta
2910 638 3214 680 mensuram
3245 626 3456 695 peccati
3485 626 3591 679 sui.

2155 717 2272 772 XV.
2320 719 2422 786 Qui
2470 720 2760 783 mentitur,
2813 728 2905 772 aut
2949 718 3075 773 odio
3101 733 3416 788 quemquam
3461 716 3671 772 habere

2075 811 2234 867 fuerit
2260 812 2635 881 deprehensus
2663 856 2677 880 ,
2710 821 2802 866 aut
2844 811 3163 867 inobediens
3188 853 3203 878 ,
3242 824 3333 866 aut
3374 810 3499 881 plus
3539 810 3672 879 joco

2075 918 2235 973 quam
2267 904 2557 960 honestum
2586 913 2675 959 est
2696 904 2908 959 deditus
2931 945 2945 969 ,
2988 912 3083 958 aut
3110 902 3319 958 Otiosus
3344 945 3359 968 ,
3405 912 3495 955 aut
3528 902 3671 957 dure

2076 994 2434 1065 respondens,
2463 1005 2557 1049 aut
2587 995 2790 1051 habens
2818 995 3264 1050 consuetudinem
3291 993 3544 1048 fratribus
3567 992 3674 1048 de-

2076 1085 2327 1141 trahendi
2360 1086 2442 1139 vel
2475 1085 2557 1140 his
2586 1087 2677 1156 qui
2722 1085 2857 1140 foris
2886 1095 3038 1153 sunt,
3076 1094 3131 1140 et
3155 1086 3378 1140 omnino
3407 1082 3674 1153 quidquid

2078 1188 2265 1233 contra
2301 1178 2564 1250 Regulam
2602 1180 3005 1250 Scripturarum
3036 1188 3121 1235 est
3149 1187 3207 1233 et
3242 1178 3554 1233 monasterii
3589 1178 3675 1233 di-

2079 1270 2364 1340 sciplinam
2395 1312 2409 1336 ,
2440 1281 2494 1326 et
2525 1270 2759 1326 audierit
2789 1280 2945 1341 pater
2982 1268 3298 1325 monasterii
3324 1310 3340 1335 ,
3378 1268 3676 1325 vindicabit

2077 1360 2227 1432 juxta
2259 1376 2565 1417 mensuram
2606 1376 2850 1433 opusque
2883 1362 3112 1433 peccati.

2153 1452 2296 1508 XVI.
2337 1454 2394 1508 Si
2442 1469 2632 1510 omnes
2680 1454 2873 1510 fratres
2925 1454 3158 1511 viderint
3198 1454 3547 1524 praepositum
3585 1454 3679 1510 ni-

2082 1545 2248 1601 mium
2282 1548 2667 1617 negligentem,
2697 1557 2789 1602 aut
2818 1547 2950 1603 dure
2980 1549 3347 1617 increpantem
3372 1547 3583 1613 fratres,
3614 1557 3676 1604 et

389 1645 704 1713 aequitatem
730 1684 745 1708 ,
794 1645 912 1698 sine
942 1658 1297 1712 personarum
1339 1644 1657 1713 acceptione
1703 1640 1980 1704 servabit;
2012 1630 2061 1692 B
2087 1652 2391 1693 mensuram
2424 1640 2737 1695 monasterii
2763 1638 3106 1695 excedentem
3126 1680 3140 1704 ,
3170 1638 3411 1694 referant
3440 1639 3542 1695 hoc
3570 1654 3672 1710 pa-

383 1736 458 1791 ita
491 1751 675 1804 agens,
706 1746 762 1789 ut
795 1751 896 1791 nec
919 1736 1096 1791 abbati
1135 1736 1352 1789 taedium
1378 1746 1622 1805 generet,
1653 1750 1753 1791 nec
1780 1734 1974 1789 fratres

378 1825 804 1897 intemperantia
837 1828 984 1883 illius
1014 1828 1273 1883 laborent.
1309 1827 1433 1882 Haec
1457 1826 1768 1882 observabit
1794 1827 1977 1882 senior

368 1921 707 1974 monasterii
738 1922 828 1990 qui
860 1919 1115 1975 fratribus
1146 1920 1467 1989 praepositus
1496 1927 1601 1986 est,
1634 1919 1884 1975 referens
1908 1918 1975 1973 ad

381 2010 633 2065 abbatem
662 2011 842 2066 omnia
869 2054 884 2078 ,
938 2011 1025 2065 vel
1054 2011 1329 2081 praecipue
1374 2010 1463 2065 illa
1503 2024 1624 2081 qua:
1651 2026 1748 2082 per
1778 2024 1837 2067 se
1864 2026 1975 2066 non

382 2107 619 2161 voluerit
637 2104 929 2173 explicare.

460 2196 546 2251 Ν.
579 2196 1024 2251 Commendatum
1053 2194 1267 2265 aliquod
1292 2195 1452 2251 etiam
1476 2211 1503 2250 a
1532 2210 1795 2266 germano
1812 2198 1975 2253 fratre

384 2288 565 2341 nullus
596 2288 826 2355 accipiat
859 2303 872 2339 :
908 2287 1041 2341 nihil
1080 2287 1135 2341 in
1169 2288 1301 2343 cella
1344 2304 1441 2342 sua
1470 2290 1673 2358 absque
1702 2288 1974 2359 prmpositi

380 2376 622 2447 iussione
664 2378 934 2448 quispiam
965 2379 1199 2445 habeat,
1244 2395 1344 2435 nec
1379 2394 1537 2449 poma
1569 2381 1783 2450 quidem
1820 2380 1972 2435 vilis-

380 2469 541 2535 sima,
569 2479 622 2524 et
647 2481 841 2524 caetera
873 2470 1271 2540 hujuscemodi.

459 2564 519 2617 V.
564 2564 863 2634 Operantes
902 2578 1032 2619 vero
1072 2564 1265 2619 fratres
1304 2564 1435 2619 nihil
1476 2565 1765 2634 loquantur
1801 2582 1975 2623 saecu-

382 2654 498 2711 lare
534 2676 544 2708 :
582 2656 677 2712 sed
719 2666 810 2710 aut
846 2654 1179 2711 meditentur
1214 2673 1278 2712 ea
1316 2671 1439 2726 quae
1476 2666 1663 2713 sancta
1702 2669 1847 2729 sunt,
1883 2669 1975 2715 aut

380 2758 535 2804 certe
562 2748 817 2804 silebunt.

454 2837 539 2893 Vl.
586 2838 687 2906 Qui
724 2846 905 2894 autem
947 2839 1239 2908 coquinat,
1283 2848 1571 2911 antequam
1618 2839 1817 2898 fratres
1846 2844 1975 2899 refl-

378 2933 550 3001 ciant,
583 2950 690 2989 non
719 2933 958 3002 gustabit
983 2934 1296 3004 quidquam.

2062 1730 2166 1797 tri,
2198 1740 2253 1786 et
2281 1730 2349 1783 ab
2377 1745 2443 1786 eo
2474 1732 2802 1801 increpetur.
2830 1745 2949 1800 .pse
2977 1742 3154 1785 autem
3184 1732 3504 1800 prazpositus
3534 1731 3675 1786 nihil

2079 1823 2261 1891 faciat,
2289 1824 2391 1879 nisi
2421 1824 2565 1895 quod
2600 1833 2751 1895 pater
2775 1824 3000 1891 jusserit
3028 1841 3041 1876 :
3069 1823 3305 1879 maxime
3333 1824 3385 1879 in
3415 1839 3473 1880 re
3503 1838 3672 1881 nova.

2076 1914 2210 1983 Quae
2238 1931 2302 1970 ex
2332 1930 2485 1971 more
2526 1914 2838 1981 descendit,
2887 1913 3130 1969 servabit
3171 1913 3430 1985 Regulam
3478 1929 3676 1969 mona-

2078 2010 2254 2065 sterii.

2151 2100 2315 2157 XVII.
2362 2102 2689 2173 Praepositus
2714 2116 2845 2157 vero
2871 2116 2979 2157 non
3008 2099 3331 2167 inebrietur,
3353 2115 3453 2157 nec
3478 2100 3674 2157 sedeat

2076 2194 2132 2249 in
2166 2194 2544 2249 humilioribus
2578 2194 2731 2251 locis.
2776 2194 2853 2250 Ne
2881 2203 3097 2264 rumpat
3128 2194 3342 2249 vincula
3378 2208 3495 2263 qua:
3522 2192 3675 2248 Deus

2077 2284 2131 2339 in
2158 2287 2296 2341 ctelo
2326 2286 2567 2341 condidit
2595 2295 2653 2341 ut
2683 2286 3040 2342 observentur
3069 2287 3123 2341 in
3152 2288 3334 2343 terris.
3366 2286 3443 2342 Ne
3484 2286 3671 2355 lugeat

2078 2378 2132 2433 in
2165 2379 2255 2434 die
2280 2380 2417 2434 festo
2440 2378 2652 2433 Domini
2686 2378 3016 2443 Salvatoris;
3047 2379 3357 2434 dominetur
3380 2379 3527 2434 carni
3553 2392 3677 2433 sua:

2074 2471 2224 2542 juxta
2249 2487 2557 2527 mensuram
2580 2472 2921 2527 Sanctorum.
2946 2471 3062 2527 Non
3092 2472 3395 2526 inveniatur
3416 2471 3467 2525 in
3490 2470 3678 2525 excel-

2078 2565 2154 2619 sis
2183 2564 2472 2631 cubilibus,
2510 2566 2726 2620 imitans
2754 2579 2957 2621 morem
2988 2565 3289 2634 gentilium.
3320 2564 3436 2619 Non
3470 2564 3541 2619 sit
3568 2565 3677 2619 du-

2077 2657 2233 2726 plicis
2255 2657 2400 2713 fldei.
2429 2656 2546 2712 Non
2578 2668 2832 2728 sequatur
2855 2656 3039 2711 cordis
3063 2657 3147 2711 sui
3176 2657 3543 2727 cogitationes,
3568 2658 3671 2713 sed

2078 2750 2252 2821 legem
2294 2751 2409 2805 Dei.
2451 2751 2568 2805 Non
2596 2752 2818 2805 resistat
2848 2750 3259 2806 sublimioribus
3298 2751 3525 2805 tumenti
3548 2752 3674 2806 ani-

2077 2858 2168 2898 mo
2193 2842 2569 2913 potestatibus.
2612 2842 2691 2897 Ne
2718 2842 2935 2911 fremat,
2965 2856 3065 2897 nec
3095 2840 3286 2895 birriat
3314 2843 3479 2897 iratus
3504 2857 3674 2913 super

2083 2933 2430 2999 humiliores;
2464 2949 2563 2989 nec
2591 2933 2879 2989 transferat
2905 2933 3167 2988 terminos
3189 2932 3431 3004 Regulae.
3459 2934 3575 2988 Non
3598 2934 3672 2990 sit

456 3024 566 3078 VII.
607 3025 777 3081 Nemo
817 3028 871 3081 in
900 3027 1037 3082 cella
1074 3035 1164 3083 aut
1198 3028 1253 3083 in
1284 3027 1444 3083 domo
1470 3040 1566 3083 sua
1597 3027 1796 3084 habeat
1818 3030 1973 3101 quid-
1999 3005 2047 3069 C
2080 3026 2481 3095 fraudulentus,
2515 3043 2690 3098 neque
2733 3028 2786 3082 in
2826 3027 3243 3096 cogitationibus
3273 3037 3455 3084 verset
3478 3028 3669 3095 dolos;

380 3130 543 3186 quam
576 3129 772 3185 pra‘ler
798 3133 862 3173 ea
888 3163 902 3188 ,
941 3134 1064 3189 qua:
1102 3118 1158 3175 in
1190 3118 1465 3176 communi
1505 3121 1818 3177 monasterii
1854 3123 1972 3193 lege

382 3218 651 3277 praecepta
683 3220 827 3265 sunt.

454 3298 592 3354 Vill.
636 3300 879 3371 Cumque
922 3303 988 3358 ad
1031 3303 1407 3361 dormiendum
1460 3320 1519 3361 se
1562 3306 1970 3374 collocaverint,

381 3389 521 3445 alter
550 3391 704 3445 alteri
736 3408 843 3447 non
877 3394 1148 3462 loquatur.
1179 3393 1387 3451 Cellam
1416 3396 1660 3463 alterius,
1691 3398 1794 3453 nisi
1821 3399 1973 3469 prius

381 3482 449 3537 ad
476 3485 671 3537 ostium
700 3486 984 3553 percutiat,
1011 3487 1237 3543 introire
1263 3503 1370 3543 non
1397 3488 1612 3543 audeat.

449 3574 543 3629 1X.
586 3575 795 3630 Mutare
822 3576 889 3631 de
917 3576 1002 3631 bis
1025 3593 1143 3647 quae
1174 3595 1203 3632 a
1235 3582 1526 3651 prteposito
1550 3585 1822 3653 acceperit
1851 3600 1973 3640 cum

382 3667 557 3722 altero
587 3682 693 3722 non
720 3668 961 3724 audebit.
1008 3670 1116 3725 Nec
1145 3674 1377 3743 accipiet
1408 3675 1599 3730 melius
1627 3685 1681 3731 et
1706 3677 1854 3733 dabit
1880 3680 1975 3735 dc-

382 3761 575 3831 terius,
607 3771 700 3816 aut
731 3767 1036 3820 econtrario
1072 3766 1205 3822 dans
1246 3769 1441 3824 melius
1482 3780 1536 3826 et
1566 3771 1803 3829 deterius
1832 3775 1973 3828 acci-

381 3855 562 3925 piens.
593 3856 763 3913 Nemo
792 3860 861 3914 ab
886 3860 1056 3917 altero
1092 3864 1321 3932 accipiat
1348 3863 1657 3934 quidpiam,
1691 3866 1794 3920 nisi
1829 3880 1970 3934 pra:-

383 3951 591 4019 positus
615 3952 860 4021 jusserit.

454 4041 522 4096 X.
565 4044 759 4099 Clausa
788 4047 925 4101 cella
965 4046 1143 4100 nullus
1171 4046 1434 4113 dormiat,
1467 4061 1567 4101 nec
1594 4047 1787 4101 habeat
1816 4046 1968 4100 cubi-

382 4133 562 4187 culum
605 4136 747 4202 qnod
794 4135 971 4188 claudi
1004 4137 1214 4204 possit,
1258 4138 1358 4190 nisi
1401 4138 1541 4191 forte
1569 4138 1715 4193 aetati
1745 4138 1972 4208 alicujus

380 4222 468 4276 vel
500 4224 796 4277 inﬁrmitati
824 4235 976 4292 pater
1006 4229 1318 4281 monasterii
1351 4231 1704 4284 concesserit.

454 4311 548 4365 XI.
592 4312 761 4365 Nemo
803 4327 833 4366 a
880 4324 1024 4369 terra
1054 4316 1234 4370 solvat
1277 4318 1568 4373 funiculum
1612 4320 1817 4389 absque
1859 4321 1973 4391 jus-

2078 3135 2178 3175 nec
2234 3119 2469 3190 negligat
2513 3129 2790 3189 peccatum
2836 3119 3029 3173 animae
3073 3133 3220 3185 suae;
3278 3135 3380 3176 nec
3425 3119 3674 3177 vincatur

2076 3212 2256 3268 carnis
2276 3211 2506 3266 luxuria.
2536 3210 2653 3266 Non
2683 3210 2928 3265 ambulet
2957 3211 3313 3281 negligenter.
3344 3211 3458 3267 Non
3481 3212 3675 3282 loqua-

2079 3313 2164 3357 tur
2192 3304 2414 3358 verbnm
2442 3303 2694 3357 otiosum.
2735 3301 2850 3357 Non
2884 3314 3047 3372 ponat
3081 3303 3391 3358 scandalum
3418 3313 3542 3359 ante
3570 3318 3672 3372 pe-

2076 3392 2172 3448 des
2195 3394 2349 3448 caeci.
2377 3393 2490 3447 Non
2516 3393 2710 3449 doceat
2732 3394 3062 3451 voluntatem
3084 3396 3319 3450 animam
3348 3410 3518 3450 suam.
3550 3394 3667 3451 Non

2077 3484 2383 3539 resolvatur
2419 3486 2528 3539 risu
2568 3486 2853 3540 stultorum
2894 3502 2956 3541 ac
2982 3488 3128 3557 joco.
3160 3487 3274 3541 Non
3306 3490 3547 3558 capiatur
3571 3504 3670 3543 cor

2076 3574 2193 3645 ejus
2224 3575 2290 3631 ab
2323 3576 2408 3631 his
2434 3577 2527 3647 qui
2556 3577 2734 3646 inepta
2774 3580 3067 3650 loquuntur
3089 3589 3143 3634 et
3171 3578 3371 3635 dulcia.
3403 3579 3521 3635 Non
3550 3581 3671 3635 viu-

2075 3679 2231 3723 catur
2256 3671 2600 3737 muneribus;
2648 3686 2754 3725 non
2779 3672 3124 3741 parvulorum
3147 3689 3397 3729 sermone
3420 3674 3663 3729 ducatur.

2076 3758 2193 3815 Non
2216 3760 2430 3816 deficiat
2455 3764 2510 3816 in
2537 3763 2901 3818 tribulatione.
2928 3764 3045 3819 Non
3076 3773 3303 3820 mortem
3337 3766 3539 3832 timeat,
3569 3766 3669 3821 sed

2078 3851 2282 3917 Deum;
2330 3868 2437 3907 non
2479 3855 2867 3921 prmvaricator
2912 3857 2980 3910 sit
3028 3863 3249 3925 prOpter
3294 3858 3667 3912 imminentem

2078 3943 2349 3997 timorem.
2374 3943 2491 3997 Non
2521 3945 2787 4016 relinquat
2812 3963 2999 4003 verum
3031 3949 3208 4003 lumen
3241 3958 3463 4019 propter
3492 3948 3669 4004 modi-

2075 4049 2170 4089 cos
2214 4035 2385 4089 cibos.
2436 4034 2552 4090 Non
2597 4048 2751 4093 nutet
2791 4055 2855 4095 ac
2891 4040 3112 4095 fluctuet
3157 4042 3208 4095 in
3247 4040 3501 4111 operibus
3527 4041 3665 4095 suis.

2076 4128 2193 4183 Non
2226 4137 2395 4182 mutet
2423 4132 2743 4186 sententiam
2765 4173 2780 4196 ,
2813 4135 2906 4189 sed
2937 4135 3120 4190 firmus
3160 4136 3231 4190 sit
3268 4134 3535 4205 solidique
3563 4133 3666 4190 de-

2075 4223 2240 4287 creti;
2279 4222 2491 4290 justus,
2521 4233 2712 4279 cuncta
2743 4227 3123 4292 considerans;
3161 4227 3409 4296 judicans
3442 4228 3493 4281 in
3519 4228 3669 4281 veri-

2078 4323 2187 4367 tate
2210 4314 2412 4382 absque
2433 4316 2669 4385 appetitu
2691 4317 2912 4386 glorim;
2941 4318 3257 4372 manifestus
3282 4318 3392 4373 Deo
3412 4328 3465 4372 et
3488 4318 3665 4372 homi-

383 4401 537 4458 sione
587 4404 769 4470 patris.
826 4406 926 4473 Qui
971 4408 1024 4463 in
1079 4412 1409 4466 monasterio
1442 4414 1663 4467 fratrum
1706 4414 1972 4471 invenerit
1999 4385 2050 4444 Π
2078 4404 2258 4470 nibus,
2282 4405 2598 4463 elafraude
2624 4407 2937 4477 procul-Ne
2962 4409 3168 4478 ignoret
3193 4409 3663 4463 conversationem

382 4498 657 4569 quidpiam
684 4540 701 4565 ,
733 4501 1031 4570 suspendat
1066 4512 1121 4556 ut
1153 4504 1304 4559 tollat
1334 4506 1421 4575 qui
1454 4509 1787 4576 cognoverit.

453 4597 567 4652 ΧΠ.
611 4599 691 4654 Ad
734 4600 1023 4657 collectam
1070 4612 1123 4657 et
1154 4604 1218 4657 ad
1264 4606 1598 4674 psallendum
1642 4609 1822 4663 nullus
1864 4610 1969 4665 sibi

381 4702 695 4754 occasiones
749 4703 1029 4771 inveniat,
1071 4706 1266 4774 quibus
1314 4721 1373 4763 se
1420 4709 1565 4765 dicat
1614 4723 1964 4783 occupatum,

376 4801 530 4872 quasi
553 4801 633 4858 ire
654 4820 758 4860 non
780 4808 969 4876 possit.
1003 4806 1072 4862 Et
1093 4809 1136 4863 si
1161 4809 1213 4863 in
1244 4815 1593 4879 monasterio,
1622 4815 1707 4869 vel
1737 4816 1791 4869 in
1812 4830 1965 4886 agro,

376 4914 473 4959 aut
522 4904 575 4959 in
624 4906 858 4975 itinere,
902 4919 992 4964 aut
1039 4910 1092 4965 in
1140 4912 1380 4983 quolibet
1440 4915 1744 4973 ministerio
1786 4918 1965 4986 fuerit,

378 5003 571 5058 orandi
606 5012 661 5058 et
689 5008 952 5074 psallendi
984 5020 1194 5082 tempus
1222 5029 1327 5069 non
1358 5019 1747 5085 praetermittat.

448 5100 589 5156 Xlll.
639 5102 743 5171 Qui
780 5106 1026 5163 minister
1056 5120 1177 5179 est,
1222 5112 1416 5170 habeat
1452 5117 1685 5173 studium
1729 5133 1798 5174 ne
1835 5118 1964 5189 quid

374 5197 559 5265 operis
586 5208 771 5266 pereat
800 5199 851 5254 in
882 5205 1230 5260 monasterio.
1259 5206 1315 5262 In
1344 5210 1718 5281 qualicumque
1743 5212 1965 5269 omnino

374 5307 519 5364 arte,
552 5315 675 5370 qua:
707 5311 994 5359 exercetur
1023 5321 1051 5359 a
1081 5306 1335 5366 fratribus
1355 5354 1369 5377 ,
1402 5314 1447 5368 si
1482 5313 1607 5385 quid
1645 5315 1886 5385 perierit,
1915 5325 1973 5372 et

374 5411 474 5466 per
500 5401 882 5470 negligentiam
915 5404 1077 5463 fuerit
1100 5407 1439 5482 dissipatum,
1483 5415 1794 5486 increpetur
1816 5433 1847 5473 a
1870 5433 1966 5489 pa-

374 5506 462 5553 tre
492 5500 740 5559 minister
763 5518 1019 5575 operum;
1062 5519 1118 5564 et
1155 5510 1272 5581 ipse
1309 5512 1504 5573 iterum
1531 5518 1773 5592 increpet
1802 5524 1963 5581 alium

372 5599 467 5668 qui
494 5614 629 5670 opus
674 5605 1011 5677 perdiderit,
1054 5609 1335 5669 dumtaxat
1358 5615 1511 5685 juxta
1551 5622 1881 5691 voluntatem
1910 5637 1963 5685 et

2079 4514 2320 4566 suorum,
2347 4514 2449 4555 nec
2475 4499 2543 4556 ad
2566 4515 2751 4555 eorum
2775 4500 3053 4556 scientiam
3078 4517 3253 4556 carens
3274 4503 3491 4557 existat.
3519 4500 3663 4556 Nulli

2079 4600 2275 4645 noceat
2305 4607 2399 4659 per
2423 4592 2768 4659 superbiam;
2802 4608 2899 4647 nec
2922 4604 3177 4663 sequatur
3197 4595 3666 4665 concupiscentias

2079 4683 2381 4736 oculorum.
2431 4682 2726 4737 Veritatem
2777 4700 3068 4755 numquam
3113 4695 3399 4756 praetereat
3443 4686 3667 4742 :oderit

2077 4772 2418 4842 injustitiam.
2468 4773 2773 4829 Secundum
2822 4790 3105 4845 personam
3138 4791 3428 4845 numquam
3458 4776 3667 4846 jndicet

2075 4882 2174 4936 pro
2208 4866 2542 4932 muneribus,
2574 4883 2674 4923 nec
2702 4870 3026 4924 condemnet
3055 4870 3289 4925 animam
3313 4872 3661 4927 innocentem

2073 4972 2171 5028 per
2198 4958 2527 5026 superbiam.
2561 4958 2678 5013 Non
2718 4959 2895 5015 rideat
2920 4962 3060 5016 inter
3089 4976 3284 5031 pueros
3314 4980 3326 5015 :
3356 4978 3461 5017 non
3504 4962 3663 5018 dese-

2072 5057 2157 5103 rat
2186 5049 2466 5103 veritatem
2498 5050 2691 5105 timore
2729 5062 3031 5119 superatus.
3087 5052 3203 5107 Non
3251 5052 3511 5125 despiciat
3538 5070 3660 5123 eos,

2072 5140 2159 5209 qui
2214 5140 2456 5210 indigent
2513 5141 2902 5199 misericordia.
2966 5143 3082 5199 Non
3132 5144 3353 5199 deserat
3394 5144 3659 5213 justitiam

2072 5241 2294 5300 propter
2324 5230 2728 5298 lassitudinem;
2767 5249 2836 5289 ne
2865 5234 3057 5303 perdat
3084 5237 3319 5291 animam
3351 5252 3503 5291 suam
3537 5253 3665 5305 pro-

2070 5331 2192 5394 pter
2245 5323 2629 5379 verecundiam
2678 5343 2689 5378 :
2750 5340 2817 5380 ne
2874 5326 3130 5395 respiciat
3184 5326 3351 5396 dapes
3414 5326 3665 5386 lautioris

2069 5437 2274 5480 mensae
2310 5440 2325 5479 :
2362 5439 2465 5481 nec
2492 5425 2717 5496 pulchra
2758 5427 3085 5484 vestimenta
3122 5428 3427 5495 desideret;
3470 5444 3572 5485 nec
3602 5446 3665 5486 se

2070 5522 2326 5595 negligat,
2350 5523 2445 5579 sed
2471 5538 2687 5595 semper
2705 5524 2966 5596 dijudicet
2986 5526 3341 5598 cogitationes
3368 5542 3517 5583 suas.
3540 5528 3663 5587 Non

2067 5628 2367 5691 inebrietur
2393 5642 2552 5697 vino;
2586 5630 2679 5686 sed
2704 5630 2993 5692 humilitati
3020 5630 3262 5703 junctam
3294 5630 3494 5690 habeat
3522 5633 3659 5688 νοτία
