4000 6186
221 217 314 275 577

1421 219 1704 279 REGULA
1745 222 2250 283 MONACIIORUM.

3367 228 3472 284 578

224 342 384 389 tatem.
414 331 633 401 Quando
658 331 890 403 judicat,
921 343 1181 405 sequatur
1204 346 1478 408 praecepta
1509 340 1773 409 majorum
1800 343 1856 404 Î‘
1880 342 2156 397 seniorum
2205 343 2456 398 consilio.
2506 344 2608 411 Qui
2641 347 2802 401 etiam
2832 347 3009 403 omnia
3057 344 3307 402 utensilia
3345 361 3469 417 quae

223 435 268 481 et
291 427 443 496 legem
478 425 592 490 Dei,
623 440 743 495 quae
769 426 822 480 in
848 434 959 482 toto
989 429 1121 484 orbe
1150 431 1435 499 praedicata
1459 441 1561 487 est.

280 517 451 573 XVIII.
489 519 542 572 Si
592 517 964 587 deprehensus
1000 521 1164 577 fuerit
1201 523 1396 594 aliquis
1438 541 1470 580 e
1513 525 1777 583 fratribus

221 611 430 666 libenter
455 625 568 666 cum
599 612 782 680 pueris
809 613 990 668 ridere
1017 623 1069 669 et
1101 614 1310 682 ludere,
1343 626 1397 672 et
1419 616 1624 674 habere
1645 620 1778 674 ami-

223 704 362 758 citias
398 705 552 759 aetatis
587 704 850 770 infirmae,
885 706 1045 760 tertio
1075 717 1506 775 commoneatur,
1544 720 1599 764 ut
1629 726 1778 766 rece-

221 796 303 850 dat
328 797 387 851 ab
416 812 591 852 eorum
618 796 1040 866 necessitudine,
1070 806 1125 853 et
1147 815 1358 856 memor
1383 801 1452 855 sit
1478 801 1777 858 honestatis

218 899 265 942 et
299 890 484 944 timoris
511 890 608 944 Dei
641 907 654 941 :
691 889 736 944 si
783 905 892 944 non
928 892 1265 959 cessaverit,
1311 894 1637 962 corripiatur
1660 939 1675 965 ,
1717 905 1775 951 ut

219 981 386 1051 dignus
408 993 486 1037 est
511 982 858 1048 correptione
887 983 1252 1038 severissima.

274 1073 402 1128 XIX.
445 1074 543 1141 Qui
577 1083 935 1129 contemnunt
967 1085 1238 1146 praecepta
1279 1077 1545 1148 majorum
1585 1088 1640 1135 et
1668 1079 1774 1135 Re-

214 1167 349 1236 gulas
367 1168 688 1234 monasterii,
714 1184 836 1235 qum
866 1169 959 1223 Dei
988 1179 1258 1239 praecepto
1285 1173 1595 1226 constituta:
1627 1181 1773 1240 sunt,

214 1266 266 1312 et
283 1261 655 1329 parvipendunt
677 1261 951 1315 seniorum
975 1262 1222 1330 consilia,
1249 1265 1608 1334 corripiantur
1623 1266 1774 1337 juxta

211 1351 427 1406 ordinem
453 1353 825 1418 constitutum,
853 1354 1028 1408 donec
1057 1354 1416 1424 corrigantur.

271 1445 378 1501 XX.
421 1447 650 1517 Majores
677 1488 691 1512 ,
729 1449 818 1517 qui
850 1463 970 1502 cum
1005 1447 1260 1503 fratribus
1290 1451 1576 1506 mittuntur
1607 1451 1771 1518 foras,

209 1539 438 1608 quamdiu
483 1541 557 1595 ibi
611 1539 850 1607 fuerint,
899 1539 1175 1595 habebunt
1210 1541 1298 1609 jus
1335 1545 1770 1613 prmpositorum,

207 1641 462 1687 eteorum
510 1642 767 1702 regentur
807 1633 1047 1687 arbitrio.
1114 1632 1394 1689 Docebunt
1437 1636 1630 1692 fratres
1679 1653 1774 1708 per

1883 436 1936 489 in
1968 438 2298 491 monasterio
2330 446 2483 502 sunt,
2520 437 2571 491 id
2601 447 2712 506 est,
2746 449 2985 507 vestem,
3015 455 3140 506 vas,
3169 439 3471 494 ferramen-

1887 536 2022 591 tum,
2046 537 2098 581 ct
2119 527 2378 597 quidquid
2409 529 2591 583 usibus
2613 531 2940 599 quotidianis
2971 533 3336 587 necessarium
3363 541 3467 598 est,

1883 621 2181 685 custodiat;
2239 632 2294 677 et
2339 638 2774 694 unamquamque
2824 639 2937 678 rem
2989 627 3310 694 proferens,
3341 642 3466 682 cum

1883 714 2044 768 fuerit
2075 715 2483 782 necessarium,
2529 717 2595 772 ab
2639 731 2704 772 eo
2749 717 2942 772 iterum
2983 718 3049 772 ad
3075 719 3465 788 reponendum,

1882 810 1966 863 cui
2011 810 2211 864 utendo
2258 811 2700 880 consignaverit,
2745 825 3085 882 recepturus.
3135 813 3218 868 Ad
3269 814 3467 869 victum

1880 918 2013 958 vero
2045 905 2267 958 fratrutn
2320 904 2561 971 proferat
2609 920 2671 959 ac
2715 906 2889 959 tradat
2932 906 3371 975 septimanariis,
3402 907 3471 960 ad

1880 995 2210 1050 condiendos
2253 995 2403 1050 cibos
2454 995 2546 1049 det
2589 997 2899 1051 necessaria
2941 998 3238 1052 secundum
3293 999 3472 1066 quoti-

1879 1087 2054 1142 diana
2083 1103 2336 1157 expensa:
2358 1089 2826 1155 consuetudinem,
2853 1105 3024 1159 neque
3054 1091 3272 1158 profuse
3298 1105 3472 1160 neque

1878 1197 2072 1250 avare;
2109 1200 2175 1238 ne
2205 1185 2335 1239 vitio
2366 1186 2533 1252 ipsius
2562 1186 2644 1239 vel
2674 1187 2989 1241 monasterii
3017 1187 3314 1242 substantia
3345 1202 3470 1256 gra-

1877 1283 2054 1341 vetur,
2083 1276 2167 1328 vel
2194 1275 2386 1331 fratres
2415 1277 2686 1346 patiantur
2715 1277 2989 1346 injuriam.
3019 1278 3125 1334 Sed
3152 1288 3205 1334 et
3233 1279 3474 1333 necessi-

1881 1377 2040 1424 tatem
2070 1369 2410 1425 infirmorum
2443 1371 2667 1426 fratrum
2702 1387 2764 1426 ac
2808 1372 3049 1428 laborem
3096 1374 3471 1438 considerans,

1880 1461 2011 1514 nihil
2043 1464 2416 1530 mgrotantium
2449 1463 2738 1519 desideriis
2769 1475 2928 1534 neget
2971 1481 3036 1520 ex
3072 1466 3190 1532 bis,
3225 1482 3346 1535 qua:
3378 1466 3475 1522 ha-

1878 1553 2056 1608 buerit
2082 1597 2097 1621 ,
2131 1566 2390 1624 quantum
2417 1555 2523 1610 illis
2549 1571 2775 1612 necesse
2813 1555 3001 1612 fuerit.
3039 1556 3476 1612 Advenientibus

1880 1646 2113 1702 diversis
2143 1649 2400 1703 fratribus
2429 1665 2582 1704 escas
2604 1650 2833 1718 parabit.
2861 1651 2988 1705 Haec
3013 1650 3117 1705 erit
3141 1667 3270 1706 cura
3293 1661 3477 1708 custo-

201 1727 506 1782 constitutos
550 1727 695 1792 dies;
726 1734 782 1782 et
818 1727 862 1780 si
904 1727 1044 1782 forte
1087 1728 1230 1784 inter
1258 1744 1351 1784 eos
1392 1742 1568 1786 ortum
1614 1733 1777 1788 fuerit
1803 1729 1852 1790 B
1878 1739 1963 1794 dis
1984 1741 2210 1804 cellarii,
2233 1755 2518 1795 recurrens
2538 1757 2754 1811 semper
2775 1742 2841 1796 ad
2865 1743 3136 1798 seniorum
3161 1744 3471 1809 consilium,

199 1818 391 1887 aliquid
416 1818 723 1884 simultatis,
749 1817 966 1873 audient
997 1819 1101 1888 ipsi
1130 1819 1397 1889 majores,
1428 1833 1481 1877 et
1508 1823 1774 1895 dijudica-

199 1915 326 1969 bunt
359 1929 577 1969 causam
597 1954 611 1977 ,
643 1923 694 1968 et
732 1913 948 1983 dignum
976 1913 1132 1984 culpa
1162 1915 1544 1983 increpabunt;
1589 1919 1674 1973 vel
1704 1919 1770 1974 ad

198 2007 473 2078 imperium
511 2021 694 2063 eorum
725 2007 905 2061 statim
938 2021 1125 2077 pacem
1165 2007 1328 2077 pleno
1372 2008 1541 2064 corde
1579 2024 1774 2065 conso-

197 2101 342 2156 cient.

255 2190 391 2247 XXI.
432 2191 490 2248 Si
534 2192 652 2260 quis
683 2191 852 2248 frater
879 2199 1069 2246 contra
1114 2191 1465 2261 praepositum
1493 2205 1647 2248 suum
1679 2193 1774 2248 ba-

197 2284 354 2339 buerit
380 2284 689 2347 tristitiam,
719 2292 812 2338 aut
838 2283 954 2353 ipse
981 2284 1304 2354 praepositus
1333 2294 1522 2341 contra
1549 2287 1771 2343 fratrem

197 2378 407 2447 aliquam
438 2377 871 2448 querimoniam,
905 2377 1147 2447 probatae
1177 2377 1371 2434 fratres
1400 2381 1774 2437 conversatio-

197 2470 267 2524 nis
288 2478 340 2525 et
363 2470 490 2526 fidei
521 2484 619 2525 eos
651 2470 841 2524 audire
869 2469 1104 2538 debent,
1143 2478 1200 2524 et
1239 2470 1605 2541 dijudicabunt
1634 2474 1774 2528 inter

196 2576 293 2618 eos.
336 2565 392 2620 Si
423 2574 609 2621 tamen
640 2565 838 2620 absens
873 2572 956 2618 est
986 2572 1140 2634 pater
1166 2564 1520 2633 monasterii,
1552 2565 1638 2621 vel
1678 2567 1777 2622 aliâ€”

194 2659 302 2712 cubi
330 2658 643 2728 profectus,
674 2657 908 2728 primum
936 2656 1158 2727 quidem
1190 2657 1581 2726 exspectabunt
1606 2674 1726 2714 eum
1759 2677 1773 2714 :

195 2753 266 2806 sin
289 2762 475 2809 autem
501 2753 705 2807 diutius
727 2750 912 2806 vident
938 2749 1072 2805 faris
1093 2749 1382 2815 demorari,
1407 2759 1536 2805 tunc
1555 2750 1778 2808 audient

193 2848 318 2904 inter
351 2849 713 2918 praepositum
747 2857 800 2903 et
831 2847 1089 2914 fratrem;
1122 2862 1190 2903 ne
1219 2847 1311 2903 diu
1341 2863 1607 2919 suspenso
1632 2849 1778 2917 judi-

188 2941 260 2996 cio
289 2941 522 2998 tristitia
560 2941 732 3010 major
763 2941 970 2995 oriatur
991 2986 1004 3009 ,
1040 2949 1098 2994 ut
1124 2949 1180 2996 et
1207 2940 1302 2995 ille
1327 2941 1418 3010 qni
1449 2941 1777 3011 praepositus

190 3043 279 3100 est,
312 3046 365 3089 et
397 3035 496 3090 ille
521 3037 611 3104 qui
633 3034 908 3103 subjectus
935 3040 1042 3099 est,
1068 3039 1124 3086 et
1146 3031 1226 3086 illi
1246 3032 1338 3101 qui
1359 3031 1606 3097 audiunt,
1625 3030 1776 3099 juxta

1876 1841 1931 1886 et
1961 1833 2242 1901 requirens
2273 1833 2339 1886 de
2367 1832 2618 1887 omnibus
2641 1875 2655 1899 ,
2696 1833 2782 1886 vel
2821 1835 3090 1903 praecipue
3129 1836 3195 1890 de
3237 1836 3322 1891 his
3353 1851 3474 1906 quae

1875 1928 2098 1998 proprio
2126 1942 2225 1981 suo
2257 1928 2533 1983 intellectu
2567 1942 2671 1982 non
2707 1930 2944 1998 potuerit
2975 1929 3289 2000 adimplere.

1948 2018 2142 2073 XXVI.
2198 2018 2417 2074 Ostiarii
2465 2034 2594 2074 cura
2641 2020 2748 2085 sit,
2784 2029 2841 2074 ut
2890 2035 3079 2075 omnes
3125 2022 3474 2078 advenientes

1874 2110 2014 2165 intra
2039 2109 2233 2181 januas
2263 2112 2516 2180 recipiat;
2562 2112 2699 2167 dans
2727 2113 2806 2167 eis
2830 2127 3154 2182 responsum
3187 2113 3472 2170 honestum

1876 2217 1996 2258 cum
2027 2203 2329 2259 humilitate
2356 2215 2410 2260 et
2439 2206 2765 2272 reverentia,
2797 2221 2858 2260 ac
2889 2207 3068 2261 statim
3100 2209 3359 2262 nuntians
3390 2211 3475 2264 vel

1877 2296 2083 2365 abbati,
2109 2298 2192 2351 vel
2222 2299 2549 2366 senioribus,
2582 2301 2704 2369 quis
2737 2302 2964 2365 venerit,
2998 2310 3052 2355 et
3079 2301 3206 2371 quid
3238 2302 3471 2370 petierit.

1876 2385 1987 2441 Nec
2015 2389 2158 2442 ullus
2181 2402 2565 2444 extraneorum
2601 2391 2830 2458 patiatur
2857 2392 3141 2470 injuriam;
3178 2406 3350 2462 neque
3381 2392 3475 2448 Ita-

1878 2477 2002 2534 beat
2032 2494 2152 2534 cum
2184 2481 2363 2550 aliquo
2400 2481 2466 2536 de
2497 2481 2750 2537 fratribus
2793 2485 3177 2539 necessitatem
3209 2497 3273 2537 ac
3304 2483 3474 2539 facul-

1878 2579 2042 2626 tatem
2076 2571 2328 2642 loquendi
2352 2615 2367 2640 ,
2402 2574 2604 2642 absque
2642 2575 2865 2631 scientia
2894 2577 3106 2632 abbatis
3129 2617 3144 2641 ,
3173 2576 3260 2630 vel
3288 2577 3474 2632 senio-

1879 2679 1998 2718 rum
2030 2667 2339 2734 praesentia.
2377 2667 2430 2721 Si
2463 2667 2590 2738 quid
2623 2684 2750 2723 vero
2773 2669 3094 2738 cuicumque
3125 2669 3191 2722 de
3220 2668 3476 2724 fratribus

1879 2759 2108 2813 missum
2137 2761 2555 2831 mandatumque
2586 2761 2780 2826 fuerit,
2821 2763 2952 2816 nihil
2984 2764 3050 2814 ad
3085 2761 3256 2830 ipsum
3289 2773 3478 2825 perve-

1881 2852 1995 2907 niat
2021 2853 2334 2923 priusquam
2366 2855 2545 2908 abbati
2578 2854 2658 2907 vel
2691 2855 2996 2909 senioribus
3024 2855 3310 2907 indicetur.
3337 2855 3478 2906 Ante

1882 2945 2062 2999 omnia
2085 2948 2339 3000 ostiarius
2363 2947 2673 3001 Monasterii
2703 2948 2818 3001 haec
2841 2946 3172 3010 observabit,
3197 2960 3265 2999 ne
3285 2961 3476 3016 quem-

1881 3051 2040 3105 quam
2069 3037 2136 3091 de
2167 3038 2425 3091 fratribus
2453 3040 2585 3092 foris
2611 3038 2831 3106 januam
2861 3039 3014 3092 exire
3039 3038 3329 3106 permittat.

185 3129 429 3185 timorem
461 3129 565 3183 Dei
595 3135 791 3181 cuncta
820 3126 1055 3190 faciant,
1088 3135 1276 3180 etnon
1307 3124 1440 3178 dent
1468 3125 1522 3177 in
1554 3122 1663 3175 ullo
1691 3139 1783 3176 oc-
1810 3105 1856 3167 ÎŸ
1961 3129 2178 3183 XXVII.
2222 3130 2277 3184 Si
2314 3132 2435 3198 quis
2481 3105 2773 3185 accesserit
2813 3131 2878 3184 ad
2923 3131 3118 3184 ostium
3163 3130 3346 3185 volens
3376 3146 3478 3187 sae-

179 3225 462 3280 casionem
496 3221 807 3275 discordiae.

229 3317 420 3375 XXII.
463 3313 661 3369 Nullus
699 3314 942 3368 mittatur
971 3311 1118 3366 foras
1163 3310 1231 3366 ad
1261 3310 1480 3380 aliquod
1510 3308 1782 3379 negotium

176 3416 339 3471 solus.
380 3409 545 3466 Missi
577 3423 703 3464 vero
731 3422 838 3463 non
870 3406 1089 3477 singuli,
1116 3405 1214 3462 sed
1241 3405 1353 3460 bini
1381 3404 1466 3460 vel
1501 3403 1640 3459 terni
1670 3418 1786 3458 am-

179 3507 360 3563 bulent
388 3519 403 3558 :
431 3510 497 3556 ut
518 3501 643 3556 dum
667 3517 726 3557 se
749 3501 980 3555 invicem
1000 3499 1314 3554 custodiunt
1335 3505 1388 3552 et
1403 3497 1779 3561 consolantur,

186 3610 228 3653 et
252 3599 511 3655 seniores
542 3608 728 3650 eorum
769 3593 837 3648 de
895 3593 1120 3647 honesta
1154 3606 1339 3646 eorum
1372 3590 1784 3645 conversatione

188 3692 352 3747 securi
388 3690 524 3754 sint,
554 3696 610 3742 et
631 3687 706 3742 illi
737 3701 842 3741 non
881 3685 1277 3756 periclitentur.
1312 3685 1677 3740 Observantes
1708 3692 1785 3736 ta-

192 3801 302 3840 men
331 3786 438 3840 hoc
465 3824 482 3851 ,
535 3790 595 3836 ut
632 3796 737 3836 non
769 3796 829 3836 se
878 3781 1108 3835 invicem
1159 3780 1354 3835 fabulis
1396 3778 1647 3834 inanibus
1691 3777 1787 3834 de-

198 3887 418 3947 struant,
447 3891 629 3944 neque
651 3874 993 3944 negligentiae
1015 3873 1142 3928 dent
1163 3874 1338 3928 locum
1363 3871 1780 3935 destructionis;

195 3973 277 4027 sed
305 3969 686 4042 unusquisque
716 3968 770 4022 in
800 3976 921 4022 actu
953 3981 1049 4022 suo
1071 3974 1309 4022 attentus
1335 3965 1425 4032 sit,
1459 3972 1618 4034 prout
1645 3972 1782 4020 tem-

200 4077 285 4132 pus
305 4064 488 4119 fuerit.

260 4155 446 4210 XXIII.
496 4151 728 4220 Quando
755 4159 936 4206 autem
967 4152 1167 4207 reversi
1199 4150 1396 4206 fuerint
1426 4150 1477 4203 in
1507 4157 1784 4204 monaste-

204 4246 359 4313 rium,
393 4249 438 4301 si
483 4255 616 4299 ante
654 4243 850 4298 ostium
897 4244 1130 4298 viderint
1174 4244 1404 4312 aliquem
1453 4250 1782 4311 quaerentem

207 4353 404 4396 suorum
434 4340 688 4395 affinium
713 4381 728 4407 ,
757 4339 825 4393 de
856 4338 938 4392 his
967 4337 1056 4409 qui
1103 4338 1155 4392 in
1187 4337 1515 4392 monasterio
1544 4351 1790 4390 commo-

208 4445 370 4489 rantur
394 4478 409 4504 ,
454 4449 573 4490 non
602 4434 861 4487 valebunt
887 4437 964 4486 ire
989 4432 1056 4485 ad
1090 4447 1209 4485 eum
1237 4475 1252 4498 ,
1291 4439 1344 4483 et
1373 4430 1623 4483 nuntiare
1646 4471 1660 4493 ,
1701 4428 1786 4480 vel

1886 3219 2010 3272 culo
2039 3220 2374 3285 renuntiare,
2404 3230 2458 3273 et
2508 3221 2731 3275 fratrum
2761 3223 3035 3290 aggregari
3080 3237 3334 3291 numero,
3370 3240 3476 3279 non

1888 3310 2082 3365 habeat
2115 3311 2416 3368 libertatem
2442 3313 2707 3378 intrandi;
2743 3314 2834 3369 sed
2865 3315 3011 3384 prius
3038 3315 3312 3368 nuntietur
3340 3317 3477 3384 patri

1888 3406 2242 3470 monasterii,
2286 3415 2339 3460 et
2371 3406 2608 3459 manebit
2638 3409 2819 3473 paucis
2848 3407 3038 3462 diebus
3077 3407 3205 3462 foris
3246 3417 3371 3461 ante
3403 3407 3479 3474 ia-

1887 3511 2072 3565 nuam,
2107 3513 2169 3552 ac
2198 3499 2481 3554 docebitur
2508 3502 2808 3555 orationem
2844 3502 3180 3556 Dominicam
3204 3543 3218 3566 ,
3253 3512 3306 3556 et
3338 3502 3480 3571 psal-

1887 3606 2005 3645 mos
2035 3601 2268 3661 quantos
2297 3595 2533 3663 potuerit
2561 3593 2803 3660 discere;
2853 3605 2907 3648 et
2938 3595 3227 3665 diligenter
3263 3597 3343 3648 sui
3375 3611 3476 3649 ex-

1889 3683 2254 3752 perimentum
2285 3685 2459 3750 dabit,
2500 3701 2567 3740 ne
2618 3687 2755 3740 forte
2786 3687 2912 3740 mali
2953 3688 3228 3758 quidpiam
3271 3687 3478 3752 fecerit,

1888 3787 1947 3830 ut
1993 3775 2240 3830 turbatus
2283 3776 2348 3830 ad
2393 3777 2580 3829 horam
2613 3776 2808 3831 timore
2858 3777 3212 3844 discesserit,
3245 3789 3336 3831 aut
3381 3778 3482 3831 sub

1887 3867 2063 3938 aliqua
2096 3877 2361 3937 potestate
2389 3869 2494 3932 sit;
2549 3877 2601 3921 et
2636 3876 2812 3921 utrum
2847 3868 3019 3937 possit
3048 3868 3359 3922 renuntiare
3389 3883 3483 3937 pa-

1891 3963 2131 4017 rentibus
2160 3964 2272 4018 suis
2295 4003 2310 4026 ,
2360 3973 2417 4017 et
2455 3963 2724 4032 propriam
2768 3971 3118 4016 contemnere
3149 3960 3480 4016 facultatem.

1888 4057 1942 4111 Si
1968 4073 2090 4111 eum
2127 4056 2364 4111 viderint
2394 4066 2580 4127 aptum
2610 4055 2674 4109 ad
2705 4055 2886 4110 omnia
2912 4099 2924 4120 ,
2957 4063 3081 4108 tunc
3117 4052 3401 4108 docebitur
3431 4063 3485 4109 et

1889 4152 2126 4220 reliquas
2154 4151 2466 4203 monasterii
2501 4149 2845 4218 disciplinas;
2897 4163 3016 4216 qum
3056 4147 3240 4201 facere
3270 4146 3484 4212 debeat,

1890 4243 2192 4309 quibusque
2222 4242 2452 4307 servire,
2481 4241 2595 4294 sive
2620 4240 2671 4293 in
2702 4240 2929 4294 collecta
2962 4240 3205 4294 omnium
3236 4237 3485 4304 fratrum,

1891 4335 2008 4386 sive
2033 4334 2083 4386 in
2108 4333 2268 4386 domo
2290 4335 2375 4387 cui
2399 4334 2692 4386 tradendus
2715 4343 2818 4395 est,
2843 4332 2957 4384 sive
2982 4333 3227 4386 vescendi
3252 4333 3441 4387 ordine
3469 4351 3483 4389 :

1893 4433 1951 4475 ut
1983 4425 2276 4476 instruetus
2327 4434 2487 4490 atque
2532 4424 2806 4491 perfectus
2859 4423 2908 4474 iu
2955 4427 3097 4478 omni
3143 4441 3308 4494 opere
3343 4427 3486 4478 bono

209 4491 435 4585 evocare.
473 4527 552 4582 Et
577 4525 798 4580 omnino
826 4524 1084 4596 quidquid
1119 4526 1250 4578 foris
1270 4524 1556 4593 gesserint,
1587 4523 1638 4575 in
1672 4538 1789 4576 mo-
1813 4491 1869 4550 D
1894 4517 2144 4569 fratribus
2197 4517 2498 4584 c0puletur.
2549 4517 2672 4568 I-Izec
2717 4516 3026 4568 observabit
3065 4527 3248 4569 custos
3276 4520 3486 4584 januas,

213 4622 431 4677 nasterio
461 4635 695 4677 narrare
724 4632 830 4673 non
864 4625 1217 4687 praesumant.

272 4707 452 4766 XXIV.
506 4710 775 4766 Omnibus
824 4712 928 4764 erit
967 4717 1206 4778 potestas
1253 4705 1464 4777 legendi
1512 4719 1681 4776 usque
1725 4705 1788 4759 ad

215 4799 380 4858 horam
406 4804 632 4860 tertiam
667 4821 678 4854 :
710 4804 755 4857 si
782 4811 960 4857 tamen
993 4802 1140 4856 nulla
1167 4815 1327 4855 causa
1359 4800 1660 4866 exstiterit,
1690 4815 1792 4868 qua

216 4909 420 4955 necesse
447 4900 522 4954 sit
550 4900 711 4952 etiam
749 4897 947 4968 aliquid
981 4896 1117 4950 fieri.
1153 4897 1281 4951 Post
1309 4895 1497 4948 horam
1528 4909 1657 4949 vero
1686 4902 1794 4948 terâ€”

219 4989 329 5045 tiam
355 4993 396 5047 si
426 5008 552 5064 qua:
579 4999 775 5045 statuta
806 4998 952 5056 sunt,
985 4990 1126 5044 sicut
1154 4990 1412 5057 scriptum
1446 4997 1545 5053 est,
1583 5002 1679 5057 per
1706 5002 1797 5040 su-

220 5082 465 5151 perbiam,
493 5083 580 5138 vel
614 5083 1013 5152 negligentiam,
1048 5083 1134 5136 vel
1166 5081 1427 5136 desidiam
1456 5080 1797 5136 interceden-

222 5180 315 5227 tem
342 5191 444 5229 non
476 5175 840 5240 custodierit,
874 5175 1008 5229 sciat
1032 5189 1090 5229 se
1123 5190 1243 5228 cum
1275 5174 1327 5227 in
1360 5173 1460 5227 hoc
1492 5187 1677 5228 errore
1700 5173 1797 5228 deâ€”

225 5270 508 5334 prehensus
539 5272 738 5338 fuerit,
768 5271 1088 5340 culpabilem
1117 5270 1500 5342 iudicandum;
1553 5271 1675 5340 quia
1704 5285 1801 5341 per

228 5374 366 5417 suum
395 5381 640 5422 errorem
669 5375 723 5422 et
748 5366 880 5420 alios
913 5366 963 5420 in
996 5366 1183 5420 vitium
1215 5366 1400 5420 mittit.

287 5453 449 5513 XXV.
496 5457 720 5514 Cellarii
763 5474 893 5514 vero
936 5473 1061 5514 cura
1092 5459 1202 5526 sit,
1251 5467 1309 5513 ut
1338 5458 1720 5515 abstinentiam
1752 5466 1806 5514 et

230 5544 566 5606 sobrietatem
595 5550 821 5607 studens
852 5552 990 5607 illata
1025 5552 1077 5605 in
1109 5552 1442 5607 monasterio
1463 5551 1528 5606 ad
1558 5559 1806 5620 sumptus

232 5630 440 5695 fratrum
483 5640 770 5713 diligenter
809 5653 862 5698 et
902 5641 1133 5698 fideliter
1175 5651 1356 5698 servet
1398 5660 1411 5696 :
1456 5642 1589 5697 nihil
1636 5643 1808 5698 susci-

231 5725 413 5802 lï¬ens,
446 5749 548 5794 nec
583 5734 879 5812 quidquam
925 5735 1146 5793 tradens
1190 5737 1308 5792 sine
1354 5735 1676 5793 auctoritate
1722 5731 1807 5788 vel

1896 4607 2139 4660 referens
2184 4608 2369 4659 omnia
2394 4650 2407 4672 ,
2443 4610 2582 4660 sicut
2604 4608 2854 4674 superius
2887 4605 3144 4674 scriptum
3175 4615 3288 4670 est,
3312 4614 3368 4660 et
3392 4623 3484 4660 an.

1899 4701 2150 4754 nuntians
2177 4699 2507 4754 Senioribus.

1971 4793 2212 4848 XXVIII.
2255 4792 2637 4861 Septimanarii
2669 4792 2734 4847 ad
2769 4792 2920 4846 cibos
2950 4790 3252 4861 parandos,
3297 4792 3381 4847 vel
3421 4791 3488 4846 ad

1897 4887 2181 4942 luminaria
2221 4885 2586 4940 concinnanda
2610 4928 2622 4950 ,
2660 4885 2740 4940 vel
2769 4885 2833 4938 ad
2863 4885 3068 4940 nitores
3102 4883 3376 4938 faciendus
3396 4927 3409 4950 ,
3439 4896 3491 4937 et

1905 4996 2024 5052 qua:
2075 4980 2140 5034 ad
2188 4978 2502 5048 obsequium
2552 4993 2787 5048 ususque
2837 4978 3148 5032 monasterii
3196 4978 3488 5046 pertinent,

1907 5089 2124 5144 semper
2164 5074 2334 5142 parati
2371 5073 2497 5126 sint.
2546 5073 2655 5125 llos
2688 5073 2832 5126 nulla
2868 5072 2969 5126 alia
3013 5073 3307 5128 necessitas
3336 5087 3490 5126 oecu~

1908 5179 2024 5237 pet,
2061 5167 2152 5220 sed
2192 5167 2243 5220 in
2283 5165 2383 5219 hoc
2415 5165 2647 5218 studium
2693 5165 3033 5234 impendant,
3067 5175 3122 5219 ut
3159 5181 3277 5220 rem
3310 5178 3492 5217 susce-

1909 5269 2054 5329 ptam
2089 5259 2290 5314 utiliter
2316 5269 2370 5312 et
2397 5259 2685 5326 diligenter
2717 5259 2993 5326 impleant.
3025 5259 3089 5312 Et
3125 5258 3168 5311 si
3202 5256 3327 5327 quid
3359 5256 3495 5310 forte

1911 5353 2187 5416 nesciunt,
2222 5351 2290 5404 de
2321 5350 2405 5405 liis
2446 5366 2565 5421 quae
2602 5365 2762 5420 agere
2793 5350 3011 5416 debent,
3042 5350 3161 5405 sine
3192 5348 3494 5404 dissimula-

1910 5446 2056 5501 tione
2085 5447 2326 5500 seniores
2360 5459 2485 5499 suos
2512 5459 2728 5514 semper
2755 5446 3112 5513 interrogent.

1987 5539 2180 5596 XXIX.
2206 5540 2268 5595 llt
2295 5539 2474 5609 itaque
2499 5539 2694 5609 quibus
2718 5536 3028 5608 disciplina,
3051 5537 3134 5592 vel
3161 5537 3383 5601 utilitas,
3413 5535 3495 5591 vel

1912 5635 2096 5706 Opinio
2121 5677 2135 5701 ,
2168 5635 2252 5688 vel
2285 5633 2602 5703 obsequium
2646 5633 2960 5689 monasterii
2992 5632 3229 5688 creditur
3251 5674 3266 5699 ,
3321 5628 3495 5688 ofï¬cia

1911 5729 2015 5787 sibi
2047 5726 2286 5798 iniuncta
2335 5726 2562 5784 fideliter
2607 5727 2911 5785 custodiant
2956 5735 3009 5783 et
3059 5727 3338 5794 impleant.
3390 5725 3497 5782 llos
