4000 6186
530 186 637 246 370

533 376 739 432 dan-dos
771 376 1046 447 ιπεροείιί
1077 386 1222 429 sunt.
1268 372 1367 440 Qui
1400 373 1443 427 si
1476 372 1559 425 vel
1584 373 1833 443 superbia
1856 418 1871 442 ,
1901 373 1986 428 vel
2019 388 2118 429 ne-

533 466 785 539 gligentia
814 508 831 533 ,
857 468 939 521 vel
973 464 1175 520 desidia
1208 465 1384 535 aliqua
1413 479 1480 533 ex
1526 463 1611 517 his
1655 463 2114 537 praetermiserim,

535 575 655 628 qua:
687 562 735 612 in
768 557 967 627 Regula
993 557 1367 622 continentur;
1413 572 1506 624 per
1534 556 1789 629 ipsosque
1822 558 2120 613 destructio

533 666 655 707 esse
694 652 947 722 eruperit,
997 666 1093 720 per
1139 664 1274 721 quos
1303 650 1466 706 debet
1510 649 1798 706 adiﬁcatio
1848 666 2117 723 crescere,

534 761 601 797 mt
627 746 784 800 nibus
811 745 1357 802 condemnationibus
1380 787 1396 813 ,
1430 734 1563 817 quas
1610 744 1808 816 Regula
1855 746 2115 813 continet,

530 837 905 903 subjar'ebunt.

610 930 778 985 XXX.
834 931 978 985 Inter
1003 948 1190 987 omnes
1228 930 1421 986 fratres
1452 930 1554 985 hoc
1584 929 1991 997 observabitur,
2032 930 2117 987 vel

529 1023 843 1078 ohetlientcs
894 1023 1199 1077 senioribus
1244 1022 1358 1078 suis
1380 1064 1394 1080 .
1430 1033 1484 1077 et
1510 1021 1817 1076 deferetttes
1844 1022 1947 1076 sibi
1976 1021 2116 1076 invi-

528 1131 677 1179 cem,
711 1117 942 1170 habeant
976 1116 1286 1182 patientivm
1308 1159 1321 1179 ,
1362 1117 1817 1181 moderationem,
1846 1115 2118 1169 humilita-

530 1216 637 1263 tem
660 1252 675 1274 ,
707 1208 1023 1263 charitatem
1048 1251 1061 1269 ,
1095 1224 1277 1278 pacem
1311 1210 1427 1262 sine
1460 1210 1709 1277 figmento
1733 1219 1785 1262 et
1812 1209 2110 1275 mendacio,

528 1310 583 1357 et
614 1302 1009 1361 tnalt‘dirtione.
1043 1313 1095 1355 et
1120 1302 1471 1359 \'CI'IIO\II3lt‘.
1505 1312 1557 1356 et
1581 1301 1797 1369 jurattdi
1822 1311 2116 1355 consuetu-

526 1395 653 1449 dine
677 1438 690 1455 ,
724 1396 794 1447 ita
824 1408 879 1447 nt
910 1410 1066 1447 nemo
1094 1409 1247 1448 suum
1284 1396 1575 1465 quidquam
1615 1395 1888 1458 vindicet,
1937 1410 2115 1465 neque

528 1488 664 1542 ullus
696 1488 893 1555 aliquid
928 1488 1274 1554 peculiariter
1306 1497 1560 1554 usurpet;
1609 1488 1702 1544 sed
1736 1488 1970 1544 habeant
1996 1503 2113 1543 om-

525 1580 610 1633 nia
639 1579 963 1632 communia.

1569 181 1955 249 FAS'I‘IDIUS,
1996 179 2489 238 BBITANNORUH
2529 180 2918 245 EPISCOPUS.
3711 184 3741 253 ε

533 282 674 337 enim
705 296 893 339 errare
918 297 1024 339 non
1053 281 1229 347 decet,
1258 281 1349 352 qui
1380 281 1445 337 ad
1471 295 1661 336 omnes
1688 294 1906 335 errores
1930 295 2116 336 emen-
2142 282 2192 340 Α
2220 276 2423 331 alienus
2448 291 2477 330 a
2504 276 2701 332 timore
2727 277 2960 345 Domini,
2992 283 3050 331 ut
3075 283 3153 332 tot
3181 276 3626 351 castigationibus
3655 284 3711 334 et
3737 286 3821 336 tot

3711 184 3821 251 που

2219 369 2628 425 remissionibus
2660 385 2768 425 non
2798 368 3071 439 emendet,
3103 370 3423 443 projiciatur
3452 370 3519 441 de
3542 380 3820 428 monaste~

2221 465 2325 527 rio,
2349 476 2402 518 et
2423 467 2571 521 velut
2597 474 2887 519 extranens
2926 462 3186 519 habeatur
3215 480 3228 517 :
3266 479 3335 535 ne
3361 464 3493 533 vitio
3525 466 3692 537 ipsius
3722 466 3816 522 alii

2221 557 2620 627 periclitentur.

2290 649 2534 705 XXXVI.
2577 648 2731 718 Quod
2770 648 2816 703 si
2846 647 3044 719 aliquis
3077 647 3288 703 loculus
3317 646 3510 719 fuerit,
3548 650 3634 705 vel
3684 651 3817 707 rise-

2220 744 2289 797 rit
2317 746 2366 797 in
2393 744 2679 807 vescendo,
2714 744 3045 812 increpetur,
3077 746 3134 796 et
3163 750 3283 811 agat
3316 741 3705 811 pcenilentiatn.

2292 835 2568 891 XXXVII.
2597 837 2652 891 Si
2676 836 2796 905 quis
2819 835 2885 888 ad
2914 831 3342 887 manducandum
3370 835 3574 887 tardius
3607 836 3819 891 venerit

2217 927 2420 995 absque
2452 928 2671 996 majoris
2702 926 2952 998 imperio,
2985 924 3235 980 similiter
3265 934 3384 997 agat
3414 928 3819 1005 paenitentiam,

2217 1031 2307 1077 aut
2332 1024 2395 1074 ad
2434 1022 2625 1077 cellam
2654 1035 2807 1074 suam
2832 1018 3055 1091 jejunus
3086 1028 3409 1074 revertatur.

2288 1110 2576 1167 XXXVIII.
2608 1112 2663 1168 Si
2693 1111 2895 1183 aliquid
2918 1111 3286 1167 necessarium
3316 1109 3483 1166 fuerit
3512 1107 3565 1164 in
3598 1126 3814 1179 mensa,

2218 1220 2376 1260 nemo
2400 1206 2615 1261 audebit
2647 1206 2789 1277 loqui
2818 1247 2832 1271 ,
2865 1204 2959 1258 sed
2991 1204 3416 1260 ministrantibus
3447 1204 3657 1277 signum
3690 1204 3818 1273 soni

2216 1296 2384 1351 dabit.
2414 1298 2641 1352 Mini~tri
2667 1313 2796 1352 vero
2823 1297 3025 1367 absque
3050 1297 3133 1351 bis
3161 1313 3282 1367 qum
3312 1296 3363 1350 in
3394 1312 3684 1367 commune
3710 1297 3819 1354 fra-

2219 1392 2393 1447 tribus
2421 1401 2713 1461 przparata
2741 1400 2886 1454 sunt,
2915 1389 3043 1444 nihil
3066 1389 3209 1443 aliud
3237 1388 3547 1461 comedant,
3573 1404 3670 1460 nec
3694 1406 3815 1457 tnu-

2217 1490 2357 1536 tatos
2388 1483 2539 1536 cibos
2578 1482 2681 1535 sibi
2714 1482 2947 1535 audeant
2976 1495 3305 1549 praeparare.

2288 1574 2534 1629 XXXIX.
2576 1573 2744 1631 Nemo
2776 1574 2895 1643 plus
2936 1574 3088 1627 alteri
3133 1572 3283 1626 dabit
3309 1587 3466 1640 quam
3496 1572 3634 1626 alter
3661 1588 3819 1629 acce-

595 1667 785 1722 XXXI.
836 1670 965 1724 Sine
996 1668 1267 1725 seniorum
1305 1670 1471 1725 verbo
1500 1682 1552 1727 et
1583 1674 1909 1729 auctoritate
1936 1673 2111 1729 nullus
2141 1665 2187 1727 Β
2219 1667 2315 1736 pit,
2349 1667 2491 1736 quod
2518 1667 2563 1720 si
2587 1666 2899 1721 obtenditur
2932 1664 3236 1728 infirmitas,
3276 1667 3593 1733 praepositus
3619 1667 3819 1721 domus

522 1756 747 1813 fratrum
776 1762 1062 1831 quidquam
1092 1774 1214 1830 agat
1247 1782 1258 1816 :
1302 1780 1475 1833 neque
1503 1766 1728 1833 accipiat
1752 1765 1980 1837 aliquid.
2017 1782 2109 1822 ne-

521 1866 624 1922 que
654 1852 771 1917 det;
808 1870 979 1922 neque
1008 1870 1230 1921 usuuam
1264 1872 1482 1922 prorsus
1510 1858 1784 1922 procedat.

594 1945 808 2000 XXXII.
850 1945 982 1999 Ctun
1033 1963 1161 2002 vero
1191 1948 1404 2001 inventa
1440 1949 1598 2003 fuerit
1637 1949 1794 2015 culpa
1820 1990 1833 2013 ,
1882 1949 1971 2005 ille
2017 1950 2108 2020 qui

520 2038 801 2105 culpabilis
830 2039 1123 2104 invenitur,
1152 2041 1477 2108 corripiatur
1508 2042 1575 2093 ab
1605 2040 1795 2095 abbate
1826 2041 2107 2097 secretius.

518 2126 671 2195 Quod
697 2130 740 2184 si
770 2146 871 2185 non
908 2131 1107 2186 sufﬁcit
1131 2131 1196 2184 ad
1224 2131 1680 2196 emendationem,
1714 2132 2043 2201 corripiatur
2077 2150 2107 2188 a

522 2220 704 2290 paucis
741 2221 1067 2278 senioribus.
1105 2223 1256 2289 Quod
1287 2222 1332 2277 si
1360 2239 1459 2277 nec
1485 2225 1564 2278 sic
1589 2224 1985 2290 emendaverit,
2013 2240 2109 2280 ex-

516 2315 973 2381 comtnunicetur;
1027 2323 1080 2370 et
1112 2330 1215 2368 non
1261 2314 1545 2369 manducet
1571 2316 1883 2386 quidquam.
1933 2316 2030 2371 Cui
2061 2317 2106 2375 si

516 2420 617 2460 nec
658 2406 760 2460 huc
800 2408 1017 2475 quidem
1067 2405 1329 2475 profuerit
1354 2448 1368 2474 ,
1408 2408 1459 2461 in
1500 2408 1743 2478 quolibet
1774 2409 1891 2463 loco
1920 2410 2103 2479 fuerit,

516 2505 822 2563 postremus
852 2501 993 2553 inter
1022 2514 1213 2555 omnes
1254 2501 1307 2554 in
1345 2501 1604 2570 psallendi
1637 2502 1827 2557 ordine
1857 2514 2104 2573 ponatur.

517 2589 671 2657 Quod
716 2592 761 2647 si
801 2592 854 2646 in
886 2594 1148 2662 pravitate
1182 2604 1523 2662 perseverat,
1566 2596 1728 2650 etiam
1764 2596 2024 2663 psallendi
2055 2598 2105 2652 ei

515 2682 743 2740 facultas
779 2687 1073 2742 auferatur.
1124 2684 1295 2755 Quem
1346 2690 1391 2743 si
1445 2689 1529 2743 vel
1575 2688 1689 2742 hare
1718 2689 1965 2743 confusio
1996 2705 2104 2743 non

514 2779 895 2847 commoverit,
924 2782 1259 2836 abstineatur
1282 2797 1312 2836 a
1345 2790 1611 2837 conventu
1640 2781 1863 2836 fratrum
1890 2798 1905 2848 ;
1948 2782 2020 2837 ita
2048 2792 2106 2837 ut

514 2884 614 2925 nec
643 2884 864 2935 mensae.
895 2887 994 2929 nec
1025 2873 1200 2929 Missae
1241 2873 1477 2940 intersit,
1508 2889 1684 2945 neque
1714 2890 1837 2928 cum
1869 2889 1934 2930 eo
1962 2875 2104 2930 ullus

513 2958 684 3017 frater
708 2962 774 3019 de
791 2963 1098 3033 junioribus
1125 2966 1484 3038 colloquatur.
1521 2966 1891 3021 Abstinebitur
1916 2978 2097 3022 autem

2219 1768 2404 1830 perget
2434 1758 2499 1813 ad
2534 1759 2808 1811 ministros
2834 1757 3232 1827 aegretantium,
3265 1755 3331 1810 ab
3360 1754 3445 1809 bis
3473 1773 3593 1826 qua:
3625 1773 3818 1813 ncces-

2214 1851 2352 1905 saria
2387 1858 2513 1905 sunt
2540 1850 2790 1919 accipiet.

2285 1942 2395 1997 XL.
2436 1944 2665 2008 Quando
2692 1943 2759 1997 ad
2781 1942 2977 1997 ostium
3008 1940 3323 1999 monasterii
3355 1942 3514 2011 a‘iqui
3542 1945 3817 2013 venerint,

2211 2037 2256 2090 si
2285 2037 2465 2092 clerici
2494 2036 2693 2091 fuerint
2729 2047 2824 2091 aut
2855 2036 3103 2090 monachi
3132 2078 3147 2102 ,
3182 2035 3370 2105 majori
3404 2036 3603 2091 honore
3635 2040 3819 2093 susci-

2212 2127 2425 2197 pietttur
2456 2146 2467 2182 :
2497 2128 2859 2199 lavabnntqne
2890 2128 3056 2197 pedes
3084 2143 3304 2195 eorum,
3344 2128 3490 2195 juxta
3525 2127 3821 2203 Evargclii

2211 2228 2556 2288 prteceptum,
2590 2229 2641 2273 et
2674 2219 2987 2289 praebebunt
3014 2220 3094 2274 eis
3123 2219 3340 2299 omnia,
3379 2234 3499 2290 qua:
3524 2230 3645 2289 apta
3676 2208 3816 2301 sunt

2212 2312 2333 2367 usui
2364 2312 2775 2367 monachorum.
3408 2304 3411 2305 ⁷

2284 2405 2418 2461 XLI.
2458 2405 2513 2461 Si
2546 2407 2666 2476 quis
2693 2406 2759 2459 ad
2792 2406 2988 2461 ostium
3017 2404 3330 2461 monasterii
3362 2406 3593 2472 venerit,
3621 2406 3817 2464 dicens

2209 2499 2349 2554 velle
2373 2514 2431 2552 se
2453 2498 2639 2553 videre
2666 2501 2886 2553 fratrem
2909 2514 3061 2552 suum
3088 2498 3168 2551 vel
3196 2497 3575 2567 propinquum,
3592 2484 3811 2568 ‘janitor

2209 2592 2478 2646 nuntiabit
2500 2592 2705 2661 abbati,
2732 2600 2789 2647 et
2808 2592 3155 2662 permittente
3183 2607 3246 2646 eo
3270 2593 3495 2663 accipiet
3526 2595 3811 2660 comitem,

2206 2684 2359 2753 cujus
2399 2685 2533 2739 fides
2577 2685 2797 2755 probata
2843 2692 2963 2750 est;
3011 2694 3067 2751 et
3101 2684 3181 2739 sic
3208 2685 3452 2740 mittetur
3485 2683 3553 2739 ad
3579 2685 3812 2745 fratrem

2206 2776 2497 2832 videndum
2528 2780 2610 2832 vel
2643 2779 2969 2847 proximum.

2278 2870 2435 2925 XLII.
2483 2871 2539 2929 Si
2573 2873 2900 2942 prOpinquus
2925 2870 3150 2940 alicujus
3192 2879 3435 2927 mortuus
3460 2870 3636 2939 fuerit,
3674 2886 3810 2940 pro-

2204 2964 2467 3033 sequendi
2521 2963 2677 3020 funus
2725 2980 2831 3019 non
2865 2963 3085 3019 habebit
3134 2964 3446 3029 licentiam,
3499 2963 3599 3017 nisi
3641 2973 3806 3033 pater

517 3056 757 3125 tamdiu,
810 3058 1063 3127 quamdiu
1118 3059 1200 3115 vel
1255 3059 1482 3130 qualitas
1524 3060 1697 3130 culpa:
1764 3060 2095 3130 poposcerit,
2128 3041 2173 3105 Ε
2207 3058 2519 3112 monasterii
2548 3056 2882 3128 pratceperit.

514 3153 807 3206 secundum
850 3152 1059 3208 abbatis
1086 3168 1150 3208 ac
1178 3153 1451 3209 seniorum
1481 3152 1795 3221 arbitrium;
1839 3154 1919 3208 vel
1945 3168 2004 3209 se
2031 3169 2099 3210 ex

510 3244 675 3300 corde
714 3259 813 3314 pro
851 3246 1004 3316 culpa
1046 3246 1314 3315 paenitens
1364 3246 1733 3301 humiliaverit
1757 3288 1770 3311 ,
1805 3254 1861 3302 et
1886 3246 2098 3301 veniam

511 3336 721 3391 erroris
751 3337 831 3391 sui
857 3338 1110 3392 omnibus
1140 3339 1502 3406 praesentibus
1528 3338 1758 3407 petierit.
1788 3338 1942 3406 Quod
1969 3338 2013 3393 si
2044 3338 2099 3394 itt

512 3429 732 3486 fratrem
787 3434 1058 3499 peccavit,
1093 3432 1253 3487 etiam
1292 3432 1361 3488 ab
1391 3449 1456 3489 eo
1494 3433 1658 3490 fratre
1684 3434 1897 3489 veniam
1925 3440 2095 3505 petat,

510 3522 596 3575 eui
627 3521 877 3589 injuriam
907 3521 1054 3577 fecit.

583 3610 824 3667 XXXIII.
869 3614 926 3668 Si
953 3614 1076 3683 quis
1098 3615 1270 3669 errori
1298 3614 1415 3685 ejus
1441 3617 1799 3685 consenserit,
1827 3625 1883 3673 et
1909 3633 2099 3674 secun-

510 3701 641 3755 dum
667 3700 916 3757 duritiam
962 3702 1102 3760 illius
1145 3706 1316 3778 magis
1343 3706 1621 3761 consilium
1667 3707 1911 3778 dederit,
1948 3719 2009 3764 ut
2037 3723 2098 3765 se

512 3793 716 3849 tardius
749 3794 1013 3857 hutniliet.
1046 3797 1182 3852 sciat
1225 3813 1316 3865 se,
1348 3814 1473 3854 cum
1504 3800 1559 3853 in
1592 3800 1693 3855 hoc
1720 3816 1905 3855 errore
1935 3800 2099 3856 fuerit

509 3888 902 3959 deprehensus,
928 3890 1091 3945 simili
1121 3892 1280 3948 modo
1307 3893 1624 3964 culpabilem
1647 3894 2021 3964 iudicandum.

579 3979 821 4037 XXXIV.
862 3983 977 4038 Hoc
1006 3985 1166 4039 etiam
1200 3983 1503 4040 addendum
1535 3986 1673 4052 fuit,
1705 3993 1763 4039 ιιι
1792 3984 1975 4051 frater,
2003 3986 2094 4056 qui

509 4086 607 4143 pro
640 4072 882 4143 qualibet
925 4075 1083 4145 culpa
1113 4078 1355 4145 arguitur
1379 4077 1465 4131 vel
1505 4075 1813 4146 increpatur
1840 4120 1853 4144 ,
1888 4079 2096 4146 patien-

505 4162 637 4218 tiam
672 4164 886 4228 habeat,
912 4173 1094 4219 etnon
1118 4167 1439 4237 respondeat
1464 4168 1709 4239 arguenti
1736 4184 1794 4224 se
1824 4188 1835 4222 :
1868 4168 1964 4225 sed
1996 4170 2095 4224 bu-

509 4256 680 4310 miliet
712 4271 769 4312 se
801 4256 851 4311 in
884 4257 1152 4323 omnibus,
1202 4268 1258 4315 et
1284 4259 1554 4315 emendet.

582 4345 800 4405 XXXV.
842 4349 900 4406 Si
945 4366 1079 4408 vero
1125 4352 1286 4409 fuerit
1327 4353 1522 4425 aliquis
1558 4362 1664 4409 tam
1693 4356 1859 4411 durus
1895 4364 1949 4412 et
1986 4366 2091 4411 tam

2275 3150 2455 3205 XLIII.
2502 3151 2697 3207 Nullus
2722 3150 2790 3206 de
2826 3151 2984 3205 horto
3015 3148 3165 3204 tollat
3189 3148 3356 3216 olera,
3390 3148 3489 3205 nisi
3519 3148 3584 3205 ab
3615 3149 3808 3207 hortu.

2202 3247 2327 3303 lano
2356 3249 2648 3318 acceperit.

2273 3339 2459 3396 XLIV.
2501 3339 2671 3397 Nemo
2721 3338 2876 3395 alteri
2904 3339 3162 3412 loquatur
3209 3338 3261 3394 in
3309 3336 3582 3402 tenebris;
3620 3337 3811 3397 nullus

2203 3432 2256 3488 in
2308 3434 2525 3504 psiatho
2567 3449 2691 3489 cum
2741 3434 2915 3490 altero
2980 3433 3246 3498 dormiat;
3308 3446 3524 3487 manum
3575 3431 3811 3489 alterius

2204 3542 2362 3583 nemo
2386 3535 2601 3596 teneat;
2633 3526 2729 3583 sed
2753 3527 2865 3583 sive
2884 3528 3117 3597 steterit,
3144 3528 3258 3582 sive
3281 3524 3646 3590 ambulaverit,
3677 3526 3809 3583 sive

2202 3623 2425 3691 sederit,
2458 3638 2568 3679 uno
2596 3622 2779 3678 cubito
2804 3622 2964 3677 distet
2992 3621 3060 3677 ab
3085 3623 3279 3677 altero.

2272 3716 2429 3772 XLV.
2478 3716 2533 3772 Si
2562 3716 2682 3787 quis
2710 3716 2897 3771 tulerit
2926 3730 3039 3771 rem
3076 3730 3183 3769 non
3221 3728 3406 3783 suam,
3442 3720 3667 3779 ponetur
3696 3726 3807 3765 su-

2200 3823 2301 3879 per
2335 3808 2592 3865 bumeros
2621 3809 2775 3879 ejus;
2804 3797 2860 3864 et
2888 3808 2967 3863 sic
3004 3816 3126 3879 agat
3167 3803 3532 3877 paenitentiam
3574 3802 3800 3871 publice

2198 3900 2252 3955 in
2280 3900 2530 3955 collecta.

2269 3990 2456 4046 XLVI.
2504 3989 2563 4046 Si
2594 3990 2917 4061 praepositus
2961 3990 3158 4061 injuste
3182 3986 3535 4061 judicaverit,
3579 3983 3811 4056 injusti‘

2197 4081 2286 4138 tite
2315 4082 2382 4137 ab
2410 4082 2529 4138 aliis
2551 4083 3026 4139 condemnabitur.

2268 4173 2479 4231 XLVII.
2524 4175 2627 4243 Qui
2671 4178 2941 4231 consentit
2972 4174 3240 4246 peccatis,
3273 4184 3327 4230 et
3356 4168 3593 4229 defendit
3617 4168 3805 4229 alium

2194 4267 2620 4339 delinquentem,
2641 4268 2959 4324 maledictus
2981 4270 3083 4323 erit
3100 4265 3235 4337 apud
3258 4266 3423 4323 Deum
3441 4274 3494 4320 et
3512 4260 3799 4331 homines,

2195 4362 2517 4431 corripietur
2544 4361 2912 4430 increpatione
2940 4359 3303 4415 severissima.

1776 4574 1947 4619 ANNO
1988 4576 2222 4622 DOMIN!
2256 4578 2500 4622 CDXXX.

1479 4717 2836 4907 FASTIDIUSL

1315 4978 2194 5067 BRITANNORUM
2267 4979 2945 5069 EPISCOPUS.

1847 5134 2354 5167 υ-ᾤ-

1522 5226 2765 5371 PROLEGOMENA.

893 5443 1335 5508 ϐΑιιΑΝωι
1376 5444 1707 5508 ΝΟΤΙΤΙΑ
1751 5447 2713 5512 HISTORICO-IJTTERARIA
2758 5449 2838 5511 IN
2884 5445 3349 5510 FASTIDIUM.

1619 5566 1874 5625 (Biblioth.
1901 5569 2039 5620 Vett.
2065 5570 2181 5621 Patr
2223 5570 2461 5621 Gallandii
2488 5578 2523 5623 ι.
2544 5571 2653 5629 ΙΧ.)

562 5690 620 5754 ί.
647 5694 767 5765 Quo
792 5703 1034 5769 tempore
1056 5698 1303 5761 clarure
1321 5695 1558 5772 Cyrinus
1580 5696 1982 5771 Alexandrinus
2006 5714 2072 5761 ac

2175 5698 2491 5769 Theodotus
2544 5702 2899 5776 Ancyranus,
2947 5698 3195 5777 ﬂoruisse
3220 5699 3772 5793 “aquai-Tagum»
