4000 6186
282 245 379 313 381

1639 247 2010 308 PROLEGOM
2020 246 2175 303 ENA.

3457 179 3568 290 ξε.

285 371 657 427 Britannorum
699 366 999 440 episcopum
1042 383 1107 426 ex
1154 367 1439 426 Gennadio
1485 368 1866 440 intelligimus,
1899 372 1947 429 Α
1978 361 2323 427 Michaelino,
2382 359 2660 415 Victorino
2706 372 2769 415 ac
2809 356 3020 415 duobus
3059 351 3413 425 Sorbonieis,
3459 367 3564 412 nec

285 464 373 532 qui
406 464 640 517 medium
674 464 814 517 inter
844 477 937 517 eos
969 463 1110 518 hunc
1137 463 1461 531 scriptorem
1493 474 1733 520 recenset
1768 463 1866 533 (a).

287 555 531 626 EpiscOpi
547 554 759 609 titulum
779 553 1018 609 Fastidio
1036 554 1441 610 detrahuntviri
1454 555 1749 615 doctissimi
1764 554 1866 633 (ὁ),

287 663 420 721 quos
442 649 563 703 item
586 647 783 718 Pagius
804 657 889 703 est
910 655 1130 705 secutus
1153 648 1246 722 (c);
1269 648 1500 718 permuli
1536 648 1746 705 scilicet
1771 663 1872 715 au—

286 742 525 795 ctoritate
553 741 752 796 vetusti
776 741 1037 797 Gennadii
1070 744 1393 812 exemplaris
1423 741 1787 811 Corbeiensis,
1811 741 1866 809 in

281 849 383 895 uno
412 834 611 902 legitur
636 842 863 903 tantum,
910 832 1180 889 Fastidius
1210 833 1403 903 Britto,
1440 851 1610 905 neque
1636 850 1663 889 a
1694 835 1865 903 prima

279 928 746 994 ntanuascriptum
774 926 940 983 habet
960 928 1208 983 eumdem
1245 929 1475 997 titulum,
1500 928 1593 983 sed
1625 927 1865 983 additum

277 1030 391 1085 post
414 1033 600 1074 vocem
628 1017 796 1073 Britto
819 1018 1030 1073 calamo
1052 1022 1381 1075 recentiore.
1411 1022 1479 1076 At
1510 1035 1617 1075 uno
1635 1031 1865 1091 excepto

275 1108 611 1175 Corbeiensi,
640 1110 832 1181 reliqui
858 1110 1095 1179 codices,
1116 1128 1251 1179 quos
1274 1114 1413 1168 inter
1434 1128 1499 1168 eo
1527 1114 1697 1168 multo
1728 1130 1863 1182 pra:-

281 1205 507 1260 stantior
537 1206 894 1271 Veronensis,
924 1215 982 1260 ut
1007 1206 1129 1260 fuse
1150 1208 1381 1275 probant
1410 1210 1605 1262 eruditi
1633 1208 1733 1261 viri
1756 1209 1863 1279 (d),

274 1297 467 1367 aliique
482 1301 593 1353 duo
614 1300 911 1369 pervetusti
940 1300 1278 1356 bibliothecm
1298 1302 1681 1363 Lamhetltaua:
1708 1304 1862 1359 War-

273 1391 433 1445 thono
462 1393 667 1449 laudati
699 1392 795 1463 (ε),
829 1394 1102 1465 vulgatam
1136 1395 1401 1452 Gennadii
1434 1398 1721 1453 lectionem
1753 1415 1861 1467 pra:

266 1499 323 1541 se
348 1485 535 1543 ferunt
565 1505 577 1539 :
614 1503 787 1559 neque
813 1488 971 1543 aliter
997 1488 1048 1544 in
1077 1505 1178 1544 suo
1202 1493 1390 1546 codice
1416 1492 1611 1562 legisse
1638 1507 1860 1559 οωιψθ-

264 1579 401 1633 ritur
435 1581 713 1636 Honorius
742 1582 1243 1652 Augustodunensis
1276 1583 1345 1658 (Ι)
1376 1587 1709 1655 Gennadiqu
1765 1603 1861 1651 ex-

262 1671 519 1727 scrilvens
554 1690 567 1726 :
600 1684 649 1728 ut
684 1684 969 1745 pr0pterea
1000 1685 1197 1744 praeter
1222 1677 1416 1734 citatos
1455 1680 1777 1735 Ballt‘l‘illios
1807 1691 1861 1743 et

1973 473 2079 515 non
2111 473 2232 517 cum
2278 455 2546 515 llolstenii
2570 452 2808 509 editione
2832 453 3071 513 Romana
3100 451 3377 514 collatum,
3407 448 3561 509 evul-

1968 560 2165 623 garunt
2201 548 2485 605 clarissimi
2526 561 2748 617 operum
2782 544 3294 614 Augustinianorum
3319 542 3562 605 editores

1972 645 2303 701 Parisienses
2333 642 2436 717 (p).
2469 640 2644 713 Atque
2682 638 2989 708 huiusmodi
3020 638 3339 709 praclarum
3370 652 3560 695 exem-

1971 737 2087 807 plar
2120 734 2260 809 typis
2290 733 2703 803 exprimendum
2732 728 3073 791 tradidimus.
3108 728 3305 782 Verum
3348 743 3414 781 ne
3436 744 3559 785 muw

1970 832 2084 886 neri
2119 838 2303 884 nostro
2342 827 2555 898 penitus
2584 824 2775 887 deesse
2804 823 3147 888 videremur,
3203 820 3333 875 illud
3365 821 3557 887 iterum

1969 938 2089 978 cum
2114 922 2261 978 edito
2289 919 2641 975 Holsteniano
2668 916 3099 988 comparavimus
3131 930 3143 968 :
3168 928 3273 985 qua
3298 928 3364 971 ex
3392 913 3560 968 colla-

1970 1016 2118 1071 tione
2158 1013 2448 1069 nonnullas
2474 1011 2780 1069 deteximus
2812 1009 3078 1065 lectiones
3104 1008 3300 1093 quibus
3330 1006 3560 1077 fortasse

1971 1109 2178 1179 planior
2225 1105 2510 1175 scriptoris
2556 1112 2734 1161 textus
2760 1101 3043 1167 reddatur,
3086 1114 3289 1170 easque
3327 1098 3557 1168 proinde

1964 1202 2259 1254 subnotare
2292 1199 2468 1252 libuit.
3434 1264 3439 1269 1

2036 1290 2089 1346 5.
2119 1291 2189 1344 At
2221 1306 2349 1345 vero
2397 1287 2537 1351 haud
2585 1294 2668 1341 cst
2697 1285 2855 1357 plane
2899 1281 3335 1353 praetereundum
3364 1323 3379 1347 ,
3412 1279 3555 1350 quod

1960 1384 2072 1454 jam
2134 1384 2338 1453 pridem
2392 1395 2649 1437 monuere
2687 1380 2791 1433 viri
2851 1376 3153 1432 doctissimi
3196 1392 3209 1427 :
3256 1373 3555 1428 Fastidium

1964 1477 2171 1534 scilicet
2204 1475 2410 1545 Pelagii
2438 1472 2782 1529 conterranei
2821 1471 2904 1525 sui
2953 1468 3147 1523 htcresi
3196 1468 3363 1523 fuisse
3403 1467 3558 1523 addi-

1964 1583 2141 1635 ctum;
2177 1571 2419 1638 adeoque
2444 1567 2573 1622 nihil
2607 1566 2805 1629 mirum
2828 1563 2894 1619 de
2922 1578 2990 1627 et)
3019 1561 3305 1616 tradidisse
3334 1560 3554 1615 Genna-

1966 1662 2134 1727 dium,
2182 1664 2345 1717 fuisse
2366 1662 2541 1729 ipsum
2567 1658 2834 1721 imbutum
2864 1672 2992 1717 sana
3014 1665 3060 1708 et
3084 1655 3242 1727 digna
3272 1651 3509 1707 doctrina
3532 1667 3552 1705 :

264 1760 637 1818 War-thonum
660 1806 674 1830 ,
706 1744 956 1821 Usserins
985 1783 1200 1839 quoque
1239 1771 1315 1843 (ς)
1370 1788 1433 1827 ac
1477 1773 1721 1828 N..risi..s
1755 1773 1858 1846 (Ιι)⁹
1895 1769 1936 1825 Β
1972 1757 2341 1827 presbyterum
2377 1755 2519 1846 enim
2545 1751 2692 1805 illum
2721 1747 3342 1846 Massilienseml‘divittaa
3362 1744 3555 1815 gratia:

263 1856 477 1925 quibus
506 1858 762 1915 accedere
792 1860 1002 1914 videtur
1027 1870 1081 1915 et
1110 1862 1487 1919 Tillcmontius
1517 1866 1601 1937 (ἰ),
1637 1866 1855 1921 Fa~tidii

259 1948 648 2019 episcopatum
692 1962 1018 2022 agnoscant,
1076 1954 1202 2010 licet
1240 1956 1357 2025 ejus
1409 1959 1567 2013 sedes
1598 1960 1861 2017 habeatur

259 2037 499 2095 incerta.

326 2132 381 2190 2.
413 2135 676 2191 Testatur
704 2139 1018 2194 Gennadius
1046 2140 1114 2213 (j)
1146 2143 1432 2214 scripsisse
1462 2144 1758 2200 FaStidinm
1791 2149 1860 2202 ad

255 2223 504 2282 Fatalem
529 2229 592 2284 de
616 2228 729 2284 Vita
743 2231 1037 2287 Christiana
1053 2236 1260 2302 librum,
1276 2236 1497 2291 etalium
1517 2238 1579 2291 de
1603 2239 1859 2297 Viduitate

252 2323 546 2389 servanda,
575 2341 701 2378 sana
726 2336 771 2380 et
798 2327 955 2399 digna
985 2327 1224 2383 doctrina
1253 2348 1272 2386 :
1307 2342 1358 2385 ut
1392 2331 1495 2387 fert
1524 2333 1691 2388 codex
1726 2336 1858 2391 Cor-

255 2412 522 2470 beiensis.
568 2417 624 2472 In
665 2419 828 2474 editis
860 2419 1228 2479 Gettnadianis
1275 2422 1470 2496 legitur
1507 2426 1574 2480 ad
1617 2424 1857 2482 Fatalem

252 2512 575 2577 quemdam,
622 2528 815 2569 errore
844 2514 983 2570 forte
1030 2517 1146 2573 sive
1196 2517 1364 2592 ipsius
1395 2520 1690 2589 chnadii,
1742 2523 1857 2580 sive

253 2608 435 2678 potius
457 2611 669 2668 librarii
702 2631 717 2668 :
750 2630 870 2668 nam
895 2613 1033 2669 liber
1051 2612 1119 2671 de
1140 2630 1248 2685 quo
1270 2632 1391 2670 mox
1416 2617 1613 2673 dicturi
1641 2634 1851 2690 smnus,

250 2702 317 2756 ad
342 2702 569 2759 viduam
598 2707 886 2778 quamdam
918 2708 1116 2764 missus
1142 2725 1265 2766 eSse
1294 2710 1607 2781 Perhibetur
1628 2753 1642 2780 ,
1692 2728 1852 2786 quam

248 2792 656 2851 dilectissimum
685 2815 911 2853 sororem
939 2809 1130 2856 auctor
1160 2803 1395 2874 appellat
1426 2803 1524 2878 (lt).
1562 2804 1698 2861 Hinc
1728 2822 1855 2863 vero

247 2885 344 2942 abs
377 2902 441 2943 re
464 2904 652 2944 ansam
691 2891 990 2963 arripuisse
1022 2893 1240 2965 Pagium
1269 2895 1333 2967 (Ι)
1372 2895 1617 2952 Fastidio
1644 2897 1846 2968 abjudi-

245 2977 408 3033 eandi
440 2978 646 3035 librum
683 2982 751 3037 de
775 2998 881 3054 quo
913 2982 1263 3051 Gennadius,
1311 2995 1458 3042 recte
1484 2999 1719 3056 arguunt
1748 2989 1852 3043 viri

240 3072 456 3128 eruditi
491 3088 626 3145 quos
656 3076 817 3131 modo
848 3076 1185 3131 laudavimus
1227 3078 1347 3149 (ιη).
1393 3079 1619 3133 Errasse
1641 3095 1855 3151 quoque

1964 1847 2198 1903 inimicis
2222 1845 2418 1899 favisse
2446 1844 2840 1909 incompertum
2866 1840 3093 1893 nemini.
3116 1838 3230 1904 Qua
3260 1838 3329 1892 de
3355 1851 3412 1891 re
3433 1851 3550 1891 am-

1963 1939 2271 2009 plissimum
2315 1936 2558 1990 historia:
2584 1932 2890 2002 Pelagiana:
2911 1930 3244 1985 conditorem
3272 1928 3348 1997 (ᾳ)
3381 1936 3434 1982 et
3462 1926 3555 1996 qui

1962 2034 2081 2103 ejus
2110 2048 2272 2101 opera
2304 2029 2535 2099 junctim
2575 2026 2783 2083 edenda
2814 2032 3071 2079 curarunt
3094 2024 3164 2095 (r)
3199 2037 3302 2077 nec
3332 2036 3442 2076 non
3470 2020 3555 2075 hi-

1962 2129 2144 2181 smriaa
2194 2124 2470 2179 litterarice
2518 2120 2739 2176 Gallica:
2768 2125 3022 2171 auctores
3078 2115 3147 2185 (ε)
3196 2128 3311 2184 pra:
3339 2113 3554 2167 earteris

1960 2217 2212 2274 causulas
2251 2215 2439 2270 velim.
2467 2213 2574 2271 Sed
2601 2221 2659 2267 ut
2688 2213 2742 2266 in
2765 2212 2908 2265 viam
2937 2206 3253 2271 redeamus,
3284 2200 3553 2258 Fastidlus

1960 2312 2027 2365 de
2061 2310 2269 2366 Adamo
2312 2310 2429 2362 lucc
2460 2306 2621 2360 habet
2654 2302 2719 2376 (ε)
2760 2321 2772 2356 :
2807 2300 2876 2356 In
2912 2316 3012 2372 quo
3040 2298 3173 2353 nihil
3199 2296 3360 2364 fuisse
3385 2294 3558 2348 incre-

1961 2404 2195 2458 dulitatis
2246 2402 2448 2456 invenio
2494 2408 2682 2471 prwter
2723 2396 2891 2452 solam
2936 2391 3371 2453 inobedientiam,
3402 2387 3553 2459 cujus

1959 2513 2118 2552 causa
2166 2495 2256 2550 ille
2299 2496 2569 2549 damnatus
2619 2500 2693 2547 est
2721 2533 2738 2559 ,
2789 2500 2839 2544 et
2889 2504 3063 2543 omnes
3110 2504 3204 2542 suo
3234 2486 3553 2540 damnantur

1959 2606 2229 2648 EXEIPLO.
2278 2591 2402 2646 Haec
2428 2605 2557 2644 vero
2585 2587 2698 2656 ipsa
2735 2597 2817 2641 est
2858 2584 3057 2655 Pelagii
3088 2583 3313 2638 haeresis
3350 2581 3423 2637 ita
3453 2577 3553 2634 do-

1956 2687 2153 2749 eentis,
2187 2693 2245 2737 ut
2271 2683 2347 2737 ait
2369 2690 2587 2737 sanctus
2615 2678 2851 2747 Prosper
2882 2677 2960 2746 (u)
2996 2693 3009 2729 :

2144 2797 2435 2859 Progenitos
2453 2796 2604 2856 igitur
2629 2792 2820 2859 nullum
2838 2791 3050 2839 traxisse
3073 2797 3268 2859 reatum

2140 2860 2219 2908 De
2241 2847 2599 2919 patrihushec
2620 2852 2884 2921 dissimiles
2907 2865 3036 2901 nunc
3060 2853 3249 2921 irascier
3271 2847 3360 2899 illo

2146 2913 2271 2983 Qrtu
2296 2913 2590 2983 primoﬁum,
2618 2916 2701 2979 qui
2725 2915 2955 2983 libertate
2980 2913 3107 2981 male
3130 2913 3203 2960 usi
3231 2970 3260 2983 υ

2142 2970 2439 3043 Pecca'runt,
2460 2970 2617 3044 {arma
2638 2970 2802 3035 nocui,
2830 2988 2922 3024 non
2940 2971 3118 3024 semine
3143 2970 3281 3035 proli.

1960 3086 2026 3141 Et
2052 3085 2251 3141 clarius
2276 3084 2454 3139 adhuc
2482 3091 2671 3137 auctor
2700 3081 2937 3135 incertus
2977 3076 3223 3146 epistolas
3257 3074 3322 3130 ad
3356 3075 3548 3135 Deme-

236 3162 604 3220 Gennadium
645 3166 831 3220 statuit
862 3166 1120 3221 Possinus
1153 3169 1236 3239 (n)
1281 3184 1402 3223 cum
1455 3168 1614 3237 aliis,
1648 3170 1737 3238 qui
1785 3186 1852 3225 ex
1878 3154 1922 3216 C
1959 3175 2183 3233 “isdem
2214 3176 2284 3249 (υ)
2322 3191 2337 3229 :
2370 3173 2534 3239 Hinc,
2574 3170 2767 3242 inquit,
2817 3169 2945 3224 Ade:
2975 3177 3266 3237 peccatum,
3302 3178 3550 3222 EXBﬂPLO

234 3271 361 3311 uno
394 3254 546 3311 libro
575 3257 711 3312 duos
741 3258 869 3313 fecit
904 3276 917 3312 :
942 3260 1083 3331 quod
1110 3262 1253 3316 enim
1282 3260 1388 3317 sub
1419 3260 1667 3332 opusculi
1691 3261 1849 3321 linem

234 3348 480 3406 disserit
521 3359 711 3406 auctor
738 3352 802 3405 de
846 3352 1035 3424 triplici
1078 3351 1341 3409 Viduitate
1370 3353 1471 3427 (ο),
1507 3356 1647 3411 haud
1675 3372 1851 3415 novus

238 3448 542 3511 tractatus,
566 3444 661 3500 sed
704 3446 825 3501 libri
868 3446 933 3501 de
982 3446 1101 3503 Vita
1140 3447 1439 3505 Christiana
1468 3451 1709 3507 clausula
1744 3461 1846 3509 est.

241 3538 349 3595 llic
378 3552 549 3608 porro
579 3538 794 3596 libellus
820 3541 909 3614 qui
933 3542 1046 3617 jam
1078 3543 1280 3599 dudum
1304 3545 1445 3600 inter
1472 3560 1634 3616 opera
1662 3559 1849 3603 sancto

248 3629 557 3703 Augustino
601 3635 878 3705 supposita
927 3636 1127 3708 sacpius
1164 3637 1468 3707 prodierat,
1496 3642 1704 3710 parenti
1750 3655 1848 3698 suo

250 3729 477 3783 tandem
504 3726 666 3784 Lucae
691 3730 956 3787 lloldenii
986 3732 1166 3787 studio
1194 3742 1279 3787 est
1306 3734 1614 3791 restitutus.
1643 3734 1848 3794 Nactus

254 3820 397 3873 enim
434 3819 519 3875 vir
541 3821 629 3877 ille
657 3822 846 3889 doctus
870 3832 1142 3887 vetustum
1174 3826 1452 3896 exemplar
1482 3828 1535 3882 in
1567 3838 1843 3885 monaste-

255 3910 337 3966 rio
365 3912 680 3981 Cassinensi
729 3914 957 3979 Fastidii
986 3919 1211 3995 episcopi
1243 3920 1461 3976 nomine
1494 3920 1845 3993 insignitum,

257 4018 390 4077 Opus
405 4006 698 4080 descripsit
723 4024 786 4066 ac
802 4011 1027 4067 editioni
1050 4021 1297 4084 paratum
1326 4014 1546 4085 reliquit
1568 4034 1581 4070 :
1607 4016 1849 4088 illudque

257 4099 513 4179 deinceps
536 4118 659 4173 cum
686 4104 895 4173 duobus
921 4107 1043 4171 aliis
1068 4108 1348 4178 opusculis
1383 4125 1452 4166 ex
1487 4125 1675 4171 musco
1714 4111 1845 4173 Hol-

259 4197 507 4256 steniano
546 4198 733 4259 Romae
762 4200 818 4258 in
841 4202 1017 4267 lucem
1046 4204 1230 4267 emisit
1270 4220 1415 4267 anno
1460 4206 1602 4264 1665
1655 4208 1848 4269 Petrus

260 4285 539 4348 Pessinus.
573 4292 729 4361 Quod
782 4296 1001 4367 quidem
1052 4313 1191 4370 opus
1232 4298 1415 4355 denuo
1457 4301 1753 4370 expolitum
1793 4309 1851 4363 et

262 4396 379 4442 cum
431 4386 713 4444 veteribus
761 4389 1040 4446 codicibus
1098 4391 1444 4459 Corbeiensi,
1497 4391 1845 4464 Remigiano,

434 4550 666 4608 Gennad
722 4551 791 4607 de
820 4552 935 4607 Vir.
972 4550 1173 4607 lllustr.
1204 4566 1324 4621 cap.
1354 4551 1444 4621 56.

353 4616 402 4696 ὁ)
420 4624 532 4696 ΒΒ.
553 4622 605 4696 in
619 4623 864 4696 Append.
882 4623 946 4696 ad
965 4632 1095 4696 tom.
1112 4624 1179 4679 VI
1194 4616 1320 4694 opp.
1341 4616 1403 4681 S.
1419 4624 1557 4695 Aug.
1578 4636 1698 4696 pag.
1715 4625 1841 4683 185.

355 4692 401 4762 c)
432 4695 594 4763 Pagi.
627 4693 692 4748 ad
723 4709 850 4748 ann.
882 4692 1008 4763 420,
1045 4693 1073 4763 §
1101 4692 1250 4749 xml

333 4765 409 4841 (_d)
439 4764 905 4841 Balteg‘Qbserv.
933 4766 999 4821 ad
1039 4764 1176 4841 Opp.
1210 4764 1391 4822 Noris.
1426 4774 1560 4824 tom.
1600 4766 1692 4835 IV,
1724 4781 1848 4841 pag.

272 4830 367 4892 εει
386 4830 440 4891 et
468 4835 734 4892 925-928.
1087 4830 1103 4839 ’
1127 4830 1135 4847 "

337 4908 405 4980 (ἢ)
421 4906 643 4964 Warth.
669 4908 808 4980 Hist.
825 4906 895 4980 de
914 4909 1079 4980 episc.
1105 4916 1162 4980 et
1178 4908 1373 4964 decan.
1396 4909 1626 4965 Londin.
1652 4925 1772 4980 pag.
1791 4909 1850 4966 6.

233 4974 243 5037 ἒ
336 4976 403 5051 (Ῑ)
431 4980 639 5051 ﬂonor.
662 4978 808 5051 Aug.
836 4979 928 5035 lib.
950 4974 1003 5051 ill
1032 4979 1098 5034 de
1124 4978 1326 5051 Script.
1364 4980 1515 5037 Eccl.
1541 4974 1666 5051 cap:
1685 4974 1775 5039 53.

240 5070 241 5073 η
338 5046 412 5121 (9)
436 5049 626 5106 Usser.
660 5046 904 5109 Briiann.
952 5046 1162 5106 Eccles.
1192 5046 1413 5127 Antiqq.
1447 5068 1567 5126 cap.
1600 5046 1685 5127 it,
1726 5068 1848 5127 pag.

281 5114 365 5174 171
396 5122 531 5176 edit.
562 5135 675 5177 sec.
708 5121 936 5176 Londin.
974 5121 1130 5179 1687.
1798 5130 1801 5133 '

341 5161 1132 5321 ξιιῑῑιξξνὶῗἰιᾶἶῗῐὶἑὶὶιέῗῑῖὁζ
1159 5209 1199 5261 ι,
1226 5209 1349 5267 cap.
1375 5195 1466 5264 te.
1489 5209 1617 5268 opp.
1644 5204 1778 5254 tom.
1808 5197 1852 5266 ι,

423 5269 650 5393 1l‘9i‘l’lem.
694 5343 827 5391 tom.
860 5335 978 5404 XV,
1010 5353 1131 5422 pag.
1166 5337 1232 5401 16
1254 5346 1311 5396 et
1340 5338 1408 5405 18
1434 5340 1577 5410 init.,
1616 5355 1682 5409 ac
1726 5356 1848 5419 pag.

382 5447 395 5457 .
424 5415 543 5457 not.
575 5409 640 5457 ι-
666 5423 754 5457 sur
783 5406 845 5457 S.
876 5402 1142 5457 Germani-

382 5402 395 5472 ,
424 5415 543 5463 not.
575 5409 640 5471 ι,
666 5423 754 5461 sur
783 5406 845 5463 S.
876 5402 1143 5465 Germain.

329 4548 349 4761 Ξ

383 4548 404 4762 l

374 5618 440 5754 9.)
456 5622 665 5752 ‘iililzlz

374 5690 440 5762 ut)
470 5690 664 5752 Ba'llerl
693 5690 732 5754 1.
764 5711 813 5752 c.

374 5477 407 5547 ἱ)
434 5477 681 5536 Genuad.
712 5479 751 5533 l.
782 5493 831 5536 c.

374 5477 407 5547 ')
434 5477 681 5536 Genuad.
712 5479 751 5533 l.
782 5493 831 5536 c.

369 5546 421 5691 ﬂ
450 5550 654 5681 animi.
686 5552 895 5622 prastat.
922 5553 990 5610 de
1022 5553 1131 5611 Vit.
1153 5553 1355 5613 Christ.
1388 5554 1547 5615 intra.

374 5690 440 5762 τη)
470 5637 665 5752 8εῆἰὲνῖ
764 5711 813 5752 c.

380 5764 432 5818 tt)
457 5763 667 5818 Ponin.
696 5770 750 5818 in
777 5768 964 5818 Monit.
996 5769 1062 5818 ad
1092 5768 1296 5818 Fastid.
1328 5769 1458 5818 edit.
1490 5769 1547 5818 Rt

380 5764 432 5821 ni
457 5763 667 5827 Pouin.
696 5770 750 5826 in
776 5768 964 5827 Monit.
996 5769 1062 5827 ad
1090 5768 1296 5827 Fastid.
1328 5769 1458 5827 edit.
1490 5769 1649 5827 Rom.

1868 4555 1924 4616 D

1956 3271 2177 3346 posteris
2232 3268 2556 3331 atterebatur
2602 3266 2868 3335 nocuisse,
2911 3278 3015 3320 non
3058 3276 3342 3318 TBANSITU.
3376 3260 3548 3325 Quem

1957 3364 2176 3437 quidem
2200 3365 2548 3436 Pelagianum
2571 3376 2811 3417 errorem
2839 3359 3037 3430 passim
3068 3356 3304 3427 exagitat
3327 3361 3548 3417 sanctus

1954 3461 2291 3530 Augustinus
2319 3458 2424 3532 (ω).
2478 3458 2752 3514 Przcterea
2796 3471 2908 3512 suae
2958 3455 3131 3515 viduae
3168 3454 3265 3508 ista
3308 3449 3549 3523 suggerit

1956 3562 2142 3610 noster
2167 3562 2358 3610 auctor
2385 3550 2462 3625 (y)
2494 3570 2506 3605 :
2536 3550 2637 3606 Ille
2656 3558 2831 3605 autem
2852 3549 2919 3604 ad
2944 3547 3112 3604 Deum
3136 3546 3316 3599 merito
3343 3540 3548 3607 extollit

1952 3663 2171 3712 manus,
2214 3647 2300 3700 ille
2343 3662 2517 3716 preces
2543 3646 2677 3699 bona
2711 3643 3023 3697 conscientia
3050 3640 3227 3713 fundit
3250 3639 3340 3711 qui
3381 3641 3548 3709 potest

1955 3737 2144 3805 dicere,
2166 3736 2249 3792 Tu
2270 3738 2425 3804 nosti,
2447 3736 2683 3801 Domine,
2704 3749 2860 3804 quant
2882 3742 3090 3795 sancta,
3115 3747 3270 3801 quam
3291 3732 3545 3787 innocen-

1954 3840 2027 3886 tes
2048 3872 2063 3897 ,
2098 3846 2253 3902 quam
2279 3844 2425 3897 pura:
2463 3829 2564 3882 sint
2590 3825 2653 3881 ab
2695 3825 2835 3879 omni
2860 3824 3045 3894 fraude
3073 3832 3119 3876 et
3140 3823 3337 3893 injuria
3365 3831 3411 3874 et
3455 3836 3545 3877 ra-

1956 3927 2108 3997 pina,
2136 3941 2265 3994 quas
2292 3923 2363 3976 ad
2394 3930 2442 3976 te
2470 3920 2711 3993 expando
2735 3933 2954 3983 manus;
2998 3932 3151 3988 quam
3167 3918 3314 3987 juxta
3334 3954 3349 3980 ,
3392 3929 3548 3983 quam

1953 4020 2292 4081 immaculata
2319 4017 2458 4072 labia
2490 4024 2538 4071 et
2575 4012 2641 4069 ab
2680 4012 2818 4069 omni
2844 4010 3111 4071 mendacio
3142 4007 3337 4073 libera,
3364 4006 3548 4078 quibus

1957 4114 2082 4182 tibi,
2125 4121 2182 4168 ut
2223 4115 2353 4174 mitti
2398 4110 2723 4176 miserearis,
2771 4123 2945 4179 preces
2978 4104 3162 4177 fundo.
3214 4103 3339 4161 [late
3383 4116 3549 4173 porro

1955 4217 2083 4267 sunt
2104 4208 2374 4279 ipsissima
2393 4205 2595 4278 Pelagii
2612 4204 2798 4271 verba,
2819 4202 3016 4275 quibus
3037 4201 3253 4255 viduam
3274 4197 3546 4265 Juliauam

1957 4302 2315 4361 Demetriadis
2341 4310 2569 4358 matrem
2599 4299 2863 4363 docebat,
2893 4294 3347 4366 quemadmodum
3373 4291 3549 4357 sancti

1958 4407 2116 4450 orare
2162 4395 2418 4451 debeant.
2460 4393 2539 4450 Ea
2578 4393 2775 4450 reeitat
2806 4398 3025 4451 sanctus
3062 4390 3395 4461 Augustinus
3443 4386 3543 4457 (ι),

2021 4554 2099 4627 (οὶ
2129 4553 2333 4627 Fastid.
2367 4554 2527 4627 |.,c.,g
2542 4568 2662 4623 cap.
2694 4552 2765 4627 ﬁ
2793 4551 2950 4627 inl‘ra.

2027 4614 2107 4696 in)
2130 4626 2182 4679 lu
2199 4625 2448 4696 Append.
2465 4614 2681 4696 adjoin.
2698 4622 2766 4696 Ἦ
2777 4636 2908 4696 opp.
2924 4622 3089 4690 Aug.,
3103 4634 3260 4696 pagg.
3278 4614 3541 4674 185—192.

2027 4623 2085 4696 (ρ
2130 4626 2182 4679 lu
2199 4625 2448 4695 Append.
2465 4623 2531 4681 ad
2552 4635 2681 4678 tom.
2698 4623 2766 4678 Vl
2783 4636 2908 4691 opp.
2924 4623 3260 4690 Aug.,pagg.
3278 4623 3541 4674 185.192.

2026 4623 2107 4769 (qi
2134 4696 2313 4769 Neris.
2348 4695 2485 4750 Hist.
2520 4694 2706 4765 Pelag.
2736 4694 2831 4749 lib.
2864 4694 2929 4760 ll,
2960 4707 3079 4762 cap.
3112 4690 3212 4758 16,
3243 4703 3368 4759 opp.
3406 4699 3541 4743 tom.

1953 4765 1994 4834 ι’
2348 4781 2637 4920 ἒῗιαδῐοτὶς.
2670 4851 2797 4903 opp.
2822 4842 2955 4891 tom.
2986 4831 3073 4899 IV,
3102 4847 3259 4904 pagg.
3288 4828 3395 4886 923
3422 4844 3540 4897 seq.

2049 4928 2072 4964 s
2140 4912 2280 4966 tttst.
2326 4908 2494 4975 httér.
2518 4908 2587 4965 de
2614 4909 2667 4964 la
2694 4906 2942 4973 France,
2982 4915 3115 4961 tom.
3147 4904 3209 4972 ll,
3254 4917 3410 4974 pagg.
3438 4900 3540 4957 635

2050 4857 2075 4892 r
2131 4840 2329 4894 Baller.
2360 4840 2427 4893 ad
2458 4840 2637 4893 Noris.
2670 4851 2797 4903 opp.
2822 4842 2955 4891 tom.
2986 4840 3073 4899 IV,
3102 4847 3259 4904 pagg.
3288 4840 3395 4886 925
3422 4844 3540 4897 seq.

2024 4840 2099 4984 is;
2140 4910 2280 4966 ttist.
2326 4908 2494 4975 litter.
2518 4908 2587 4965 de
2614 4909 2667 4964 la
2694 4906 2942 4973 France,
2982 4915 3115 4961 tom.
3147 4904 3209 4972 ll,
3254 4917 3410 4974 pagg.
3438 4900 3545 4957 635

2133 5051 2338 5133 Fastid.
2366 5052 2435 5133 de
2463 5051 2571 5107 Vit.
2600 5049 2815 5133 _Ch_rist.
2848 5064 2985 5133 cap..
3006 5050 3071 5133 1ξ)
3097 5047 3256 5133 intra.

2060 5056 2107 5125 t)
2133 5056 2338 5109 Fastid.
2366 5056 2435 5109 de
2463 5056 2571 5107 Vit.
2610 5056 2815 5107 Christ.
2849 5064 2970 5118 cap.
3006 5056 3071 5106 t3
3100 5056 3256 5103 intra.

2034 5056 2340 5208 iu)_Prosp.
2369 5121 2554 5208 Carm.
2584 5123 2654 5179 de
2679 5122 2884 5195 lngrat.
2907 5121 3007 5177 sub
3037 5121 3155 5176 init.
3186 5134 3313 5190 opp.
3339 5123 3473 5173 tom.
3496 5114 3537 5183 1,

1963 5196 2664 5341 μῖὖ)⁷ἲῖ)ἰὲἷ)νίιιϐἓέῖίθηᾶ.
2708 5265 2881 5337 Epist.
2913 5263 2983 5321 ad
3013 5263 3254 5325 Demetr.
3284 5273 3409 5330 cap.
3453 5258 3542 5327 10,

1961 5340 2556 5495 “fugissenam.
2588 5418 2645 5467 et
2672 5408 2830 5467 Grat.
2870 5420 2991 5477 cap.
3031 5404 3088 5478 9,
3135 5419 3264 5477 opp.
3306 5410 3438 5458 tom.
3472 5396 3543 5468 X,

1961 5495 2024 5553 pa
2044 5480 2237 5551 ttat,
2258 5480 2317 5567 et
2345 5482 2493 5538 alibi.
2779 5552 2792 5566 .

2028 5498 2111 5697 is
2125 5554 2413 5697 intra:
2430 5569 2496 5682 (ξε
2524 5550 2939 5697 astuti:

2056 5554 2111 5699 tl;
2142 5554 2346 5637 Fastid:
2375 5554 2413 5609 1.
2442 5569 2495 5611 c.
2525 5569 2647 5625 cap.
2680 5554 2743 5609 Η
2779 5554 2939 5608 intra.

2056 5641 2085 5679 ι
2124 5623 2273 5699 Aug.
2308 5622 2496 5699 116.ρθ
2524 5625 2676 5684 Gest.
2698 5621 2885 5698 Pelag.
2909 5637 3034 5697 cap.
3056 5619 3113 5692 ϐ,
3138 5634 3290 5681 num.
3309 5615 3397 5689 16.
3413 5631 3541 5693 OPP-

1960 5695 2095 5753 tom.
2124 5695 2195 5765 χ,
2220 5695 2343 5769 pag.
2366 5695 2495 5755 suo.
