4000 6186
385 172 493 249 583

1419 178 1715 240 FASTIDII
1754 182 2260 242 BRITANNORUM
2298 182 2609 243 EPISCOPI

384 294 563 362 aitque
590 298 650 352 tn
674 292 1048 365 Diospolitana
1074 294 1281 368 synodo
1303 294 1522 365 Pelagio
1546 296 1714 353 fuisse
1736 300 1966 368 objecta.
1997 306 2052 369 Α
2081 300 2203 355 Vita
2248 300 2545 355 Christiana
2572 300 2763 371 impias
2791 300 2994 374 Pelagii
3034 298 3333 358 sententias
3361 299 3670 371 exscriptas

385 378 585 438 Eadem
634 401 851 457 quoque
904 387 1070 442 refert
1132 394 1348 440 sanctus
1428 388 1789 460 Hieronymus
1848 392 1967 462 (a);

387 478 582 548 quibus
649 479 703 533 in
772 479 1007 535 medium
1060 477 1344 543 adductis,
1403 481 1582 534 statim
1630 483 1897 537 exclamat
1957 502 1971 539 :

386 568 671 624 Christiani
700 578 775 623 est
812 572 920 623 hac
941 612 956 636 ,
988 585 1055 622 an
1096 568 1355 625 Pharisaei
1393 573 1730 643 superbientis
1771 578 1979 631 oratio?

384 662 505 718 Alia
546 662 765 729 insuper
796 666 977 717 minus
1011 673 1158 718 recte
1191 666 1536 733 pronuntiata
1586 676 1736 722 notat
1776 670 1828 724 in
1877 670 1979 727 hoc

385 750 609 807 Fastidii
641 754 905 823 opusculo
933 754 1312 811 Tillemoutius
1345 758 1442 830 (ὁ).
1476 777 1494 810 t
1525 760 1733 828 Quare,
1768 771 1826 817 ut
1854 778 1976 819 cum

384 840 601 897 Norisio
629 842 820 914 loquar
846 844 946 915 (ε),
986 860 1108 901 cum
1135 846 1413 904 Fastidius
1448 848 1536 905 hic
1563 850 1707 907 dicto
1751 853 1889 909 libro
1918 858 1979 911 de

453 958 533 1029 (α)
562 958 782 1039 ﬂierqn.
808 961 905 1016 lib.
931 960 1228 1039 ll_l_l)ialog.
1260 973 1432 1039 contr.
1467 965 1675 1039 Pelag,
1704 985 1855 1026 num.
1885 971 1971 1038 14,

382 1044 518 1102 0pp._
543 1039 672 1102 tum.
705 1031 770 1097 ll,
805 1047 926 1102 pag.
962 1034 1085 1100 πει,
1112 1034 1242 1090 edit.
1271 1036 1471 1092 Veron.

409 1150 424 1159 .
450 1099 529 1172 (ὑ)
557 1101 773 1158 Tilletn.
807 1099 938 1159 tom.
971 1103 1090 1171 XV,
1120 1120 1242 1177 pag.
1276 1106 1365 1164 l7.

2080 395 2403 460 inseruerit,
2456 395 2743 465 Pelagiana
2784 395 2932 450 illum
2963 395 3183 466 loligine
3220 408 3505 461 aSpersum
3559 410 3671 449 non

2078 486 2269 541 dubito
2319 504 2330 539 :
2378 486 2609 556 indeque
2658 469 2890 556 suspicio
2943 488 3183 553 crescit,
3229 486 3371 554 quod
3414 485 3671 556 Pelagius

2078 579 2409 635 Britanniam
2442 582 2667 649 patriam
2693 580 2900 648 infecit,
2926 581 3143 650 lateque
3170 594 3236 634 ea
3262 580 3430 646 pestis
3454 580 3673 634 univer-

2082 691 2197 731 sam
2255 676 2485 730 insulam
2517 684 2803 745 pervagata
2834 673 2953 728 fuit.
2987 672 3137 730 Unde
3168 686 3311 727 anno
3336 671 3440 727 429
3469 687 3499 726 a
3539 687 3672 726 con-

2082 766 2210 822 cilio
2257 766 2541 823 Gallicano
2588 768 2750 837 legati
2779 776 2964 823 contra
2997 766 3313 838 Pelagianos
3355 765 3407 821 in
3457 765 3676 821 Britan-

2083 861 2227 915 niam
2255 862 2405 916 missi
2436 869 2583 916 sunt.
2627 880 2646 913 ι

2082 976 2436 1118 υθὲε)11ξίέ’ἱε.
2468 977 2606 1033 Hist.
2640 975 2823 1049 Pelag.
2853 976 2946 1033 lib.
2981 974 3026 1042 Ι,
3049 989 3164 1047 cap.
3205 974 3293 1045 i9,
3325 991 3451 1047 opp.
3478 975 3670 1041 tom.l,

1518 1313 2551 1429 FASTIDII

1630 1481 2093 1536 BRITANNORUM
2127 1485 2417 1538 EPISCOPI

938 1593 1207 1740 DE
1302 1600 1783 1750 VITA
1881 1603 3101 1753 CHRISTIANA

1781 1807 2023 1871 LIBER
2064 1811 2292 1874 UNUS.

1784 1941 2242 1953 ——_

1793 2021 2281 2129 praefatio.

458 2188 527 2246 Ut
566 2201 666 2259 ego
694 2195 944 2258 peccator
973 2196 1001 2225 ι
1029 2195 1083 2243 et
1108 2186 1355 2256 ultimus,
1399 2186 1739 2258 insipientior
1764 2190 1980 2242 caeteris
2008 2194 2058 2255 Β
2085 2189 2324 2257 impertit
2354 2206 2365 2242 :
2398 2188 2463 2243 ad
2495 2190 2647 2258 cujus
2687 2204 2795 2243 non
2833 2196 2940 2243 tam
2978 2191 3220 2245 muneris
3250 2198 3435 2258 specie
3503 2199 3682 2258 quam

385 2286 443 2334 et
472 2277 773 2349 imperitior
810 2276 1098 2342 universis,
1143 2287 1216 2344 te,
1249 2285 1308 2331 ut
1349 2276 1650 2332 sanctitatis
1680 2284 1736 2332 et
1760 2276 1981 2347 iustitia:

382 2371 531 2425 viam
556 2384 768 2440 pergas,
794 2367 1165 2425 crebrioribus
1184 2368 1412 2423 audeam
1437 2368 1636 2425 litteris
1655 2371 1970 2439 admonere,

383 2479 492 2520 non
524 2479 610 2519 me
632 2463 867 2534 propria:
889 2463 1114 2532 justitia:
1140 2461 1355 2528 ﬁducia,
1388 2478 1495 2517 non
1520 2464 1803 2533 sapientia:
1831 2466 1979 2533 peri-

390 2558 485 2626 tia,
530 2572 639 2610 non
684 2553 931 2611 scientite
970 2554 1162 2624 gloria,
1194 2555 1290 2610 sed
1321 2555 1434 2610 sola
1476 2570 1637 2624 quam
1682 2555 1979 2613 secundum

384 2650 556 2706 Deum
586 2649 767 2704 animo
791 2662 854 2703 ac
876 2656 1058 2703 mente
1087 2648 1330 2717 concepi,
1375 2647 1656 2704 charitatis
1688 2658 1791 2705 tua:
1815 2664 1980 2706 causa

379 2742 697 2814 compellit;
720 2757 841 2811 quae
863 2756 952 2796 me
980 2750 1319 2811 peccatorem
1347 2750 1402 2797 et
1431 2742 1678 2814 ignarum
1705 2744 1774 2798 ad
1794 2744 1980 2799 dicen-

384 2835 510 2889 dum
545 2835 619 2888 ita
649 2834 899 2889 hortatur
928 2842 985 2888 et
1012 2843 1292 2904 provocat,
1317 2843 1374 2889 ut
1396 2849 1517 2890 cum
1542 2834 1689 2906 loqui
1715 2837 1976 2903 nesciam,

382 2936 568 2984 tacere
598 2942 704 2983 non
733 2926 961 2998 possim.
993 2925 1197 2984 Vellem
1229 2928 1409 2999 itaque
1447 2937 1504 2984 et
1546 2929 1779 2985 libenter
1827 2939 1983 3000 opta-

382 3037 498 3078 rem
533 3031 585 3076 te
611 3036 800 3077 eorum
830 3020 1037 3077 habere
1070 3021 1318 3076 notitiam
1346 3037 1577 3091 quorum
1620 3031 1676 3077 et
1716 3024 1980 3092 sapientia

380 3115 695 3170 afﬂuentior
723 3124 829 3180 est,
860 3124 918 3171 et
945 3115 1197 3171 facundia
1237 3121 1433 3186 major,
1465 3125 1521 3172 et
1563 3115 1796 3171 scientia
1844 3116 1978 3173 ube-

381 3209 514 3274 rior,
546 3218 600 3265 et
635 3210 970 3265 conscientia
999 3209 1067 3265 ab
1094 3210 1243 3265 omni
1273 3221 1622 3280 peccatorum
1653 3212 1977 3282 contagione

382 3300 631 3366 liberior,
655 3300 745 3369 qui
777 3308 831 3355 te
856 3299 1040 3355 verbis
1072 3300 1222 3369 juste
1261 3301 1590 3357 instruerent
1616 3308 1672 3357 et
1694 3303 1973 3372 exemplis.

383 3385 495 3442 Nos
533 3388 678 3443 enim
725 3398 1084 3457 praeterquam
1133 3390 1275 3458 quod
1320 3402 1559 3447 mentem
1605 3401 1845 3448 nostram
1903 3394 1977 3448 ita

383 3480 713 3547 insipientia:
742 3490 797 3533 et
826 3480 1148 3549 ignorantiae
1178 3482 1350 3549 caligo
1377 3484 1617 3551 caecavit,
1650 3494 1710 3539 ut
1737 3487 1976 3541 divinum

2085 2282 2246 2334 animi
2280 2282 2491 2351 respice
2518 2282 2878 2347 voluntatem,
2907 2291 2961 2337 et
2989 2282 3276 2351 diligenter
3300 2280 3520 2337 adverte
3540 2284 3678 2353 quid

2083 2371 2178 2426 tibi
2197 2371 2287 2426 illa
2316 2387 2512 2441 negare
2537 2372 2895 2443 poterit,qua:
2927 2382 3095 2429 totum
3126 2374 3257 2429 dare
3288 2372 3314 2411 δ
3342 2374 3681 2446 potuitquod

2083 2463 2331 2520 habebat.
2351 2463 2648 2519 Obtulisset
2668 2464 2829 2519 etiam
2843 2465 2985 2535 quod
3010 2480 3115 2521 non
3133 2464 3365 2521 habebat
3390 2465 3435 2521 si
3469 2476 3677 2536 posset,

2083 2570 2202 2625 qua:
2231 2563 2403 2609 totum
2433 2566 2455 2594 ο
2490 2555 2662 2625 potuit
2689 2555 2831 2626 quod
2864 2554 3095 2611 habebat
3116 2554 3475 2612 oﬂ‘erre.Sitit
3496 2556 3682 2627 itaque

2084 2645 2198 2713 ille,
2229 2648 2323 2701 sed
2354 2661 2567 2714 parum,
2597 2646 2687 2716 qui
2739 2646 3081 2702 decurrentis
3125 2646 3341 2702 interim
3389 2648 3490 2703 riti
3539 2663 3683 2720 aqua

2084 2755 2192 2794 non
2221 2748 2398 2809 potest
2423 2755 2545 2795 esse
2574 2748 2887 2806 contentus,
2917 2739 3091 2796 donec
3119 2740 3185 2795 ad
3224 2741 3427 2796 fontem
3458 2724 3679 2798 uberio-

2086 2848 2200 2889 rem
2232 2835 2612 2903 purioremque
2645 2833 2946 2902 perveniat.
2976 2832 3089 2888 Nec
3115 2832 3265 2887 illum
3299 2832 3433 2888 satis
3463 2836 3682 2890 esurire

2082 2926 2268 2991 credo,
2317 2926 2409 2996 qui
2454 2940 2576 2981 cum
2613 2941 2777 2996 panes
2815 2926 3049 2982 cibarios
3080 2926 3295 2994 habeat,
3344 2925 3541 2981 nitidos
3583 2942 3683 2981 ex-

2083 3027 2294 3088 spectat
2322 3028 2375 3074 et
2420 3017 2701 3075 candidos.
2751 3017 2829 3072 lta
2877 3027 2933 3073 et
2979 3027 3057 3084 tu,
3103 3016 3454 3073 dilectissima
3496 3032 3677 3083 soror,

2083 3126 2243 3183 quam
2270 3126 2370 3182 ego
2399 3120 2582 3166 certus
2614 3124 2731 3165 sum
2758 3110 2967 3166 esurire
2994 3110 3220 3165 nimium
3263 3118 3318 3166 et
3364 3110 3516 3165 sitire
3556 3124 3682 3165 c03-

2083 3207 2264 3270 lestia,
2294 3204 2530 3258 cibarios
2559 3202 2779 3257 interim
2807 3202 3003 3256 mande
3033 3215 3221 3271 panes,
3260 3201 3434 3256 donec
3462 3200 3686 3271 siligine

2085 3297 2382 3352 candentes
2409 3294 2689 3360 invenias;
2714 3293 2892 3364 exigui
2916 3303 2971 3350 et
2990 3292 3287 3349 turbulenti
3309 3293 3464 3348 rivuli
3486 3307 3687 3363 aquam

2081 3399 2232 3461 pota,
2268 3404 2547 3459 usquequo
2593 3387 2956 3443 afﬂuentioris
2995 3386 3214 3443 haurias
3240 3387 3535 3455 puriorem.
3563 3385 3681 3441 Nec

2081 3480 2177 3537 tibi
2208 3482 2427 3536 interim
2460 3481 2615 3550 panis
2647 3488 2855 3545 noster,
2890 3480 3137 3549 quamvis
3166 3478 3399 3533 rusticus
3426 3477 3681 3535 videatur

386 3570 591 3639 aliquid
625 3580 860 3637 nequeat
884 3571 1091 3625 sentire
1121 3572 1205 3626 vel
1230 3572 1437 3641 dicere,
1465 3574 1644 3631 adhuc
1673 3578 1895 3649 insuper
1922 3590 1979 3635 et
2007 3575 2053 3641 C
2084 3588 2227 3642 esse,
2258 3571 2564 3641 displiceat.
2597 3571 2851 3626 Rusticus
2876 3572 3021 3626 enim
3054 3571 3209 3641 panis
3236 3570 3492 3627 incultior
3520 3571 3682 3628 vide-

384 3661 628 3718 omnium
659 3660 942 3730 redarguit
969 3662 1298 3717 conscientia
1328 3676 1697 3732 peccatorum,
1731 3677 1788 3723 ut
1816 3671 1979 3725 etiam

392 3755 438 3808 si
479 3754 605 3821 quid
644 3753 862 3808 luminis
894 3754 1063 3825 possit
1105 3754 1328 3825 habere,
1364 3758 1691 3825 abscondat;
1726 3770 1781 3814 et
1811 3762 1884 3816 ita
1922 3762 1984 3817 ﬁt

388 3856 447 3901 ut
472 3854 827 3915 pra'terquam
856 3845 999 3917 quod
1026 3846 1207 3904 dicere
1236 3864 1346 3903 non
1377 3851 1663 3917 habemus,
1691 3852 1793 3905 hoc
1817 3854 1980 3907 etiam

390 3939 534 4009 quod
568 3939 832 3995 habemus
858 3955 969 3994 non
1002 3940 1323 3995 ﬁducialiter
1349 3943 1617 4011 proferre,
1649 3943 1981 3998 conscientia

387 4031 735 4100 prohibente,
769 4032 1065 4100 possimus.
1096 4032 1177 4085 Tu
1219 4041 1424 4099 tamen,
1459 4034 1585 4087 dum
1628 4033 1855 4103 peritior
1886 4035 1981 4091 tibi

390 4138 654 4189 apparere
684 4124 859 4192 possit
888 4131 946 4177 et
992 4123 1209 4189 melior,
1255 4124 1479 4179 rudibus
1523 4125 1983 4183 admonitionibus

392 4215 590 4269 nostris
615 4214 834 4269 interim
859 4222 978 4268 esto
998 4222 1269 4282 contenta,
1294 4227 1347 4270 et
1373 4216 1622 4271 charitati
1650 4217 1715 4272 da
1745 4220 1982 4287 veniam,

389 4306 549 4372 cuius
598 4316 683 4359 est
731 4320 838 4358 non
895 4298 1249 4362 considerare
1293 4308 1420 4378 quid
1456 4308 1669 4373 olTerat,
1712 4325 1812 4364 nec
1840 4313 1981 4381 quod

390 4411 501 4451 non
534 4396 695 4451 habet
743 4398 958 4467 quaerit,
998 4397 1093 4452 sed
1126 4406 1295 4453 totum
1349 4400 1491 4468 quod
1540 4400 1705 4455 habet
1751 4400 1985 4456 libenter

2085 3674 2173 3720 tur
2214 3680 2360 3731 esse,
2389 3665 2483 3720 sed
2533 3663 2729 3719 fortior
2758 3674 2813 3719 et
2852 3664 3089 3719 celerius
3115 3664 3448 3720 esurientem
3475 3671 3683 3719 stoma-

2085 3759 2245 3812 chum
2276 3759 2459 3822 satiat,
2490 3758 2797 3827 fessumque
2822 3756 3162 3821 corroborat,
3193 3770 3355 3826 quam
3383 3756 3473 3826 qui
3504 3754 3685 3827 siligi-

2088 3865 2224 3906 neus
2247 3849 2464 3904 videtur
2494 3858 2548 3904 et
2576 3849 2799 3904 nitidus.
2823 3847 2981 3904 Nunc
3005 3861 3137 3919 ergo
3163 3847 3338 3903 dicam
3369 3862 3681 3905 sermonem

2087 3955 2244 4016 prout
2292 3944 2470 4008 valeo,
2502 3952 2557 3997 et
2588 3942 2718 4012 quid
2762 3941 3133 3997 Christianum
3162 3955 3323 4012 agere
3369 3941 3684 4008 conveniat,

2091 4046 2149 4089 ut
2179 4042 2387 4105 potero,
2416 4033 2723 4102 explicabo.
2756 4032 2921 4102 Cujus
2960 4031 3038 4087 rei
3082 4040 3138 4087 et
3163 4032 3306 4087 unde
3335 4031 3485 4103 prius
3514 4046 3685 4087 exor-

2089 4128 2236 4182 dium
2265 4141 2498 4194 sumam,
2524 4125 2725 4196 justius
2756 4140 2862 4179 non
2892 4124 3135 4191 invenio,
3164 4138 3326 4196 quam
3360 4133 3417 4179 ut
3449 4123 3683 4195 primunt

2090 4220 2158 4275 de
2205 4220 2516 4274 Christiano
2560 4219 2679 4287 ipso
2728 4218 2996 4273 vocabulo
3036 4218 3330 4288 disputem,
3358 4228 3411 4273 et
3437 4233 3533 4273 cur
3560 4218 3685 4287 quis

2088 4312 2425 4367 Christianus
2453 4319 2795 4380 nuncupatur
2824 4324 3112 4381 exponam.

1422 4584 2064 4694 INCIPIT
2125 4582 2639 4692 LIBER.

1846 4754 2252 4769 ψ

896 4813 1127 4871 CAPUT
1166 4814 1453 4873 PRIMUM.

667 4906 948 4962 Christiani
974 4910 1364 4963 nomenclatura
1392 4918 1440 4964 st
1471 4910 1717 4980 dignitas.

468 4996 738 5054 Christum
765 5010 987 5054 unctum
1016 5000 1384 5070 interpretari,
1419 5003 1741 5070 sapientium
1772 5011 1827 5058 et
1858 5002 1989 5057 [lde-

397 5090 527 5147 lium
560 5090 739 5143 nullus
788 5092 1017 5159 ignorat.
1066 5090 1274 5148 Unctos
1311 5108 1443 5149 vero
1486 5108 1593 5148 non
1636 5094 1738 5149 nisi
1772 5104 1988 5149 sanctos

394 5185 542 5241 viros
571 5193 625 5240 et
651 5183 783 5239 satis
818 5183 931 5239 Deo
970 5185 1163 5256 dignos
1191 5202 1409 5257 semper
1446 5186 1613 5243 fuisse
1642 5186 1986 5242 manifestum

404 5290 511 5348 est,
546 5292 645 5333 nec
675 5277 811 5332 alios
842 5293 1004 5349 quam
1058 5282 1355 5350 pr0phetas
1401 5288 1494 5335 aut
1537 5278 1847 5335 sacerdotes
1894 5288 1990 5333 aut

400 5385 582 5441 reges.
622 5369 691 5424 Et
721 5379 829 5425 tam
870 5386 1121 5442 magnum
1156 5371 1256 5427 fuit
1280 5372 1448 5442 ipsius
1478 5372 1746 5428 unetionis
1787 5378 1990 5442 myste-

402 5461 564 5529 rium,
598 5462 740 5516 utin
784 5461 1010 5518 Judaico
1055 5464 1253 5535 populo
1302 5479 1409 5520 non
1452 5479 1642 5521 omnes
1690 5464 1847 5531 illud,
1893 5462 1990 5519 sed

476 5585 500 5657 ξ
540 5575 684 5657 Εὐξξί
736 5576 824 5657 hic
867 5577 993 5633 add.
1046 5580 1264 5651 primus,
1312 5581 1456 5654 quod
1501 5582 1655 5640 abest
1697 5596 1728 5637 a
1759 5596 1891 5640 mss.
1938 5588 1995 5637 et

403 5645 666 5706 Holstenii
694 5644 951 5702 editione.

476 5716 506 5758 δ
546 5714 710 5783 Editi,
742 5717 925 5771 notuit.

2022 4820 2075 4880 Ι)
2103 4817 2232 4871 satis
2262 4815 2416 4884 pauci
2447 4814 2515 4869 de
2541 4813 2790 4883 plurimis
2818 4818 3160 4868 mererentur
3182 4810 3427 4880 accipere
3454 4826 3465 4863 :
3497 4816 3551 4863 et
3578 4807 3687 4864 hoc

2102 4923 2269 4978 usque
2289 4907 2357 4962 ad
2379 4907 2668 4961 adventum
2692 4906 2904 4960 Domini
2927 4905 3093 4960 nostri
3119 4904 3245 4959 .Iesu
3265 4900 3492 4967 Christi,
3516 4915 3684 4969 quem

2095 4999 2235 5054 Deus
2264 5001 2375 5053 oleo
2402 5000 2612 5065 thitiw,
2646 4998 2695 5052 id
2725 5006 2829 5063 est,
2860 4997 3066 5067 Spiritu
3092 5006 3302 5063 sancto,
3331 5009 3439 5066 pra:
3464 4994 3687 5048 caeteris

2095 5093 2415 5148 consortibus
2440 5092 2552 5147 suis
2576 5092 2723 5146 unxit
2750 5090 2869 5161 (Ps.
2900 5106 3041 5156 thv,
3071 5088 3150 5159 8).
3188 5090 3265 5146 Ex
3295 5104 3402 5160 quo
3435 5098 3688 5156 tempore

2094 5186 2379 5244 credentes
2426 5185 2503 5239 illi
2552 5194 2606 5240 et
2662 5182 2996 5253 baptismatis
3048 5182 3191 5237 illius
3244 5179 3682 5237 sanctiﬁcatione

2096 5280 2330 5352 purgati,
2363 5293 2473 5333 non
2501 5277 2777 5347 aliquanti,
2810 5275 2950 5330 sicut
2976 5274 3076 5330 sub
3106 5275 3247 5345 Lege
3274 5274 3432 5343 prius
3470 5270 3676 5337 fuerat,

2099 5372 2191 5428 sed
2223 5385 2415 5427 omnes
2439 5371 2493 5425 in
2521 5368 2798 5440 prophetis
2819 5374 2873 5421 et
2899 5364 3269 5422 sacerdotibus
3293 5371 3603 5434 unguuntur
3626 5372 3685 5417 et

2100 5464 2335 5535 regibus.
2369 5461 2534 5533 Cujus
2562 5459 2834 5516 unctionis
2877 5457 3063 5528 quales
3103 5471 3224 5513 esse
3252 5455 3545 5513 debeamus
3588 5454 3686 5509 ad-

2175 5592 2197 5619 ε
2240 5582 2313 5636 Ita
2358 5596 2489 5637 mss.
2521 5580 2591 5635 At
2635 5577 2911 5644 llolsten.,
2946 5582 3102 5631 totum
3148 5574 3292 5645 dedit
3335 5574 3475 5645 quod
3520 5571 3685 5643 potuit

2100 5650 2310 5718 oﬂ'erre.
2340 5652 2481 5709 Editi
2511 5651 2622 5718 alii,
2649 5657 2817 5705 totum
2841 5650 2980 5718 quod
3000 5647 3168 5707 notuit
3194 5643 3459 5714 oﬂ'erebat.
