4000 6186
279 249 382 306 385

1296 254 1388 313 DE
1430 253 1592 312 VlTA
1628 248 2045 312 CHRlSTlANA
2082 246 2289 311 LIBER
2326 250 2529 313 UNUS.

3459 266 3564 323 386

280 381 566 422 monemur
609 368 887 438 exemplo,
938 376 998 424 ut
1046 370 1101 426 in
1150 370 1347 441 quibus
1400 381 1509 426 tam
1558 379 1746 426 sancta
1789 375 1952 433 estA
1977 368 2238 424 Dominus
2267 370 2527 439 loquitur,
2560 379 2615 427 et
2641 381 2896 442 quantum
2933 377 3064 434 velit
3102 377 3311 433 homini
3346 379 3562 435 miseri-

283 460 483 529 unctio,
510 461 583 516 sit
612 476 722 517 non
746 462 927 519 minus
953 473 1143 520 sancta
1170 466 1529 521 conversatio.
1565 464 1653 520 Ex
1684 479 1866 521 sacra-

286 562 469 607 mento
513 556 660 608 enim
700 555 973 611 unctionis
999 556 1184 627 hujus,
1215 566 1270 612 et
1296 555 1497 613 Christi
1528 566 1584 613 et
1612 558 1872 614 Christia-

289 657 479 697 norum
520 644 784 712 omnium,
820 643 873 699 id
920 655 1029 712 est,
1057 646 1111 703 in
1140 646 1359 703 Christo
1385 647 1748 719 credentium,
1776 662 1874 704 vo-

288 736 531 790 cabulum
560 736 851 792 descendit
878 747 935 793 et
966 754 1161 795 nomen
1192 755 1207 793 :
1240 739 1386 810 quod
1416 754 1610 796 nomen
1635 741 1726 797 ille
1755 739 1874 796 fru-
1899 762 1911 781 ι

284 836 389 880 stra
419 828 669 895 sortitur,
713 828 803 901 qui
846 827 1124 885 Christum
1169 832 1394 888 minime
1441 832 1701 887 imitatur.
1730 832 1872 898 Quid

282 920 419 974 enim
448 919 546 976 tibi
579 920 803 991 prodest
834 922 1015 978 vocari
1040 922 1183 993 quod
1219 940 1327 979 non
1359 940 1435 992 es,
1469 934 1523 980 et
1549 940 1744 981 nomen
1775 923 1872 979 tibi

282 1025 547 1079 usurpare
590 1011 870 1067 alienum?
899 1011 1003 1069 Sed
1041 1012 1086 1067 si
1125 1012 1493 1070 Christianum
1533 1022 1587 1069 te
1616 1029 1741 1071 esse
1777 1014 1874 1070 de-

283 1102 468 1168 lectat,
498 1118 622 1173 quae
660 1103 864 1158 Christi
903 1114 1029 1159 sunt
1070 1120 1216 1175 gere,
1247 1116 1302 1162 et
1341 1109 1542 1163 merito
1580 1108 1671 1163 tibi
1722 1107 1874 1163 Chri-

285 1193 440 1249 stiani
486 1209 694 1251 nomen
738 1210 976 1252 assume.
1021 1196 1129 1253 Aut
1169 1196 1394 1255 forsitan
1436 1215 1543 1257 non
1590 1214 1732 1265 esse,
1776 1200 1871 1256 sed

287 1287 462 1341 vocari
499 1287 828 1342 desideras?
858 1288 970 1343 lloc
999 1288 1131 1344 satis
1160 1288 1362 1347 fatdum
1394 1300 1447 1347 et
1474 1292 1737 1347 miserum
1766 1300 1868 1359 est,

285 1385 336 1432 te
362 1379 507 1434 velle
537 1379 726 1434 vocari
758 1378 900 1447 quod
930 1396 1036 1435 non
1077 1381 1172 1437 sis.
1209 1381 1378 1438 Nemo
1404 1384 1549 1438 enim
1579 1383 1650 1437 ita
1683 1383 1874 1438 transit

281 1468 344 1523 ad
375 1468 656 1525 Christum
681 1512 695 1537 ,
723 1479 781 1525 ut
806 1468 1149 1528 Christianus
1178 1474 1501 1545 appelletur,
1532 1484 1587 1528 et
1632 1490 1741 1529 non
1779 1475 1868 1529 sit.

281 1558 383 1627 Qui
412 1558 757 1617 Christianus
786 1562 1005 1633 dicitur,
1035 1562 1307 1620 Christum
1351 1581 1411 1621 se
1447 1566 1650 1623 habere
1690 1566 1875 1621 Domi-

282 1668 412 1708 num
458 1654 767 1723 profitetur.
806 1654 876 1709 Et
912 1670 1040 1711 vere
1090 1656 1268 1720 habet,
1322 1658 1366 1711 si
1415 1659 1464 1712 ei
1514 1659 1567 1713 in
1620 1658 1875 1714 omnibus

1971 459 2171 516 cordia:
2201 461 2525 531 pietatisque
2551 462 2756 534 largiri,
2784 469 3016 536 propriae
3051 471 3202 525 vocis
3232 470 3563 541 benignitaze

1972 552 2265 621 depromit,
2300 553 2487 611 dicens
2512 573 2525 609 :
2557 553 2629 610 Et
2650 557 2854 627 iniquus
2874 560 2920 613 si
2943 572 3204 617 convertat
3230 580 3284 617 se
3306 567 3371 618 ab
3398 569 3564 619 omni-

1974 645 2066 700 bus
2101 646 2459 717 iniquitatibus
2491 649 2595 701 suis
2624 665 2753 718 quas
2782 649 2923 717 fecit,
2957 660 3005 705 et
3037 656 3291 709 custodiat
3321 659 3566 713 mandata

1973 754 2107 802 mea,
2135 747 2183 791 et
2212 738 2373 809 faciat
2390 740 2654 809 judicium
2680 750 2731 795 et
2759 742 3025 811 justitiam
3053 752 3101 797 et
3128 746 3530 803 misericordiam
3552 767 3569 814 ;

1974 827 2077 880 vita
2103 829 2253 895 vivet,
2277 836 2323 882 et
2346 842 2446 882 non
2472 830 2750 897 morietur;
2775 833 2948 886 omnia
2968 832 3155 888 delicta
3175 839 3288 907 ejus
3308 854 3568 908 quacum-

1974 936 2074 989 que
2100 921 2244 989 fecit,
2276 936 2381 975 non
2410 932 2559 976 erunt
2588 924 2642 977 in
2672 927 2920 979 memoria
2944 942 2962 979 :
2989 928 3044 980 in
3063 929 3273 999 justitia
3299 947 3392 985 sua
3417 950 3568 1003 quam

1975 1007 2118 1077 fecit,
2151 1010 2279 1065 vivet
2313 1008 2535 1082 (Ezech.
2582 1027 2735 1081 mu,
2767 1014 2859 1080 21,
2888 1014 3006 1087 22).
3054 1017 3157 1073 Et:
3183 1019 3456 1091 Numquid
3483 1041 3570 1078 vo-

1976 1098 2172 1152 luntate
2218 1100 2332 1154 volo
2372 1111 2589 1157 mortem
2634 1103 2841 1175 injusti,
2886 1106 3013 1161 dicit
3052 1110 3255 1165 Adonai
3290 1110 3568 1185 Dominus,

1975 1208 2130 1262 quam
2156 1200 2211 1246 ut
2237 1204 2433 1249 avertat
2463 1213 2517 1251 se
2540 1214 2574 1251 a
2600 1198 2687 1251 via
2723 1215 2819 1253 sua
2849 1201 3008 1269 mala,
3040 1213 3087 1257 et
3130 1205 3292 1260 vivere
3332 1223 3445 1261 eum
3486 1210 3569 1277 [a-

1976 1284 2113 1338 ciam
2144 1283 2310 1355 (Ibid.
2340 1286 2471 1358 ‘25)?
2497 1287 2562 1342 Et
2590 1289 2717 1343 alibi
2743 1307 2757 1344 :
2793 1288 3051 1361 Iniquitas
3092 1295 3257 1366 iniqui
3287 1314 3392 1351 non
3423 1314 3571 1353 noce-

1978 1374 2046 1427 bit
2069 1392 2202 1440 eum,
2233 1377 2287 1431 in
2306 1395 2623 1451 quacumque
2651 1381 2735 1435 die
2764 1385 2998 1439 averterit
3022 1396 3076 1439 se
3119 1403 3150 1439 a
3179 1405 3273 1443 sua
3302 1391 3572 1460 iniquitate

1981 1465 2192 1536 (Ezech.
2214 1484 2403 1536 xxxtu,
2420 1471 2531 1542 12).
2556 1471 2625 1527 Et
2646 1473 2839 1530 iterum
2858 1492 2873 1531 :
2896 1476 3283 1549 Convertimini,
3307 1482 3430 1551 ﬁlii,
3451 1500 3573 1538 con--

1977 1567 2246 1627 vertentes,
2277 1570 2326 1615 et
2352 1577 2446 1633 ego
2470 1565 2662 1619 sanabo
2703 1568 3060 1625 contritionem
3088 1582 3311 1627 vestram
3338 1577 3360 1647 (
3374 1575 3567 1632 Jerem.

1979 1663 2060 1716 ιιι,
2091 1648 2218 1720 22).
2264 1651 2403 1708 Ecce
2446 1655 2718 1725 quomodo
2761 1666 2815 1713 te
2842 1658 3007 1730 Deus,
3054 1670 3169 1718 uta
3196 1669 3434 1735 peccatis
3465 1669 3573 1723 tuis

286 1744 625 1815 obsequatur
651 1755 705 1800 et
729 1744 949 1801 serviat.
980 1746 1035 1802 Si
1064 1762 1170 1817 quo
1197 1750 1393 1815 minus,
1425 1749 1623 1804 Christi
1655 1750 1743 1805 ille
1764 1765 1872 1804 non

1985 1741 2065 1795 vel
2094 1756 2217 1797 sero
2239 1746 2575 1799 converteris
2602 1755 2658 1800 et
2689 1747 2866 1803 salvus
2890 1765 3014 1807 esse
3058 1756 3253 1825 possis,
3297 1769 3479 1813 monet
3518 1769 3574 1815 et

286 1832 552 1904 famulus,
584 1835 678 1891 sed
706 1838 1067 1893 subsannator
1101 1850 1185 1894 cst
1216 1848 1273 1895 et
1302 1840 1515 1896 derisor
1543 1841 1634 1910 qui
1673 1841 1789 1909 ejus
1816 1855 1878 1895 se

280 1939 511 1982 servum
539 1926 687 1993 dicit,
714 1928 795 1983 cui
824 1930 1033 1985 servire
1060 1929 1385 1986 dissimulat.
1420 1933 1555 1987 llinc
1583 1948 1710 2001 ergo
1734 1933 1878 2002 judi-

279 2016 425 2073 cium
458 2021 730 2091 geminum
763 2030 1033 2087 servatur,
1063 2035 1117 2076 et
1164 2038 1261 2092 pro
1303 2024 1400 2078 Dei
1430 2025 1872 2090 subsannatione,

276 2124 440 2180 quem
472 2113 594 2168 sine
623 2127 789 2168 causa
821 2113 1107 2168 Dominum
1135 2115 1458 2185 appellavit,
1489 2126 1543 2171 et
1574 2131 1671 2186 pro
1698 2117 1873 2185 quali-

275 2213 384 2261 tate
410 2209 643 2276 peccati.

907 2298 1134 2356 CAPUT
1174 2300 1237 2355 ll.

276 2404 590 2464 Peccatores
620 2407 767 2465 Deus
806 2410 951 2465 illico
998 2409 1195 2482 duplici
1235 2427 1300 2467 ea:
1347 2428 1505 2467 causa
1551 2429 1655 2468 non
1702 2415 1869 2484 punit.

344 2541 459 2597 Sed
505 2543 800 2615 plerosque
840 2544 1147 2601 incredulos
1177 2557 1232 2603 et
1262 2547 1603 2619 impudentes
1630 2558 1685 2604 et
1711 2550 1873 2619 perti-

276 2630 373 2686 dos
402 2634 782 2691 misericordis
816 2637 911 2691 Dei
956 2638 1110 2709 longa
1143 2640 1395 2710 patientia
1439 2656 1664 2711 peccare
1693 2651 1718 2680 α
1746 2643 1877 2699 facit

275 2722 606 2794 l.l'epid05,
635 2739 690 2782 ut
713 2744 778 2783 ex
808 2727 910 2784 hoc
940 2741 1282 2801 peccatorum
1315 2749 1535 2788 suorum
1570 2735 1735 2789 Deum
1764 2753 1871 2792 non

272 2816 618 2874 arbitrentur
646 2821 898 2889 ultorem,
930 2822 1071 2892 quod
1122 2839 1232 2879 non
1282 2826 1460 2880 statim
1504 2828 1635 2881 velit
1684 2829 1873 2895 punire

272 2923 594 2977 peccantes.
623 2913 801 2970 Miseri
831 2924 887 2969 et
917 2916 1132 2986 ingrati,
1171 2934 1283 2973 sua:
1327 2919 1520 2974 salutis
1561 2920 1870 2987 improvidi,

271 3000 297 3039 δ
330 3005 467 3072 quia
496 3006 603 3059 hoc
629 3008 791 3060 etiam
816 3007 926 3063 Deo
955 3010 1241 3077 imputant,
1273 3011 1415 3079 quod
1443 3026 1631 3065 eorum
1660 3010 1875 3065 dill‘era—

267 3100 361 3148 tur
394 3097 688 3151 interitus:
721 3099 1035 3167 ignorantes
1069 3100 1163 3153 Dei
1195 3100 1530 3169 providentia
1558 3100 1758 3167 duplici
1787 3115 1875 3153 ra-

266 3186 435 3240 tione
466 3189 697 3253 servari,
734 3199 791 3242 ut
835 3198 893 3242 et
934 3190 1395 3261 humanogeneri
1428 3190 1589 3260 longa
1618 3190 1738 3258 ejus
1785 3205 1879 3258 pa-

269 3275 480 3329 tientia
506 3278 837 3343 consulatur,
867 3286 921 3333 et
960 3295 1029 3335 ne
1072 3279 1167 3334 ille
1199 3279 1474 3349 judicetur
1518 3280 1803 3351 impatiens
1832 3284 1880 3337 si

266 3367 437 3422 illico
462 3368 693 3425 voluerit
723 3381 744 3409 ε
770 3370 1028 3427 damnare
1071 3383 1371 3441 peccantes.
1401 3372 1537 3429 Nam
1570 3374 1617 3428 si
1651 3386 1756 3429 tam
1785 3390 1879 3445 pa-

270 3459 429 3515 tiens
456 3474 564 3515 non
594 3470 760 3529 esset,
786 3464 897 3533 jam
936 3464 1027 3519 diu
1074 3463 1296 3519 humani
1345 3467 1559 3536 generis
1602 3465 1754 3535 origo
1784 3467 1880 3522 de-

275 3554 495 3620 siisset;
535 3570 635 3611 nec
674 3555 855 3626 justos
902 3557 970 3613 de
1011 3558 1391 3628 peccatoribus
1438 3559 1783 3626 haberemus,
1832 3560 1881 3617 si

277 3648 573 3703 confestim
606 3649 748 3706 Deus
775 3652 936 3706 vellet
972 3654 1160 3722 punire
1182 3654 1270 3722 qui
1306 3664 1551 3723 peccant.
1584 3653 1879 3710 Nonnullos

280 3742 428 3796 enim
474 3743 679 3799 sciurus
719 3752 775 3799 et
810 3743 1038 3813 legimus
1076 3746 1165 3814 qui
1201 3755 1380 3812 antea,
1424 3756 1519 3801 aut
1564 3747 1881 3817 ignei-antis:

285 3833 560 3901 caecitate,
596 3845 687 3890 aut
712 3851 874 3892 causa
905 3836 1170 3906 perfidizc,
1204 3846 1297 3891 aut
1320 3838 1698 3893 adolescentiae
1734 3840 1882 3893 vani-

282 3934 396 3980 tate
439 3927 684 3996 decepti,
717 3929 999 3999 multiplici
1032 3940 1087 3983 et
1117 3930 1268 3984 vario
1300 3940 1647 4001 peccatorum
1679 3947 1880 4002 genere

282 4017 612 4072 tenebantur
641 4018 883 4085 obnoxii,
915 4028 970 4074 et
1001 4036 1095 4089 per
1126 4025 1475 4077 sustentantis
1511 4025 1602 4078 Dei
1634 4026 1877 4080 clemen-

280 4104 550 4163 tissimatn
584 4111 900 4179 patientiam
926 4112 1265 4181 postmodum
1294 4116 1360 4168 ab
1384 4131 1569 4170 errore
1600 4128 1725 4172 sunt
1750 4134 1881 4173 con-

283 4200 454 4265 versi,
492 4203 727 4270 inajores
754 4203 933 4259 adhuc
964 4202 988 4239 ἀ
1022 4220 1216 4275 operas
1250 4206 1440 4263 fecisse
1465 4210 1689 4279 justitia:
1719 4227 1879 4280 quam

284 4301 413 4347 ante
464 4304 681 4362 peccata
729 4298 1132 4351 commiserant.
1183 4298 1324 4353 Deus
1375 4301 1517 4355 enim
1560 4319 1665 4357 non
1714 4304 1881 4357 donat

289 4394 534 4450 peccata,
567 4385 663 4439 sed
701 4385 908 4452 dill'ert;
941 4403 1040 4441 nec
1072 4402 1504 4454 perseverantem
1537 4402 1878 4461 peccatorem

1983 1843 2261 1901 provocat.
2293 1834 2434 1890 Ecce
2462 1835 2695 1906 qualiter
2719 1837 2829 1907 jam
2850 1841 3014 1895 morti
3039 1845 3328 1901 obnoxium
3352 1857 3410 1903 ut
3429 1849 3576 1904 vivat

1984 1928 2252 1998 hortatur,
2296 1944 2455 1999 quam
2500 1930 2715 1999 leniter,
2747 1949 2907 2004 quam
2945 1937 3242 1995 clementer
3269 1941 3484 2011 invitat,
3520 1954 3575 1998 ut

1982 2023 2143 2079 etiam
2195 2026 2571 2094 peccatoribus
2618 2030 2787 2098 patris
2829 2044 2935 2085 non
2980 2042 3139 2104 neget
3187 2036 3442 2105 pietatem
3475 2052 3490 2088 :
3522 2048 3578 2092 et

1981 2118 2159 2174 adhuc
2201 2119 2345 2174 filios
2383 2121 2641 2191 appellat,
2691 2122 2782 2193 qui
2831 2132 3039 2193 patrem
3090 2126 3260 2182 Deum
3301 2128 3577 2197 peccando

1980 2210 2365 2279 perdiderunt;
2396 2212 2537 2267 sicut
2576 2222 2631 2268 et
2658 2213 2775 2268 inse
2812 2228 2874 2269 se
2916 2214 3219 2283 perdidisse
3260 2229 3580 2287 peccatores

1981 2303 2088 2357 alio
2126 2305 2178 2357 in
2210 2303 2334 2360 loco
2375 2319 2497 2359 cum
2531 2319 2667 2361 voce
2704 2304 2874 2360 ﬂebili
2914 2314 2969 2361 et
3006 2307 3307 2364 miserabili
3348 2308 3579 2379 quadam

1980 2394 2371 2448 lamentatione
2401 2404 2653 2464 testatur,
2683 2395 2870 2453 dicens
2898 2415 2910 2448 :
2939 2395 3069 2454 Sine
3092 2399 3217 2467 ﬁliis
3244 2404 3411 2471 factus
3437 2416 3575 2469 sum,

1982 2486 2184 2554 perdidi
2206 2486 2455 2558 papulum
2484 2504 2649 2542 meum
2671 2498 2880 2562 propter
2910 2500 3119 2561 peccata
3145 2507 3322 2546 eorum
3342 2491 3576 2565 (Jerem.

1981 2593 2072 2644 xv,
2099 2578 2131 2631 7
2152 2581 2189 2644 ).
2216 2578 2297 2632 Ex
2323 2578 2424 2633 hoc
2444 2594 2574 2651 ergo
2594 2595 2859 2652 cognosce
2881 2584 3112 2653 qualiter
3136 2593 3186 2640 te
3204 2585 3346 2643 Deus
3367 2586 3577 2659 diligat,

1980 2685 2139 2739 quem
2172 2671 2377 2724 mavult
2416 2673 2599 2727 vivere
2638 2689 2798 2743 quam
2835 2677 3033 2743 perire.
3069 2677 3135 2731 Et
3176 2688 3229 2731 tu
3272 2695 3395 2734 eum
3447 2695 3580 2735 con-

1981 2762 2180 2815 temnis
2207 2768 2264 2815 et
2287 2762 2539 2830 despicis,
2586 2764 2674 2832 qui
2705 2765 2936 2835 amplius
2974 2783 3133 2836 quam
3184 2778 3237 2821 tu
3267 2769 3383 2837 ipse
3416 2778 3467 2824 te
3494 2770 3575 2825 di-

1979 2854 2137 2923 ligit,
2177 2856 2265 2924 qui
2328 2864 2379 2908 te
2417 2856 2553 2910 mori
2597 2859 2904 2925 cupientem
2954 2862 3066 2914 vult
3122 2862 3342 2916 vivere?
3394 2862 3577 2933 Nolo,

1982 2944 2152 3012 inquit
2177 2945 2457 3014 Dominus,
2489 2958 2704 3001 mortem
2736 2950 2755 2985 τ
2790 2962 3137 3019 peccatorum,
3168 2955 3259 3007 sed
3284 2962 3339 3008 ut
3369 2970 3581 3012 conver-

1985 3043 2164 3087 tantur
2193 3046 2238 3089 et
2266 3036 2437 3089 vivant
2471 3036 2694 3108 (Ezech.
2726 3056 2876 3108 xviu,
2909 3040 3037 3112 52).
3067 3042 3147 3098 Tu
3174 3060 3302 3116 ergo
3328 3050 3465 3104 mori
3487 3066 3581 3107 vo-

1904 3135 1952 3198 C
1982 3124 2129 3178 luisti
2160 3127 2463 3195 peccando,
2496 3131 2584 3185 ille
2614 3143 2665 3185 te
2693 3140 2718 3179 ε
2759 3135 2942 3188 vivere
2972 3136 3086 3190 vult
3111 3141 3502 3196 convertenda.
3534 3143 3584 3200 Ο

1984 3217 2171 3283 stulte,
2194 3233 2228 3273 ο
2250 3218 2556 3276 irreverens
2580 3232 2629 3275 et
2664 3223 2888 3293 ingrate,
2915 3229 3004 3296 qui
3030 3243 3129 3283 nec
3151 3228 3204 3284 in
3230 3230 3333 3286 hoc
3356 3234 3464 3288 Deo
3488 3233 3581 3306 qul

1986 3307 2080 3363 tibi
2113 3310 2226 3363 vult
2268 3310 2511 3367 misereri
2547 3316 2841 3383 censentis,
2879 3320 2968 3388 qui
3014 3329 3067 3376 te
3095 3323 3301 3380 mavult
3329 3338 3427 3382 sua
3467 3327 3580 3396 pie-

1988 3409 2100 3459 tate
2125 3404 2336 3460 salvare
2361 3420 2519 3476 quam
2549 3416 2639 3464 tuo
2666 3412 2844 3478 perire
2864 3425 3087 3482 peccato
3109 3418 3122 3471 l

2592 3541 2820 3600 CAPUT
2859 3546 2948 3602 Ill.

2194 3632 2396 3689 Pietate
2427 3634 2522 3691 Dei
2550 3640 2841 3705 abutentes,
2870 3644 3026 3697 etiam
3067 3646 3150 3701 hic
3180 3652 3374 3718 puniri.

2061 3747 2231 3805 Nemo
2252 3765 2380 3820 ergo
2409 3752 2509 3804 sibi
2543 3752 2666 3806 idco
2696 3754 3027 3823 blandiatur,
3058 3775 3218 3816 nemo
3248 3780 3307 3819 se
3332 3766 3493 3821 stulta
3523 3776 3581 3824 et

1992 3858 2129 3898 vana
2158 3846 2467 3913 suspicione
2496 3846 2751 3916 decipiat,
2793 3867 2951 3907 nemo
2992 3855 3193 3911 idcirco
3223 3876 3449 3917 securus
3478 3865 3579 3919 de-

1989 3936 2201 4004 linquat
2236 3948 2290 3993 et
2337 3938 2499 4004 liber,
2544 3942 2688 4011 quod
2732 3959 2894 4011 super
2943 3962 3255 4014 peccatores
3294 3953 3577 4013 confestim

1990 4027 2084 4082 Dci
2115 4029 2189 4083 ita
2218 4030 2587 4103 iudiciumque
2628 4049 2731 4090 non
2765 4039 2965 4101 veniat,
3012 4050 3067 4093 ut
3107 4058 3171 4095 ex
3202 4042 3301 4097 hoc
3332 4048 3581 4113 opinetur

1987 4134 2046 4175 se
2076 4122 2295 4189 impune
2319 4140 2592 4193 peccasse,
2627 4128 2770 4196 quod
2807 4145 2907 4185 llOil
2948 4130 3091 4189 illico
3121 4137 3443 4204 perimatur;
3483 4140 3579 4195 sed

1988 4211 2090 4267 hoc
2122 4214 2290 4283 inagis
2331 4218 2543 4273 ditlerre
2576 4218 2743 4275 Deum
2788 4238 2947 4291 quam
2994 4226 3338 4284 dissimulare
3379 4245 3580 4300 cogno-

1986 4314 2129 4369 scat,
2185 4318 2238 4359 et
2288 4307 2423 4361 iram
2477 4310 2595 4379 ejus
2654 4316 3025 4380 peccatoribus
3078 4315 3104 4354 ιι
3155 4335 3313 4390 quam
3366 4325 3578 4381 veniam

1987 4395 2166 4451 subito
2216 4406 2270 4451 et
2320 4412 2541 4468 repente
2591 4416 2903 4471 venturam,
2948 4411 3085 4464 sicut
3135 4418 3392 4483 seriptutn
3443 4429 3574 4472 est:

288 4487 315 4524 a
344 4484 527 4529 morte
556 4475 775 4542 liberat,
806 4477 900 4532 sed
932 4487 991 4530 ut
1021 4478 1104 4532 vel
1136 4493 1260 4532 sero
1286 4488 1632 4534 convertatur
1659 4491 1712 4535 et
1740 4486 1884 4535 vivat
1911 4516 1961 4575 υ
1988 4485 2073 4539 Ne
2116 4489 2329 4556 dixeris,
2386 4490 2623 4557 Peccavi,
2663 4505 2710 4548 et
2739 4497 2863 4564 quid
2892 4501 3078 4553 accidit
3117 4475 3258 4556 mihi.
3283 4508 3463 4559 triste?
3506 4517 3581 4563 est

291 4569 559 4632 patienter
587 4578 888 4639 exspectat,
939 4576 1077 4628 sicut
1125 4575 1313 4627 beatus
1365 4575 1553 4627 Pe.rus
1600 4574 1880 4641 apostolus

293 4658 359 4712 ait
394 4678 407 4713 :
446 4659 570 4714 Non
613 4664 779 4718 tardat
822 4665 1074 4720 Dominus
1099 4676 1122 4704 θ
1148 4668 1446 4735 promissis;
1492 4669 1579 4722 sed
1626 4668 1883 4735 patienter

294 4757 392 4823 agit
424 4766 631 4827 propter
670 4774 777 4824 vos,
815 4759 998 4815 nolens
1033 4762 1233 4832 aliquos
1270 4763 1457 4831 perire,
1489 4764 1579 4817 sed
1606 4779 1780 4817 omnes
1814 4761 1883 4815 ad

297 4848 642 4909 paenitentiam
685 4852 911 4905 converti
957 4851 1021 4924 (ll
1070 4850 1187 4905 Pet.
1238 4868 1317 4918 ιιι,
1369 4852 1446 4920 9).
1498 4854 1593 4908 llle
1637 4854 1781 4907 enim
1829 4861 1882 4907 te

298 4940 443 5004 quasi
483 4940 624 5009 pius,
655 4941 920 5014 benignus
949 4956 1001 5000 et
1032 4944 1295 5011 clemens,
1340 4946 1485 4999 illico
1531 4947 1731 5001 idcirco
1772 4962 1880 5001 non

302 5029 545 5100 percutit,
574 5040 635 5086 ut
658 5041 710 5087 tu
738 5042 937 5104 quanta
966 5034 1109 5090 illius
1136 5052 1260 5105 erga
1289 5046 1339 5090 te
1366 5038 1435 5090 sit
1462 5039 1650 5106 pietas,
1680 5048 1877 5108 quanta

300 5116 579 5179 clementia
608 5124 679 5180 sit
706 5139 1094 5197 recognoscas,
1127 5128 1218 5197 qui
1245 5137 1295 5183 te
1328 5141 1665 5197 peccatorem
1695 5140 1748 5184 et
1780 5131 1880 5184 im-

302 5211 440 5279 pium
489 5227 809 5287 exspectare
852 5221 1087 5290 mavult,
1149 5230 1205 5277 et
1258 5238 1476 5278 servare
1533 5239 1877 5293 conversum,

301 5314 453 5371 quam
482 5308 679 5377 punire
712 5321 1024 5380 peccantem
1050 5329 1063 5367 :
1093 5314 1234 5370 sicut
1267 5330 1365 5385 per
1405 5314 1722 5386 prepbetam
1765 5318 1881 5388 ipse

368 5452 396 5515 ξ
434 5445 605 5515 Editi,
629 5451 774 5504 siml.

366 5510 397 5554 δ
434 5510 704 5590 llolsten.,
734 5521 840 5590 qui.

369 5594 395 5662 ξ
438 5589 687 5662 Elerique
717 5589 872 5659 mss.,
906 5594 1107 5661 punire.

369 5652 400 5735 ἢ
437 5652 616 5735 Editi;
632 5679 807 5735 opera,
842 5652 1189 5718 renuentibus
1217 5680 1346 5721 mss.

374 5734 404 5774 ³
435 5730 538 5793 Its.
563 5730 755 5801 Corn,
787 5730 1036 5792 vromissa
1063 5736 1294 5793 reddere.

1989 4579 2123 4632 enim
2153 4581 2449 4635 Altissimus
2476 4586 2709 4639 redditor
2734 4590 2931 4653 patiens
2955 4591 3142 4657 (Eccli.
3164 4610 3215 4660 v,
3238 4595 3318 4665 4).
3346 4597 3409 4651 Et
3430 4599 3576 4655 alibi:

1991 4670 2073 4725 Ne
2094 4673 2264 4726 tardes
2296 4676 2515 4727 converti
2547 4678 2615 4729 ad
2639 4675 2939 4747 Dominum,
2974 4698 3137 4749 neque
3165 4684 3378 4752 diﬁ‘eras
3409 4690 3471 4742 de
3501 4694 3582 4744 die

1985 4764 2039 4817 in
2072 4765 2239 4831 diem;
2288 4766 2454 4819 subito
2501 4770 2634 4821 enim
2684 4772 2843 4824 veniet
2888 4774 2969 4825 ira
3012 4774 3126 4841 eius
3156 4773 3356 4843 (Ibid.,
3388 4779 3452 4849 8,
3486 4782 3576 4851 9).

1989 4855 2141 4923 Quod
2164 4859 2214 4911 in
2244 4858 2515 4928 plerisque
2537 4861 2809 4929 impletur,
2833 4863 3026 4931 quibus
3048 4864 3118 4919 ob
3145 4868 3303 4921 nimia
3340 4884 3577 4943 peccata,

1989 4950 2114 5004 etin
2145 4950 2397 5018 praesenti
2426 4953 2515 5006 Dei
2546 4952 2622 5007 ira
2655 4956 2999 5024 supervenit,
3031 4966 3088 5012 et
3116 4960 3166 5013 in
3195 4960 3371 5017 futiiro
3401 4982 3581 5020 servit-

1987 5051 2095 5098 tur.
2129 5042 2235 5099 Sed
2268 5043 2370 5098 hoc
2401 5059 2559 5098 nemo
2587 5046 2858 5117 intelligit,
2908 5065 3066 5105 nemo
3114 5058 3420 5122 c03n0~rit,
3479 5075 3578 5114 nec

1986 5135 2212 5203 quisque
2260 5134 2483 5190 advena
2522 5138 2792 5194 sustinens
2837 5142 2992 5195 malis
3022 5142 3132 5199 suis
3173 5150 3400 5199 testiinat
3447 5148 3579 5203 irro-

1986 5231 2121 5296 gari,
2156 5230 2248 5282 sed
2280 5230 2420 5297 quod
2454 5230 2736 5295 pertulerit
2780 5236 3183 5290 consuetudinis
3214 5241 3389 5306 potius
3434 5253 3582 5309 putat

1988 5334 2289 5390 essequam
2321 5321 2584 5378 Criminis.
2615 5323 2681 5378 Et
2711 5325 2910 5381 idcirco
2939 5326 3082 5381 Deus
3106 5330 3155 5383 in
3176 5332 3433 5399 praesenti
3474 5351 3581 5391 non

2070 5453 2089 5491 τ
2114 5456 2803 5536 .llolsten.,_morietttium;
2833 5476 2963 5536 mss.
2997 5460 3229 5536 Sorbon.
3260 5479 3313 5518 et
3342 5464 3578 5536 Roniig,,

1993 5528 2347 5649 glorienobus.
2388 5532 2666 5592 Micliael..
2699 5550 2732 5601 ρ
2763 5534 3043 5589 ccantium.
3076 5535 3262 5595 Cori».
3293 5528 3574 5607 peccato-ri:

2028 5614 2084 5649 lla
2123 5602 2472 5649 ιιισινὲμιινὶὺηδ-

2028 5614 2084 5650 αδ
2123 5602 2472 5656 ιιιιινὲμιιπὲὺιιδ,

2068 5679 2093 5741 β
2137 5671 2261 5722 Msa.
2319 5678 2576 5741 tnta/iran

2065 5739 2095 5779 ¹³
2138 5744 2298 5807 Ειωι,
2334 5739 2561 5806 quamvis
2594 5767 2777 5814 scmu,
2808 5748 2998 5809 subito.
