4000 6186
382 203 493 265 587

1420 197 1722 261 FASTIDII
1759 193 2263 257 BRITANNORUM
2303 196 2605 256 EPISCOPI

3579 197 3688 263 588

384 322 601 381 videtur
640 324 834 395 punire
861 330 1170 396 peccantes,
1218 320 1343 392 quia
1386 333 1511 376 cum
1543 319 1696 389 punit
1735 333 1842 374 non
1893 332 1985 374 co-
2010 320 2068 382 Α
2157 315 2268 375 Sed
2292 317 2397 374 hoc
2425 318 2595 388 magis
2620 317 2825 373 sentire
2842 329 2943 374 nos
2955 314 3233 382 convenit,
3257 316 3466 373 tamdiu
3487 333 3686 376 unum¢

385 418 690 489 gnoseitur.
718 417 862 472 Multi
888 425 1013 472 sunt
1037 415 1179 469 enim
1211 420 1352 483 quos
1382 422 1542 466 nemo
1569 409 1858 481 intelligit,
1887 409 1980 479 qui

383 513 456 569 ob
490 511 884 567 multitudinem
928 517 1272 580 peccatorum
1305 504 1416 574 jam
1465 510 1593 559 ante
1618 503 1805 574 judicii
1837 501 1979 558 diem

385 608 441 662 lu
463 606 715 677 prmsenti
744 605 906 658 etiam
940 601 1267 670 iudicantur.
1301 597 1405 652 Aut
1430 597 1574 651 dicat
1600 597 1719 665 quis
1747 596 1792 651 si
1821 609 1980 666 quem

385 699 736 768 sacrilegum,
765 695 1194 763 sanguinarium,
1235 703 1508 761 rapacem,
1557 689 1852 756 falsarium,
1888 688 1983 742 ho-

389 790 663 853 micidam,
691 789 884 852 fui-em,
918 785 1339 853 fraudulentum,
1383 782 1710 845 adulterum,
1749 789 1980 835 caetero-

386 893 617 954 rutnqne
657 882 944 938 eriminum
991 895 1168 946 reum,
1211 877 1292 932 vel
1341 877 1394 931 in
1441 875 1695 944 praesenti
1736 881 1982 943 tempore

383 977 623 1048 potuerit
666 975 849 1030 videre
898 971 1232 1044 longaevum?
1278 969 1390 1025 Nos
1429 968 1572 1024 enim
1624 968 1981 1039 plurimorum

385 1068 633 1138 exempla
662 1067 930 1131 Videmus,
963 1082 1057 1136 per
1082 1079 1203 1136 quae
1235 1062 1464 1134 probare
1485 1061 1783 1116 Sollicimns
1811 1060 1982 1115 scele-

382 1173 536 1221 ratos
563 1173 618 1218 et
647 1161 862 1232 impios,
900 1170 1243 1230 peccatormn
1273 1171 1492 1212 suorum
1536 1153 1640 1212 line
1667 1156 1939 1227 completo
1962 1199 1977 1223 ,

384 1261 440 1313 et
467 1260 568 1312 hoc
588 1256 752 1311 etiam
783 1264 1030 1324 tempore
1051 1251 1303 1322 judicari,
1332 1255 1385 1304 et
1418 1256 1742 1320 praesentem
1779 1248 1859 1304 eis
1901 1247 1981 1302 vi-

385 1357 494 1406 tam
529 1350 712 1420 negari
742 1362 845 1402 non
879 1347 1055 1399 minus
1081 1359 1243 1414 quam
1275 1339 1533 1398 futuram.

456 1441 561 1497 Sed
594 1439 695 1494 hoc
724 1437 815 1493 ille
857 1435 1064 1491 facilius
1091 1435 1394 1505 intelligere
1423 1439 1620 1504 potest,
1659 1433 1752 1502 qui
1783 1445 1880 1502 per
1901 1431 1986 1486 di-

387 1541 542 1590 rersa
570 1543 810 1598 tempora
843 1529 1186 1583 diversorum
1215 1528 1457 1597 judicum
1488 1525 1658 1595 impie
1699 1526 1985 1580 scelerate-

387 1639 495 1696 que
524 1622 960 1678 conVersantium
993 1623 1022 1660 α
1052 1622 1387 1688 exspeCtavit
1409 1619 1708 1674 interitum.
1741 1617 1981 1683 Quorum

2085 427 2352 484 quemque
2383 411 2478 468 Dei
2509 411 2769 482 patientia
2793 411 3106 478 sustentari,
3143 411 3397 482 quamdiu
3438 414 3685 471 nondum

2085 515 2429 576 peccatortmi
2478 520 2698 559 sitorum
2743 505 3032 560 terminum
3083 504 3354 574 ﬁnemque
3398 507 3685 576 replevit:

2083 611 2192 668 quo
2223 607 2604 654 consummato
2634 611 2756 652 eum
2789 597 2933 654 illico
2972 598 3201 668 percuti,
3230 613 3331 654 nec
3354 597 3432 655 illi
3457 599 3688 670 jamve-

2085 692 2232 748 uiam
2262 693 2426 748 ullam
2447 691 2736 748 reservari.

2688 801 2918 865 CAPUT
2974 801 3067 864 IV.

2085 895 2232 958 Certa
2258 911 2586 974 peccatorum
2607 919 2730 958 num
2763 901 3096 1028 :a‘completo
3140 909 3305 959 deum
3341 905 3523 975 punire
3559 921 3687 979 pec-

2757 989 2817 1028 ea
2841 985 2999 1028 orem.

2757 985 2999 1030 actorem.

2158 1065 2294 1123 Esse
2345 1069 2521 1122 autem
2567 1071 2779 1122 certum
2840 1071 3191 1138 peccatorum
3240 1066 3460 1123 modum
3518 1077 3685 1140 atque

2085 1165 2418 1226 mensuram,
2447 1158 2544 1215 Dei
2575 1159 3073 1230 ipsinstestimouio
3095 1159 3422 1218 declaratur.
3457 1163 3520 1218 Et
3538 1163 3685 1233 quod

2087 1253 2457 1322 unusquisque
2488 1252 2574 1308 vel
2608 1251 2845 1309 celerius
2876 1254 2962 1310 vel
2995 1255 3222 1323 tardius,
3253 1263 3412 1324 proin
3434 1267 3685 1326 peccato-

2084 1361 2205 1403 rum
2230 1363 2449 1403 suorum
2479 1348 2698 1404 modum
2726 1349 3044 1420 expleverit,
3065 1349 3363 1421 iudicetur,
3393 1349 3687 1408 evidentis-

2086 1442 2222 1497 sime
2267 1444 2691 1510 demonstratur,
2738 1444 2958 1515 quando
2987 1443 3054 1499 de
3103 1443 3465 1500 Sodomorum
3495 1449 3548 1502 et
3576 1444 3686 1502 Go-

2085 1536 2481 1592 morrhzeormn
2515 1537 2734 1592 interitu
2781 1546 2939 1609 atque
2993 1535 3268 1604 incendio,
3298 1539 3390 1609 qui
3430 1545 3524 1596 sua
3568 1539 3682 1610 jam

2088 1639 2307 1700 peccata
2337 1632 2697 1700 repleverant,
2730 1629 2797 1685 ad
2824 1629 3094 1686 Abraham
3133 1629 3278 1686 Deus
3304 1632 3566 1701 loquitur,
3596 1631 3684 1686 tli-

387 1731 496 1788 quo
526 1723 761 1785 potestas
791 1713 1080 1770 sublimior
1110 1723 1215 1781 est,
1249 1727 1315 1768 eo
1346 1711 1411 1766 ad
1443 1709 1774 1782 peccandum
1812 1709 1977 1780 major

2087 1737 2215 1780 cens
2244 1743 2254 1777 :
2284 1721 2493 1778 Clamor
2522 1723 2866 1780 Sodomorum
2897 1734 2942 1777 et
2968 1720 3426 1778 Gomorrlntorum
3460 1723 3686 1790 repletus

384 1810 632 1878 audacia,
664 1823 784 1878 quae
810 1817 979 1863 totum
1004 1807 1104 1862 sibi
1137 1807 1301 1862 licere
1329 1805 1504 1861 credit
1527 1805 1670 1876 quod
1699 1810 1896 1875 potest,
1930 1813 1987 1859 et

385 1897 513 1960 dum
544 1903 766 1959 alterius
790 1903 1050 1973 judicium
1082 1917 1187 1955 non
1231 1903 1425 1956 timent
1451 1899 1538 1968 qui
1577 1900 1712 1954 alios
1739 1899 1987 1968 judicant

383 1997 450 2052 ad
485 1996 814 2066 peccandum
843 1996 1144 2065 praecipites
1173 2003 1317 2048 sunt.
1345 1992 1423 2048 Ita
1457 1995 1516 2046 lit
1544 2004 1601 2045 ut
1628 1995 1718 2062 qui
1749 1992 1988 2046 hominis

384 2103 492 2145 non
519 2090 709 2146 timent
737 2090 788 2144 lii
827 2088 1194 2159 delinquendo
1217 2086 1508 2156 judicium,
1553 2085 1720 2140 Deum
1748 2085 1987 2154 judicent

382 2187 616 2241 Sentiant
659 2195 715 2241 et
759 2185 1012 2238 ultorem.
1063 2183 1139 2239 Ex
1182 2182 1378 2252 quibus
1408 2181 1498 2232 alii
1547 2181 1636 2250 qui
1685 2178 1982 2232 insontium

382 2279 682 2332 animarum
707 2277 1022 2347 sanguinein
1053 2275 1362 2343 frequenter
1391 2265 1718 2336 eliuderant,
1755 2271 1824 2322 ita
1851 2269 1988 2324 iram

383 2361 478 2428 Dei
511 2375 881 2442 judiciumqtto
924 2383 1167 2432 sensere,
1215 2376 1272 2422 ut
1315 2366 1418 2434 ipsi
1469 2365 1811 2435 postmodum
1864 2379 1991 2417 san-

381 2468 603 2538 guinem
640 2466 860 2520 [undere
891 2471 1217 2530 angerentur
1245 2476 1432 2521 suum,
1465 2461 1554 2530 qui
1604 2459 1839 2513 libenter
1870 2456 1990 2512 fun-

383 2549 586 2613 debant
615 2558 874 2612 alienum.
910 2555 1012 2609 Alii
1040 2571 1168 2608 vero
1196 2557 1283 2624 qui
1332 2553 1526 2608 simiiia
1556 2553 1948 2606 commiserant
1971 2591 1986 2614 ,

382 2649 461 2706 sic
487 2651 577 2705 Dei
613 2648 983 2718 indignatione
1019 2648 1271 2718 prostrati
1319 2655 1465 2708 sunt,
1512 2656 1572 2700 ιιι
1611 2645 1869 2714 in~epulli
1909 2646 1990 2714 ja-

380 2754 589 2812 cereut,
619 2756 673 2799 et
701 2759 825 2799 esca
859 2745 986 2798 leris
1029 2754 1084 2797 et
1110 2744 1230 2798 eteli
1265 2743 1580 2796 volucribus
1633 2740 1841 2794 tierent.
1884 2740 1986 2793 Alii

380 2849 560 2893 autem
601 2838 690 2908 qui
743 2837 1197 2891 innumerabilem
1247 2837 1524 2888 hominum
1585 2833 1984 2886 multitudinem

379 2931 583 3002 injuste
611 2941 977 3002 peremerunt,
1013 2928 1355 2984 membratim
1390 2925 1824 2995 particulatimve
1851 2940 1986 2977 eon-

379 3020 505 3085 ¢i~i,
558 3029 615 3074 ut
666 3037 771 3076 non
819 3023 996 3075 minor
1046 3019 1207 3074 fuerit
1274 3016 1563 3072 concisura
1616 3017 1981 3071 membrorum

2091 1825 2189 1885 est,
2229 1829 2274 1872 et
2319 1826 2525 1881 peccata
2551 1832 2725 1870 eorum
2754 1831 2940 1886 magna
2968 1814 3286 1870 vehementer
3328 1815 3520 1885 repleta
3562 1827 3687 1871 sunt

2090 1909 2246 1984 (Gen.
2286 1926 2448 1975 xt'lll,
2483 1912 2598 1979 ΞΟ).
2631 1909 2706 1965 De
2735 1909 3066 1964 Amorrhmis
3094 1923 3224 1964 vero
3252 1909 3375 1980 quid
3406 1909 3556 1976 dicit,
3589 1913 3689 1982 qui

2091 2017 2185 2058 Sua
2215 2003 2448 2057 nondum
2475 2011 2696 2072 peccata
2725 2000 3002 2065 ﬁnierant,
3035 2015 3174 2070 quos
3209 2011 3329 2069 post
3359 2000 3554 2055 multos
3582 2015 3690 2056 an-

2091 2111 2191 2150 nos
2222 2112 2378 2159 quam
2426 2109 2586 2160 Supra
2619 2095 2776 2148 dicta:
2807 2093 3057 2149 civitates
3085 2102 3334 2150 crematae
3372 2105 3512 2160 sunt,
3541 2109 3684 2149 con-

2090 2199 2194 2243 stat
2225 2206 2344 2242 esse
2379 2187 2622 2243 deletos?

2163 2281 2414 2334 Nondum
2446 2281 2637 2352 repleta
2673 2289 2795 2334 sunt
2831 2289 3035 2348 peccata
3075 2278 3488 2333 Amorrhtzorum
3523 2293 3693 2346 usque

2090 2372 2257 2426 adhuc
2299 2374 2452 2443 (Uett.
2487 2389 2575 2436 xv,
2614 2371 2724 2442 16).
2772 2372 2891 2440 Quo
2941 2372 3190 2440 ext-inpio
3249 2371 3690 2427 manifestissime

2091 2464 2404 2518 inslrttiniur
2440 2471 2495 2516 et
2521 2464 2800 2526 doctimur,
2831 2463 3075 2533 Singulos
3104 2461 3399 2518 secundum
3432 2473 3690 2533 peceato-

2093 2573 2206 2612 rurn
2240 2573 2459 2609 sitorum
2496 2555 2883 2624 pienitudinetn
2931 2556 3324 2621 consummari,
3376 2565 3431 2611 et
3478 2557 3689 2612 tamdiu

2092 2663 2142 2703 ut
2165 2662 2550 2704 Ctttlt't'l'lztniur
2569 2651 2848 2718 sustineri,
2879 2649 3131 2718 quamdiu
3165 2649 3436 2716 cumulum
3460 2663 3686 2704 suorum

2093 2759 2196 2796 non
2233 2743 2516 2795 habui-rint
2543 2742 2885 2798 deliCIorum.
2917 2741 2993 2796 Ne
3018 2757 3086 2794 uo
3116 2757 3195 2808 se,
3231 2742 3470 2810 inquam,
3507 2741 3681 2822 falbt,

2092 2850 2249 2888 nemo
2276 2854 2332 2886 se
2359 2835 2592 2899 decipiat
2619 2853 2630 2886 :
2669 2836 2838 2888 malos
2866 2851 2973 2890 non
3002 2843 3149 2889 amat
3178 2834 3338 2900 Dens,
3370 2845 3691 2906 peccatores

2091 2945 2194 2982 non
2220 2938 2382 2996 amat,
2414 2929 2642 2998 injustos
2674 2941 2962 2993 nonamat,
2999 2943 3241 2998 rapaces,
3275 2930 3544 2990 crudeles.
3573 2928 3688 2984 im-

2095 3021 2240 3090 pius;
2273 3024 2364 3073 sed
2399 3032 2544 3075 amat
2587 3022 2780 3086 bonos,
2805 3021 3004 3088 justos,
3041 3021 3178 3090 pios,
3221 3019 3476 3088 humiles,
3521 3020 3688 3076 inno-

379 3125 539 3183 quam
567 3126 702 3182 quos
727 3111 966 3166 interimi
999 3111 1240 3165 fecerant
1268 3123 1526 3163 numerus
1554 3107 1890 3177 punit-trum.
1923 3109 1984 3160 lit
2014 3100 2058 3162 C
2089 3125 2297 3172 αρηιετε,
2349 3118 2530 3180 mites,
2583 3113 2722 3167 sicut
2773 3116 3030 3184 scriptum
3070 3123 3154 3168 est
3183 3131 3196 3168 :
3261 3113 3514 3181 Quoniam
3569 3130 3686 3170 non

377 3209 606 3275 quorum
636 3206 842 3274 judicio
875 3207 1081 3260 maritis
1113 3204 1310 3274 injuste
1342 3203 1636 3274 peremptis
1684 3203 1861 3256 multae
1904 3204 1983 3256 er-

376 3293 531 3350 Tectae
561 3299 754 3360 viduze,
782 3297 933 3351 multi
961 3299 1188 3367 orphani
1217 3297 1458 3363 patribus
1485 3296 1684 3350 occisis
1710 3295 1977 3360 derelicti,

375 3387 570 3457 Quibus
619 3401 817 3458 praeter
858 3391 1147 3444 orbitatem
1197 3388 1519 3442 mendicitas
1562 3388 1895 3443 inferebatur
1925 3399 1980 3443 ct

379 3481 593 3532 nuditas
621 3478 776 3549 [nam
806 3479 1079 3531 addebant
1111 3478 1374 3546 impietati
1412 3489 1465 3531 et
1497 3479 1803 3533 crudelitati
1834 3479 1976 3548 quod

378 3571 587 3633 deerat,
622 3581 678 3624 ut
718 3586 906 3623 eorum
935 3585 1070 3640 quos
1102 3571 1357 3625 fecissent
1388 3573 1559 3626 occidi
1591 3576 1896 3642 spoliarent
1924 3584 1979 3628 et

376 3659 616 3732 liberos]
637 3701 653 3725 .
684 3675 831 3715 nunc
870 3676 1000 3716 vero
1033 3663 1268 3730 ipsorum
1318 3663 1576 3730 conjuges
1605 3665 1778 3718 vidua:
1809 3673 1862 3717 et
1887 3663 1977 3717 lilii

373 3754 604 3825 orphani
644 3753 835 3810 alienis
862 3756 1099 3823 quotidie
1129 3766 1286 3826 egent
1318 3755 1566 3823 panibus.
1605 3753 1794 3810 Nonne
1823 3756 1976 3810 vitle-

375 3857 462 3906 tur
490 3849 585 3903 tibi
628 3848 772 3904 istud
815 3850 1180 3905 testimonium
1213 3850 1266 3903 in
1300 3849 1430 3918 ipsis
1474 3863 1596 3904 esse
1641 3849 1973 3918 completum

373 3945 762 4000 eomtninantis
804 3944 898 3998 Dei
929 3953 984 3999 et
1025 3943 1256 3998 dicentis
1283 3983 1299 4007 ,
1359 3942 1581 3996 Viduam
1622 3953 1668 3994 et
1715 3944 1976 4008 orphanos

371 4053 477 4092 nan
505 4039 774 4093 vexabitit.
809 4037 960 4104 Quod
987 4037 1031 4090 si
1057 4036 1354 4090 πανουργίας
1395 4050 1500 4097 eos,
1545 4046 1592 4088 et
1632 4034 1974 4102 vociferantes

371 4133 706 4188 clamaverint
729 4132 798 4184 ad
823 4149 919 4189 me.
954 4130 1231 4184 exaudiam
1257 4128 1674 4198 vociferationem
1704 4144 1904 4192 eorum,
1926 4138 1974 4183 et

369 4227 570 4282 irascar
599 4229 795 4286 animo,
830 4234 876 4278 et
907 4223 1152 4291 perimam
1183 4237 1270 4277 uos
1298 4222 1496 4291 gladio,
1535 4231 1582 4275 et
1609 4231 1759 4275 erant
1785 4225 1972 4294 conju-

363 4333 459 4390 ge:
490 4326 670 4371 vestra:
700 4317 884 4380 vidum,
928 4325 972 4370 et
1002 4315 1100 4386 ﬁlii
1130 4317 1282 4368 vestri
1305 4299 1540 4383 .orp/tani
1565 4321 1583 4386 ί
1604 4313 1772 4368 Exod.
1825 4331 1932 4370 xxii
1954 4358 1969 4382 ,

370 4406 613 4478 22-24)?
639 4407 684 4462 Ο
715 4408 997 4478 indignum
1028 4406 1212 4462 nefas!
1252 4422 1284 4461 ο
1325 4406 1618 4462 scelestum
1665 4407 1901 4462 (acinus!
1937 4424 1969 4462 0

2089 3207 2227 3263 Deus
2262 3211 2430 3262 volens
2469 3209 2783 3270 iniquitatem
2825 3217 2878 3260 tu
2907 3225 2978 3262 es.
3017 3207 3135 3262 Non
3175 3207 3422 3262 habitabit
3443 3213 3594 3280 juxta
3626 3218 3686 3263 te

2084 3304 2359 3372 rttttlignus,
2395 3318 2552 3371 neque
2574 3301 2944 3366 permanebunt
2983 3303 3164 3370 irtjusti
3187 3310 3305 3356 ante
3340 3302 3513 3355 oculos
3536 3311 3678 3356 tuos.

2087 3394 2253 3448 Odisti
2276 3411 2449 3448 omnes
2475 3395 2560 3455 qui
2589 3408 2866 3466 operantur
2905 3395 3249 3465 iniquitatem,
3277 3394 3460 3466 perdes
3499 3409 3683 3449 omnes

2079 3488 2165 3556 qui
2183 3485 2459 3556 loquuntur
2491 3489 2818 3541 meudacmm
2843 3485 2964 3557 (Ps.
2991 3505 3044 3556 v,
3076 3487 3215 3560 5-7).

2707 3623 2936 3681 CAPUT
2977 3624 3038 3679 V.

2080 3729 2224 3788 Mart
2253 3751 2473 3806 prapera
2502 3736 2651 3790 malis
2675 3739 2742 3789 ad
2770 3753 2992 3808 poenam,
3027 3737 3173 3791 bonis
3202 3735 3271 3788 ad
3316 3739 3670 3794 eecm'itatem.

2147 3849 2254 3905 Sed
2297 3852 2428 3906 dicit
2467 3853 2682 3922 aliquis,
2714 3853 2853 3920 Quid
2899 3863 2982 3908 est
3025 3853 3167 3923 quod
3202 3853 3446 3908 videmus
3494 3854 3675 3911 bonos

2077 3941 2238 3997 etiam
2280 3945 2458 4011 perire
2497 3959 2621 3999 cum
2668 3945 2861 4000 malis?
2890 3946 2970 4001 Illi
3004 3962 3106 4001 ιιοιι
3135 3957 3382 4017 pereunt,
3415 3949 3508 4003 sed
3537 3963 3636 4005 eva

2076 4034 2228 4100 dunt,
2262 4036 2352 4106 qui
2398 4037 2465 4091 de
2495 4038 2760 4092 malorum
2791 4038 3066 4094 consortio
3107 4048 3164 4094 et
3204 4041 3672 4110 persecutionibtts

2078 4126 2396 4190 liberantur.
2431 4137 2484 4184 et
2517 4127 2582 4182 ad
2620 4130 2860 4200 requiem
2913 4130 3337 4186 transferuntur.
3389 4132 3468 4186 Illi
3501 4133 3671 4203 plane

2076 4219 2381 4273 moriuntur
2410 4230 2465 4276 et
2491 4232 2738 4290 pereunt,
2771 4236 2910 4292 quos
2941 4222 3009 4278 de
3039 4222 3141 4278 lioc
3171 4223 3373 4280 mundo
3406 4227 3672 4280 receden-

2077 4318 2154 4364 tes
2183 4312 2401 4380 majoris
2423 4313 2800 4384 adliucjudicii
2823 4316 3146 4384 supplicium
3168 4326 3444 4384 exspectat
3471 4323 3527 4370 et
3548 4330 3671 4386 pte-

2077 4421 2163 4460 na.
2203 4405 2473 4461 Vocantur
2500 4407 2642 4463 cnim
2666 4416 2789 4463 ante
2822 4416 3033 4478 tempus
3051 4408 3204 4478 boni,
3241 4424 3309 4463 ne
3343 4408 3540 4463 diutius
3571 4424 3670 4464 ve-

369 4502 539 4560 nimia
567 4514 622 4559 et
649 4518 755 4558 non
794 4502 1014 4558 ferenda
1055 4501 1387 4557 crudelitas!
1432 4501 1548 4556 Duo
1585 4503 1884 4556 saevissima
1915 4512 1969 4557 et
1997 4479 2051 4540 D
2077 4509 2275 4554 xentur
2296 4515 2326 4554 a
2352 4500 2558 4566 noxiis;
2599 4501 2721 4556 mali
2753 4516 2880 4556 vero
2908 4510 2963 4555 et
2985 4502 3130 4571 impii
3159 4501 3441 4567 tolluntur,
3475 4517 3540 4555 ne
3561 4500 3669 4555 bo-

367 4597 707 4651 atrccissima
755 4612 861 4650 uno
901 4603 1282 4666 perpetrantur
1326 4594 1379 4649 in
1427 4603 1694 4664 tempore,
1739 4593 1969 4648 homici-

367 4688 514 4744 dium
541 4689 600 4744 [ιι
628 4700 689 4745 ut
708 4689 896 4759 rapina
925 4686 1214 4752 succedat;
1246 4687 1568 4742 occiduntur
1595 4687 1797 4754 mariti,
1823 4687 1969 4742 occi-

367 4781 572 4837 duntur
599 4791 654 4838 et
693 4792 892 4852 patres,
940 4795 1046 4852 quo
1091 4779 1304 4834 facilius
1347 4779 1523 4834 vidua:
1568 4781 1872 4850 spolientur
1911 4789 1966 4836 et

366 4873 597 4944 orphani
632 4893 647 4931 :
677 4885 731 4928 et
758 4874 830 4929 ita
855 4875 1086 4945 quisque
1113 4874 1167 4927 in
1187 4871 1410 4927 alterius
1433 4883 1607 4928 morte
1635 4873 1960 4944 congaudet,

365 4968 522 5039 quasi
545 4983 653 5021 non
674 4967 748 5021 sit
769 4967 884 5037 ipse
913 4965 1238 5036 quandoque
1268 4965 1583 5020 moriturus.
1619 4964 1809 5020 Merito
1831 4981 1962 5036 ergo

370 5061 510 5117 Deus
538 5057 846 5129 liujusmodi
875 5058 1292 5114 crudelitatibus
1320 5067 1378 5112 et
1404 5056 1770 5128 impietatibus
1810 5073 1960 5114 com-

363 5165 634 5211 movetur.
664 5153 854 5210 Merito
881 5151 1142 5222 judicium
1175 5167 1331 5208 suum
1368 5152 1421 5206 in
1447 5150 1766 5220 quibusdam
1795 5150 1958 5206 etiam

359 5260 486 5309 ante
520 5261 730 5321 tempus
771 5247 1029 5306 ostendit.
1080 5245 1271 5301 Merito
1316 5247 1423 5301 vita
1454 5244 1650 5300 talibus
1691 5257 1789 5298 nec
1820 5259 1959 5313 pra:-

360 5359 488 5403 sens
517 5361 618 5402 nec
662 5344 841 5401 futura
867 5342 1206 5399 conceditur.
1259 5339 1501 5410 Quorum
1532 5354 1655 5408 nos,
1688 5353 1758 5394 ne
1786 5338 1962 5393 scele-

358 5448 507 5495 ratos
534 5447 590 5494 et
616 5439 809 5508 impios
842 5439 895 5492 in
924 5437 1176 5508 praesenti
1207 5435 1370 5491 etiam
1409 5432 1509 5490 Dei
1532 5431 1797 5505 judicium
1826 5446 1954 5489 eva-

352 5531 487 5589 dere
517 5548 676 5605 posse
701 5533 1098 5598 existimemus,
1135 5528 1490 5584 admonemur
1528 5525 1810 5600 exemplo.

426 5724 461 5759 ⁸
495 5715 627 5774 Pro.
653 5716 925 5771 euectauit.

2076 4609 2175 4649 nos
2206 4593 2410 4649 diutius
2441 4604 2854 4664 persequantur.
2895 4595 3034 4650 Juin
3077 4597 3146 4650 de
3175 4595 3461 4665 preSSuris,
3492 4595 3666 4651 tribu-

2073 4685 2364 4741 lationibus
2398 4697 2453 4743 et
2499 4686 2760 4757 angustiis
2786 4700 3050 4743 vorantur
3093 4691 3156 4742 ad
3199 4691 3461 4760 requiem,
3510 4691 3660 4762 impii

2071 4794 2209 4836 vero
2237 4779 2305 4835 de
2347 4780 2577 4835 luxuriis
2601 4789 2656 4835 et
2699 4780 2892 4849 Opibus
2933 4790 2988 4835 et
3016 4781 3224 4836 deliciis
3267 4783 3548 4851 rapiuntur
3593 4783 3662 4838 ad

2071 4887 2306 4944 poenam.
2327 4872 2410 4928 Illi
2435 4874 2576 4928 enim
2603 4873 2813 4930 vadunt
2832 4887 2890 4928 ut
2913 4874 3177 4944 judicent.
3212 4875 3302 4930 isti
3331 4889 3386 4930 ut
3410 4875 3664 4946 judicen-

2065 4977 2180 5031 lUI‘;
2217 4967 2289 5020 illi
2325 4976 2381 5022 ut
2402 4966 2774 5034 vindicentur,
2804 4969 2891 5022 isti
2926 4979 2982 5022 ut
3014 4968 3064 5022 in
3105 4983 3201 5023 eos
3247 4967 3490 5024 vindicta
3515 4969 3664 5025 cele-

2064 5061 2267 5124 bratur.
2316 5063 2455 5116 sicut
2481 5061 2742 5132 scriptum
2789 5072 2872 5118 est
2910 5082 2921 5116 ς
2964 5061 3146 5119 Justus
3194 5070 3365 5120 autem
3413 5064 3457 5119 ei
3499 5075 3663 5118 marte

2062 5162 2451 5223 praeoccupatus
2476 5154 2652 5225 fuerit,
2688 5155 2744 5209 in
2770 5155 3038 5226 refrigerio
3063 5155 3159 5209 erit
3193 5155 3353 5225 (Sap.
3375 5170 3448 5220 tv,
3477 5155 3559 5225 7).
3589 5157 3662 5212 Et

2061 5245 2252 5300 iterum
2284 5263 2296 5299 :
2339 5245 2522 5300 Vivent
2546 5248 2677 5300 inter
2705 5259 2997 5320 peccatores
3037 5247 3317 5303 translatus
3345 5257 3420 5301 est
3451 5243 3656 5316 (Ibid.,

2063 5339 2174 5408 ill).
2211 5341 2276 5395 Et
2303 5339 2497 5396 iterum
2525 5359 2540 5396 :
2574 5339 2782 5396 Placita
2808 5341 2944 5396 enim
2966 5352 3074 5396 erat
3113 5339 3224 5396 Deo
3253 5339 3430 5394 anima
3454 5342 3656 5412 ejus,et

2057 5431 2174 5486 ideo
2207 5435 2498 5504 properavit
2527 5433 2592 5488 de
2617 5435 2782 5490 medio
2811 5434 3098 5506 iniquitatis
3128 5434 3326 5503 eripere
3344 5448 3461 5490 eum
3483 5433 3654 5500 (Ibid.

2059 5523 2180 5598 14.)
2211 5525 2281 5584 Et
2303 5527 2501 5584 iterum
2529 5546 2544 5584 :
2581 5526 2709 5585 Cum
2727 5527 2901 5600 impiis
2929 5529 3026 5584 iter
3061 5531 3131 5585 ad
3159 5537 3411 5596 mortem;
3439 5522 3523 5581 illi
3550 5539 3662 5579 ate-
