4000 6186
197 239 305 312 ω

197 369 292 425 t’e‘r't't
327 373 445 425 sunt
470 368 527 424 in
552 371 683 438 pace
701 366 859 438 (Sep.
883 381 972 434 tu,
995 367 1077 438 5).
1104 366 1272 426 Vides
1301 387 1431 444 ergo
1453 372 1592 430 hanc
1632 375 1778 430 solu-
1805 379 1862 438 Α

196 460 394 518 tionem
420 463 670 534 corporis
686 461 844 533 iustis
863 470 920 517 et
941 461 1036 517 Dei
1064 463 1363 520 cultoribus
1377 467 1618 536 retiuiem
1633 482 1774 535 esse,

193 570 300 612 non
327 571 568 627 poenam;
595 565 649 612 et
677 571 796 612 cum
825 556 1214 626 dissolvuntur,
1243 559 1460 616 liberari
1483 575 1579 618 eos
1603 562 1778 633 potius

189 670 348 725 quam
375 656 568 724 perire.
601 655 672 709 Et
701 653 904 709 idcirco
947 655 1119 724 ipsam
1163 656 1488 712 solutionem
1521 659 1611 728 qui
1642 658 1778 713 lide-

188 746 268 803 les
293 760 412 803 sunt
437 763 537 803 nec
569 748 765 803 timent
797 759 897 804 nec
927 758 1204 816 verentur,
1251 749 1347 804 sed
1391 751 1578 805 venire
1606 751 1777 822 magis

187 837 488 894 desiderant
517 850 573 896 et
607 850 630 877 ⁸
664 850 945 910 exoptant,
979 856 1077 911 per
1103 857 1260 912 quam
1291 843 1392 897 sibi
1430 844 1668 913 requiem
1695 846 1774 899 in-

186 932 420 1002 telligunt
450 933 731 1000 exhiberi,
761 949 870 989 non
901 949 1143 1004 poenam.
1176 934 1344 1005 Iniqui
1384 951 1514 991 vero
1540 945 1593 991 et
1624 935 1773 1006 impii

185 1034 232 1080 et
257 1043 471 1082 suorum
502 1028 778 1084 scelerum
802 1029 1005 1083 conscii
1031 1045 1147 1085 eam
1171 1029 1362 1084 merito
1385 1029 1618 1084 naturali
1645 1046 1770 1100 pro.

182 1113 407 1173 viden‘tia
435 1120 851 1189 pertimescunt,
882 1135 981 1191 per
1009 1135 1168 1188 quam
1196 1134 1255 1177 se
1279 1137 1384 1176 non
1414 1123 1662 1177 nesciunt
1688 1121 1774 1191 ju-

178 1211 363 1268 dicari.
395 1213 742 1286 Quapropter
787 1214 890 1269 hac
927 1215 1137 1270 ratione
1165 1215 1378 1271 reddita
1426 1223 1480 1270 et
1527 1217 1768 1286 accepta,

175 1320 278 1360 non
305 1315 514 1377 oportet
546 1323 646 1363 nos
672 1307 895 1362 omnino
917 1323 1164 1379 peccare,
1193 1312 1493 1379 prtesertim
1516 1325 1638 1365 cttm
1665 1326 1768 1364 non

174 1398 482 1468 ignoremus
499 1397 885 1472 peccatoribus
907 1399 1169 1472 judicium
1195 1411 1250 1458 et
1273 1400 1325 1457 in
1342 1404 1599 1473 praesenti
1627 1417 1766 1470 esse,

173 1498 220 1546 et
247 1490 297 1546 in
329 1490 521 1550 futuro
551 1493 780 1550 servari.
1113 1571 1118 1576 ι

787 1581 1017 1641 CAPUT
1058 1584 1148 1640 Vl.

168 1671 488 1730 Indecor'um
523 1687 594 1730 est
634 1659 918 1732 Christiani
946 1694 1129 1732 nomen
1165 1677 1262 1731 sibi
1287 1695 1530 1751 arrogare
1556 1681 1664 1735 sine
1689 1697 1760 1735 re.

1216 244 1310 310 DE
1347 246 1512 312 Vl‘l‘A
1545 249 1960 313 CHRISTIANA
1997 254 2207 316 LIBER
2242 256 2448 318 UNUS.

3378 249 3486 323 590

2482 376 2712 436 CAPUT
2761 380 2851 438 VII

1883 470 2025 527 Deus
2051 487 2257 541 set‘nper
2285 472 2494 542 justitia
2525 480 2759 546 placatus
2790 476 2912 545 fuit,
2941 486 2987 531 et
3013 477 3271 549 injustitia
3305 477 3474 549 o/fett-

1951 656 2060 715 Sed
2092 673 2160 714 ne
2189 673 2274 714 me
2306 674 2370 714 ex
2399 669 2560 714 sensu
2593 660 2817 728 proprio
2848 660 2996 731 loqui
3033 664 3156 732 quis
3179 663 3474 720 arbitretur

1880 759 1974 806 aut
1997 752 2200 818 credat,
2231 763 2323 806 aut
2348 768 2470 808 eum
2504 757 2653 821 putet
2687 764 2747 808 se
2777 752 2939 809 facile
2969 767 3130 823 posse
3163 768 3476 814 contemne-

1879 859 1969 911 re,
2003 847 2143 915 quod
2172 859 2267 900 sua
2299 846 2481 913 potius
2503 846 2782 901 voluntate
2813 859 2971 917 quam
2997 847 3133 916 legis
3153 850 3475 905 auctoritate

1877 933 2156 1003 laquatur';
2181 937 2290 1006 jam
2322 951 2463 992 nunc
2487 938 2658 1005 ipsius
2687 939 2844 1007 legis,
2871 939 3027 1005 cujus
3047 940 3337 1009 praceptis
3367 955 3465 995 no.

1877 1025 1960 1080 bis
2003 1029 2131 1082 vitae
2183 1027 2364 1082 aditus
2413 1031 2672 1096 aperitur,
2715 1037 2826 1083 tam
2861 1032 3063 1086 veteris
3109 1045 3272 1101 quam
3319 1046 3476 1088 nova

1876 1119 2126 1190 incipiam
2152 1122 2401 1190 exempla
2444 1119 2710 1191 proferre,
2741 1119 2798 1177 εἰ
2837 1122 3131 1180 ostendere
3170 1126 3297 1195 quid
3333 1125 3476 1180 Deus

1875 1212 1944 1268 ab
1975 1213 2128 1267 initio
2158 1211 2378 1268 llstatus
2422 1211 2609 1269 mundi
2655 1214 2894 1270 humano
2945 1217 3135 1286 generi
3183 1218 3475 1274 observare

1874 1309 2216 1378 pmceperit,
2250 1308 2302 1363 in
2333 1319 2441 1380 quo
2471 1323 2690 1378 semper
2723 1312 2968 1380 placatus
2997 1313 3160 1368 fuerit
3189 1313 3272 1368 vel
3303 1311 3475 1368 offen-

1875 1413 1988 1455 sus.
2019 1399 2165 1470 Lego
2195 1404 2339 1456 enim
2372 1411 2496 1472 post
2538 1403 2730 1468 Adam,
2776 1406 2864 1474 qui
2898 1415 2926 1458 a
2969 1407 3080 1459 Deo
3111 1407 3314 1475 primus
3365 1407 3472 1459 for-

1872 1504 2054 1550 matus
2086 1504 2169 1551 est
2204 1494 2359 1567 (Gen.
2403 1511 2452 1565 ι,
2479 1497 2598 1566 27),
2634 1498 2702 1552 de
2736 1502 2891 1568 cujus
2923 1513 3087 1554 causa
3117 1513 3260 1553 nunc
3285 1500 3472 1555 dicen-

1869 1585 1998 1641 dum
2026 1597 2130 1641 non
2163 1597 2264 1653 est,
2294 1588 2345 1640 in
2376 1588 2599 1642 exordio
2628 1590 2810 1644 mundi
2841 1591 2973 1646 Cain
3016 1600 3072 1644 et
3101 1590 3233 1646 Abel
3270 1589 3467 1644 fratres

1872 1678 2039 1734 fuisse
2077 1694 2372 1749 germanos
2401 1679 2555 1748 (Gen.
2588 1695 2658 1747 tv,
2697 1685 2719 1736 1
2767 1689 2900 1754 seq.)
2936 1700 2950 1737 :
2997 1698 3028 1737 e
3074 1684 3271 1753 quibus
3328 1697 3469 1739 unus

233 1765 350 1821 Nec
376 1768 435 1820 in
463 1767 574 1846 huc
599 1769 754 1824 nobis
795 1769 1012 1825 nomine
1043 1778 1273 1837 tantum,
1308 1772 1449 1840 quod
1475 1771 1761 1827 Christiani
1797 1760 1844 1820 Β
1872 1771 1983 1826 Deo
2009 1771 2231 1840 placuit,
2264 1785 2332 1826 eo
2364 1772 2506 1841 quod
2535 1774 2796 1827 innocens
2829 1785 2976 1829 esset
3004 1783 3061 1829 et
3087 1775 3295 1842 justus:
3327 1775 3470 1829 alter

162 1857 433 1925 dicimur,
466 1845 827 1926 blandiamur,
861 1861 956 1916 sed
989 1873 1210 1933 propter
1238 1861 1342 1918 hoc
1371 1866 1533 1919 etiam
1560 1881 1657 1919 nos
1681 1867 1766 1934 ju-

161 1947 426 2006 dicaudos
461 1951 764 2019 credamus,
794 1955 837 2010 si
870 1971 1069 2010 nomen
1102 1951 1255 2011 nobis
1297 1957 1494 2011 frustra
1524 1953 1766 2013 vindice-

161 2055 274 2095 mus
304 2043 580 2099 alienum.
613 2046 718 2100 Aut
743 2045 787 2100 si
815 2045 1010 2115 aliquis
1037 2056 1144 2102 tam
1172 2047 1490 2103 incredulus
1521 2057 1622 2114 est,
1657 2059 1764 2104 tam

162 2130 417 2202 infidelis,
457 2145 566 2189 tam
605 2137 876 2206 pertinax,
911 2145 1019 2192 tam
1060 2139 1391 2207 obstinatus,
1427 2149 1532 2194 tam
1563 2144 1761 2210 audax,

165 2234 214 2280 ut
265 2235 388 2298 qute
419 2231 751 2301 quandoque
787 2240 1008 2286 ventura
1041 2241 1145 2300 est,
1189 2230 1217 2270 ι)
1248 2232 1341 2288 Dei
1385 2233 1587 2303 judicis
1629 2239 1763 2290 iram

163 2319 711 2395 iudiguationcmque
741 2339 846 2379 non
867 2326 1193 2393 metuat,vel
1215 2325 1504 2381 humanam
1534 2343 1764 2384 consue-

159 2412 394 2470 tudinem
429 2419 751 2483 erubescat;
779 2429 833 2473 et
860 2419 1040 2474 videat
1067 2435 1229 2490 quam
1259 2422 1466 2480 brutus,
1495 2437 1654 2492 quam
1681 2424 1765 2478 in-

158 2505 348 2574 sipiens
380 2510 505 2577 ille,
542 2527 702 2580 qttam
738 2512 933 2566 stultus
959 2513 1026 2567 ab
1049 2513 1180 2582 ipsis
1202 2515 1368 2568 etiam
1402 2515 1759 2584 gentibusiu-

157 2596 378 2668 dicetur,
416 2605 581 2673 cujus
619 2615 766 2659 tanta
796 2614 881 2660 est
911 2607 1124 2660 vanitas
1173 2616 1429 2675 tantaque
1461 2607 1757 2675 dementia,

157 2699 206 2746 ut
231 2694 331 2752 sibi
368 2715 577 2754 nomen
619 2701 949 2770 adipiscatur
978 2699 1237 2756 alienum.
1282 2702 1415 2770 Quis
1455 2703 1599 2756 enim
1650 2710 1758 2756 tam

156 2793 310 2840 vanus
343 2797 400 2842 et
438 2789 610 2845 miser
642 2801 747 2858 est,
783 2792 875 2861 qui
905 2793 1250 2858 advocatum,
1280 2809 1400 2847 cum
1433 2793 1639 2848 litteras
1668 2807 1763 2848 ne-

155 2875 264 2943 δείῑ»
292 2879 503 2936 audeat
534 2882 817 2952 profiteri?
865 2884 996 2953 Quis
1029 2894 1137 2941 tam
1183 2888 1405 2941 insanus
1438 2894 1492 2940 et
1536 2899 1758 2950 excors,

154 2973 201 3019 ιιι
224 2973 566 3038 profiteatur
602 2975 856 3040 militem,
911 2979 999 3045 qui
1053 2978 1262 3032 nesciat
1303 2993 1453 3030 arma
1501 2976 1762 3045 gestare?

151 3051 313 3117 Nemo
341 3065 499 3119 enim
530 3067 915 3136 quodcumque
947 3083 1143 3123 nomen
1175 3071 1293 3122 sine
1319 3081 1480 3122 causa
1512 3068 1757 3120 sortitur.

1871 1881 2026 1930 vero,
2058 1867 2184 1936 quia
2223 1866 2460 1936 injustns
2492 1877 2544 1919 et
2575 1881 2797 1930 nocens.
2841 1867 2953 1921 Deo
2983 1868 3198 1937 placere
3235 1884 3342 1923 non
3374 1883 3468 1936 po-

1872 1959 1994 2013 tuit.
2038 1957 2244 2013 Deinde
2285 1959 2683 2012 interveniente
2715 1969 2980 2028 tempore,
3013 1960 3194 2013 Enuch
3227 1961 3360 2014 satis
3386 1960 3470 2029 ju-

1871 2059 2013 2104 stum
2039 2047 2206 2103 fuisse
2236 2047 2516 2116 Scriptura
2549 2049 2799 2118 designat
2828 2047 2981 2119 (Gen.
3013 2063 3061 2105 v.
3095 2050 3168 2104 2?.
3190 2049 3344 2120 τεῳ),
3377 2051 3464 2105 cui

1873 2151 2079 2197 tantum
2107 2141 2316 2212 justitia
2361 2141 2610 2208 contulit,
2651 2149 2710 2194 ut
2747 2155 2848 2196 nec
2880 2153 3198 2208 prteseutem
3236 2149 3462 2195 mortem

1871 2237 2056 2303 sciret,
2089 2237 2184 2292 sed
2217 2245 2272 2292 et
2302 2237 2365 2289 ad
2408 2236 2873 2290 immmtalitatem
2906 2235 2973 2288 de
3008 2235 3186 2288 medio
3220 2235 3461 2288 omnium

1872 2329 2180 2384 mortalium
2213 2328 2560 2397 singulauiter
2592 2336 2892 2396 raperetur.
2937 2326 3100 2394 Cujus
3134 2334 3467 2380 lliOltSU‘ﬂllll‘

1869 2421 2140 2491 exemplo,
2193 2435 2360 2475 unum
2405 2420 2515 2474 Dm
2554 2422 2570 2485 j
2615 2433 2755 2475 stum
2803 2419 3048 2488 plurimis
3095 2417 3467 2486 peccatodbns

1869 2511 2196 2567 chariorem.
2239 2513 2354 2567 Noe
2385 2527 2598 2579 quoque
2629 2523 2682 2565 ct
2709 2512 2798 2566 ilie
2843 2514 3020 2577 justus
3059 2511 3214 2577 (Cm.
3265 2526 3349 2579 vt,
3383 2507 3461 2583 8).

1868 2607 1955 2663 cui
1983 2609 2208 2675 justitim
2239 2611 2490 2662 meritum
2543 2608 2672 2675 quid
2734 2609 3046 2676 Ρ¹’τε“¹ί¹⁴’¹’⁸¹
3095 2620 3364 2670 ⁸“⁴’⁸’“¹¹“¹⁶⁹
3409 2615 3467 2660 ω

1868 2699 1970 2768 ipsi
2002 2715 2123 2754 cum
2158 2701 2272 2753 suis
2297 2711 2502 2754 tantum
2535 2702 2640 2752 vita
2675 2698 2918 2764 daretur,
2949 2715 3043 2763 per
3067 2699 3324 2751 tliluvtum
3355 2708 3468 2751 toto

1867 2790 2071 2844 mundo
2103 2793 2377 2846 damnato.
2407 2793 2681 2846 Abraham
2711 2791 2836 2858 quid
2884 2807 2978 2855 per
3007 2789 3131 2843 fidei
3161 2803 3208 2840 et
3241 2787 3466 2855 justitite

1869 2884 2121 2938 meritum
2154 2897 2477 2939 consecutus
2510 2884 2579 2934 sit
2609 2882 2888 2948 Scriptura
2926 2888 3154 2932 testatur
3187 2877 3344 2946 (Gen.
3372 2893 3464 2944 xv,

1866 2973 1924 3040 5,
1953 2973 2032 3042 6),
2067 2985 2124 3028 ut
2157 2977 2248 3028 illo
2291 2979 2341 3027 in
2379 2988 2624 3039 tempore
2674 2975 2825 3025 stilus
2873 2987 3083 3024 :HlIlt'llS
3115 2971 3207 3022 Dei
3238 2978 3382 3022 esset
3414 2969 3466 3024 in

1870 3068 2048 3128 terris,
2083 3069 2169 3134 qui
2223 3068 2373 3119 solus
2424 3067 2594 3118 fuerat
2622 3063 2802 3129 justus
2847 3065 3119 3114 inventus.
3156 3059 3291 3113 Lolli
3340 3075 3469 3115 vero

150 3146 302 3208 Sutor
345 3165 412 3209 ut
446 3153 697 3223 dicatur,
734 3171 960 3211 necesse
985 3168 1066 3212 est
1098 3169 1156 3212 ιιι
1187 3158 1556 3211 calceamenta
1589 3154 1758 3206 couil-
1791 3143 1836 3202 C
1871 3154 2025 3226 (Gen.
2060 3172 2170 3219 xix,
2207 3156 2296 3225 1‘3)
2340 3168 2396 3208 ut
2426 3153 2780 3224 pereuntibus
2807 3166 3018 3205 mancus
3050 3155 3119 3207 de
3161 3152 3468 3204 Sodomita-

150 3243 274 3312 ciat;
313 3255 382 3300 ut
417 3256 646 3300 vocetur
671 3248 792 3316 quis
821 3246 972 3302 faber
1007 3259 1100 3301 aut
1138 3247 1360 3310 artifex,
1407 3247 1540 3298 artis
1574 3244 1763 3314 peritia

150 3334 313 3402 facit;
366 3344 434 3390 ιιι
481 3339 762 3408 negotians
808 3349 1150 3408 nuncupetur
1195 3340 1338 3408 quis,
1372 3337 1593 3391 charius
1623 3339 1764 3406 quod

152 3429 308 3484 vilius
342 3442 568 3486 emerat
613 3432 890 3489 distrahit.
942 3433 1264 3502 Huiusmodi
1313 3433 1457 3487 enim
1501 3434 1767 3502 exemplis

153 3524 506 3592 agnoscimus
538 3526 747 3581 nullum
790 3527 911 3583 sine
942 3535 1065 3581 actu
1098 3542 1319 3594 nomen,
1367 3526 1462 3581 sed
1495 3542 1654 3580 omne
1701 3541 1764 3581 ex

159 3624 270 3672 actu
299 3633 534 3674 nomen.
568 3617 650 3674 Tu
683 3635 815 3691 ergo
850 3621 1126 3692 quomodo
1155 3619 1502 3676 Christianus
1541 3617 1763 3688 diciiris,

162 3705 209 3761 in
237 3725 347 3779 quo
383 3711 568 3766 nullus
597 3711 896 3768 Christiani
923 3722 1073 3767 actus
1094 3754 1107 3777 ,
1145 3710 1490 3766 Citrisuanus
1516 3709 1765 3779 justitizc,

169 3796 445 3867 bonitatis,
484 3803 840 3875 integritatis,
887 3805 1185 3874 patientiae,
1217 3805 1504 3872 castitatis,
1539 3803 1772 3873 pruden-

169 3892 269 3963 tiae,
306 3907 329 3936 ε
364 3897 715 3968 humilitatis,
748 3900 1122 3961 humanitatis,
1160 3899 1507 3963 innocentiae,
1556 3896 1772 3966 [delatis

170 3995 477 4048 estnomen
516 4011 528 4046 :
565 4004 619 4048 et
667 4005 722 4048 tu
775 3993 908 4048 illud
955 3993 1048 4047 tibi
1097 3993 1372 4063 quomodo
1423 3991 1666 4046 defendis
1716 3999 1772 4044 ct

172 4079 424 4153 vindicas,
464 4086 555 4142 cui
580 4087 648 4143 de
684 4097 798 4144 tam
835 4088 1084 4155 plurimis
1125 4087 1286 4143 rebus
1317 4102 1415 4142 nec
1445 4102 1613 4156 pauca
1645 4086 1775 4140 sub-

176 4173 392 4236 sistunt?
419 4180 769 4237 Christianus
801 4183 895 4236 ille
916 4192 1020 4252 est,
1047 4183 1135 4252 qui
1166 4197 1271 4236 non
1300 4181 1516 4235 nomine
1540 4191 1769 4246 tantum,

177 4268 257 4324 88d
285 4287 454 4342 Opere
481 4284 595 4344 est;
632 4277 725 4333 ille
744 4278 843 4348 qui
874 4273 1146 4330 Christum
1179 4277 1230 4330 in
1257 4275 1505 4330 omnibus
1533 4275 1774 4328 imitatur

181 4368 227 4415 ει
250 4369 526 4438 Statuitur;
551 4370 643 4441 qui
675 4381 930 4438 sanctus,
966 4371 1254 4435 innocens,
1293 4369 1771 4433 incontaminatus,

175 4448 406 4516 intactus.
433 4469 549 4521 est:
581 4461 740 4532 cujus
771 4463 824 4518 in
869 4469 1093 4532 pectore
1131 4460 1331 4514 malitia
1366 4476 1470 4514 non
1503 4458 1666 4513 habet
1699 4459 1777 4511 lo-

1871 3261 1992 3300 rum
2035 3246 2365 3300 liberaretur
2409 3245 2680 3308 incendio,
2714 3245 2838 3308 qud
2870 3245 3016 3296 aliud
3049 3257 3209 3311 Quam
3239 3243 3468 3310 justttite

1873 3338 2124 3392 meritmn
2171 3337 2306 3391 fuit?
2339 3338 2581 3405 Longum
2615 3349 2692 3390 est
2727 3351 2824 3391 nos
2877 3343 2956 3390 ire
2986 3352 3080 3408 per
3121 3337 3391 3404 sint-olus,
3413 3344 3470 3393 et

1873 3431 2112 3484 omnium
2156 3432 2346 3486 merita
2379 3445 2690 3486 recensere.

2471 3547 2693 3603 (‘APUT
2736 3545 2867 3602 Vill.

1874 3635 2142 3696 Israelitas
2165 3639 2277 3695 ideo
2301 3641 2472 3722 multis
2507 3642 2721 3722 miseriis
2745 3635 2918 3711 nﬂlixit
2954 3635 3112 3710 Deus,
3133 3643 3189 3695 ut
3215 3641 3284 3696 ad
3310 3651 3468 3713 opera

2409 3714 2610 3781 pietatis
2640 3714 2934 3765 instrueret.

1945 3801 2208 3873 Populum
2239 3803 2544 3870 Judaicnm,
2573 3818 2734 3872 quem
2780 3804 2843 3854 ad
2889 3818 2950 3856 se
2974 3803 3117 3858 Deus
3140 3804 3370 3873 primum
3397 3816 3458 3860 es

1874 3895 2084 3950 semine
2137 3891 2411 3948 Abraham
2472 3901 2583 3962 pra:
2637 3892 2847 3947 caeteris
2887 3893 3148 3962 gentibus
3197 3896 3469 3960 pertinere

1873 3988 2104 4057 optavit,
2139 3987 2409 4054 quomodo
2442 3977 2724 4052 erudierit,
2757 3982 2884 4055 quid
2911 4001 3060 4048 enim
3102 3994 3158 4037 ut
3200 3983 3308 4037 sibi
3357 3986 3469 4050 pta-

1874 4092 2046 4145 ceret,
2073 4082 2272 4147 facere,
2298 4080 2425 4152 quid
2459 4081 2756 4136 observare
2794 4078 3140 4149 przcceperit,
3183 4080 3327 4132 scire
3367 4091 3468 4133 nus

1875 4179 2147 4229 convenit.
2177 4173 2360 4228 Primo
2398 4172 2452 4228 in
2486 4173 2632 4238 loco,
2663 4171 2804 4243 quod
2831 4170 3096 4226 derelicta
3147 4171 3368 4240 regnate
3413 4173 3468 4226 in

1875 4282 1978 4337 qua
2023 4267 2266 4319 habitare
2293 4281 2510 4335 semper
2550 4273 2853 4334 optaverat,
2899 4265 3177 4334 patriaque
3229 4262 3469 4329 deserta,

1876 4361 1929 4412 in
1956 4359 2185 4414 alienam
2217 4359 2577 4427 provinciam,
2613 4362 2716 4412 hoc
2744 4367 2853 4422 est,
2891 4359 2941 4411 in
2977 4355 3272 4428 Egyptum
3308 4365 3332 4395 ο
3361 4357 3465 4412 mi-

1878 4470 2034 4522 grare
2065 4455 2214 4517 fecit,
2248 4469 2353 4508 non
2389 4456 2507 4507 sine
2527 4467 2690 4506 causa
2726 4465 2829 4505 nec
2853 4453 2974 4506 sine
3007 4452 3099 4506 Dei
3131 4453 3472 4521 providentia

175 4555 302 4615 Cum.
328 4551 500 4624 etljus
540 4554 595 4609 in
628 4529 849 4625 pectore
874 4529 1004 4608 sola
1048 4555 1217 4624 pietas
1249 4554 1496 4609 consistit
1533 4563 1584 4606 et
1614 4553 1774 4607 boui-
1804 4529 1854 4587 D
1883 4546 2082 4600 factum
2116 4561 2238 4601 esse
2275 4561 2429 4600 reor.
2460 4545 2568 4600 Sed
2600 4542 2742 4597 hanc
2771 4541 2938 4596 fuisse
2975 4551 3109 4609 puto
3157 4545 3424 4596 rationem
3451 4555 3470 4593 :

179 4642 276 4706 ‘35;
303 4645 407 4714 qui
443 4647 717 4703 neminem
759 4649 908 4703 novit
948 4661 1145 4702 nocere
1171 4647 1252 4699 vel
1281 4645 1503 4708 laedere,
1538 4645 1630 4698 sed
1662 4659 1778 4697 om-

184 4729 317 4790 nibus
341 4753 512 4810 opem
538 4737 703 4795 ferre.
735 4739 1088 4796 Christianus
1128 4738 1220 4792 ille
1268 4745 1372 4802 est,
1405 4737 1495 4807 qui
1525 4737 1776 4802 exemplo

182 4817 364 4887 Christi
415 4848 517 4889 nec
557 4834 807 4891 inimicos
837 4837 1001 4890 noviet
1041 4833 1212 4896 odire,
1246 4830 1340 4886 sed
1373 4831 1545 4901 magis
1590 4829 1778 4883 adVer-

190 4923 416 4981 santibus
446 4926 550 4984 sibi
579 4927 930 4997 benefacere,
971 4935 1037 4984 et
1077 4941 1176 4996 pro
1204 4924 1640 4994 persecutoribus
1666 4925 1779 4978 suis

195 5019 240 5065 ει
267 5011 515 5076 hostibus
544 5036 775 5078 exorare
808 5042 821 5078 :
868 5039 992 5078 nam
1046 5027 1100 5073 et
1138 5016 1380 5088 quisquis
1431 5017 1662 5086 aliquem
1695 5017 1786 5071 lae-

197 5101 310 5165 dere
334 5123 431 5169 aut
458 5131 659 5172 nocere
711 5127 930 5188 paratus
990 5120 1094 5177 est.
1133 5114 1223 5168 ille
1279 5113 1542 5167 mentitur
1577 5127 1635 5166 se
1666 5126 1789 5167 esse

199 5193 569 5264 Christianum.
612 5208 957 5267 Christianus
989 5218 1092 5273 est,
1145 5207 1234 5275 qui
1272 5215 1445 5272 potest
1472 5204 1614 5274 justo
1655 5221 1789 5260 voce

199 5285 355 5355 dicere
387 5300 712 5363 :Neminem
743 5306 904 5362 nocui
962 5301 1274 5368 hominem,
1317 5299 1461 5370 justc
1509 5299 1615 5354 vixi
1664 5315 1788 5355 cum

199 5390 446 5453 omnibus.

261 5551 286 5625 ξ
320 5547 447 5625 lips.
479 5559 627 5616 tres,
659 5563 978 5625 exspectant.

260 5608 288 5653 ι’
322 5609 488 5677 hbe“
515 5608 626 5678 vox'
654 5608 800 5679 Dei'a
824 5608 955 5682 mss.

268 5693 289 5753 ε
329 5690 487 5749 Deest
518 5694 723 5751 inmss.
759 5715 861 5752 vox
893 5695 1218 5753 humilitatis.

264 5748 295 5794 ‘
326 5748 422 5821 Sic
440 5748 694 5826 notiores
711 5748 861 5825 ius;
873 5748 1128 5826 mam:
1138 5748 1352 5826 Eoum.

1007 5881 1044 5888 θ*
1065 5885 1070 5888 ν
1087 5883 1218 5901 τεφυ›ρ-

1880 4640 2005 4710 quia
2035 4639 2175 4693 Deus
2208 4639 2466 4708 populum
2494 4652 2651 4692 suum
2697 4647 2855 4702 quem
2894 4634 3135 4700 elegerat
3169 4631 3215 4697 ί,
3255 4630 3471 4688 miseria-

1881 4733 2104 4798 cordiue,
2132 4730 2373 4801 pietatis,
2403 4729 2648 4800 justitize,
2678 4727 3002 4795 exterisque
3031 4724 3188 4779 bonis
3217 4724 3473 4792 operibus

1881 4826 2106 4894 cupieiis
2144 4825 2385 4891 erudire,
2438 4824 2608 4878 voluit
2661 4833 2782 4877 eum
2833 4821 2883 4874 in
2913 4828 3103 4875 extera
3156 4821 3327 4890 patria
3375 4831 3473 4888 pro

1883 4930 2130 4989 tempore
2161 4934 2284 4972 esse
2309 4916 2650 4987 peregrinum
2682 4921 2738 4968 et
2763 4915 3062 4982 captivum,
3097 4922 3154 4967 ut
3192 4913 3478 4982 captivita-

1888 5017 1958 5070 tis
1987 5025 2040 5068 et
2069 5011 2519 5084 peregrinationis
2567 5009 2838 5063 miseriam
2867 5006 3104 5061 disceret
3145 5019 3197 5062 et
3229 5007 3475 5074 laboris;

1889 5125 1999 5180 quo
2023 5107 2233 5162 facilius
2263 5103 2602 5176 postmodum
2638 5101 2885 5156 misereri
2927 5100 3402 5170 peregrinantibus
3423 5111 3479 5155 et

1894 5199 2266 5258 laborantibus
2295 5205 2499 5257 nosset,
2532 5196 2575 5250 si
2607 5195 2723 5263 ipse
2738 5199 2870 5247 ante
2895 5192 3348 5262 peregrinationis
3379 5193 3482 5245 ini-

1891 5296 2060 5352 serias
2091 5292 2389 5348 didicisset.
2421 5287 2590 5344 Nemo
2618 5288 2763 5342 enim
2796 5287 3084 5357 peregrino
3114 5295 3218 5339 tam
3245 5281 3482 5340 libenter

1895 5390 2182 5445 miseretur
2207 5394 2260 5441 et
2291 5383 2537 5451 advenas,
2572 5381 2671 5436 nisi
2703 5380 2792 5450 qui
2830 5378 3276 5449 peregrinationis
3304 5377 3484 5432 exitus

1965 5552 1988 5581 ⁸
2040 5542 2210 5597 Abest
2238 5555 2266 5594 a
2309 5539 2610 5608 potioribus
2657 5550 2788 5591 mss.
2835 5535 3080 5607 migrare,
3139 5550 3238 5607 pro
3267 5549 3375 5607 quo
3427 5535 3481 5598 in

1896 5613 2129 5681 Sorbon.
2160 5613 2262 5676 ire,
2297 5604 2436 5681 apud
2469 5604 2714 5668 Holsten.
2745 5609 2865 5667 itera

1973 5679 2000 5725 τ
2035 5684 2129 5742 Sic
2157 5674 2404 5740 Holsten.
2434 5691 2601 5740 recte.
2634 5682 2928 5741 Abest'vox
2954 5691 3109 5755 quem
3135 5679 3191 5738 in
3213 5677 3349 5738 edit.
3369 5674 3478 5739 ΒΒ.
