4000 6186
490 248 593 310 59!

1525 240 1822 300 FASTIDII
1861 237 2362 299 BRITANNORUM
2403 236 2714 297 EPISCOPI

494 364 663 420 novit.
689 359 860 415 Nemo
900 356 978 413 sic
1021 356 1289 426 hospitem
1321 362 1376 410 et
1411 355 1527 410 sine
1562 364 1726 424 tecto,
1772 372 1874 412 suo
1911 357 2083 412 intro-
2108 358 2161 418 Α
2189 371 2350 427 quam
2396 356 2789 426 Prophetarum
2835 364 3085 412 constare
3128 364 3481 427 praeceptum,
3536 364 3589 411 et
3627 357 3784 413 illum

492 457 642 511 ducit
671 453 928 520 hospitio,
963 451 1066 505 nisi
1095 457 1153 503 ιιι
1194 448 1285 517 qui
1316 457 1445 503 ante
1477 446 1707 517 indiguit
1748 447 1946 505 alieno.
1980 447 2085 504 Ne-

493 568 580 605 mo
612 551 685 603 ita
716 547 1045 602 esurientem
1078 543 1240 607 cibat,
1289 556 1449 597 nemo
1491 543 1569 597 sic
1603 542 1878 597 sitientem
1906 552 2077 613 potat,

494 642 596 695 nisi
650 652 708 693 ut
747 638 839 708 qui
881 638 1030 693 sitim
1077 636 1424 705 esuriemque
1452 648 1745 705 perpessus
1784 643 1889 705 est.
1916 634 2087 691 Nemo

493 745 601 789 tam
631 732 785 787 facile
810 728 1014 785 nudum
1043 728 1157 784 suis
1183 728 1364 798 operit
1389 727 1750 794 vestimentis,
1796 742 1957 798 quam
1990 728 2084 798 qui

494 827 755 884 nuditatis
786 834 842 881 et
874 823 1092 895 frigoris
1122 822 1273 878 novit
1307 822 1583 892 injuriam.
1614 820 1786 877 Nemo
1813 820 1891 877 sic
1918 821 2090 877 tribu—

492 921 622 976 lauti
673 928 731 975 et
758 919 968 975 misero
1007 926 1062 972 et
1109 913 1379 971 laboranti
1424 914 1717 981 succurrit,
1769 913 1874 968 nisi
1912 920 1971 968 ut
1994 912 2086 983 qui

493 1010 904 1067 tribulationum
935 1018 991 1065 et
1017 1008 1359 1065 miseriarum
1408 1021 1568 1063 casus
1612 1014 1870 1075 expertus
1913 1014 1997 1060 est
2032 1014 2089 1061 et

495 1103 769 1159 laborum.
802 1101 991 1157 Merito
1021 1114 1151 1171 ergo
1178 1099 1325 1155 Deus
1357 1096 1747 1153 misericordia:
1776 1104 1830 1151 et
1866 1097 2086 1166 pietatis

494 1198 773 1266 magister,
819 1194 913 1265 qui
938 1200 1110 1263 legem
1163 1189 1509 1262 postmodum
1552 1198 1671 1244 erat
1699 1188 1962 1253 editurus,
1990 1204 2086 1258 per

496 1304 656 1362 quam
685 1287 882 1359 populo
912 1299 1013 1340 suo
1054 1282 1446 1340 misericordiae
1473 1290 1531 1337 et
1550 1280 1770 1351 pietatis
1810 1280 2080 1334 omnium-

496 1382 605 1456 que
650 1384 909 1437 bonorum
957 1392 1183 1448 operum
1239 1384 1508 1446 praecepta
1561 1372 1879 1437 traditurus,
1912 1372 2088 1427 voluit

497 1494 617 1533 eum
648 1476 795 1545 prius
819 1484 1010 1528 omnes
1041 1483 1321 1538 pressuras
1354 1477 1409 1523 et
1440 1465 1815 1522 tribulationes
1840 1473 1894 1520 et
1918 1479 2085 1535 angu-

497 1570 630 1624 stias
661 1570 712 1621 in
744 1575 885 1620 terra
913 1563 1122 1630 perpeti
1144 1563 1343 1629 aliena,
1372 1577 1479 1631 quo
1505 1560 1716 1615 facilius
1745 1567 1929 1629 postea
1961 1573 2085 1628 pos-

492 1669 577 1715 set
611 1658 738 1712 talia
788 1655 1104 1728 patientium
1150 1653 1419 1716 misereri,
1454 1663 1509 1707 et
1553 1652 1666 1706 suis
1706 1650 2083 1720 obtemperare

2191 449 2363 519 legem
2388 448 2647 518 implesse
2668 450 2757 519 qui
2787 449 2901 505 haec
2924 450 3160 520 potuerit
3189 451 3450 519 implere;
3480 447 3615 503 nihil
3639 451 3781 505 enim

2190 542 2338 598 aliud
2360 543 2413 598 in
2438 542 2556 613 lege
2575 542 2743 598 veteri
2760 545 2924 614 quaeri
2946 560 3106 613 quam
3138 551 3196 597 ut
3214 544 3378 597 Deum
3402 552 3457 597 et
3479 541 3782 612 proximum

2191 635 2404 707 diligas.
2428 638 2495 693 Et
2515 651 2644 692 vere
2669 636 2758 691 ille
2785 636 2917 707 legis
2942 647 3347 691 consummator
3386 646 3442 691 et
3469 635 3641 692 iactor
3669 642 3775 703 est,

2190 729 2281 799 qui
2310 744 2411 786 nec
2431 730 2486 785 in
2514 728 2710 798 Deum,
2742 744 2844 785 nec
2864 729 2920 783 in
2946 728 3252 799 proximum
3284 736 3493 800 peccat.

2813 862 3046 920 CAPUT
3084 862 3176 919 ΙΙ.

2710 977 2875 1032 Deum
2900 978 3016 1049 quis
3048 976 3255 1051 diligat.

2264 1089 2372 1147 Sed
2399 1090 2526 1161 quid
2556 1090 2749 1157 Deum,
2778 1089 2907 1159 quid
2937 1093 3245 1160 proximum
3274 1090 3347 1145 sit
3367 1090 3613 1163 diligere,
3637 1108 3784 1164 prm-

2190 1182 2358 1238 terire
2391 1182 2613 1237 minime
2657 1196 2721 1237 ac
2766 1181 3112 1237 dissimulare
3141 1181 3333 1237 debeo.
3384 1183 3551 1239 Deum
3583 1184 3780 1257 diligit,

2188 1276 2278 1345 qui
2332 1275 2445 1331 suis
2481 1276 2536 1331 in
2568 1276 2816 1331 omnibus
2867 1275 3138 1331 mandatis
3184 1277 3549 1347 obtemperat.
3608 1279 3782 1336 Deum

2188 1368 2390 1441 diligit,
2424 1368 2516 1437 qui
2571 1369 2720 1438 leges
2763 1368 2881 1438 ejus
2921 1379 2973 1424 et
3006 1380 3273 1438 przecepta
3319 1372 3573 1425 custodit.
3607 1372 3780 1428 Deum

2188 1464 2382 1535 diligit,
2410 1464 2501 1535 qui
2530 1474 2587 1519 ut
2616 1464 2709 1519 ille
2735 1473 2958 1518 sanctus
2989 1471 3096 1528 est,
3130 1473 3189 1519 et
3216 1465 3330 1534 ipse
3361 1479 3421 1519 se
3450 1466 3778 1528 sanetiﬁcat.

2187 1559 2327 1613 sicut
2375 1560 2635 1627 scriptum
2685 1566 2769 1612 est
2807 1557 3032 1612 :Sancti
3075 1565 3269 1625 estote,
3315 1559 3560 1625 quoniam
3607 1568 3655 1613 et
3685 1578 3781 1631 ego

2186 1660 2394 1704 sanctus
2439 1666 2552 1704 sum
2602 1649 2858 1704 Dominus
2912 1648 3050 1702 Deus
3100 1658 3262 1703 vester
3311 1648 3500 1720 (Leuit.
3533 1666 3651 1715 xxx,
3693 1652 3779 1720 2).

492 1748 781 1806 mandatis.
813 1747 885 1804 Ut
911 1757 1066 1816 putes
1086 1760 1208 1801 eum
1239 1747 1438 1799 bonum
1463 1743 1631 1797 fuisse
1652 1743 1969 1813 agricolam,
1993 1741 2081 1811 qui
2114 1744 2162 1805 B
2190 1742 2361 1797 Deum
2390 1742 2584 1813 diligit,
2617 1742 2706 1811 qtti
2751 1750 2806 1795 et
2845 1740 2979 1795 illud
3012 1740 3296 1810 Propheta:
3325 1742 3556 1797 dicentis
3589 1743 3783 1809 implet

491 1845 807 1914 priusquam
850 1855 1037 1897 semen
1096 1838 1297 1903 mittat,
1342 1836 1432 1891 diu
1461 1846 1657 1891 terram
1690 1834 1883 1888 aratris
1914 1841 1965 1888 et
1998 1847 2083 1888 ra-

490 1938 617 1993 stris
651 1937 855 2003 domat,
901 1949 968 1988 ne
1011 1931 1154 2002 quod
1188 1932 1263 1985 illi
1303 1930 1609 1986 crediturus
1636 1936 1721 1983 est
1749 1941 1935 1983 semen
1970 1941 2083 1995 per-

491 2040 623 2087 eat:
658 2030 731 2084 ita
771 2039 825 2083 et
869 2027 1011 2081 Deus
1043 2023 1301 2094 populum
1345 2037 1500 2076 suum
1548 2020 1639 2074 diu
1671 2028 1794 2074 ante
1846 2026 2085 2074 macerat

490 2132 546 2181 et
582 2123 789 2187 domat,
832 2134 991 2189 quam
1021 2118 1069 2171 ei
1121 2115 1435 2169 salutarium
1486 2111 1863 2167 mandatorum
1898 2126 2084 2165 semen

491 2217 786 2287 impertiat.
816 2213 1055 2281 Denique
1088 2216 1145 2263 ut
1162 2208 1231 2263 ob
1254 2212 1396 2261 hanc
1420 2221 1640 2259 causam
1666 2205 1781 2259 ha:c
1810 2219 1931 2258 eum
1960 2218 2085 2273 per-

494 2310 679 2364 tulisse
726 2304 1031 2363 evidentius
1058 2302 1287 2362 clareat,
1336 2300 1505 2369 ipsius
1535 2298 1748 2352 Domini
1777 2297 2085 2351 intueamur

490 2401 759 2463 mandata,
790 2396 1023 2451 dicentis
1048 2414 1062 2450 :
1095 2393 1355 2446 Advenam
1382 2407 1482 2444 non
1512 2391 1777 2455 vexabitis,
1815 2405 1905 2442 nec
1926 2388 2087 2441 tribu-

491 2493 659 2546 labitis
714 2507 860 2553 eum,
901 2488 1071 2557 fuistis
1119 2488 1302 2541 etenim
1355 2495 1401 2539 et
1438 2500 1525 2537 vos
1579 2484 1787 2537 advena:
1831 2484 1887 2535 in
1944 2489 2083 2534 terra

491 2583 709 2655 ngypti
736 2580 930 2652 (Exod.
968 2593 1115 2644 xm,
1155 2578 1273 2646 21).
1302 2577 1366 2631 Et
1414 2578 1608 2631 iterum
1644 2576 1870 2645 legimus
1904 2592 1916 2627 :
1945 2573 2086 2628 Deus

488 2691 725 2749 magnus,
754 2674 842 2743 qui
872 2689 973 2727 non
998 2670 1181 2742 accipit
1214 2685 1504 2739 personam,
1535 2668 1625 2722 sed
1648 2684 1735 2721 mc
1762 2668 1945 2738 accipit
1972 2684 2085 2720 mu-

489 2786 633 2836 nera,
685 2768 877 2839 faciens
918 2765 1174 2836 judicium
1221 2761 1501 2837 proselyto,
1535 2762 1766 2829 orpltano
1810 2769 1855 2812 et
1898 2760 2082 2814 vidua.

490 2863 628 2919 Dare
654 2877 836 2932 panem
862 2870 909 2914 et
942 2859 1292 2914 vestimentum
1328 2858 1504 2929 dilige,
1554 2856 1673 2925 quia
1713 2863 1757 2908 et
1779 2854 1888 2923 ipse
1942 2852 2089 2923 fuisti

488 2956 541 3010 in
568 2965 704 3010 terra
733 2952 950 3024 AE‘ggpti
981 2952 1159 3023 (Deut.
1193 2968 1227 3006 ι
1248 2993 1261 3015 ,
1299 2952 1509 3019 17-19).
1543 2949 1611 3003 Et
1644 2949 1770 3003 alibi
1800 2946 1930 3002 dicit
1963 2962 1977 2999 :
2027 2945 2090 2999 Si

488 3059 659 3103 autem
680 3064 873 3102 messus
894 3046 1051 3117 fueris
1077 3061 1291 3103 messem
1318 3045 1371 3099 in
1412 3059 1538 3115 agro
1562 3056 1669 3110 tuo,
1704 3052 1752 3097 et
1777 3041 2089 3097 Oblivisceris

2188 1836 2461 1904 eloquium
2490 1851 2503 1888 :
2541 1833 2644 1898 Qui
2670 1833 2886 1906 diligitis
2911 1830 3219 1900 Dominum,
3252 1834 3389 1888 adite
3417 1836 3611 1889 malum
3654 1832 3781 1905 (Ps.

2186 1943 2329 1993 xcv1,
2364 1925 2476 1998 10).
2504 1926 2672 1981 Deum
2700 1925 2893 1996 diligit,
2926 1926 3016 1996 qui
3061 1942 3165 1980 non
3210 1925 3310 1980 alia
3341 1942 3499 1996 quam
3531 1928 3781 1983 caelestia

2185 2022 2389 2091 cogitat
2432 2029 2489 2076 et
2516 2020 2718 2075 divina.
2760 2020 2903 2076 Deus
2944 2018 3088 2074 enim
3119 2036 3225 2073 non
3258 2020 3358 2075 nisi
3394 2021 3694 2075 sanctitatis
3725 2030 3788 2076 et

2184 2114 2404 2183 justitia:
2435 2122 2489 2167 et
2521 2113 2736 2179 pietatis
2782 2122 2990 2166 amator
3034 2120 3147 2177 est;
3178 2120 3232 2167 et
3260 2112 3346 2166 ille
3373 2111 3539 2165 Deum
3568 2111 3780 2182 diligit,

2187 2205 2277 2274 qui
2308 2221 2413 2261 non
2445 2205 2587 2260 aliud
2621 2219 2780 2275 quam
2822 2204 2965 2273 quod
2998 2204 3137 2259 Deus
3178 2219 3359 2259 amare
3406 2204 3611 2260 videtur
3641 2222 3789 2274 0pc-

2190 2307 2359 2352 tatur.
2394 2296 2535 2364 Quid
2566 2297 2635 2351 sit
2662 2298 2804 2352 enim
2834 2297 3004 2351 Deum
3043 2297 3285 2367 diligere,
3331 2297 3541 2352 Domini
3574 2307 3626 2352 et
3653 2298 3787 2353 Sal-

2187 2392 2393 2447 vatoris
2418 2390 2670 2443 doctrina
2711 2389 2969 2455 declarat,
3000 2388 3230 2443 dicentis
3260 2407 3271 2440 :
3309 2390 3408 2454 Qui
3438 2390 3581 2442 audit
3621 2394 3782 2444 verba

2186 2499 2319 2547 mea,
2353 2491 2399 2535 et
2424 2484 2548 2552 facit
2570 2498 2650 2546 ea,
2681 2481 2770 2536 ille
2800 2491 2871 2535 est
2893 2482 2979 2550 qui
3008 2482 3179 2553 diligit
3208 2497 3287 2535 me
3310 2481 3491 2551 (Joan.
3518 2497 3626 2550 xtv,
3656 2481 3778 2552 21).

2187 2573 2241 2628 Si
2276 2573 2437 2643 igitur
2468 2573 2558 2627 ille
2600 2572 2765 2627 Deum
2795 2572 2988 2643 diligit,
3018 2572 3110 2643 qui
3159 2573 3299 2642 quod
3346 2572 3488 2628 Deus
3538 2577 3785 2643 przecipit

2190 2668 2351 2731 facit;
2386 2667 2475 2736 qui
2507 2681 2613 2720 non
2643 2666 2788 2733 lacit,
2813 2666 2917 2721 iste
2941 2681 3045 2721 non
3076 2666 3271 2737 diligit.
3301 2668 3491 2722 Omnis
3530 2684 3656 2722 vero
3685 2672 3784 2739 qui

2191 2775 2297 2813 non
2357 2759 2554 2828 diligit,
2612 2758 2745 2812 odit.
2804 2758 2956 2814 Unde
3006 2760 3207 2813 clarum
3239 2770 3399 2829 atque
3430 2761 3785 2819 manifestum

2189 2862 2295 2914 est,
2345 2852 2414 2905 ab
2461 2851 2541 2905 eis
2586 2851 2753 2906 Deum
2785 2850 2948 2916 odiri,
2980 2853 3069 2921 qtti
3112 2868 3207 2905 sua
3241 2853 3490 2906 inundata
3519 2869 3621 2907 non
3654 2868 3784 2908 ser-

2190 2951 2337 3006 vant,
2385 2942 2452 2997 de
2483 2942 2678 3011 quibus
2710 2954 2731 2981 ο
2765 2940 3091 3013 Propltetam
3134 2944 3337 2998 dixisse
3389 2952 3553 3014 puto:
3588 2943 3785 2998 Nonne

2192 3035 2278 3104 qui
2326 3034 2545 3088 oderunt
2601 3046 2667 3099 te,
2700 3034 2942 3103 Domine,
2991 3038 3223 3100 oderam,
3254 3046 3302 3090 et
3344 3053 3496 3106 super
3544 3039 3786 3093 inimicos

491 3149 517 3179 ι
544 3157 803 3205 manuum,
832 3156 933 3193 non
955 3138 1224 3191 reverteris
1256 3137 1492 3206 accipere
1518 3135 1701 3199 illam;
1742 3135 2002 3205 proselyto
2040 3144 2089 3188 ει
2117 3123 2163 3187 C
2196 3136 2311 3179 tuos
2343 3124 2692 3179 tabescebam?
2725 3126 2966 3197 Perfecto
3012 3128 3133 3181 odio
3181 3129 3387 3182 oderam
3424 3128 3564 3197 illos,
3601 3139 3644 3182 et
3679 3131 3787 3185 ini-

488 3234 724 3303 orphano
750 3240 797 3285 et
826 3231 996 3285 vidua:
1025 3229 1141 3295 erit,
1166 3237 1222 3281 ut
1254 3227 1516 3281 benedicat
1545 3236 1591 3279 te
1620 3223 1757 3278 Deus
1780 3225 1831 3277 in
1851 3224 2087 3295 aperibus

488 3342 732 3379 manuum
759 3332 963 3377 tuarum
988 3338 1007 3386 ,'
1056 3330 1104 3375 et
1127 3335 1319 3374 memor
1361 3319 1460 3372 eris
1488 3318 1610 3387 quia
1636 3317 1861 3381 famulus
1891 3334 2003 3371 eras
2032 3318 2086 3370 in

488 3428 627 3473 terra
645 3416 1004 3487 /Eggpti;ego
1028 3415 1141 3467 ideo
1173 3412 1419 3481 prtecipio
1444 3410 1531 3464 tibi
1552 3411 1759 3463 verbum
1791 3410 2082 3481 hoc(Deut.

489 3524 639 3573 xstv,
675 3506 882 3575 19-22).
916 3503 1072 3558 Unde
1098 3502 1260 3557 facile
1286 3501 1596 3571 pervidetur
1627 3510 1787 3570 atque
1819 3500 2087 3569 dignosci-

489 3608 581 3655 tur
606 3613 727 3655 eum
752 3595 1009 3666 populum
1042 3595 1110 3650 ob
1146 3592 1286 3647 haiic
1328 3607 1546 3646 causam
1575 3593 1785 3647 cunctis
1816 3591 2078 3646 afﬂictum

490 3692 659 3747 fuisse
682 3685 1441 3755 miseriis,utmisererialteri
1465 3699 1563 3739 suo
1584 3684 1875 3740 doceretur
1900 3700 2086 3740 exem-

491 3785 604 3856 plo,
630 3783 771 3838 sicut
788 3782 1051 3852 scriptum
1080 3788 1163 3835 est
1198 3797 1209 3831 :
1242 3777 1475 3831 Docuisti
1502 3778 1639 3831 enim
1666 3779 1910 3849 populum
1938 3788 2084 3831 tuum

489 3894 579 3951 per
602 3877 729 3930 talia
752 3892 929 3943 opera,
954 3874 1193 3942 quoniam
1220 3882 1415 3943 oportet
1436 3874 1607 3943 justas
1635 3888 1741 3925 esse
1761 3882 1808 3925 et
1833 3872 2085 3925 humanos

496 3967 655 4041 (Sap.
685 3984 792 4032 xu,
828 3968 941 4036 19).
986 3965 1211 4032 Qualem
1246 3963 1499 4031 populum
1550 3978 1704 4016 suum
1756 3976 1881 4016 esse
1929 3962 2081 4029 velit,

488 4062 619 4129 late,
652 4073 711 4118 ut
754 4062 1010 4124 arbitror,
1058 4066 1235 4125 patet;
1267 4066 1321 4111 et
1369 4056 1565 4125 quibus
1607 4055 1775 4123 possit
1823 4054 2081 4125 operibus

488 4154 808 4226 promereri,
837 4149 1085 4220 plurimis
1111 4148 1372 4217 probatur
1398 4146 1685 4215 exemplis.

557 4246 663 4301 Sed
696 4259 764 4298 ne
795 4242 859 4296 ad
890 4237 1344 4295 manileStandani
1387 4238 1507 4308 ejus
1536 4238 1860 4293 voluntatem
1889 4253 2080 4309 parum

487 4338 734 4391 videatur
762 4349 885 4389 esse
913 4334 1057 4402 quod
1085 4332 1319 4387 diximus
1338 4372 1352 4395 ,
1382 4331 1541 4401 Legis
1567 4330 1732 4386 etiam
1756 4340 1811 4386 et
1838 4331 2082 4402 Prophe-

487 4439 665 4485 tarum
696 4435 959 4495 przecepta
981 4424 1304 4495 jungamus;
1330 4433 1383 4479 et
1413 4422 1541 4493 quid
1570 4423 1682 4477 Deo
1703 4424 1909 4492 placeat
1939 4440 2080 4480 sem-

2190 3217 2311 3270 mici
2344 3218 2471 3287 facti
2499 3228 2620 3270 sunt
2653 3219 2778 3271 mihi
2800 3218 2918 3290 (Ps.
2949 3235 3207 3286 cxxxvttt,
3232 3221 3322 3286 21,
3354 3219 3468 3293 22).
3500 3222 3622 3277 Odit
3648 3221 3786 3277 Pro-

2190 3313 2349 3379 pheta
2378 3312 2556 3381 justus
2588 3323 2925 3382 peccatores,
2950 3314 3224 3368 adulteros
3253 3324 3307 3369 et
3337 3315 3581 3384 injustas,
3608 3324 3661 3369 et
3682 3315 3785 3371 Dei

2187 3405 2438 3459 mandata
2468 3417 2829 3474 spernentes;
2864 3408 3003 3461 sicut
3044 3408 3150 3461 alio
3185 3410 3234 3461 in
3281 3409 3403 3464 loco
3447 3410 3615 3463 dicit:
3652 3408 3787 3465 Vidi

2189 3501 2583 3565 pratvaricantes
2606 3510 2812 3567 pactum
2834 3517 2852 3564 ,'
2872 3510 2918 3554 et
2948 3500 3397 3574 tabescebam(Ps.
3422 3519 3605 3567 cxvtu,
3628 3501 3781 3573 158).

2188 3588 2256 3643 Et
2285 3592 2477 3645 iterum
2507 3608 2521 3645 :
2549 3593 2769 3663 lniquos
2797 3594 2916 3647 odio
2941 3593 3118 3663 habui,
3149 3606 3196 3649 et
3231 3596 3389 3667 legem
3435 3606 3575 3649 tuam
3615 3598 3787 3650 dilexi

2189 3679 2559 3754 (lbid.,113).
2613 3684 2745 3739 Vide
2804 3702 2934 3755 ergo
2978 3702 3136 3756 quam
3165 3688 3317 3756 justi,
3365 3704 3526 3759 quam
3579 3690 3784 3759 integri

2188 3786 2309 3827 eSse
2339 3773 2633 3830 debeamus
2677 3784 2733 3831 et
2762 3778 2956 3844 sancti,
2990 3780 3185 3848 quibus
3237 3791 3590 3848 praeterquam
3634 3783 3785 3838 male

2188 3867 2503 3919 conversari
2554 3882 2661 3923 non
2717 3868 2862 3934 licet,
2909 3870 3004 3925 sed
3053 3886 3152 3926 nec
3206 3874 3345 3925 male
3388 3887 3782 3929 conversantes

2188 3973 2506 4027 agnoscere.
2536 3960 2648 4015 lloc
2678 3973 2731 4016 et
2762 3964 2949 4017 beatus
2972 3966 3265 4033 Apostolus
3290 3967 3570 4021 evidenter
3590 3978 3782 4023 Osten-

2185 4050 2291 4116 dit,
2326 4052 2416 4120 qui
2455 4068 2556 4107 nec
2587 4070 2752 4123 panes
2796 4072 2918 4109 cum
2970 4060 3340 4125 peccatoribus
3373 4061 3539 4130 frangi
3572 4076 3784 4130 praece-

2185 4144 2285 4212 pit,
2318 4143 2505 4200 dicens
2545 4163 2557 4198 :
2592 4146 2655 4200 Si
2700 4150 2812 4215 quis
2859 4148 3018 4218 frater
3071 4154 3468 4220 cognominatur
3514 4155 3645 4206 inter
3690 4170 3783 4209 vos

2184 4238 2487 4308 fornicator,
2519 4250 2608 4294 aut
2635 4258 2843 4304 avarus,
2876 4250 2966 4295 aut
2994 4242 3151 4297 idolis
3176 4247 3420 4311 serviens,
3445 4259 3534 4298 aut
3556 4249 3783 4300 maledi-

2184 4346 2297 4398 cus,
2330 4341 2421 4385 aut
2452 4332 2698 4399 ebriosus,
2721 4344 2810 4387 aut
2840 4350 3025 4401 rapax,
3057 4353 3174 4389 cum
3209 4339 3461 4403 eiusmodi
3485 4355 3573 4392 nec
3599 4339 3779 4413 gibum

2181 4444 2380 4483 sumere
2414 4427 2457 4499 (Ι
2484 4426 2603 4481 Cor.
2636 4444 2689 4496 ν,
2727 4427 2837 4499 11).

483 4534 689 4590 perque
721 4516 1011 4587 placuerit,
1045 4524 1101 4571 et
1130 4514 1260 4584 quid
1289 4514 1532 4569 crebrius
1558 4513 1680 4568 ﬁeri
1710 4523 1765 4568 et
1793 4514 2079 4570 observari
2106 4505 2161 4565 D
2258 4518 2523 4573 sanctum
2574 4534 2697 4573 esse
2742 4520 2997 4589 populum
3028 4534 3182 4575 suum
3218 4524 3358 4577 Deus
3407 4525 3589 4590 voluit,
3624 4536 3677 4580 ει
3707 4529 3778 4584 ab

483 4615 824 4683 princeperit,
859 4622 969 4666 tam
1005 4610 1206 4665 veteris
1230 4623 1389 4678 quam
1418 4608 1445 4646 δ
1475 4622 1627 4662 nova:
1653 4607 1813 4678 Legis
1836 4609 2078 4665 testimo-

482 4707 585 4761 niis
611 4707 1050 4776 comprobemus.
1086 4702 1278 4774 Diliges
1320 4701 1601 4755 Dominum
1632 4701 1797 4756 Deum
1839 4712 1982 4756 tuum
2012 4719 2076 4757 ea:

481 4809 588 4855 toto
616 4803 768 4855 corde
797 4808 906 4866 tuo,
938 4808 985 4854 et
1027 4815 1090 4853 ea:
1116 4807 1220 4851 tota
1247 4797 1419 4851 anima
1462 4806 1571 4861 tua,
1600 4804 1646 4848 et
1675 4811 1739 4849 ex
1767 4804 1872 4849 tota
1912 4805 2077 4850 mente

482 4901 591 4959 tua,
617 4905 665 4948 et
690 4910 753 4949 ea:
782 4895 899 4948 totis
926 4894 1117 4947 viribus
1170 4892 1269 4944 tuis
1325 4888 1507 4962 (Deut.
1540 4904 1624 4955 vt,
1675 4890 1765 4957 5);
1796 4898 1843 4942 et
1891 4889 2073 4957 diliges

481 4985 773 5055 proximum
802 4996 948 5038 tuum
966 4986 1098 5039 sicut
1126 4991 1174 5037 te
1198 4983 1368 5053 ipsum
1392 4979 1577 5053 (Leuit.
1615 4996 1743 5050 nx,
1778 4980 1890 5050 18).
1914 4979 2075 5050 Legis

480 5086 537 5132 et
565 5076 961 5145 Prophetarum
984 5077 1315 5147 przecipuum
1337 5089 1461 5130 esse
1487 5074 1828 5141 mandatum,
1860 5073 2075 5129 Domini

481 5178 537 5225 et
564 5168 864 5225 Salvatoris
894 5170 1065 5224 nostri
1108 5168 1424 5224 testimonio
1453 5168 1862 5239 comprobatur,
1892 5166 2076 5222 dicen-

483 5264 552 5317 tis
582 5281 595 5316 :
632 5261 697 5316 In
722 5263 800 5317 Itis
825 5261 1024 5316 duobus
1053 5260 1311 5315 mandatis
1334 5268 1439 5314 tota
1462 5258 1544 5314 lea:
1571 5259 1751 5331 pendet
1778 5270 1825 5314 et
1853 5264 2076 5331 prop/te—

483 5362 548 5410 tas
578 5354 790 5424 (Matth.
818 5371 928 5409 xui
948 5396 962 5419 ,
992 5352 1105 5424 40).
1135 5351 1289 5420 Quod
1340 5352 1575 5408 rescindi
1613 5368 1719 5406 non
1752 5362 1927 5423 potest
1972 5368 2074 5409 nec

482 5451 698 5515 mutari,
745 5452 795 5503 in
824 5449 1034 5505 duobus
1066 5448 1181 5503 istis
1230 5446 1499 5503 mandatis
1545 5460 1709 5503 omne
1762 5457 1869 5502 tam
1911 5446 2072 5519 Legis

616 5588 785 5649 Alias,
814 5587 1153 5657 manipulum,
1188 5587 1543 5641 renuentibus
1572 5603 1704 5642 mss.

552 5655 579 5694 ι)
624 5659 753 5713 Mss.
783 5655 1049 5728 plerique,
1075 5674 1229 5728 quam
1260 5660 1665 5731 novwincipiam
1685 5660 1917 5731 exempla
1941 5676 2070 5731 pro-

484 5726 637 5790 (erre.
688 5728 905 5803 Diliges.

2189 4612 2334 4666 omni
2375 4612 2697 4682 contagione
2735 4613 3013 4680 injustittaa
3058 4624 3112 4669 et
3161 4615 3461 4684 iniquitatis
3512 4618 3775 4675 alienum.

2188 4703 2372 4759 Talem
2404 4720 2524 4759 eum
2558 4719 2680 4760 esse
2708 4706 2895 4775 voluit,
2928 4715 3035 4762 tam
3062 4708 3291 4777 justum,
3322 4720 3427 4764 tam
3461 4713 3627 4780 pium,
3659 4724 3779 4769 tam

2186 4813 2404 4868 purum,
2438 4806 2544 4851 tam
2584 4798 3015 4867 immaculatum,
3062 4810 3169 4856 tam
3201 4807 3519 4871 simplicem,
3552 4815 3608 4859 ut
3640 4809 3782 4865 nihil

2184 4888 2325 4959 quod
2346 4888 2400 4943 in
2425 4904 2490 4943 eo
2516 4901 2705 4960 gentes
2733 4891 3136 4963 redarguerent,
3164 4895 3485 4960 invenirent,
3511 4898 3603 4952 sed
3626 4902 3781 4966 quod

2183 4981 2602 5050 admirarentur,
2636 4992 2691 5039 et
2719 4984 3001 5041 dicerent:
3036 4986 3199 5041 Beata
3222 5006 3343 5059 gens
3368 4993 3515 5061 cujus
3550 5000 3623 5044 est
3654 4991 3780 5048 Do-

2179 5076 2351 5129 minus
2383 5074 2521 5130 Deus
2553 5079 2686 5143 eius,
2719 5088 2767 5132 et
2788 5080 3014 5149 populus
3045 5096 3193 5147 quem
3219 5082 3369 5151 elegit
3398 5084 3451 5135 in
3493 5082 3780 5139 haeredita-

2178 5180 2276 5223 tem
2319 5170 2416 5224 sibi
2453 5169 2573 5242 (Ps.
2633 5186 2799 5240 χχιιι,
2853 5171 2969 5239 12).
3016 5171 3177 5227 Tales
3204 5173 3460 5227 convenit
3502 5188 3621 5227 esse
3671 5175 3779 5232 Dei

2178 5262 2419 5319 cultores
2472 5272 2527 5318 et
2570 5278 2775 5330 servos,
2812 5274 3146 5333 mansuetos,
3199 5280 3412 5336 graves,
3448 5264 3773 5333 prudentes,

2178 5357 2317 5426 pios,
2374 5355 2910 5426 irreprehensibiles,
2964 5356 3216 5425 intactos,
3253 5359 3656 5421 immaculatos;
3714 5372 3775 5417 ut

2175 5448 2415 5519 quisquis
2447 5462 2544 5502 eos
2574 5448 2789 5517 viderit,
2818 5458 3052 5519 stupeat,
3083 5457 3140 5504 et
3163 5449 3483 5520 admiretur,
3516 5462 3567 5507 et
3595 5450 3773 5521 dicat,

2251 5601 2273 5630 ε
2315 5592 2392 5647 Ita
2423 5590 2804 5660 rescripsimus
2833 5605 2955 5645 cum
3004 5591 3174 5647 Holst.
3208 5600 3265 5649 et
3286 5607 3355 5649 ex
3384 5599 3666 5650 contextu.
3714 5600 3781 5658 At

2176 5662 2309 5721 edit.
2342 5663 2474 5735 88.,
2505 5664 2570 5721 de
2592 5662 2772 5731 quibus
2798 5677 2890 5725 per
2916 5660 3117 5737 PrOplt.
