3982 6182
494 232 602 298 595

500 446 749 504 nocentia
796 439 1001 496 homini
1058 442 1275 506 praestet
1320 441 1373 485 et
1403 428 1670 497 conferat,
1702 425 1915 482 etiamsi
1962 438 2085 479 sero

500 547 771 602 servetur,
807 532 1090 605 prephetae
1120 526 1284 581 David
1316 523 1629 580 testimonio
1658 519 2085 591 comprobatur;

500 635 591 706 qui
621 648 741 688 cum
788 627 1019 701 graviter
1048 629 1173 676 ante
1214 625 1514 691 peccasset,
1549 625 1740 685 postea
1766 612 1998 684 judicari
2028 624 2088 667 se

502 704 606 781 non
643 725 812 783 timet.
846 734 911 775 ex
950 732 1057 786 quo
1106 712 1470 769 innocentiam
1518 722 1679 764 nosse
1724 706 1919 776 erepit,
1950 704 2090 760 sicut

501 822 615 888 ipse
637 816 766 871 dicit
793 810 1018 868 :Judica
1042 824 1144 876 me,
1175 807 1340 870 Deus,
1372 802 1618 873 quoniam
1642 816 1733 871 ego
1758 800 1812 852 in
1844 799 2090 852 innocen-

500 912 572 964 tia
601 925 714 963 mea
737 908 994 977 ingressus
1015 917 1127 957 sum
1152 898 1269 971 (Ps.
1300 911 1427 962 xxv,
1459 894 1535 965 t).
1557 891 1775 948 Sciebat
1800 891 1961 963 igitur
1986 888 2090 945 sibi

500 1006 607 1075 jam
640 1017 744 1057 non
798 995 1146 1054 metuendum
1179 1006 1301 1049 esse
1347 987 1633 1058 judicium,
1682 983 1803 1053 quia
1835 985 2091 1037 innocen-

502 1072 633 1153 tiam
664 1095 750 1151 vel
800 1107 925 1148 sero
955 1094 1301 1160 cognoverat.
1333 1083 1399 1137 Et
1426 1080 1532 1137 alio
1561 1079 1613 1135 in
1642 1079 1761 1134 loco
1792 1075 1923 1130 dicit
1956 1092 1969 1128 :
2004 1072 2093 1127 Me

501 1202 671 1248 autem
696 1197 903 1260 propter
922 1181 1265 1240 innocentiam
1292 1175 1557 1245 suscepisti
1578 1172 1698 1243 (Ps.
1724 1186 1814 1237 XL,
1842 1167 2094 1239 15).Sus~

503 1283 646 1354 cepit
675 1277 1021 1353 postmodum
1070 1282 1291 1343 propter
1335 1265 1700 1322 innocentiam
1735 1264 1896 1326 Deus,
1929 1272 2091 1330 quem

502 1385 724 1448 propter
780 1369 1039 1427 malitiam
1084 1374 1209 1420 ante
1268 1360 1558 1431 repulerat.
1594 1356 1913 1411 innocentes
1963 1365 2092 1406 vero

504 1488 605 1528 nec
633 1466 889 1525 confundi
912 1476 1095 1519 coram
1128 1460 1237 1514 Deo
1263 1469 1439 1526 posse,
1468 1450 1811 1507 manifestum
1841 1455 1944 1513 est,
1968 1459 2093 1501 cum

506 1564 701 1620 dicitur
736 1578 748 1613 :
786 1558 991 1625 Quanto
1019 1562 1243 1623 tempore
1270 1549 1563 1601 innocentes
1612 1540 1945 1596 custodierint
1966 1542 2090 1607 jus-

507 1657 695 1719 titiam,
727 1667 830 1706 non
876 1647 1255 1717 confundentur
1301 1640 1483 1713 (Prov.
1516 1653 1631 1702 xui,
1661 1638 1739 1705 6).
1772 1634 1913 1689 Nihil
1944 1632 2093 1687 enim

1533 217 1828 276 FASTIDII
1869 206 2371 272 BRITANNORUM
2414 205 2716 266 EPlSCOPI

494 351 726 425 reliquie:
754 349 954 403 nomint
979 334 1197 413 pacifica
1222 338 1339 410 (Ps.
1372 350 1556 401 xxxvi,
1584 332 1695 404 37).
1718 329 2086 399 Quantumin-
2112 328 2167 388 Α

2795 318 3022 377 CAPUT
3060 317 3154 375 XI.

2478 418 2712 484 Quorum
2735 431 2905 487 preces
2937 412 3079 469 Deus
3100 429 3203 467 non
3227 409 3497 468 exaudiat.

2261 514 2397 570 Nam
2427 510 2453 550 δ
2485 520 2539 567 tu
2572 511 2722 565 illum
2769 508 3136 567 Christianum
3169 514 3343 577 putas,
3378 506 3430 561 in
3460 517 3569 574 quo
3595 503 3775 565 nullus

2193 603 2619 663 Christianitatis
2647 610 2733 659 est
2761 611 2951 669 actus,
3002 599 3055 655 in
3094 614 3201 671 quo
3243 599 3582 655 conversatio
3627 598 3778 654 nulla

2187 700 2412 771 justitize
2442 706 2545 766 est,
2594 696 2689 755 sed
2720 694 2977 765 nequitia,
3010 693 3259 763 impietas
3286 700 3341 751 et
3374 693 3590 749 scelus?
3619 692 3781 753 illum

2193 792 2562 851 Christianum
2594 800 2773 862 putas,
2817 791 2907 859 qui
2934 786 3190 857 opprimit
3216 786 3493 851 miserum,
3524 784 3618 855 qui
3645 799 3781 855 pau-

2196 901 2377 957 perem
2405 894 2611 956 gravat,
2644 886 2733 954 qui
2765 896 2854 939 res
2878 879 3213 951 concupiscit
3238 879 3458 946 alienas,
3488 877 3583 947 qui
3628 886 3689 931 ut
3713 890 3785 934 se

2195 980 2418 1035 divitem
2453 978 2636 1044 iaciat,
2671 976 2857 1045 plures
2890 972 3059 1027 efficit
3111 970 3432 1040 indigentes,
3474 968 3564 1039 qui
3603 968 3784 1025 lucris

2195 1071 2391 1151 gaudet
2421 1072 2657 1141 injustis,
2688 1070 2783 1141 qui
2806 1068 2874 1123 de
2900 1066 3092 1122 alienis
3118 1065 3372 1136 lacrymis
3410 1062 3585 1121 cibum
3608 1062 3783 1132 capit,

2196 1169 2288 1239 qui
2336 1167 2655 1222 miserorum
2710 1161 2908 1216 ditatur
2958 1157 3200 1223 interitu,
3250 1155 3405 1225 cujus
3453 1168 3515 1209 os
3562 1152 3789 1209 assidue

2199 1258 2483 1317 mendacio
2533 1255 2788 1321 violatur,
2820 1251 2976 1322 cujus
3005 1249 3143 1305 labia
3188 1264 3297 1303 non
3327 1247 3430 1302 nisi
3482 1245 3699 1317 indigna
3726 1253 3791 1300 et

2198 1354 2432 1410 obscena
2464 1359 2518 1406 et
2544 1349 2774 1405 scelesta
2802 1347 3097 1417 loquuntur
3124 1354 3179 1400 et
3201 1342 3397 1413 turpia,
3431 1341 3519 1407 cui
3549 1355 3670 1403 cum
3696 1340 3791 1408 ju-

2198 1448 2389 1503 beatur
2419 1442 2747 1499 distribuere
2775 1454 2895 1504 sua,
2929 1437 3131 1493 invadit
3161 1435 3373 1490 aliena?
3404 1433 3473 1490 Et
3516 1432 3585 1489 ad
3610 1432 3788 1488 eccle-

2199 1540 2335 1594 siam
2364 1537 2485 1591 talis
2514 1536 2775 1591 audenter
2805 1529 3031 1593 accedit,
3061 1537 3117 1587 et
3142 1537 3344 1584 temere
3370 1536 3426 1581 et
3476 1527 3791 1596 importune

2201 1630 2457 1703 expandit
2510 1627 2704 1699 impias
2750 1640 2943 1682 manus
2988 1622 3173 1677 illicito
3222 1627 3377 1689 raptu
3404 1626 3463 1675 et.
3489 1616 3789 1675 insontium

505 1748 620 1803 Deo
668 1743 907 1813 dignius,
963 1713 1097 1793 nihil
1143 1734 1360 1791 charius
1409 1747 1530 1786 esse
1577 1738 1779 1799 potest,
1826 1740 1987 1796 quam
2037 1731 2095 1778 ut
2124 1723 2172 1785 Β
2199 1740 2393 1782 cruore
2433 1724 2684 1792 violatas,
2716 1729 2772 1777 et
2814 1735 2908 1777 ore
2949 1719 3045 1774 illo
3070 1718 3276 1789 polluto
3306 1724 3466 1786 atque
3497 1713 3787 1783 sacrilego,

507 1837 813 1897 innocentia
845 1844 956 1890 tota
994 1829 1377 1887 observatione
1405 1834 1674 1880 teneatur.
1707 1820 1860 1875 Licet
1888 1820 2007 1887 quis
2038 1818 2093 1873 in

508 1933 627 1988 aliis
643 1929 893 2001 operibus
911 1926 1136 1980 devotus
1152 1917 1484 1990 appareat,si
1515 1916 1658 1969 illam
1684 1928 1791 1967 non
1824 1910 2092 1974 habuerit,

508 2025 610 2081 sibi
624 2000 819 2079 frustra
838 2016 1109 2074 blanditur
1123 2014 1190 2068 de
1204 2027 1299 2067 sua
1312 2012 1621 2065 devotione.
1639 2008 1694 2060 Si
1718 2005 1865 2059 illam
1889 2000 2095 2057 Judzcis

508 2116 670 2174 etiam
684 2114 783 2169 sub
798 2110 971 2168 veteri
986 2110 1101 2177 lege
1114 2097 1870 2177 degentibus,quandoadhuc
1884 2095 1988 2150 illis
2004 2093 2098 2148 ini-

508 2210 708 2265 micum
730 2205 924 2261 licebat
948 2201 1148 2264 odisse,
1165 2199 1463 2255 observare
1482 2201 1811 2263 prmceptuin
1830 2197 1943 2253 est;
1970 2183 2097 2256 quid

510 2314 562 2359 te
591 2316 733 2356 nunc
760 2312 920 2370 agere
946 2292 1199 2351 convenit
1227 2289 1622 2351 Christianum,
1674 2284 1767 2355 qui
1814 2281 2096 2337 inimicum

511 2406 659 2450 tuum
673 2393 881 2464 juberis
900 2401 1083 2445 amare
1102 2383 1323 2457 (Matth.
1351 2399 1401 2447 v,
1434 2378 1564 2450 tt)?
1587 2375 1815 2445 Quando
1847 2374 1992 2429 enim
2017 2372 2099 2425 in-

512 2501 714 2542 nocens
729 2499 832 2539 non
853 2483 983 2548 eris,
999 2479 1085 2536 vel
1102 2477 1321 2533 cuiesse
1337 2473 1538 2545 poteris
1558 2465 2101 2539 malus,quiinimicis

513 2577 826 2650 praeciperis
859 2588 981 2630 esse
1010 2570 1214 2627 bonus?
1242 2567 1348 2624 Sed
1382 2575 1440 2622 tu
1466 2564 1691 2622 forsitan
1717 2571 1771 2618 et
1796 2560 2101 2630 proximum

513 2670 655 2737 odis,
684 2646 777 2723 cui
824 2680 924 2721 nec
975 2672 1258 2719 externum
1291 2658 1472 2713 odisse
1524 2652 1875 2716 conceditur;
1906 2660 1959 2704 et
1993 2646 2098 2702 fra-

511 2772 653 2819 trem
693 2756 1054 2832 persequeris,
1088 2755 1178 2824 qui
1220 2766 1400 2807 amare
1432 2746 1741 2820 prmciperis
1789 2742 2099 2802 inimicum;

515 2865 571 2911 et
595 2852 965 2909 Christianum
990 2858 1041 2904 te
1066 2860 1188 2903 esse
1225 2842 1425 2908 credis,
1468 2842 1555 2912 qui
1587 2853 1687 2894 nec
1724 2836 1849 2892 novi
1879 2849 1979 2890 nec
2009 2848 2103 2888 ve-

518 2948 649 3005 teris
692 2942 1049 3002 Testamenti-
1079 2944 1347 3009 praecepta
1393 2932 1679 2989 custodis?
1710 2928 1816 2985 Sed
1864 2942 1932 2983 ne
1982 2925 2105 2980 sine

518 3056 678 3098 causa
710 3049 761 3095 te
797 3035 1164 3093 Christianum
1190 3031 1427 3086 aestimes
1452 3025 1597 3082 etde
1628 3023 1746 3077 solo
1766 3020 1861 3076 tibi
1886 3017 2105 3074 nomine

520 3131 836 3199 blandiaris,
866 3130 1080 3200 qualem
1112 3135 1161 3180 te
1192 3138 1313 3179 esse
1342 3126 1589 3190 oporteat
1616 3113 1937 3187 Apostolum
1980 3108 2103 3163 audi
2134 3107 2181 3172 C

521 3227 791 3283 dicentem
816 3239 834 3276 :
866 3221 967 3288 Qui
1000 3218 1268 3291 furabatur
1294 3258 1309 3282 ,
1357 3215 1474 3285 jam
1521 3227 1623 3266 non
1669 3211 1907 3277 furatur;
1945 3202 2109 3271 magis

522 3331 695 3377 autem
720 3317 915 3373 laboret
949 3312 1211 3384 operando
1245 3309 1477 3363 manibus
1505 3304 1610 3359 suis
1636 3300 1774 3373 quod
1797 3299 1982 3353 bonum
2012 3302 2108 3360 est,

524 3424 578 3468 ut
628 3411 811 3465 habeat
852 3406 990 3461 unde
1023 3406 1209 3458 tribuat
1256 3398 1607 3454 necessitatem
1655 3390 1887 3463 patienti.
1931 3386 2111 3441 Omnis

524 3521 692 3560 sermo
724 3500 893 3555 malus
921 3498 984 3549 de
1014 3510 1099 3549 ore
1130 3503 1292 3546 vestro
1334 3506 1434 3543 non
1468 3487 1744 3559 procedat;
1797 3482 1884 3538 sed
1924 3482 1968 3534 si
1997 3478 2113 3547 quis

529 3599 691 3652 bonus
722 3594 789 3649 ad
833 3589 1229 3659 aedificationem
1260 3584 1407 3653 ﬁdei,
1435 3593 1487 3636 ut
1527 3583 1609 3635 det
1637 3578 1857 3650 gratiam
1898 3574 2117 3628 audien-

528 3690 686 3745 tibus.
715 3684 785 3740 Et
817 3682 980 3738 nolite
1008 3679 1309 3733 contristare
1338 3674 1593 3747 Spiritum
1635 3680 1871 3726 sanctum
1900 3663 2019 3731 Dei,
2060 3664 2118 3716 in

529 3798 627 3852 quo
675 3778 862 3852 signati
906 3776 1024 3831 estis
1070 3774 1125 3826 in
1160 3771 1243 3825 die
1285 3768 1667 3839 redemptionis.
1720 3761 1897 3817 Omnis
1926 3755 2117 3811 antari-

532 3874 673 3940 tudo,
697 3880 745 3927 et
770 3872 870 3937 ira,
900 3878 944 3925 et
971 3866 1282 3939 indignatio,
1306 3874 1351 3917 et
1376 3863 1597 3925 clamor,
1623 3868 1667 3912 et
1690 3852 2006 3925 blasphemia
2024 3864 2116 3901 au-

532 3970 728 4038 feratur
752 3983 784 4021 a
810 3965 946 4021 vobis
964 3977 1081 4016 cum
1104 3959 1242 4014 omni
1269 3958 1487 4011 malitia.
1514 3952 1694 4008 Estote
1714 3959 1883 4003 autem
1904 3944 2118 3998 invicem

531 4060 732 4130 benigni
776 4067 822 4111 et
873 4050 1262 4114 misericordes;
1320 4049 1567 4101 donantes
1618 4041 1853 4103 invicem,
1899 4037 2028 4091 sicut
2074 4042 2120 4090 et

533 4126 671 4207 Deus
710 4151 764 4203 in
796 4146 998 4201 Christo
1021 4141 1229 4195 donavit
1255 4139 1391 4193 vobis
1422 4135 1640 4206 (Ephes.
1672 4148 1745 4196 tv,
1777 4128 1989 4200 28-52).
2019 4126 2120 4183 Es-

534 4254 635 4299 tote
681 4248 855 4295 autem
882 4235 1164 4290 imitatores
1196 4241 1220 4267 ει
1252 4231 1369 4303 Dei,
1410 4230 1543 4284 sicut
1580 4226 1676 4297 filii
1715 4223 2043 4290 charissimi;
2072 4232 2121 4278 et

536 4334 792 4390 ambulate
817 4333 870 4386 in
905 4327 1207 4395 dilectione,
1238 4326 1365 4380 sicut
1402 4332 1449 4379 et
1494 4321 1734 4378 Christus
1783 4318 1961 4374 dilexit
2004 4334 2117 4384 nos,

533 4436 581 4482 et
611 4424 821 4482 tradidit
852 4421 1173 4492 semetipsum
1194 4435 1287 4489 pro
1320 4418 1464 4471 nobis
1490 4414 1802 4470 oblationem
1828 4419 1872 4466 et
1898 4411 2119 4467 hostium

537 4520 647 4577 Deo
676 4520 729 4575 in
755 4517 963 4573 odorem
990 4515 1280 4570 suavitatis.
1314 4510 1654 4584 Impudicitia
1680 4518 1850 4563 autem
1877 4516 1923 4560 et
1954 4504 2119 4560 omnis

530 4612 862 4670 immunditia
893 4620 939 4664 et
964 4608 1182 4665 avaritia
1226 4623 1314 4659 nec
1354 4606 1644 4659 nominetur
1688 4602 1817 4655 inter
1856 4616 1964 4665 vos,
1987 4598 2119 4652 sicut

533 4707 675 4760 decet
719 4711 942 4767 sanctos,
973 4710 1064 4755 aut
1105 4697 1391 4771 turpitudo,
1448 4705 1539 4750 aut
1584 4693 1983 4763 stultiloquium,
2028 4698 2121 4746 aut

530 4796 819 4853 scurrilitas
849 4809 962 4865 qua:
990 4791 1058 4845 ad
1088 4807 1197 4846 rem
1224 4805 1325 4843 non
1353 4789 1593 4860 pertinet,
1622 4785 1711 4840 sed
1741 4784 1901 4855 magis
1925 4784 2120 4854 gratia-

530 4909 645 4947 rum
680 4892 836 4947 actio.
870 4887 985 4943 Hoc
1013 4887 1148 4947 enim
1193 4886 1392 4950 scitote,
1435 4885 1572 4952 quod
1605 4880 1769 4935 omnis
1800 4878 2114 4947 impudicus,

528 4997 621 5037 aut
650 4983 964 5051 immundus,
996 4988 1083 5034 aut
1104 4994 1310 5044 avarus,
1340 4977 1473 5047 quod
1495 4984 1569 5029 est
1598 4974 1853 5027 idolorum
1878 4973 2112 5038 servitus,

530 5091 633 5130 non
662 5076 756 5130 erit
783 5074 944 5130 lueres
982 5074 1037 5127 in
1077 5087 1233 5142 regno
1260 5068 1455 5125 Christi
1497 5075 1542 5123 et
1594 5066 1685 5119 Dei
1723 5064 1940 5136 (Ep/tes.
1970 5081 2023 5131 ν,
2062 5065 2118 5121 1-

531 5165 610 5240 5).
644 5166 739 5224 Ille
765 5180 825 5223 se
850 5162 1046 5220 merito
1070 5161 1433 5219 Christianum
1459 5157 1683 5228 iudicet,
1721 5158 1810 5227 qui
1838 5158 1952 5213 haec
1978 5171 2119 5227 prte-

530 5269 688 5332 cepta
716 5256 973 5326 custodit,
1006 5256 1099 5328 qui
1147 5261 1387 5321 sanctus,
1433 5250 1650 5306 humilis
1691 5257 1747 5305 et
1790 5249 2019 5320 pudicus
2061 5258 2117 5307 et

528 5353 705 5425 iustus
731 5363 833 5420 est,
865 5350 956 5424 qui
998 5350 1051 5406 in
1098 5346 1483 5406 misericordite
1525 5351 1581 5400 et
1607 5342 1830 5415 justitiae
1860 5343 2117 5415 operibus

529 5455 903 5505 conversatur.

602 5590 628 5619 ι
666 5581 816 5646 Mss.,
849 5576 1371 5650 exceptoﬂlltichaelq
1406 5575 1525 5650 mei.

599 5650 626 5688 δ
668 5653 756 5707 Sic
784 5645 957 5706 llolst.
985 5645 1043 5703 ct
1074 5649 1175 5701 BB.
1208 5648 1373 5701 Forte
1407 5645 1566 5699 Nunt.

607 5731 624 5756 τ
665 5721 783 5788 ipsa
842 5721 1040 5787 Pelagii
1099 5718 1261 5769 Vt't‘ba
1327 5716 1465 5785 apud
1522 5717 1739 5770 llieron.
1798 5719 1896 5773 sub
1952 5719 2109 5773 linem

2200 1834 2306 1891 quo
2349 1819 2525 1875 fuerat
2555 1816 2714 1885 paulo
2759 1821 2888 1868 ante
2915 1820 3009 1867 aut
3035 1809 3172 1867 falsa
3201 1810 3415 1867 locutus
3442 1816 3538 1864 aut
3584 1806 3790 1875 turpia,

2200 1926 2393 1981 preces
2422 1910 2488 1963 ad
2520 1909 2828 1971 Dominum,
2853 1904 3007 1975 quasi
3038 1902 3176 1958 nihil
3219 1900 3322 1955 sibi
3363 1899 3489 1955 mali
3516 1898 3789 1965 conscius,

2203 2002 2392 2059 fundit.
2422 2002 2559 2069 Quid
2585 2001 2699 2072 agis
2732 1997 3018 2067 impudens
3042 2006 3096 2051 et
3122 1994 3322 2049 miser?
3352 1991 3489 2060 Quid
3517 2002 3570 2047 te
3609 1990 3789 2061 niajo-

2204 2111 2322 2149 rum
2373 2101 2717 2163 peccatorum
2750 2104 2916 2147 onere
2969 2086 3197 2159 gravas?
3245 2085 3377 2153 Quid
3426 2086 3541 2140 Deo
3585 2092 3800 2154 praeter

2202 2196 2571 2253 contemptum
2624 2183 2877 2251 injuriam
2934 2178 3173 2249 irrogas?
3202 2176 3337 2245 Quid
3369 2175 3435 2231 ad
3485 2189 3801 2245 provocan-

2204 2277 2327 2331 dam
2373 2276 2602 2331 celerius
2632 2274 2748 2344 ejus
2778 2275 2910 2328 iram
2962 2272 3016 2327 in
3069 2270 3437 2327 testimonium
3482 2281 3656 2337 pinna:
3689 2276 3802 2321 tuae

2205 2374 2501 2429 sceleratas
2542 2369 2610 2425 ad
2661 2369 2833 2427 Deum
2886 2366 3116 2439 porrigis
3168 2362 3483 2430 manus,ad
3509 2375 3643 2434 quas
3698 2361 3801 2416 ille

2206 2483 2314 2524 non
2344 2465 2591 2537 respicit,
2646 2464 2737 2534 qui
2776 2460 3015 2518 nonnisi
3060 2468 3275 2516 sanctas
3321 2467 3378 2513 et
3421 2456 3804 2519 immaculatas

2208 2564 2309 2618 sibi
2337 2562 2501 2632 jussit
2533 2557 2760 2616 offerri?
2808 2555 2948 2624 Quid
2986 2569 3081 2611 ore
3124 2553 3214 2609 illo
3245 2552 3415 2607 Deum
3458 2564 3634 2621 rogas,
3692 2563 3805 2619 quo

2208 2658 2369 2728 paulo
2406 2662 2531 2710 ante
2561 2656 2772 2719 locutus
2802 2665 2861 2707 es
2905 2648 3069 2717 male,
3114 2647 3293 2717 Cujus,
3338 2645 3584 2716 quamvis
3612 2644 3808 2701 multi-

2207 2753 2499 2822 plicentur,
2550 2748 2895 2803 abominatur
2938 2759 3151 2816 preces,
3201 2742 3340 2796 sicut
3380 2741 3638 2808 scriptum
3671 2750 3802 2795 est:

2209 2843 2339 2897 Cum
2381 2840 2706 2896 extenderitis
2736 2852 2919 2891 manus
2939 2845 3152 2898 vestras,
3176 2842 3404 2888 avertam
3425 2831 3605 2902 faciem
3630 2846 3809 2884 meam

2210 2955 2241 2991 a
2269 2936 2441 3001 vobis;
2471 2942 2517 2988 et
2537 2936 2580 2987 si
2610 2929 3074 3001 multiplicaveritis
3117 2943 3313 2995 preces,
3343 2941 3444 2978 non
3485 2924 3808 2989 exaudiam;

2211 3047 2393 3085 manus
2423 3029 2558 3083 enim
2586 3038 2764 3081 vestrae
2804 3024 3055 3094 sanguine
3100 3022 3265 3091 pietate
3307 3028 3447 3075 sunt.
3485 3017 3769 3072 Lavamini
3792 3056 3809 3083 ,

2213 3123 2393 3178 mundi
2420 3129 2596 3187 estote,
2625 3123 2825 3188 auferte
2853 3116 3112 3185 nequitias
3139 3113 3202 3167 ab
3227 3112 3416 3167 animis
3447 3111 3622 3165 vestris
3645 3108 3668 3180 (
3690 3107 3808 3166 Isa.

2215 3232 2252 3282 ι,
2286 3216 2373 3282 15,
2403 3213 2470 3269 16
2491 3211 2531 3282 ).
2566 3211 2712 3268 Bene
2733 3210 2841 3267 sibi
2869 3208 2961 3265 ille
2985 3206 3239 3269 conscius
3264 3218 3385 3261 esse
3408 3202 3569 3259 debet
3596 3210 3652 3259 et
3685 3217 3813 3259 eer-

2215 3318 2328 3377 tus,
2375 3317 2432 3363 et
2468 3320 2583 3361 suae
2615 3301 2941 3361 innocentia:
2986 3299 3148 3363 fidus.
3174 3296 3270 3368 qui
3297 3296 3365 3351 ad
3396 3295 3565 3355 Deum
3607 3310 3813 3351 nsanos

2216 3398 2463 3455 extendit
2483 3405 2538 3453 et
2567 3394 2820 3466 porrigit,
2851 3406 2977 3449 cum
3003 3388 3300 3459 Apostolus
3331 3386 3498 3456 dicat,
3536 3384 3670 3443 Volo
3716 3402 3814 3441 au—

2218 3504 2318 3549 tem
2355 3493 2490 3547 viros
2519 3506 2667 3545 orare
2707 3489 2762 3545 in
2786 3486 2927 3543 omni
2971 3485 3105 3549 loco,
3146 3481 3374 3539 levantes
3412 3496 3572 3549 puras
3615 3494 3817 3537 manus

2218 3586 2278 3657 (Ι
2309 3586 2445 3643 Tim.
2468 3600 2539 3648 ιι.
2576 3582 2667 3653 8).
2699 3592 2721 3621 ε
2746 3580 2847 3636 Ille
2874 3589 3055 3639 autem
3081 3576 3149 3633 ad
3168 3576 3338 3635 Deum
3364 3574 3562 3633 merito
3589 3574 3817 3630 extollit

2219 3695 2431 3745 manus,
2468 3678 2561 3734 ille
2588 3688 2781 3747 preces
2812 3673 2954 3729 bona
2982 3669 3321 3727 conscientia
3349 3665 3547 3730 fundit,
3582 3664 3676 3734 qui
3710 3681 3818 3736 po-

2221 3781 2328 3829 test
2355 3773 2537 3827 dicere
2564 3787 2578 3825 :
2610 3768 2692 3824 Tu
2722 3766 2889 3831 nosti,
2920 3763 3171 3833 Domine,
3204 3776 3362 3832 quam
3386 3765 3609 3825 sancta),
3638 3772 3816 3827 quam

2220 3866 2569 3928 innocentes,
2596 3876 2760 3932 quam
2788 3874 2936 3931 puros
2962 3859 3071 3913 sint
3097 3857 3170 3912 ab
3197 3855 3344 3913 omni
3366 3853 3553 3910 fraude
3580 3860 3639 3910 et
3664 3852 3816 3923 inju-

2220 3956 2297 4011 ria
2339 3963 2396 4010 et
2434 3954 2646 4023 rapina,
2678 3967 2811 4022 quas
2853 3950 2920 4006 ad
2951 3960 3001 4004 te
3038 3948 3307 4017 expando,
3361 3958 3591 4004 manus;
3641 3959 3815 4013 quam

2216 4051 2384 4121 justa,
2415 4062 2578 4118 quam
2610 4045 2956 4102 immaculata
2986 4042 3125 4099 labia
3154 4052 3206 4097 et
3235 4040 3306 4095 ab
3331 4040 3481 4096 omni
3519 4037 3815 4096 mendacio

2221 4143 2415 4207 libera,
2445 4138 2641 4212 quibus
2660 4138 2781 4206 tibi,
2807 4136 3014 4193 utmibi
3031 4134 3370 4198 miserearis,
3398 4146 3592 4202 preces
3618 4131 3814 4188 fundo.

2222 4234 2273 4308 [ά
2293 4234 2441 4293 Talis
2467 4233 2609 4289 enim
2639 4232 2746 4287 cito
2777 4235 3018 4289 meretur
3054 4226 3261 4291 audiri,
3299 4235 3353 4282 et
3379 4234 3669 4295 antequam
3723 4239 3816 4295 pe~

2222 4328 2365 4384 nitus
2388 4339 2579 4396 preces
2600 4320 2845 4393 fundat,]
2871 4330 3047 4391 potest
3070 4320 3362 4389 impetrare
3381 4316 3522 4387 quod
3548 4318 3813 4386 postulat.

2295 4419 2420 4476 Scio
2450 4418 2593 4475 enim
2625 4430 2747 4472 esse
2773 4429 2909 4485 quos
2940 4414 3011 4471 ita
3044 4412 3298 4482 nequitiae
3326 4420 3384 4471 et
3408 4408 3646 4469 avaritiae
3677 4424 3817 4478 pro-

2146 4488 2201 4550 Ῑ)
2227 4513 2391 4569 funda
2421 4512 2595 4581 caligo
2624 4508 2878 4573 caecavit,
2912 4514 2971 4562 ut
3000 4520 3123 4563 cum
3155 4505 3264 4561 illis
3293 4518 3550 4575 prospere
3575 4504 3813 4559 cesserit

2225 4604 2366 4678 quod
2393 4612 2487 4660 aut
2513 4616 2803 4672 pauperem
2833 4614 2928 4668 per
2954 4597 3250 4668 potentiam
3274 4595 3578 4665 vinxerint,
3608 4605 3702 4651 aut
3730 4596 3812 4651 in-

2229 4709 2506 4755 nocentem
2538 4695 2863 4751 testimoniis
2894 4693 3044 4751 falsis
3068 4691 3381 4762 obruerint,
3411 4701 3504 4747 aut
3533 4689 3811 4747 infirmum

2226 4794 2424 4850 virtute
2455 4789 2861 4861 superaverint,
2894 4798 2993 4843 aut
3018 4787 3218 4842 furtum
3260 4783 3489 4842 fecerint
3525 4790 3623 4839 aut
3657 4783 3810 4854 rapi-

2227 4904 2351 4947 nam
2377 4904 2392 4953 ;
2429 4888 2538 4943 Deo
2564 4886 2765 4957 gratias
2795 4891 2954 4953 agant
2982 4897 3090 4952 quo
3119 4881 3414 4951 opitulante
3440 4878 3567 4935 talia
3606 4892 3811 4947 μοι-ρο-

2228 4990 2398 5040 trasse
2428 4996 2489 5038 se
2518 4979 2781 5044 credunt,
2811 4986 2868 5033 et
2896 4986 3005 5035 tam
3035 4975 3275 5046 iniquum
3320 4973 3491 5029 Deum
3526 4970 3808 5041 judicent,

2227 5084 2288 5133 ut
2314 5084 2500 5148 putent
2522 5089 2644 5132 eum
2675 5072 2948 5131 scelerum
2977 5083 3202 5127 suorum
3233 5067 3399 5124 fuisse
3422 5064 3771 5138 participem.

2827 5202 3055 5260 CAPUT
3094 5202 3212 5258 XII.

2564 5324 2917 5394 Eleemosyna:
2946 5321 3009 5376 de
3041 5320 3198 5376 lucris
3226 5319 3453 5391 injustis.

2294 5439 2457 5498 Stulti
2479 5446 2533 5496 et
2556 5436 2740 5494 miseri
2763 5450 2935 5506 usque
2958 5432 3093 5489 adeo
3115 5434 3227 5489 suis
3245 5429 3614 5501 iniquitatibus
3634 5440 3802 5483 crete.

2221 5573 2447 5771 fluit:
2478 5644 2560 5726 his
2584 5642 2761 5702 verbis
2783 5639 2938 5705 unica
2965 5640 3018 5695 in
3046 5652 3177 5696 mss.
3202 5652 3303 5694 vox
3328 5644 3407 5695 οῖ’
3431 5638 3531 5693 iste
3548 5677 3563 5705 ,
3585 5644 3639 5691 et
3664 5630 3799 5701 8PM

2272 5736 2299 5770 υ
2326 5731 2352 5771 s
2380 5732 2468 5769 cn.
2499 5732 2565 5771 ts.

2272 5732 2468 5771 UlSlCll.
2499 5732 2565 5771 ιδ.
