3982 6182
226 226 315 285 ων
1208 224 1297 284 DE
1337 230 1494 285 VITA
1533 230 1945 288 CHRISTIANA
1985 234 2186 290 LIBER
2229 237 2430 293 UNUS.
3345 248 3452 308 398

231 345 317 400 cati
335 385 350 412 ,
372 351 428 400 ut
450 356 549 399 non
576 342 882 415 intelligant
908 343 1019 398 Deo
1048 359 1157 399 non
1184 359 1347 415 posse
1378 345 1590 415 placere
1615 348 1757 416 quod
1786 357 1836 411 Α
1866 349 2033 403 Adam
2063 367 2092 404 a
2120 351 2230 405 Deo
2253 353 2423 405 lactus
2448 361 2530 406 est
2556 354 2715 409 homo
2742 356 2944 423 primus
2965 367 2991 395 ι
3012 359 3068 414 in
3099 360 3276 429 primo
3302 371 3449 418 statu
3482 360 3507 398 "‘~

230 437 470 507 prohibet;
497 444 549 492 et
574 435 729 505 quasi
756 451 922 489 unum
948 436 1154 491 crimen
1195 437 1329 492 satis
1364 452 1479 491 non
1521 438 1592 491 sit
1617 477 1630 501 ,
1662 438 1766 493 nisi
1872 444 2085 507 mundi,
2115 444 2354 511 perfidia:
2376 460 2440 497 an
2472 446 2671 510 peccati
2696 461 2852 501 causa
2877 449 3161 506 damnatus
3183 461 3265 507 est
3287 454 3443 523 (Gen.

226 530 374 585 adhuc
410 528 538 583 male
578 527 863 582 sentiendo
903 528 970 583 de
1014 527 1130 583 Deo
1169 528 1455 597 adjiciatur
1492 538 1547 585 et
1588 530 1763 585 aliud.
1870 536 2093 605 111,17)?
2114 537 2295 604 lnquo
2318 536 2634 591 nihilfuisse
2655 539 3046 597 incredulitatis
3066 544 3286 601 invenio
3307 562 3449 615 pra-

226 621 315 676 Alii
339 636 450 675 vero
474 620 571 675 hoc
597 633 657 674 se
681 619 969 689 iustiﬁcari
995 620 1339 686 existimant,
1370 621 1512 688 quod
1545 621 1612 676 de
1637 620 1764 676 sub—
1871 635 1955 681 ter
1985 628 2153 681 solam
2183 627 2635 692 inobedientiam,
2665 630 2822 697 cujus
2851 646 3013 685 causa
3038 634 3132 687 ille
3160 636 3446 694 damnatus

222 712 389 768 stantia
415 726 692 781 pauperum
722 711 971 781 exiguam
1002 713 1406 779 eleemosyuam
1437 712 1634 766 faciant
1662 729 1677 777 ;
1708 721 1763 768 et
1867 727 1970 785 est,
2002 727 2055 772 et
2077 734 2265 773 omnes
2294 734 2395 773 suo
2425 719 2752 774 damnantur
2778 723 3197 792 exemploLain
3226 743 3443 797 quoque

219 804 485 875 deeoquod
506 805 752 875 plurimis
778 804 1124 861 abstulerunt
1143 844 1161 870 ,
1190 806 1281 859 uni
1306 805 1567 874 quiddam
1598 806 1758 861 mini-
1865 826 1973 865 non
2004 810 2240 879 perfidiae
2269 825 2431 865 causa
2450 852 2466 876 ,
2498 814 2597 868 sed
2628 815 2751 882 quia
2790 814 3014 870 fratrem
3054 816 3442 887 interemerat,

218 911 338 952 mum
359 896 660 966 largiuntur.
689 894 911 953 (libatur
937 910 1076 951 unus
1100 895 1243 951 unde
1270 895 1454 964 plures
1480 896 1754 967 esuriunt,
1861 904 2248 957 condemnatus
2278 913 2363 959 est
2392 903 2545 975 (Gen.
2572 921 2648 967 iv,
2674 908 2785 976 Η).
2813 906 2952 973 Quid
2981 909 3179 978 plura?
3212 910 3442 968 untur.

216 997 255 1043 et
277 987 335 1043 de
357 988 635 1045 multorum
664 986 855 1057 spoliis
879 987 969 1042 vix
1000 987 1153 1056 pauci
1186 994 1459 1056 teguntur.
1502 986 1622 1041 Non
1666 995 1753 1042 ta—
1860 1009 1953 1049 sus
1974 996 2062 1049 hic
2086 995 2318 1051 mundus
2342 1005 2399 1051 ut
2416 996 2617 1051 diluvio
2638 998 2907 1063 interiret,
2924 1014 3029 1054 non
3052 1000 3297 1069 perfidiae
3311 1018 3444 1061 catt.

213 1081 297 1137 lem
318 1083 696 1154 elemosynam
723 1082 867 1139 Deus
883 1083 1095 1152 quaerit.
1116 1094 1215 1137 nec
1240 1080 1352 1137 vult
1376 1081 1630 1149 pietatem
1660 1080 1754 1135 uni
1860 1098 1973 1141 sam
1994 1129 2007 1153 ,
2041 1087 2135 1141 sed
2163 1088 2453 1142 criminum
2481 1089 2602 1158 lego
2630 1089 2797 1145 fuisse
2824 1090 2983 1159 (Gen.
3002 1108 3096 1159 vi,
3121 1094 3235 1163 15).
3271 1095 3441 1151 ὃοᾱοα

208 1173 264 1231 de
288 1175 485 1231 alterius
521 1175 847 1231 crudelitate
888 1175 1156 1244 praestari.
1198 1173 1390 1231 Melius
1417 1182 1499 1228 est
1527 1174 1669 1227 enim
1698 1181 1752 1231 te
1852 1194 1936 1232 ma
1967 1188 2025 1233 et
2044 1178 2344 1234 Gomorrha
2374 1191 2431 1234 ut
2457 1182 2746 1249 repentino
2766 1193 3139 1240 cremarentur
3158 1184 3439 1254 inccndio,

205 1281 297 1321 non
326 1267 481 1324 facere
505 1270 912 1339 eleemosynam
936 1308 950 1331 ,
981 1281 1141 1336 quam
1176 1265 1321 1321 unde
1348 1280 1550 1334 paucos
1577 1264 1746 1333 tegis,
1849 1271 2053 1325 nullam
2104 1286 2321 1326 causam
2372 1273 2767 1329 incredulitatis
2798 1275 3043 1341 invenio,
3097 1276 3205 1337 nisi
3240 1291 3436 1345 pecca-

200 1357 309 1415 inde
332 1360 575 1428 plurimos
606 1360 775 1415 facias
804 1358 1118 1424 denudare;
1148 1367 1203 1413 et
1235 1367 1292 1413 ut
1320 1373 1486 1414 unum
1514 1357 1746 1421 vestias,
1849 1372 2024 1417 torum
2054 1374 2108 1417 et
2134 1366 2402 1419 scelerum
2437 1364 2592 1436 (Ges.
2622 1382 2758 1420 xvnt
2777 1407 2792 1431 ,
2819 1366 2950 1435 ‘20);
2983 1368 3123 1437 quod
3152 1368 3437 1440 Scriptura

199 1450 353 1519 Plures
394 1454 621 1523 spoliare
661 1452 908 1508 νθειίῑοεο
955 1451 1105 1505 Illam
1146 1451 1551 1521 eleemosynam
1601 1449 1747 1504 Deus
1847 1458 2245 1511 evidentissime
2277 1460 2651 1523 demonstrat,
2682 1469 2741 1514 et
2771 1460 2948 1516 dicit:
2980 1462 3235 1519 Homines
3266 1464 3445 1519 Sodo-

197 1544 511 1612 comprobat,
539 1560 663 1616 qua:
691 1544 759 1599 de
786 1542 947 1612 justis
978 1542 1255 1597 laboribus
1282 1540 1639 1605 ministratur,
1671 1540 1747 1594 θί-
1843 1551 1980 1604 mitte
2009 1550 2133 1603 ntali
2159 1561 2206 1605 et
2234 1561 2526 1621 peccatores
2556 1564 2701 1607 erant
2727 1556 2782 1607 in
2822 1566 3098 1627 conspectu
3137 1558 3235 1614 Dei
3290 1561 3443 1621 ualde

195 1644 266 1689 cut
287 1635 533 1705 scriptum
562 1644 647 1694 est
667 1652 685 1689 :
717 1634 933 1690 Honora
955 1634 1123 1688 Deum
1149 1633 1214 1687 de
1242 1634 1343 1689 tuis
1362 1633 1523 1704 justis
1554 1632 1737 1686 labori-

1847 1641 2011 1711 (Gen.
2036 1659 2161 1709 xm,
2192 1644 2313 1711 15).
2356 1645 2592 1712 Populus
2627 1647 2718 1700 illo
2746 1646 3002 1704 Judaicus
3028 1659 3089 1705 ut
3112 1651 3142 1691 δ
3179 1660 3289 1708 tam
3316 1655 3433 1710 fre-

191 1724 285 1793 bus,
303 1736 347 1781 et
367 1727 531 1783 delibo
551 1730 597 1783 ei
622 1727 686 1782 de
708 1736 810 1781 tua:
826 1726 1051 1798 justitia:
1073 1724 1326 1795 fructibus
1357 1722 1539 1795 (Prov.
1560 1740 1638 1789 Ill,
1659 1722 1737 1794 9).
1770 1736 1821 1797 Β
1845 1744 2076 1806 quenter
2102 1736 2322 1791 interire
2352 1737 2627 1793 videretur
2653 1750 2707 1793 et
2734 1741 2935 1809 corripi
2954 1782 2971 1808 ,
3017 1758 3195 1801 nonne
3240 1762 3437 1815 pem-

185 1815 305 1873 Nam
327 1820 467 1874 illam
487 1821 825 1879 abominetur
848 1831 902 1875 et
924 1819 1184 1889 reprobat
1206 1860 1221 1885 ,
1250 1833 1371 1888 qua
1397 1817 1465 1875 de
1489 1818 1743 1889 lacrymis
1852 1839 2027 1885 torum
2056 1844 2218 1883 causa
2252 1831 2543 1897 praestabat
2574 1830 2714 1899 (Act.
2739 1848 2796 1897 v,
2827 1833 2987 1902 4-9)?

182 1920 452 1978 praestatur
475 1914 685 1969 alienis.
717 1912 850 1980 Quid
880 1912 1030 1969 enim
1062 1911 1321 1981 prodest,
1347 1911 1393 1965 si
1427 1921 1479 1968 te
1520 1911 1743 1966 benedi-

184 2014 255 2058 cat
279 2021 409 2067 unus
437 2007 579 2067 unde
609 2008 821 2077 plurimi
852 2005 1224 2069 maledicunt?
1252 2005 1352 2060 Vel
1377 2004 1506 2074 quid
1532 2005 1743 2060 confert

183 2096 259 2152 tibi
283 2098 371 2157 illa
402 2100 743 2172 eleemasyna
773 2115 891 2171 quae
920 2099 989 2155 de
1019 2100 1323 2159 substantia
1352 2109 1636 2168 praestatur
1663 2099 1743 2153 al—

183 2190 362 2249 terius?
390 2192 596 2252 Revera
631 2194 932 2253 timendum
962 2201 1048 2249 est
1067 2193 1208 2262 quod
1232 2192 1373 2247 Deus
1398 2206 1505 2247 non
1545 2192 1743 2248 habeat

183 2283 299 2342 unde
319 2301 580 2358 pauperes
606 2303 739 2349 suos
763 2295 985 2358 pascat,
1011 2287 1112 2343 nisi
1140 2295 1197 2343 tu
1222 2286 1396 2345 aliena
1421 2285 1662 2355 diripias.

744 2419 973 2475 CAPUT
1012 2418 1151 2475 Xll’l.

334 2566 340 2577 η
426 2532 476 2587 F
480 2535 618 2593 idem
646 2536 758 2589 sine
787 2534 1021 2604 operibus
1052 2548 1154 2587 non
1194 2533 1451 2602 prodesse.

229 2668 369 2725 Alios
396 2680 580 2729 autem
610 2670 774 2734 novi,
807 2682 944 2738 quos
989 2668 1061 2721 ita
1102 2666 1426 2735 insipientia:
1453 2676 1512 2722 et
1537 2668 1739 2736 impru-

179 2756 346 2817 dentia:
370 2765 671 2821 tenebrosa
704 2761 1009 2832 ignorantia
1041 2759 1178 2814 fallit
1208 2773 1273 2813 ac
1300 2759 1542 2828 decipit,
1578 2770 1635 2815 ut
1674 2763 1735 2813 li-

174 2851 271 2909 dem
291 2872 452 2925 quam
478 2859 683 2914 habere
704 2873 763 2913 se
790 2856 1081 2921 simulant,
1102 2855 1220 2909 sine
1237 2854 1461 2923 justitiae
1482 2855 1735 2924 operibus

172 2946 288 3011 apud
314 2949 484 3007 Deum
513 2950 617 3005 sibi
642 2957 905 3006 censeant
927 2948 1262 3017 profuturam
1288 2964 1301 2999 :
1331 2947 1511 3000 ethoc
1535 2944 1735 3000 erroris

168 3049 337 3102 genere
364 3042 495 3097 sine
524 3051 668 3097 metu
690 3040 922 3096 crimina
949 3038 1178 3092 nefanda
1208 3038 1581 3097 committunt,
1606 3036 1735 3091 dum

1916 1925 2023 1980 Sed
2053 1924 2181 1979 dicit
2206 1925 2431 1994 aliquis:
2466 1926 2663 1981 veteris
2693 1927 2849 1997 Legis
2877 1931 3182 1989 testimonia
3212 1945 3423 1992 tantum

1846 2032 1954 2071 non
1987 2018 2194 2086 accipio
2215 2058 2230 2081 ,
2270 2017 2375 2072 nisi
2410 2018 2539 2072 mihi
2576 2028 2633 2073 et
2670 2021 2795 2073 novi
2826 2021 3155 2079 Testamenti
3186 2030 3434 2098 exempla

1848 2110 2155 2178 protuleris.
2213 2109 2414 2178 Accipe
2465 2111 2728 2164 Ananiam
2778 2118 2835 2166 et
2882 2112 3240 2183 Sappbiram,
3296 2134 3433 2187 quos

1845 2203 2140 2271 apostolica
2168 2204 2468 2267 sententia,
2497 2218 2602 2257 non
2631 2202 2870 2272 perfidiae
2893 2205 3150 2275 crimine,
3181 2210 3275 2263 sed
3305 2210 3435 2266 furti

1845 2302 1901 2349 et
1940 2293 2209 2349 mendacii
2246 2308 2407 2348 causa
2450 2294 2753 2349 damnavit.
2802 2297 3051 2353 Forsitan
3092 2300 3337 2357 dicturus
3371 2318 3436 2359 es

1844 2386 2009 2440 mihi:
2044 2385 2183 2452 Quid
2219 2400 2352 2456 ergo
2387 2386 2679 2455 Apostolus
2719 2387 2887 2443 dicit:
2929 2390 3256 2445 Arbitrantur
3292 2396 3432 2449 enim

1833 2479 2121 2549 justiﬁcari
2141 2478 2396 2532 hominem
2418 2495 2509 2550 per
2528 2478 2684 2549 ﬁdem
2705 2481 2815 2533 sine
2837 2482 3075 2553 operibus
3097 2483 3225 2557 legis
3250 2485 3425 2557 (Rom.

1842 2586 1930 2635 ιιι,
1956 2571 2096 2642 28)?
2126 2572 2302 2641 Ipsum
2331 2573 2421 2642 qui
2454 2574 2556 2626 hoc
2584 2571 2716 2627 dicit
2736 2614 2750 2637 ,
2781 2574 2903 2643 lego
2930 2575 3206 2634 hominem
3235 2580 3432 2637 absen-

1842 2670 1947 2719 tem
1981 2664 2145 2717 etiam
2186 2664 2615 2728 condemnasse,
2644 2666 2771 2735 quia
2808 2682 3033 2724 uxorem
3065 2671 3235 2739 patris
3273 2688 3429 2729 acce-

1842 2759 1982 2825 perit
2010 2757 2051 2829 (l
2070 2756 2189 2812 Cor.
2208 2774 2257 2823 v,
2284 2758 2358 2827 l).
2389 2757 2742 2827 intelligenda
2769 2758 3043 2830 Scriptura
3063 2804 3076 2827 ,
3103 2776 3225 2831 qua:
3254 2765 3431 2818 scien-

1842 2852 1990 2905 tibus
2015 2852 2311 2906 convenire
2337 2851 2549 2907 videtur
2576 2852 2633 2905 in
2661 2851 2932 2918 omnibus,
2958 2862 3015 2908 et
3037 2870 3141 2908 non
3173 2856 3275 2908 nisi
3300 2857 3428 2911 solis

1841 2959 1871 2997 a
1916 2945 2110 3012 quibus
2143 2945 2363 2998 minime
2404 2945 2723 3011 intelligitur
2764 2944 3096 3014 discrepare.
3138 2946 3428 3015 laetiﬁcari

1843 3033 2096 3086 hominem
2126 3033 2418 3101 Apostolus
2448 3049 2537 3100 per
2561 3033 2717 3101 [idem
2743 3035 2854 3087 sine
2878 3035 3117 3103 operibus
3144 3037 3270 3109 legis
3298 3038 3429 3094 dicit

164 3130 366 3188 credunt
394 3133 577 3187 Deum
608 3148 716 3186 non
743 3130 1032 3186 criminum
1058 3170 1073 3193 ,
1104 3130 1201 3183 sed
1241 3129 1487 3198 perfidiae
1526 3134 1735 3179 tantum
1767 3114 1813 3174 C
1848 3121 2029 3191 (Rom.
2055 3138 2144 3185 ιιι,
2172 3124 2266 3191 38)
2295 3141 2307 3176 :
2340 3122 2435 3176 sed
2468 3138 2574 3176 non
2606 3124 2727 3176 sine
2756 3124 2865 3178 illis
2892 3126 3146 3193 operibus
3168 3169 3181 3193 ,
3214 3129 3282 3185 dc
3310 3133 3428 3200 qui-

158 3221 390 3277 ultorem.
440 3221 521 3275 Et
565 3221 827 3289 ejusmodi
870 3234 976 3274 non
1018 3218 1194 3273 solum
1238 3233 1299 3272 se
1340 3218 1489 3285 ipsos
1535 3215 1740 3285 perisse

159 3313 379 3368 contenti
414 3320 591 3373 sunt.
624 3313 719 3369 sed
750 3320 805 3368 et
832 3312 1008 3378 alios,
1040 3312 1095 3366 in
1122 3311 1318 3379 quibus
1357 3310 1562 3371 nullum
1596 3308 1741 3363 divi-

158 3418 213 3462 ne
241 3406 513 3463 scientiae
540 3404 719 3462 lumen
749 3416 827 3461 est
850 3448 864 3473 ,
894 3404 1007 3463 suis
1038 3404 1283 3459 nituntur
1312 3404 1520 3471 laqueis
1561 3402 1763 3471 impli--

160 3511 279 3554 tare.
311 3499 380 3559 Et
414 3496 682 3564 impletur
710 3499 766 3551 in
800 3497 904 3551 illis
933 3494 1240 3557 Sal-viatoris
1267 3494 1439 3551 nostri
1469 3494 1737 3550 sententia

166 3588 411 3646 dicentis:
448 3588 627 3643 Circus
663 3593 710 3644 si
748 3604 883 3645 ceco
922 3591 1168 3644 ducatum
1206 3595 1413 3659 prastat
1436 3627 1449 3652 ,
1490 3586 1639 3645 aurbo
1682 3586 1737 3641 in

169 3684 341 3748 foveam
369 3684 568 3742 cadunt
599 3680 814 3753 (Matth.
842 3696 935 3746 xv,
968 3680 1082 3749 14).
1112 3680 1246 3736 Nam
1283 3681 1331 3737 si
1369 3680 1579 3735 nullum
1624 3679 1734 3734 cri-

170 3786 301 3841 lacn,
341 3776 442 3831 sed
491 3774 608 3828 sola
650 3774 872 3843 perﬁdia
913 3774 1344 3839 condemnatur;
1388 3789 1520 3842 ergo
1559 3773 1736 3829 securi

170 3878 430 3931 peccamus
459 3879 523 3925 et
549 3868 726 3923 liberi.
763 3869 826 3923 Et
851 3868 972 3923 sine
997 3882 1156 3922 causa
1199 3868 1349 3923 dedit
1395 3868 1537 3921 Deus
1579 3881 1734 3921 man-

171 3954 267 4012 data
298 3960 535 4029 iustitiae
556 4004 569 4027 ,
602 3959 648 4014 si
676 3960 793 4017 sola
838 3960 957 4016 sine
991 3960 1217 4028 iustitia:
1247 3975 1411 4030 opera
1442 3961 1580 4016 ﬁdes
1611 3975 1737 4030 pro—

172 4048 284 4107 dest.
332 4054 493 4113 Unde
546 4054 631 4109 llic
680 4062 787 4113 tam
834 4054 1062 4124 impios,
1123 4063 1232 4110 tam
1276 4055 1581 4119 scelestus,
1626 4064 1734 4108 tam

172 4144 377 4209 perﬁdus
404 4146 735 4217 ignorantiae
760 4161 915 4203 error
943 4147 1245 4215 obrepserit
1265 4189 1279 4214 ,
1309 4149 1451 4203 scire
1477 4162 1582 4202 non
1612 4162 1735 4215 pos-

173 4245 360 4306 sumus,
392 4239 511 4297 nisi
542 4236 681 4294 forte
708 4254 779 4295 ex
807 4238 915 4294 illis
957 4240 1047 4309 qui
1096 4240 1195 4294 hoc
1240 4241 1489 4310 exemplo
1534 4242 1585 4293 in
1616 4240 1734 4310 lege

173 4332 310 4386 veteri
339 4333 611 4404 populum
638 4333 972 4389 seducebant
994 4374 1009 4399 ,
1034 4341 1089 4389 et
1114 4348 1297 4389 secum
1330 4343 1547 4388 mternze
1574 4333 1734 4387 morti

175 4429 213 4474 Cl
237 4437 484 4496 perpetuo
522 4425 814 4483 (tradebant
844 4427 1081 4481 interitui
1106 4469 1119 4492 ,
1152 4428 1219 4481 de
1246 4428 1442 4496 quibus
1470 4426 1732 4494 scriptum

1840 3216 1944 3271 bus
1973 3215 2202 3269 alterum
2242 3216 2547 3283 apostolum
2588 3217 2750 3271 audio
2791 3218 3061 3274 dicentem
3089 3240 3101 3274 :
3134 3222 3294 3279 Fides
3317 3226 3428 3279 sine

1840 3307 2078 3377 cperibus
2106 3316 2309 3363 mortua
2338 3317 2413 3361 est
2446 3306 2584 3378 (Jac.
2614 3324 2682 3375 ιι,
2706 3309 2833 3379 20).
2868 3311 3063 3367 Paulus
3092 3316 3241 3370 enim
3269 3331 3420 3388 apos-

1841 3400 1985 3455 tolus
2009 3399 2077 3454 de
2103 3400 2357 3469 operibus
2387 3401 2518 3472 legis
2546 3402 2760 3458 locutus
2786 3413 2903 3471 est,
2937 3405 3038 3461 hoc
3067 3417 3182 3476 est,
3222 3410 3293 3469 de
3318 3413 3429 3467 cir-

1839 3494 2174 3550 cumcisione
2213 3495 2451 3562 carnali,
2495 3506 2549 3551 ct
2594 3501 2915 3568 neomenia,
2958 3508 3013 3556 et
3055 3504 3319 3575 sabbato,
3369 3516 3427 3562 et

1840 3586 2152 3657 huiusmodi
2183 3590 2394 3643 caeteris
2415 3630 2431 3656 ,
2465 3604 2588 3659 quae
2615 3590 2699 3645 lex
2731 3591 2846 3649 fieri
2877 3605 3004 3650 ante
3048 3609 3421 3669 praeceperat,

1839 3687 1893 3735 et
1915 3678 2027 3749 jam
2067 3679 2267 3734 Christi
2309 3688 2553 3749 tempore
2598 3697 2704 3735 non
2747 3695 2901 3738 erant
2941 3692 3288 3756 necessaria;
3320 3692 3424 3747 iste

1840 3787 1973 3828 vero
1997 3772 2065 3827 de
2092 3774 2347 3842 operibus
2371 3774 2595 3841 justitia:
2623 3774 2879 3843 loquitur,
2912 3793 3035 3847 quae
3062 3782 3155 3851 qui
3192 3799 3299 3839 non
3338 3786 3423 3841 fe-

1838 3866 1974 3923 cerit
2002 3875 2246 3920 mortuus
2272 3874 2387 3931 est,
2418 3865 2667 3935 quamvis
2694 3881 2752 3920 se
2781 3868 2998 3923 simulet
3023 3885 3145 3925 esse
3186 3873 3419 3930 ﬁdelem.

1911 3959 2017 4015 Sed
2046 3957 2180 4013 dicit
2207 3958 2327 4028 quis
2358 3958 2487 4011 illud
2517 3957 2764 4028 Apostoli
2796 3958 3023 4015 dicentis
3054 3979 3066 4013 :
3097 3960 3264 4016 Corde
3288 3967 3423 4020 enim

1840 4052 2071 4106 creditur
2098 4050 2169 4102 ad
2187 4051 2445 4123 justitiam
2467 4092 2481 4117 ,
2524 4066 2613 4105 ore
2651 4061 2821 4105 autem
2851 4055 3109 4124 confessio
3147 4056 3206 4124 [it
3240 4056 3309 4109 ad
3335 4074 3423 4111 ια-

1842 4144 1999 4197 lutem
2031 4143 2223 4216 (Rom.
2250 4159 2317 4209 x,
2347 4142 2474 4213 10).
2505 4143 2682 4200 Stulte
2702 4188 2716 4212 ,
2753 4145 2859 4203 hoc
2887 4145 3139 4216 baptismi
3172 4149 3425 4219 impletur

1841 4237 1896 4292 in
1931 4248 2176 4306 tempore
2197 4280 2210 4303 ,
2247 4251 2353 4306 quo
2378 4245 2439 4291 ut
2469 4238 2779 4307 baptizetur
2804 4241 2925 4310 quis
2946 4284 2959 4307 ,
3003 4243 3114 4297 sola
3154 4243 3427 4301 confessio

1843 4329 2184 4384 desideratur
2212 4337 2268 4382 ct
2302 4330 2457 4383 ﬁdes.
2488 4329 2622 4384 Nam
2656 4331 2783 4400 quid
2825 4332 2919 4384 tibi
2962 4333 3128 4402 ipsius
3172 4336 3422 4407 baptismi

1846 4419 2118 4473 lavacrum
2151 4419 2409 4487 prodest,
2441 4419 2485 4473 si
2513 4421 2626 4474 sola
2665 4422 2781 4475 sine
2811 4421 3017 4489 jnstitia
3054 4425 3191 4482 fides
3228 4433 3425 4501 quaeri-

176 4490 269 4571 est:
299 4490 472 4578 lectito
506 4522 693 4577 audire
722 4536 977 4575 scrutantes
1006 4490 1367 4589 prophetarum
1395 4520 1481 4586 qui
1510 4490 1737 4586 prophe-
1761 4490 1817 4552 Ῑ)
1844 4515 1972 4567 tur?
2004 4514 2282 4581 Baptismo
2312 4514 2455 4566 enim
2489 4523 2706 4581 peccata
2738 4513 2879 4567 ablui
2912 4515 3045 4569 fides
3076 4490 3314 4574 orrmidm
3348 4531 3429 4576 te-

178 4615 259 4662 lam
282 4616 442 4680 vobis,
476 4613 731 4683 quatiant
756 4612 873 4666 vani
901 4620 1020 4665 sunt
1046 4611 1145 4678 ipsi
1168 4650 1183 4675 ,
1212 4620 1257 4663 et
1285 4610 1501 4662 visiones
1527 4624 1558 4659 η
1584 4605 1736 4659 corde

177 4716 248 4757 tuo
274 4706 575 4777 loquuntur,
608 4717 655 4761 et
678 4707 877 4761 unum
903 4721 988 4759 ore
1017 4703 1246 4756 Domini.
1277 4701 1467 4763 Dicunt
1494 4701 1625 4753 enim
1655 4698 1737 4753 his

176 4798 243 4860 (115
265 4802 521 4865 repellam
550 4800 703 4861 verba
726 4799 937 4854 Domini
962 4838 977 4863 ,
1008 4796 1124 4850 Pax
1150 4798 1245 4850 erit
1274 4795 1419 4849 vobis.
1436 4811 1455 4859 ;
1485 4804 1533 4847 et
1569 4793 1736 4847 omni-

179 4886 249 4943 δῑε
273 4896 353 4961 qui
378 4898 579 4951 radunt
604 4895 660 4948 in
689 4890 1032 4948 voluntatibus
1060 4890 1169 4944 suis
1191 4930 1205 4954 ,
1237 4890 1375 4942 omni
1401 4888 1487 4957 qui
1512 4885 1651 4940 vadit
1683 4885 1738 4938 in

179 4995 321 5039 more
350 4991 531 5045 cordis
564 4988 647 5043 sui
685 4988 905 5041 dicunt:
950 4984 1070 5039 Non
1106 4986 1308 5037 uenient
1345 4998 1497 5054 super
1526 4992 1574 5035 ts
1598 4981 1738 5035 mala

178 5070 825 5148 (Jerem.xxnt,16,l7).
863 5079 1023 5133 Multa
1068 5076 1286 5147 quidem
1332 5076 1521 5138 nobis,
1567 5073 1736 5126 immo

179 5168 317 5223 totius
336 5172 464 5241 legis
490 5171 799 5226 testimonia
830 5170 1089 5233 aderant,
1114 5167 1312 5237 quibus
1338 5176 1442 5218 tam
1472 5163 1738 5233 pernicio-

180 5270 279 5314 sum
306 5278 545 5321 errorem
576 5266 859 5320 destruere
889 5279 951 5319 ac
992 5262 1225 5332 sepelire
1256 5266 1563 5329 poteramus
1592 5274 1606 5324 ;
1642 5256 1736 5313 sed

180 5362 238 5404 ne
272 5354 533 5427 legentem
573 5357 773 5415 diutius
814 5355 1105 5426 fatigemus
1125 5397 1143 5420 ,
1168 5352 1445 5409 sufﬁciant
1474 5366 1645 5422 pauca
1672 5350 1737 5405 de

179 5442 417 5511 Plurimis.
440 5449 793 5520 Respondeat
814 5450 941 5506 mihi
965 5450 1054 5517 ille
1072 5448 1224 5519 cujus
1252 5448 1377 5503 talis
1393 5456 1480 5504 est
1502 5459 1697 5503 sensus
1726 5462 1741 5501 :

234 5651 257 5717 ξ
286 5646 375 5717 Sic
401 5666 569 5715 mss.;
600 5660 655 5704 at
683 5650 842 5717 editi,
874 5650 1048 5703 statim
1080 5649 1129 5701 in
1161 5648 1411 5717 principio
1441 5647 1617 5699 mundi
1630 5686 1640 5697 .

236 5710 259 5751 δ
284 5715 409 5775 Mss.
442 5710 716 5791 plerilwe,
748 5710 851 5779 tam
883 5722 1057 5775 crebro
1083 5710 1344 5781 interiret,
1376 5734 1561 5773 nonne.

1846 4615 1957 4667 net.
1991 4606 2046 4661 Si
2078 4606 2333 4675 deinceps
2365 4607 2696 4674 peccandum
2724 4614 2808 4661 est
2828 4650 2842 4673 ,
2876 4607 3115 4665 abluisse
3143 4613 3268 4678 quid
3301 4626 3427 4681 pro-

1846 4699 1995 4755 dest?
2029 4698 2163 4753 Audi
2192 4698 2318 4765 quid
2339 4699 2485 4753 dicat
2508 4699 2762 4755 Dominus
2786 4700 2985 4755 homini
3013 4703 3179 4757 semel
3214 4714 3425 4758 sanato:

1844 4790 1983 4845 Ecce
2002 4807 2161 4844 sanus
2188 4791 2355 4861 factus
2382 4806 2434 4844 es
2455 4834 2468 4858 ,
2504 4802 2525 4831 ε
2558 4793 2666 4863 iam
2686 4792 2795 4847 noli
2824 4810 3053 4862 peccare,
3096 4810 3158 4848 ne
3182 4798 3305 4867 quid
3336 4798 3428 4851 tibi

1849 4885 2069 4938 deterius
2099 4885 2297 4938 eveniat
2323 4883 2500 4955 (Joan.
2532 4884 2725 4957 1,14).
2772 4886 2883 4941 Hoc
2919 4896 2974 4943 et
3008 4886 3196 4941 beatus
3233 4888 3429 4944 Petrus

1849 4977 2125 5047 apostolus
2156 4975 2592 5032 manifestissime
2623 4979 2813 5046 docet,
2844 4980 2895 5034 ei
2925 4980 3165 5035 deterius
3196 4982 3422 5051 aliquid,

1843 5072 1934 5141 qui
1964 5079 2085 5139 post
2111 5071 2346 5141 agnitam
2372 5070 2595 5140 iustitiae
2622 5070 2764 5125 viam
2793 5074 3132 5141 peccaverit,
3166 5074 3387 5130 evenire
3408 5119 3422 5139 ,

1846 5178 1967 5219 cum
1994 5163 2159 5217 dicit:
2188 5162 2248 5216 Si
2266 5164 2399 5215 enim
2424 5164 2731 5235 refugientes
2756 5165 3198 5234 ooinquinationes
3221 5167 3424 5233 mundi,

1846 5257 1903 5311 in
1927 5257 2218 5325 cognitione
2238 5254 2451 5309 Domini
2480 5258 2643 5311 nostri
2672 5268 2719 5311 et
2749 5257 3033 5314 Saluatoris
3057 5260 3185 5313 Iesu
3207 5261 3429 5323 Christi,

1853 5350 1931 5403 his
1958 5365 2162 5409 rursum
2190 5350 2439 5417 inepticoti
2470 5362 2803 5423 superantur,
2838 5353 2977 5423 facta
3006 5364 3125 5407 sunt
3153 5356 3227 5408 eis
3256 5362 3430 5425 poste~

1850 5446 1993 5498 riora
2024 5443 2283 5497 deteriora
2310 5443 2589 5514 prioribus.
2625 5445 2814 5501 Helius
2844 5447 2981 5500 enim
3012 5454 3126 5501 erat
3150 5445 3294 5518 illis,
3330 5463 3430 5505 non

1920 5656 1938 5683 ε
1971 5646 2097 5702 Mss.
2132 5647 2406 5713 nonnulli,
2438 5646 2656 5703 ulterius
2688 5649 2815 5704 noli.
