3982 6182
920 259 1228 327 FASTIDII
1264 247 1759 314 BRlTANNORUM
1797 238 2129 308 EPISCOPI,
2162 234 2369 294 LIBER
2407 231 2497 288 DE
2534 219 3166 288 VITA'CHRISTIANA,
3208 216 3363 276 E'l'C.
3657 212 3770 272 400

493 405 796 471 cognoscere
819 389 954 443 viam
972 380 1211 455 justitiaz,
1240 386 1395 445 quam
1420 375 1534 440 post
1560 362 1879 438 agnitionem
1898 366 2083 412 retror—
2109 358 2168 421 Α
2188 348 2497 409 credidistis
2527 344 2696 411 mihi;
2728 343 2870 398 unde
2895 340 3119 411 intelligi
3146 338 3308 395 datur
3334 350 3431 393 eos
3459 348 3569 391 non
3594 334 3769 390 incre-

1377 463 1407 471 ..
1596 464 1605 471 .
1752 462 1765 471 .
1834 469 1857 471 ,_
1877 451 2084 471 __-J_._-
2189 442 2424 471 ,ιηιειηοεο
2456 452 2614 471 ειη-,αα
2689 435 2782 471 «ωδ
2814 442 3034 471 ηι-ηηιωι
3064 434 3328 471 hnnm-nm
3359 444 3585 471 nnnrnm
3615 427 3769 471 amri.

499 434 1521 547 adquoditlistraditum
1534 434 1800 513 estsancto
1813 451 2084 507 mandato:
2186 442 2427 500 dulitatis
2455 452 2616 547 causa
2638 480 2655 503 ,
2689 435 2784 491 sed
2814 442 3034 547 propter
3063 434 3331 489 bonorum
3359 444 3587 501 operum
3615 434 3775 485 steri-

1051 564 1183 621 illud
1212 560 1321 615 veri
1351 552 1639 628 proverbii,
1671 547 1829 603 Canis
1856 559 2087 601 reversus
2188 538 2395 595 litatcm
2423 548 2546 592 esse
2578 529 2935 628 damnandos.

491 281 600 340 599

502 582 752 653 contingit
778 577 914 633 enim
942 571 1013 627 eis

779 664 1057 725 vomitum,
1088 666 1169 719 et,
1202 652 1305 710 Sus
1337 650 1443 705 lota
1480 648 1536 701 in
1574 641 1841 698 volutabra
1874 637 1974 732 luti
2004 635 2089 708 (ll

506 731 652 822 Petr.
678 778 751 828 tt,
772 753 1001 824 20-22).
1026 750 1141 805 Hoc
1162 755 1217 803 et
1234 746 1428 800 beatus
1454 735 1735 809 apostolus
1756 731 1955 787 Paulus
1970 734 2092 828 tes-

506 867 649 916 tatur
671 822 1014 921 etvloquitur,
1040 841 1319 898 hominem
1350 843 1473 907 post
1502 828 1756 901 baptismi
1774 822 2093 921 sanctiﬁca:

507 954 712 1008 tionem
741 912 972 1016 pristino
1010 949 1197 994 errore
1238 935 1553 1003 peccantem
1594 937 1702 977 non
1744 918 1862 975 sine
1892 912 2093 1016 ingenti

507 1006 827 1116 paenitentia
856 1028 1209 1093 conservari,
1242 1023 1433 1079 dicens
1458 1036 1472 1071 :
1506 1011 1833 1086 Impossibile
1860 1016 1935 1063 est
1961 1006 2098 1060 enim

510 1102 597 1191 eos
634 1133 758 1203 qui,
789 1134 1064 1201 postquam
1090 1117 1245 1175 semel
1270 1109 1551 1169 illuminati
1578 1114 1735 1170 sunt,
1767 1102 2101 1203 gustaverunt

510 1192 665 1284 etiam
692 1192 886 1279 don-um
911 1192 1112 1273 caeleste
1134 1255 1147 1278 ,
1179 1220 1226 1266 et
1255 1206 1529 1279 participes
1560 1208 1677 1255 sunt
1706 1197 1829 1267 facti
1870 1192 2100 1264 Spiritus

512 1321 716 1387 sancti,
758 1318 1088 1388 gustaverunt
1138 1301 1471 1360 nihilominus
1518 1296 1710 1349 bonum
1751 1287 1847 1343 Dei
1896 1284 2102 1385 verbum

2776 620 3006 678 CAPUT
3044 617 3185 674 XIV.

2615 718 2746 785 Quis
2770 716 2836 771 sit
2865 730 2978 769 vere
3008 712 3357 769 Christianus.

2264 816 2438 872 Nemo
2464 813 2628 884 igitur
2652 811 2886 866 alterum
2911 804 3177 875 decipiat,
3206 816 3370 859 nemo
3393 801 3636 861 seducat.
3666 803 3783 861 Nisi

2197 910 2315 982 quis
2339 910 2516 979 justus
2539 905 2735 971 fuerit,
2760 903 2923 957 vitam
2954 914 3063 955 non
3095 898 3295 965 habet;
3322 897 3421 952 nisi
3443 898 3561 969 quis
3583 896 3639 953 in
3664 914 3789 953 om—

2198 1003 2359 1059 nibus
2385 998 2590 1056 Christi
2621 997 2872 1053 mandata
2903 994 3240 1058 servaverit,
3286 998 3491 1060 partem
3535 1007 3641 1047 non
3683 1007 3792 1063 po.

2202 1106 2308 1153 test
2333 1096 2533 1151 habere
2562 1108 2685 1149 cum
2717 1091 2853 1157 illo;
2897 1089 3001 1145 nisi
3036 1089 3158 1160 quis
3196 1096 3407 1144 terrena
3439 1086 3753 1157 despexerit
3773 1131 3790 1155 ,

2204 1195 2383 1251 divina
2414 1193 2763 1262 non-capiet:
2796 1190 2899 1246 nisi
2932 1190 3171 1245 humana
3209 1190 3636 1258 contempserit,
3677 1200 3795 1240 non

2205 1294 2385 1358 potest
2415 1284 2691 1354 possidere
2716 1283 2982 1338 coelestia.
3027 1281 3138 1338 Nec
3175 1283 3463 1353 quisquam
3505 1296 3565 1337 se
3603 1280 3797 1336 Chris-

2207 1380 2412 1434 tianum
2440 1376 2647 1447 judicet
2669 1421 2683 1445 ,
2715 1376 2820 1430 nisi
2851 1375 2941 1446 qui
2968 1374 3169 1429 Christi
3196 1382 3251 1430 et
3280 1374 3583 1430 doctrinam
3616 1372 3800 1444 sequi-

512 1375 822 1483 oirtutesque
851 1404 1028 1463 saeculi
1056 1397 1287 1461 venturi,
1318 1402 1368 1449 et
1408 1387 1642 1462 prolapsi
1679 1390 1835 1446 sunt,
1868 1375 2105 1483 renovari

735 1465 806 1555 ad
847 1493 1238 1571 paenitentiam,
1279 1500 1465 1541 rursus
1510 1478 1863 1548 cruciﬁgentes
1906 1471 2106 1525 sibimet
2209 1481 2294 1527 tm-
2316 1480 2370 1526 ει
2400 1470 2642 1525 imitatur
2667 1468 2997 1537 exemplum
3024 1465 3129 1522 Sed
3160 1476 3216 1520 lu
3245 1466 3397 1520 illum
3428 1466 3800 1521 Christianum

516 1558 645 1671 ipsis
672 1558 867 1648 Filium
896 1588 1025 1653 Dei,
1058 1592 1109 1639 et
1137 1579 1355 1637 ostentui
1386 1576 1629 1631 habentes
1654 1569 1843 1643 (Hebr.
1862 1582 1945 1630 v1,
1965 1561 2106 1632 4-6).
2212 1574 2389 1636 putas,
2412 1562 2565 1631 cujus
2590 1574 2880 1629 numquam
2906 1574 3043 1628 pane
3066 1558 3204 1612 ullus
3229 1566 3507 1613 saturatur
3530 1558 3799 1623 esuriens,

588 1686 887 1757 Quemdam
926 1681 994 1736 ad
1013 1650 1368 1735 ‘Salvatorem
1408 1667 1733 1728 accessisse,
1771 1672 1827 1718 et
1864 1657 1994 1730 quid
2032 1656 2109 1711 fa-
2213 1657 2365 1726 cujus
2390 1664 2516 1725 potu
2540 1654 2719 1709 nullus
2748 1652 2990 1708 reﬁcitur
3008 1650 3221 1716 sitiens,
3245 1651 3404 1719 cujus
3435 1665 3677 1706 mensam
3703 1664 3803 1705 ne-

523 1741 719 1840 cieitdo
744 1780 910 1833 vitam
934 1782 1190 1829 aeternam
1214 1766 1522 1837 perciperet
1544 1761 1927 1827 interrogasse,
1953 1764 2110 1807 evan-
2137 1753 2187 1813 B
2214 1764 2302 1803 mo
2331 1747 2641 1818 cognoscit,
2667 1744 2767 1799 sub
2792 1745 2946 1812 cujus
2977 1751 3118 1799 tecto
3148 1756 3249 1797 nec
3273 1741 3486 1797 advena
3518 1756 3620 1798 nec
3646 1755 3804 1811 pere-

748 1879 993 1934 testatur,
1018 1865 1105 1919 cui
1133 1832 1262 1915 ita-a
1292 1832 1523 1912 Domino
1550 1861 1873 1920 responsum
1899 1852 2020 1898 est:
2050 1840 2113 1895 Si
2211 1842 2401 1913 grinus
2430 1838 2720 1909 aliquando
2747 1835 3016 1900 succedit,
3045 1834 3199 1904 cujus
3222 1847 3388 1889 nemo
3410 1832 3586 1888 nudus
3607 1833 3808 1903 tegitur

1486 1942 1556 1948 "‘
1648 1944 1657 1948 ·
1861 1936 1939 1948 --ι
1992 1934 2035 1948 ιν
2312 1936 2343 1948 _.
2481 1933 2515 1948 _.
2617 1947 2623 1948 γ
2676 1931 2688 1943 ,
2740 1946 2753 1948 _
2783 1945 2806 1948 _
2827 1946 2834 1948 _
2873 1944 2985 1948 1H
3010 1929 3189 1948 nun“-
3216 1927 3432 1948 luuhh‘
3454 1925 3650 1948 Δ---ῃε-
3715 1941 3778 1948 Δ--

524 1925 1010 2023 babere,
1035 1968 1180 2009 serva
1204 1948 1449 2003 mandata
1474 1942 1692 2017 (Matth.
1708 1956 1800 1995 χιχ
1816 1979 1833 2005 ,
1854 1936 1967 2006 t7).
1992 1934 2111 1988 Non
2211 1933 2547 1989 vestimentis
2565 1973 2579 2000 ,
2602 1931 2759 2002 cujus
2782 1944 2987 2000 pauper
3010 1929 3192 1984 nullus
3214 1927 3433 1983 fovetur
3452 1925 3654 1982 auxilio
3671 1967 3687 1991 ,
3710 1941 3809 1981 cu-

524 2058 688 2126 dixit,
718 2069 871 2112 serva
905 2059 1111 2106 tantum
1143 2045 1331 2100 ﬁdem.
1363 2040 1498 2095 Nam
1528 2039 1575 2093 si
1602 2038 1714 2092 sola
1748 2034 1881 2089 ﬁdes
1910 2029 2113 2102 quaeri-

524 2161 635 2217 tur,
672 2122 945 2217 superﬂue
971 2139 1229 2211 jubentur
1268 2131 1521 2188 mandata
1555 2126 1781 2182 servari.
1825 2123 1932 2179 Sed
1975 2122 2117 2176 absit

525 2250 588 2299 ut
607 2216 707 2311 ego
726 2216 1016 2294 Dominum
1046 2243 1225 2285 meum
1248 2222 1449 2294 aliquid
1479 2220 1654 2275 dicam
1683 2216 2008 2287 praecepisse
2030 2230 2119 2268 su-

525 2304 816 2406 perﬁuum.
848 2327 957 2386 Sed
982 2325 1169 2381 dicunt
1193 2321 1299 2375 hoc
1328 2317 1441 2381 illi,
1470 2313 1558 2384 qui
1586 2308 1862 2381 peccando
1882 2308 1993 2377 jam
2021 2304 2116 2406 lilii

525 2398 847 2498 perditionis
864 2418 1041 2476 eﬁ'ecti
1063 2424 1223 2479 sunt;
1245 2411 1425 2466 ethoc
1445 2415 1654 2461 tantum
1674 2402 1928 2457 solatiqu
1951 2414 2011 2454 se
2031 2398 2121 2453 ha-

526 2494 663 2572 bere
685 2512 944 2575 credunt,
977 2508 1023 2563 si
1051 2506 1189 2561 alios
1218 2516 1402 2559 secum
1434 2496 1711 2569 potuerint
1740 2494 1899 2548 morti
1927 2505 2121 2562 perpe-

530 2618 637 2663 tua:
666 2601 997 2671 mancipare.
1023 2597 1156 2654 Nam
1187 2596 1234 2651 si
1255 2595 1400 2649 Deus
1427 2597 1772 2661 peccatorem
1797 2600 1904 2639 non
1932 2582 2119 2653 punit,

527 2699 619 2756 ubi
647 2706 732 2753 est
759 2693 893 2750 illud
928 2688 1300 2762 propheticum
1326 2702 1341 2737 :
1377 2683 1438 2738 Si
1460 2683 1633 2752 justus
1664 2681 1749 2731 via:
1778 2675 1953 2730 salvus
1982 2672 2118 2737 erit,

530 2796 768 2863 peccator
788 2795 838 2842 et
856 2785 1048 2854 impius
1072 2782 1157 2836 ubi
1188 2777 1438 2851 parebunt
1469 2772 1659 2846 (Prov.
1683 2786 1739 2824 ιι
1757 2810 1771 2836 ,
1794 2769 1898 2833 51;
1930 2763 2119 2821 lPetr.

528 2860 606 2951 iv,
626 2880 753 2953 18)?
772 2879 843 2937 Et
865 2876 1029 2933 alibi:
1058 2873 1193 2942 Quia
1215 2878 1508 2941 peccatores
1531 2863 1770 2936 peribunt
1793 2860 1913 2931 (Ps.
1931 2873 2118 2953 xxxvi,

530 2975 647 3048 ΞΟ).
674 2951 743 3030 Et
770 2974 966 3028 iterum
992 2987 1006 3021 :
1034 2965 1294 3035 Deficiunt
1319 2970 1612 3032 peccatores
1641 2974 1675 3012 a
1700 2965 1836 3010 terra
1862 2960 1909 3007 et
1938 2951 2119 3019 iniqui,

2208 2030 2297 2100 jus
2323 2029 2526 2083 bonum
2560 2040 2718 2081 nemo
2750 2025 2945 2089 sentit,
2981 2022 3137 2093 cujus
3170 2021 3597 2077 misericordiam
3639 2034 3810 2075 nemo

2214 2122 2532 2193 cognoscit;
2565 2121 2656 2189 qui
2687 2120 2742 2173 in
2769 2117 2917 2173 nullo
2948 2117 3195 2172 imitatur
3236 2117 3432 2178 bonos,
3473 2113 3567 2170 sed
3609 2111 3815 2169 irridet

2216 2216 2398 2285 potius
2427 2223 2482 2268 et
2511 2214 2835 2277 subsanuat,
2871 2220 2925 2266 et
2953 2223 3219 2280 pauperes
3247 2206 3493 2277 persequi
3532 2222 3641 2261 non
3682 2206 3814 2263 ées-

2218 2308 2340 2362 sat?
2369 2305 2524 2361 Absit
2554 2306 2655 2358 hoc
2682 2318 2712 2357 a
2742 2302 3016 2358 mentibus
3050 2300 3481 2355 Christianorum
3524 2298 3769 2354 omnium
3792 2343 3808 2368 ,

2220 2402 2365 2456 absit
2400 2410 2458 2455 ut
2488 2398 2798 2471 hujusmodi
2825 2396 3162 2453 Christianus
3190 2394 3425 2462 dicatur,
3454 2393 3594 2449 absit
3620 2402 3676 2448 ut
3709 2392 3811 2448 Dei

2220 2494 2362 2548 ﬁlius
2388 2495 2555 2562 possit
2573 2491 2832 2562 appellari
2855 2489 2945 2560 qui
2970 2489 3091 2543 talis
3115 2497 3214 2543 est.
3233 2487 3570 2542 Christianus
3592 2485 3683 2540 ille
3706 2491 3811 2551 est,

2221 2587 2315 2655 qui
2344 2584 2547 2639 Christi
2575 2586 2719 2638 viam
2752 2580 3018 2650 sequitur,
3052 2580 3142 2650 qui
3171 2579 3449 2634 Christum
3477 2576 3532 2632 in
3560 2575 3819 2631 omnibus

2222 2678 2482 2743 imitatur,
2516 2677 2659 2732 sicut
2687 2674 2947 2744 scriptum
2977 2681 3060 2726 est
3086 2689 3097 2724 :
3127 2671 3228 2739 Qui
3258 2670 3383 2725 dicit
3419 2686 3474 2725 se
3508 2670 3565 2723 in
3606 2667 3819 2723 Christo

2224 2785 2453 2833 manere,
2486 2768 2655 2834 debet,
2686 2767 2817 2819 sicut
2848 2763 2936 2818 ille
2966 2762 3244 2816 ambulavit
3265 2802 3279 2826 ,
3321 2770 3369 2816 et
3407 2762 3516 2832 ipse
3552 2759 3823 2813 ambulare

2229 2862 2525 2933 (lloan.u,
2551 2860 2632 2929 6).
2664 2859 3003 2914 Christianus
3039 2866 3151 2921 est,
3179 2855 3269 2926 qui
3308 2854 3559 2910 omnibus
3596 2853 3822 2909 miseri-

2226 2954 2467 3009 cordiam
2499 2952 2623 3007 facit
2645 2993 2659 3017 ,
2686 2950 2775 3020 qui
2800 2952 3022 3006 omnino
3050 2965 3154 3003 non
3188 2958 3435 3004 movetur
3464 2948 3658 3017 injuria
3681 2989 3699 3013 ,
3732 2946 3823 3019 qui

530 3039 620 3124 ita,
635 3076 690 3123 ut
716 3083 820 3121 non
845 3066 946 3119 sint
974 3060 1092 3134 (Ps.
1116 3074 1238 3123 Clll,
1262 3056 1376 3125 55).
1408 3054 1477 3109 Et
1502 3051 1701 3106 iterum
1728 3065 1741 3103 :
1771 3047 1919 3102 Sicut
1949 3042 2126 3111 deﬁcit
2162 3125 2199 3134 _
2227 3044 2461 3116 opprimi
2493 3058 2788 3114 pauperem
2817 3058 2877 3098 se
2910 3050 3176 3111 praesente
3204 3054 3309 3096 non
3337 3040 3557 3111 patitur,
3587 3039 3685 3109 qui
3723 3040 3825 3094 mi-

532 3163 706 3233 {umus
728 3204 743 3229 ,
773 3125 1055 3227 deﬁciant;
1086 3153 1216 3207 sicut
1240 3149 1355 3218 ﬂuit
1383 3162 1501 3201 cera
1521 3161 1553 3197 a
1580 3143 1712 3214 facie
1741 3141 1908 3212 ignis,
1937 3140 2010 3194 sic
2038 3154 2126 3209 pe-
2153 3125 2200 3190 C
2230 3140 2367 3195 seris
2395 3137 2685 3202 subvenit,
2713 3135 2807 3205 qui
2835 3134 3201 3206 indigentibus
3228 3133 3500 3189 succurrit
3524 3173 3541 3199 ,
3570 3131 3664 3203 qui
3699 3148 3825 3188 cum

533 3231 680 3311 reant
699 3260 991 3323 peccatores
1013 3266 1045 3301 a
1068 3247 1197 3317 facie
1225 3241 1323 3297 Dei
1347 3240 1467 3311 (Ps.
1486 3253 1634 3295 vau
1653 3280 1667 3305 ,
1688 3235 1769 3305 '5).
1793 3234 2010 3289 Nullum
2041 3231 2129 3287 hic

532 3356 742 3405 tantum
770 3340 1111 3400 incredulum
1140 3345 1196 3392 et
1226 3333 1529 3398 inﬁdelem,
1565 3330 1661 3385 sed
1694 3335 2005 3397 peccatores
2032 3339 2130 3378 au-

532 3442 627 3497 dio
644 3432 1013 3494 condemnari.
1037 3431 1103 3483 Et
1123 3427 1461 3482 Salvatorem
1484 3432 1728 3477 nostrum
1751 3418 1986 3488 quodam
2005 3416 2128 3471 loco

536 3532 743 3589 dixisse
780 3528 905 3596 lego
939 3541 953 3576 :
998 3520 1122 3573 Non
1160 3535 1335 3573 omnes
1363 3517 1450 3586 qui
1480 3516 1658 3568 dicunt
1684 3512 1813 3567 mihi
1834 3553 1848 3577 ,
1876 3511 2126 3577 Domine,

544 3619 781 3685 Domine,
798 3613 1063 3669 intrabunt
1083 3611 1137 3664 in
1160 3623 1373 3679 regnum
1395 3606 1637 3660 calorum
1655 3649 1669 3673 ,
1693 3604 1782 3658 sed
1811 3602 1899 3673 qui
1929 3601 2130 3671 faciunt

541 3713 857 3768 uoluntatem
879 3705 1056 3760 Patris
1078 3702 1176 3756 mei
1194 3701 1280 3772 qui
1302 3701 1357 3755 in
1378 3698 1517 3753 caelis
1545 3707 1620 3752 est
1644 3696 1860 3767 (Matth.
1880 3711 1953 3749 vtt
1971 3736 1987 3762 ,
2009 3692 2127 3764 21).

541 3804 742 3875 Utique
768 3802 821 3857 in
849 3796 1125 3855 Christum
1152 3793 1479 3859 credebant,
1518 3791 1610 3863 qui
1649 3805 1772 3846 eum
1816 3791 1979 3845 etiam
2025 3788 2131 3843 Do-

540 3898 749 3956 minum
782 3890 1203 3961 nuncupabant;
1248 3902 1352 3943 nec
1390 3886 1592 3941 idcirco
1623 3883 1734 3939 illis
1763 3881 2001 3937 caelestis
2039 3895 2130 3935 re-

541 3990 635 4064 gni
663 3990 832 4059 janua
867 3984 1139 4057 panditur,
1170 3980 1295 4050 quia
1325 3978 1476 4032 illum
1506 3992 1633 4042 ore,
1665 3989 1826 4044 quem
1856 3973 2012 4027 lactis
2038 3971 2133 4026 ab-

540 4092 744 4151 nuunt,
774 4080 1125 4137 conﬁtentur.
1156 4071 1357 4142 Negari
1384 4077 1562 4124 autem
1606 4069 1773 4123 Deum
1819 4065 1980 4121 factis
2020 4080 2129 4121 non

542 4180 725 4237 minus
754 4187 915 4245 quam
941 4168 1122 4223 verbis
1149 4163 1448 4233 Apostolus
1478 4162 1615 4216 dixit
1638 4176 1654 4216 :
1687 4158 1855 4215 Deum
1880 4159 2131 4227 confiten-

544 4279 631 4325 tur
653 4283 708 4325 se
734 4281 915 4331 nosse,
942 4258 1094 4330 factis
1118 4264 1292 4310 autem
1318 4263 1506 4324 negant
1539 4251 1678 4322 (Tit.
1702 4267 1751 4318 ι,
1784 4251 1896 4323 16).
1929 4252 1996 4306 Ει
2022 4251 2132 4307 Do-

546 4361 727 4417 minus
771 4359 825 4413 in
867 4350 1159 4423 Evangelio
1188 4365 1206 4405 :
1250 4346 1411 4403 Multi
1450 4345 1576 4401 mihi
1605 4345 1773 4401 dicent
1801 4346 1858 4400 in
1884 4346 1986 4400 illa
2011 4346 2134 4400 die:

549 4450 771 4508 Domine
790 4488 807 4515 ,
838 4445 1059 4500 Domine
1079 4483 1095 4508 ,
1122 4455 1291 4496 nonne
1317 4439 1374 4493 in
1400 4439 1605 4494 nomine
1633 4447 1725 4492 tuo
1754 4438 1997 4510 ejecimus
2024 4440 2132 4492 dte-

2230 3232 2589 3289 mmrentibus
2612 3238 2840 3299 maeret,
2864 3230 2957 3300 qui
2982 3229 3228 3284 dolorem
3260 3228 3479 3284 alterius
3508 3227 3662 3299 quasi
3700 3243 3831 3300 pro-

2230 3327 2409 3396 prium
2438 3324 2636 3391 sentit,
2662 3324 2752 3393 qui
2776 3322 2843 3378 ad
2872 3323 3055 3377 ﬂetum
3084 3321 3299 3377 ﬂetibus
3329 3331 3656 3391 provocatur
3692 3321 3830 3378 alie-

2229 3421 2347 3485 nis,
2378 3420 2536 3489 cujus
2564 3418 2807 3472 omnium
2847 3414 3154 3471 communis
3192 3422 3278 3470 est
3303 3413 3528 3481 domus,
3560 3414 3726 3483 cujus
3753 3415 3833 3485 ja~

2234 3526 2336 3566 nua
2368 3510 2579 3566 nemini
2608 3508 2903 3576 clauditur,
2932 3507 3086 3578 cujus
3115 3521 3355 3563 mensam
3400 3521 3604 3576 pauper
3640 3507 3829 3563 nullus

2232 3604 2480 3675 ignorat,
2508 3602 2663 3673 cujus
2692 3602 2847 3657 cibus
2885 3600 3097 3655 cunctis
3131 3599 3377 3667 oﬁ’ertur,
3419 3599 3577 3669 cujus
3615 3597 3828 3655 bonum

2233 3708 2425 3750 omnes
2448 3702 2679 3757 norunt,
2706 3700 2764 3748 et
2788 3706 2950 3748 nemo
2977 3691 3143 3746 sentit
3170 3690 3420 3760 iujuriam
3444 3706 3460 3755 ;
3480 3689 3571 3760 qui
3594 3688 3721 3745 Deo
3742 3691 3829 3746 dic

2234 3798 2504 3859 noctuque
2541 3787 2801 3853 deservit,
2844 3784 2937 3856 qui
2973 3783 3091 3853 ejus
3135 3792 3405 3853 praecepta
3447 3782 3829 3839 indesinenter

2234 3880 2523 3936 meditatur
2552 3888 2607 3933 et
2635 3876 2875 3947 cogitat;
2902 3876 2993 3945 qui
3021 3890 3225 3946 pauper
3248 3874 3451 3931 mundo
3477 3875 3741 3943 efﬁcitur,
3771 3886 3827 3931 ut

2234 3974 2347 4028 Deo
2376 3970 2619 4041 locuples
2648 3970 2780 4033 ﬁat;
2811 3969 2902 4041 qui
2934 3970 3075 4025 inter
3104 3969 3352 4025 homines
3385 3970 3618 4025 habetur
3645 3968 3827 4041 inglo-

2232 4066 2347 4121 rius
2368 4106 2383 4132 ,
2417 4074 2478 4120 ut
2508 4079 2693 4121 coram
2722 4064 2837 4120 Deo
2874 4072 2931 4119 et
2967 4062 3174 4134 angelis
3215 4062 3484 4132 gloriosus
3523 4072 3826 4133 appareat;

2233 4160 2323 4229 qui
2354 4159 2407 4212 in
2436 4157 2603 4213 corde
2632 4172 2731 4212 suo
2761 4157 2893 4212 nihil
2924 4156 3138 4213 videtur
3164 4156 3365 4213 habere
3393 4155 3712 4212 simulatum
3742 4156 3828 4213 vel

2236 4251 2454 4316 ﬁctum;
2484 4249 2638 4320 cujus
2666 4250 2899 4321 simplex
2928 4258 2982 4305 et
3006 4249 3351 4305 immaculata
3376 4260 3460 4304 est
3485 4250 3661 4303 anima
3681 4291 3702 4317 ,
3735 4264 3833 4305 cu-

2232 4343 2319 4415 jus
2349 4344 2679 4400 conscientia
2710 4343 2888 4399 ﬁdelis
2918 4352 2973 4398 et
2994 4358 3125 4415 pura
3153 4352 3268 4411 est,
3295 4342 3452 4414 cujus
3483 4350 3593 4398 tota
3624 4342 3676 4396 in
3713 4343 3831 4399 Deo

2237 4452 2389 4497 mens
2408 4482 2421 4503 ,
2453 4437 2607 4507 cujus
2636 4437 2812 4492 omnis
2839 4451 2965 4507 spes
2991 4437 3042 4491 in
3071 4434 3291 4492 Christo
3314 4445 3436 4501 est;
3464 4435 3551 4505 qui
3576 4433 3828 4491 caelestia

546 4544 721 4603 monia
740 4584 753 4609 ,
783 4550 833 4596 et
859 4541 915 4594 in
951 4538 1155 4593 nomine
1181 4544 1269 4590 tuo
1296 4534 1505 4588 virtutes
1543 4533 1732 4587 multas
1768 4534 2028 4603 fecimus?
2062 4531 2132 4586 Et
2157 4510 2211 4572 Ῑ)
2238 4530 2418 4599 potius
2444 4544 2604 4600 quam
2635 4537 2847 4584 terrena
2871 4528 3175 4595 desiderat,
3199 4528 3291 4599 qui
3321 4526 3553 4583 humana
3584 4528 3822 4595 spernit,

549 4643 723 4697 dicam
750 4636 893 4693 illis:
927 4632 1227 4703 Numquam
1267 4645 1353 4683 vos
1382 4628 1618 4700 cognovi.
1658 4627 1920 4683 Discedite
1947 4644 1981 4681 a
2009 4645 2091 4683 me
2111 4672 2130 4700 ,

551 4749 723 4790 omnes
748 4731 835 4801 qui
865 4724 1150 4798 aperamini
1174 4722 1500 4793 iniquitatem
1525 4718 1743 4792 (Matth.
1768 4735 1877 4787 vu,
1895 4718 2010 4792 22).
2040 4721 2136 4776 Us-

543 4844 655 4898 que
696 4825 831 4881 adeo
870 4822 961 4878 isti
988 4816 1286 4875 credidisse
1311 4813 1585 4877 dicuntur,
1611 4822 1668 4867 ut
1694 4812 1751 4867 in
1778 4812 1996 4868 nomine
2026 4812 2132 4867 Do-

547 4919 684 4977 mini
711 4918 940 4972 virtutes
967 4912 1127 4967 etiam
1155 4916 1510 4977 operarentur
1533 4922 1550 4961 :
1575 4919 1676 4961 nec
1697 4913 1878 4961 tamen
1902 4905 1980 4961 eis
2005 4919 2131 4975 pro-

549 5011 697 5067 derit
726 5008 890 5075 ﬁdes,
921 5003 1048 5075 quia
1074 5000 1297 5071 justitiae
1324 5012 1487 5068 opera
1516 5011 1623 5052 non
1648 4996 1912 5052 fecerunt.
1944 4996 2132 5067 Itaque

550 5101 599 5157 si
628 5099 743 5155 sola
773 5096 906 5152 ﬁdes
934 5093 1194 5163 prodest;
1220 5104 1320 5146 cur
1345 5089 1423 5145 illi
1451 5103 1575 5144 cum
1600 5088 1807 5159 angelis
1831 5088 2049 5145 Satanae
2080 5089 2136 5145 in

553 5200 874 5267 perpetuum
912 5186 1176 5257 gehennae
1216 5181 1426 5255 ignibus
1464 5180 1862 5250 mancipantur,
1893 5180 1986 5252 qui
2024 5194 2137 5237 non

554 5286 793 5359 perfidia:
821 5294 1015 5347 causa,
1045 5278 1139 5335 sed
1169 5278 1295 5348 quia
1324 5276 1453 5331 boni
1495 5274 1630 5331 nihil
1672 5274 1913 5331 fecerant
1934 5315 1951 5341 ,
1988 5272 2138 5343 judi-

552 5389 785 5444 cantur;
826 5375 962 5431 sicut
1007 5372 1268 5441 scriptum
1313 5377 1434 5425 est:
1478 5366 1549 5422 Et
1590 5368 1722 5422 dicet
1761 5370 1834 5422 eis
1859 5365 1973 5422 Rea:
1996 5367 2083 5438 qui
2108 5383 2143 5421 a

548 5472 776 5530 sinistris
801 5478 916 5525 sunt
945 5483 965 5523 :
994 5465 1254 5521 Discedite
1272 5481 1306 5518 a
1329 5480 1429 5531 me,
1458 5463 1753 5527 maledicti,
1779 5463 1833 5517 in
1858 5464 2141 5535 gehennam

555 5575 799 5622 aternam
818 5604 833 5631 ,
862 5577 1015 5631 quam
1043 5559 1244 5631 paravit
1275 5556 1434 5613 Pater
1460 5574 1602 5611 meus
1631 5556 1841 5610 diabolo
1870 5564 1916 5610 et
1943 5554 2141 5627 angelis

553 5663 689 5732 ejus.
731 5657 939 5713 Esurivi
978 5655 1112 5710 enim
1135 5694 1149 5719 ,
1176 5661 1226 5706 et
1254 5668 1357 5706 non
1387 5652 1598 5705 dedistis
1627 5652 1756 5705 mihi
1784 5652 2100 5705 manducare
2123 5690 2140 5717 ,

554 5761 661 5809 etc.
688 5742 1165 5816 (Matth.xsv,ﬂ,
1187 5734 1303 5811 ις).
1332 5742 1445 5796 Non
1472 5742 1609 5796 dixit
1634 5744 1815 5812 utique
1835 5783 1848 5805 ,
1880 5745 2000 5812 quia
2032 5758 2138 5798 non

2238 4630 2299 4677 ut
2327 4623 2498 4692 possit
2525 4621 2725 4677 habere
2754 4620 2956 4676 divina.
2988 4618 3123 4675 Nam
3154 4620 3236 4674 his
3278 4620 3365 4686 qui
3414 4617 3519 4673 hoc
3559 4618 3822 4673 saeculum

2238 4712 2503 4784 diligunt,
2534 4720 2589 4767 et
2617 4713 2708 4782 qui
2754 4712 2810 4767 in
2850 4709 3110 4782 praesenti
3150 4717 3393 4779 tempore
3430 4707 3733 4778 gloriantur
3769 4712 3826 4759 et

2235 4808 2612 4878 complacent,
2635 4805 2765 4861 audi
2785 4805 2912 4875 quid
2937 4804 3133 4860 dicitur
3155 4818 3172 4860 :
3203 4801 3425 4857 Nescitis
3447 4800 3570 4873 quia
3594 4797 3825 4853 amicitia

2239 4904 2400 4975 hujus
2430 4901 2631 4967 mundi,
2659 4899 2868 4954 inimica
2894 4908 2967 4952 est
2993 4896 3143 4951 Deo?
3172 4894 3243 4949 Et
3266 4895 3578 4967 quicumque
3606 4892 3822 4947 voluerit

2236 5012 2343 5052 esse
2385 4996 2586 5049 amicus
2624 4994 2783 5059 huius
2822 4991 3031 5056 steculi,
3074 4988 3309 5043 inimicus
3351 4985 3452 5043 Dei
3491 4986 3821 5042 constituitur

2239 5087 2384 5161 (Jac.
2406 5103 2481 5158 tv,
2511 5086 2593 5157 4).
2831 5153 3059 5211 CAPUT
3096 5153 3214 5210 xv.

2672 5249 2958 5304 Viduarum
2989 5247 3181 5317 triplex
3209 5263 3393 5318 genus.

2311 5368 2436 5424 Haec
2476 5368 2610 5435 tibi,
2653 5379 2810 5422 soror
2854 5364 3242 5433 dilectissima,
3285 5362 3415 5435 quid
3456 5360 3819 5418 Christianum

2245 5475 2408 5532 agere
2452 5460 2765 5523 conveniat,
2815 5466 2973 5527 prout
3018 5457 3196 5527 potui,
3245 5455 3531 5526 explicavi.
3582 5455 3643 5513 Si
3687 5468 3824 5524 ergo

2245 5566 2436 5609 omnes
2466 5551 2791 5621 generaliter
2821 5549 2913 5618 qui
2939 5548 3235 5604 Christiani
3268 5559 3664 5618 nuncupantur,
3696 5560 3820 5602 esse

2245 5646 2378 5701 tales
2427 5652 2677 5715 Oportet;
2726 5657 2868 5697 nunc
2915 5650 3023 5698 tum
3074 5641 3373 5711 prudentiae
3428 5652 3512 5698 est
3553 5641 3821 5698 aestimare

2245 5742 2457 5813 qualem
2496 5748 2552 5795 tu
2584 5748 2638 5795 te
2676 5738 2887 5794 viduam
2927 5737 3125 5795 debeas
3167 5735 3455 5807 exhibere,
3493 5751 3650 5808 quam
3689 5748 3831 5809 cuu-_
