3982 6182
182 317 262 376 ιοι

839 315 1194 375 POSSIDIUS
1234 314 1608 373 EPISCOPUS
1646 313 2097 371 CALAMENSIS.
2143 313 2678 372 PROLEGOMENA.

3299 318 3406 375 401

182 431 263 486 clis
296 430 417 486 bene
454 430 903 486 conversantibus
947 446 1070 488 esse
1111 440 1328 502 oportet
1372 432 1706 500 exemplum.
1737 432 1793 493 Α
1817 431 2036 486 viduam
2069 430 2226 496 dicit,
2262 446 2380 502 quae
2413 433 2544 486 nihil
2574 433 2677 488 tale
2707 433 2994 504 aliquando
3022 445 3242 507 operata
3281 439 3405 494 est?

181 523 284 579 Tria
313 536 465 580 autem
504 539 627 580 esse
665 524 948 580 viduarum
985 541 1185 595 genera
1227 542 1335 580 non
1375 527 1626 595 ignorare
1663 536 1713 581 te

181 617 338 674 credo.
384 617 543 674 Unum
596 617 742 686 quod
800 618 1260 688 perfectissimum
1319 629 1440 685 est,
1501 617 1712 674 caelesti

180 713 372 782 pra'min
399 711 741 778 destinatum,
776 712 920 782 quod
944 753 958 777 ,
989 712 1094 766 ritu
1133 711 1276 766 illius
1315 710 1382 765 de
1420 711 1712 782 Evangelio

179 807 323 860 viduae
348 807 478 878 (Luc.
509 822 579 871 tt,
608 807 734 876 37),
769 805 883 861 Deo
909 805 1252 860 orationibus
1283 813 1337 860 et
1368 804 1588 874 jejuniis
1618 803 1713 859 die

180 911 400 970 noctuque
426 900 686 957 deservit.
721 899 881 954 Aliud
910 914 1060 964 vero,
1089 899 1234 970 quod
1265 898 1498 952 ﬁliorum
1525 913 1711 954 curam

177 991 340 1047 habere
374 991 563 1047 dicitur
602 1001 654 1046 et
695 991 922 1058 domus,
962 1006 1068 1044 non
1116 998 1264 1044 tanto
1315 990 1567 1060 dignum,
1611 1006 1713 1047 nec

178 1093 320 1137 tamen
353 1085 578 1152 peccatis
603 1083 917 1138 obnoxium.
949 1082 1188 1137 Tertium
1217 1090 1396 1137 autem
1428 1097 1599 1150 genus
1629 1093 1714 1139 est

171 1173 214 1228 in
238 1177 390 1243 epulis
414 1185 464 1231 et
491 1176 739 1244 deliciis,
773 1175 916 1245 quod
942 1185 1162 1230 :eternae
1191 1175 1349 1229 morti
1380 1185 1631 1230 servatur
1659 1183 1714 1230 et

170 1281 348 1335 pmuae;
369 1269 494 1324 sicut
522 1270 788 1337 scriptum
814 1276 899 1323 est
923 1285 938 1321 :
969 1267 1170 1322 Viduas
1192 1270 1391 1322 honora
1408 1310 1422 1334 ,
1447 1285 1563 1339 qua:
1584 1285 1714 1324 verae

165 1361 310 1414 uidua:
333 1371 435 1415 sunt
465 1362 523 1430 (l
551 1360 687 1416 Tim.
719 1375 774 1426 ν,
800 1360 894 1431 5).
925 1359 1045 1414 Istae
1075 1370 1200 1414 sunt
1227 1360 1448 1430 prima},
1482 1376 1603 1430 qua:
1633 1361 1715 1416 di-

165 1461 326 1507 cuntur
349 1462 396 1508 et
423 1469 564 1509 verae
589 1497 604 1522 ,
636 1462 692 1509 et
717 1468 836 1522 quae
860 1452 1123 1520 jubentur
1148 1469 1178 1506 a
1211 1461 1362 1507 tanto
1393 1453 1677 1509 sacerdote
1696 1495 1710 1519 ,

165 1547 245 1600 hoc
266 1558 367 1614 est,
394 1563 421 1602 a
449 1547 738 1603 'l'imOtheo
764 1546 1040 1601 honorari.
1094 1546 1358 1602 Secunda:
1397 1557 1553 1615 sunt,
1595 1548 1714 1618 qui-

163 1638 241 1693 bus
263 1639 364 1707 jam
404 1641 588 1695 haberi
626 1656 734 1695 non
771 1640 992 1709 jubetur
1019 1640 1210 1706 honor,
1241 1657 1341 1696 nec
1381 1650 1562 1697 tamen
1600 1642 1711 1696 vita

158 1742 386 1797 negatur;
418 1731 483 1786 de
511 1733 705 1802 quibus
730 1731 928 1786 dicitur
953 1751 966 1786 :
997 1733 1127 1800 Qua:
1164 1744 1334 1788 autem
1361 1734 1497 1801 ﬁlios
1527 1735 1713 1788 habent

1818 527 1925 582 Sed
1956 536 2081 580 sunt
2107 526 2300 596 aliquae
2328 525 2546 592 divites,
2581 527 2791 582 nobiles
2816 538 2867 582 et
2900 539 3168 596 potentes,
3207 531 3402 601 quibus

1817 620 2041 674 forsitan
2071 619 2282 674 videtur
2311 619 2616 688 indignum,
2652 630 2711 674 ut
2743 628 2836 674 aut
2879 622 3015 676 ﬁlios
3044 622 3179 691 Deo,
3207 633 3262 678 et
3291 639 3401 680 non

1818 713 2018 768 szeculo
2041 713 2290 780 educent,
2323 724 2414 768 aut
2443 714 2678 783 hospitio
2710 714 2974 784 recipiant
3001 715 3286 780 advertam,
3311 728 3407 773 aut

1818 815 2126 862 sanctorum
2163 808 2328 877 pedes
2374 807 2697 874 laboriosos,
2744 807 3042 862 lutulentos
3073 816 3132 862 et
3157 807 3408 865 horridos

1816 900 2019 965 lavent,
2050 908 2104 954 et
2137 900 2384 955 delicatis
2421 910 2477 954 et
2515 899 2698 953 nitidis
2737 899 2984 954 manibus
3026 908 3268 968 tangant.
3298 901 3404 956 Sed

1818 1007 1919 1048 nec
1947 992 2120 1062 dignae
2149 1001 2307 1047 erunt
2337 992 2471 1046 tales
2503 991 2554 1044 in
2587 990 2768 1045 futuro
2814 1000 3058 1060 tempore
3093 998 3403 1046 sanctorum
3426 1019 3436 1047 -.

1815 1101 1938 1141 esse
1967 1093 2270 1150 consortes,
2297 1097 2434 1152 quos
2463 1084 2532 1136 ita
2566 1083 2616 1136 in
2649 1081 2908 1151 prmsenti
2937 1091 3277 1151 spreverunt;
3304 1097 3405 1138 nec

1816 1187 2024 1246 partem
2069 1176 2265 1230 habere
2313 1185 2565 1245 paterunt
2605 1191 2727 1229 cum
2757 1173 2996 1237 Christo,
3037 1188 3198 1242 quem
3231 1175 3404 1227 susci-

1814 1286 1942 1342 pere
1990 1270 2312 1335 noluerunt,
2345 1277 2400 1324 et
2443 1270 2600 1338 cujus
2646 1269 2857 1338 plantas
2901 1267 3013 1321 suis
3059 1276 3402 1321 contrectare

1816 1364 2062 1418 manibus
2109 1363 2435 1418 horruerunt
2468 1379 2479 1413 :
2520 1363 2642 1430 quia
2684 1360 2954 1415 Christum
2999 1359 3238 1427 Spernit,
3279 1358 3404 1427 qui-

1814 1470 2046 1525 cumque
2089 1454 2205 1523 ejus
2247 1454 2477 1508 famulos
2505 1454 2740 1522 spernit,
2775 1454 2908 1506 sicut
2939 1452 3054 1520 ipse
3085 1451 3216 1506 dicit
3249 1468 3260 1501 :
3300 1450 3404 1515 Qui

1812 1563 1900 1600 vos
1947 1547 2158 1616 spernit,
2213 1563 2296 1599 me
2340 1546 2534 1612 spernit
2581 1545 2819 1615 (Luc.x,
2850 1544 2969 1613 16).
3015 1544 3214 1607 Μπίω,
3263 1544 3406 1598 unde

1815 1637 2015 1692 Christi
2042 1638 2205 1708 pedes
2235 1638 2459 1703 lavaret,
2487 1637 2736 1708 lacryma:
2767 1637 3142 1698 abundarunt;
3175 1635 3201 1672 ι)
3234 1636 3404 1689 nostri

1815 1741 1993 1784 autem
2039 1731 2300 1798 temporis
2349 1728 2562 1788 feminis
2606 1729 2746 1782 unde
2792 1729 3194 1797 peregrinorum
3238 1727 3404 1795 pedes

153 1833 228 1876 aut
267 1833 496 1893 nepotes,
539 1826 732 1879 discant
759 1826 984 1896 primum
1013 1826 1221 1880 domum
1252 1843 1398 1880 suam
1429 1828 1512 1896 pie
1544 1837 1570 1864 ιι
1603 1837 1710 1880 tra-
1740 1820 1786 1879 Β
1816 1827 2022 1892 lavent,
2073 1826 2184 1894 ipsa
2230 1824 2412 1878 deficit
2458 1836 2612 1891 aqua.
2662 1822 2741 1874 Tu
2787 1835 2915 1889 ergo
2961 1820 3298 1874 sanctissima
3346 1828 3404 1874 et

150 1926 303 1983 ctare,
331 1927 381 1971 et
406 1935 582 1988 parem
607 1920 822 1988 gratiam
851 1921 1062 1975 reddere
1090 1921 1388 1990 parentibus
1415 1918 1605 1990 (Ibid.,
1625 1919 1706 1990 4).

152 2007 241 2062 Illa:
277 2023 407 2064 vero
437 2011 612 2065 tertia:
649 2021 802 2078 sunt,
840 2012 908 2067 de
937 2011 1130 2083 quibus
1159 2013 1420 2081 scriptum
1453 2022 1573 2068 est:
1615 2014 1709 2068 Vi-

150 2099 233 2150 dua
276 2109 448 2153 autem
493 2117 607 2170 qua:
648 2103 702 2155 in
754 2102 958 2157 deliciis
1009 2113 1112 2170 est,
1164 2105 1332 2157 vivens
1380 2113 1587 2158 mortua
1636 2114 1710 2159 est

152 2187 412 2260 (lbid.,6).
450 2191 606 2248 Unde
647 2193 872 2263 intelligi
914 2194 1093 2260 datur,
1137 2209 1242 2248 non
1283 2209 1474 2250 omnes
1515 2194 1709 2251 viduas

148 2295 245 2336 esse
269 2285 540 2353 aequales;
586 2300 688 2340 nec
731 2300 824 2340 eas
873 2286 984 2340 Deo
1026 2287 1273 2356 placere,
1317 2301 1436 2357 quae
1482 2302 1709 2358 corpore

151 2380 328 2427 tantum
357 2376 536 2430 vidua:
565 2375 816 2430 videntur
843 2391 965 2432 esse
985 2422 1000 2446 ,
1036 2394 1143 2433 non
1174 2393 1362 2449 opere.

200 2467 370 2534 Qualis
397 2479 587 2524 autem
614 2469 815 2525 Christi
843 2471 1002 2525 vidua
1029 2473 1224 2528 debeat
1248 2489 1392 2540 esse,
1419 2475 1708 2542 Apostolus

146 2557 252 2613 dicit
275 2577 288 2614 z
318 2561 446 2627 Qua:
472 2572 650 2616 autem
675 2579 789 2617 vere
809 2563 961 2618 vidua
989 2575 1082 2632 est,
1113 2577 1282 2636 sperat
1311 2570 1364 2621 in
1390 2568 1628 2635 Domino,
1661 2580 1709 2623 et

144 2652 274 2705 instat
309 2657 636 2709 orationibus
681 2657 764 2710 die
802 2674 862 2711 ac
908 2669 1052 2712 nocte
1089 2659 1291 2730 (lbid.,
1318 2662 1405 2732 5).
1440 2662 1548 2718 Nec
1576 2664 1707 2718 illud

144 2748 393 2810 praeterire
427 2761 482 2804 te
515 2750 660 2814 volo,
693 2751 834 2818 quod
880 2752 1098 2821 quando
1146 2769 1305 2808 veras
1349 2755 1536 2810 viduas
1567 2759 1709 2828 Apo-

141 2840 285 2894 status
314 2842 598 2908 nominat,
631 2857 754 2898 esse
781 2843 1123 2900 demonstrat
1159 2857 1212 2902 et
1250 2848 1434 2912 falsas,
1470 2849 1572 2905 hoc
1599 2864 1704 2918 est,

139 2939 256 2997 actu,
288 2943 503 2998 mente,
547 2937 981 3001 conversatione,
1037 2954 1141 2992 non
1192 2955 1438 3006 corpore.
1475 2943 1540 2996 Et
1580 2944 1708 2998 alibi

138 3021 283 3078 viduae
312 3042 464 3080 verae
498 3036 551 3081 et
574 3027 761 3082 electae
788 3038 968 3083 actum
1003 3032 1587 3101 conversationemque
1611 3035 1708 3089 de-

135 3114 295 3168 scribit
375 3116 532 3170 idem
597 3118 892 3185 Apostolus
956 3119 1142 3173 dicens
1192 3138 1204 3172 :
1260 3120 1431 3173 Vidua
1493 3123 1714 3186 eligatur

1814 1919 2232 1990 prudentissima
2281 1917 2516 1983 femina,
2562 1931 2628 1969 ne
2661 1913 2793 1968 velis
2833 1913 3034 1967 imitari
3072 1912 3402 1981 huiusmodi,

1813 2027 1934 2082 quae
1965 2026 2085 2065 cum
2123 2009 2388 2064 audenter
2429 2006 2821 2071 malefecerint,
2864 2005 3182 2060 benefacere
3208 2007 3404 2059 erube-

1811 2114 1997 2168 scunt;
2038 2114 2088 2159 et
2127 2101 2530 2158 confunduntur
2573 2101 2718 2168 juste
2748 2098 2956 2164 vivere,
2985 2113 3106 2166 quae
3136 2112 3246 2150 non
3273 2107 3405 2150 sunt

1813 2212 2036 2267 peccare
2065 2195 2336 2259 confusae;
2364 2202 2417 2247 et
2447 2207 2568 2262 qua:
2599 2205 2659 2245 se
2695 2189 2854 2244 morti
2888 2188 3029 2242 ultro
3061 2187 3399 2251 obtulerunt,

1813 2305 1913 2344 nec
1962 2288 2203 2344 invitata:
2243 2295 2592 2342 revertuntur
2621 2283 2688 2336 ad
2717 2282 2914 2345 vitam;
2959 2295 3078 2349 quae
3123 2279 3402 2332 hominum

1812 2384 1984 2452 magis
2007 2383 2169 2445 risus,
2200 2378 2656 2436 subsannationes
2681 2385 2736 2432 et
2761 2375 2990 2438 fabulas,
3012 2387 3172 2441 quam
3198 2371 3292 2426 Dei
3315 2370 3403 2440 ju-

1813 2475 2014 2530 dicium
2044 2477 2458 2544 pertimescunt:
2487 2481 2542 2526 et
2573 2469 2771 2540 quibus
2797 2467 3014 2521 charius
3060 2473 3142 2520 est
3186 2463 3403 2519 miseris

1812 2568 2120 2622 horninibus
2148 2569 2363 2636 placere
2389 2579 2551 2635 quam
2575 2562 2810 2617 Christo.
2835 2560 2939 2616 Sed
2965 2570 3086 2615 esto
3115 2559 3258 2625 talis,
3275 2572 3404 2628 qua-

1810 2663 1916 2718 lem
1967 2673 2018 2717 te
2049 2664 2310 2717 Dominus
2360 2677 2481 2716 esse
2523 2661 2800 2729 praecepit,
2851 2658 3064 2726 qualem
3111 2655 3403 2724 Apostolus

1809 2758 1962 2827 jubet
1996 2768 2017 2795 ο
2045 2757 2286 2811 exhiberi
2314 2755 2548 2809 Christo.
2587 2752 2759 2806 Vidua
2792 2759 2907 2804 esto
2939 2757 3150 2813 sancta,
3179 2745 3401 2800 humilis

1812 2858 1867 2905 et
1894 2849 2113 2920 quieta;
2147 2845 2534 2902 misericordiae
2563 2852 2617 2898 et
2641 2842 2864 2912 justitire
2893 2854 3057 2908 opera
3090 2837 3404 2892 indesinen-

1814 2952 1897 2996 ter
1924 2958 2134 2997 exerce.
2182 2941 2248 2993 Et
2293 2940 2522 3007 quisque
2571 2946 2624 2988 te
2675 2937 2728 2988 in
2779 2932 3132 3002 opprobrium
3180 2929 3399 2992 habeat,

1815 3034 2043 3102 quisque
2089 3032 2388 3085 subsannet
2435 3037 2490 3082 et
2519 3026 2769 3092 irrideat,
2805 3036 2861 3078 ttt
2893 3032 3100 3077 tantum
3139 3021 3253 3076 Deo
3283 3021 3402 3089 pla~

1816 3137 1963 3186 eeas,
1995 3132 2048 3176 et
2086 3136 2210 3190 qua:
2236 3117 2441 3172 Christi
2470 3125 2596 3172 sunt
2634 3130 2813 3184 geras.
2848 3116 2986 3169 Ante
3016 3113 3197 3168 omnia
3231 3113 3406 3166 inces-

134 3221 216 3270 qua:
250 3209 425 3277 fuerit
467 3207 522 3257 in
551 3209 787 3275 operibus
828 3210 972 3262 bonis
1004 3212 1342 3264 testimonium
1387 3213 1574 3264 habens
1606 3229 1624 3264 :
1654 3214 1717 3268 Si
1746 3198 1792 3262 (ἶ
1823 3211 2060 3264 sabiliter
2091 3207 2308 3264 Domini
2346 3208 2419 3261 tui
2464 3205 2724 3262 meditare
2762 3204 3036 3269 mandata,
3066 3203 3406 3258 orationibus

130 3299 232 3360 ﬁlios
277 3298 554 3365 educavit,
583 3300 724 3368 quod
763 3302 1205 3371 subintelligitur,
1251 3306 1394 3370 Deo;
1425 3307 1467 3358 si
1497 3306 1716 3376 hospitio

127 3393 303 3464 recepit,
343 3390 398 3444 si
440 3399 744 3444 sanctorum
785 3393 938 3462 pedes
977 3395 1118 3458 lauit,
1150 3397 1194 3449 si
1221 3396 1598 3450 tribulationem
1625 3416 1717 3468 pa-

128 3487 346 3540 tientibus
369 3482 810 3553 subministravit,
832 3489 879 3542 si
900 3505 1047 3542 omne
1080 3505 1204 3558 Opus
1231 3491 1416 3544 bonum
1447 3493 1718 3546 subsecuta

132 3589 199 3632 ut.
230 3580 444 3652 (Ibid,
471 3579 596 3650 10).
633 3580 783 3638 Hanc
821 3598 943 3638 esse
971 3598 1154 3638 veram
1185 3584 1397 3640 viduam
1429 3585 1712 3655 judicavit,

135 3676 263 3741 cujus
294 3672 432 3730 talia
463 3683 592 3728 sunt
621 3690 808 3744 opera.
852 3676 947 3731 illa
971 3692 1100 3732 vero
1123 3678 1396 3748 quomodo
1427 3693 1486 3734 se
1513 3677 1715 3734 Christi

195 3839 216 3900 ξι
253 3827 312 3900 in
343 3829 630 3900 plerisque
663 3846 817 3894 mss.,
859 3833 1000 3887 bene.

147 3895 234 4035 ‘0;
257 3895 380 4026 Vivd.
443 3901 503 3955 S.
542 3895 690 3971 'Aug.
740 3918 905 3958 serm.
963 3906 1094 3973 145,
1155 3921 1210 3960 n.
1267 3907 1318 3970 ‘l,
1369 3907 1425 3962 in
1477 3905 1712 3976 append.

1177 4123 1352 4132 ——————-—

1353 4123 1546 4130 φ...-

1549 4122 1860 4130 ———————

1822 3312 1880 3361 et
1908 3303 2125 3373 psalmis
2170 3304 2435 3356 instanter
2483 3299 2766 3363 incumbe;
2817 3307 2872 3351 ut
2920 3298 2965 3350 si
3006 3295 3271 3366 possibile
3301 3305 3407 3362 est,

1823 3412 1984 3454 nemo
2022 3406 2073 3452 te
2111 3395 2397 3466 aliquando
2446 3394 2549 3448 nisi
2593 3401 2686 3446 aut
2732 3392 2998 3462 legentem
3053 3390 3288 3444 inveniat
3317 3395 3413 3442 aut

1821 3500 2089 3546 orantem.
2132 3488 2349 3542 Etcum
2395 3485 2560 3541 fueris
2589 3484 2730 3550 talis,
2778 3481 2947 3537 nostri
2989 3488 3283 3546 memento,
3317 3478 3412 3549 qui

1823 3596 1876 3641 te
1900 3594 2106 3638 tantum
2133 3583 2428 3650 diligimus,
2454 3591 2509 3636 ut
2531 3579 2672 3648 quod
2700 3587 3000 3648 praesentes
3024 3589 3279 3648 praestare
3299 3592 3410 3631 non

1825 3691 2130 3747 possumus,
2156 3671 2500 3729 conferamus
2530 3672 2799 3725 absentes.

1904 3845 1924 3870 ε
1969 3833 2044 3887 Ita
2077 3832 2305 3902 legimus
2356 3846 2478 3885 eum
2512 3828 2813 3902 llolstenjo.
2845 3827 3034 3902 Neque
3059 3830 3202 3902 enim
3232 3829 3414 3902 placet

1829 3895 2298 3972 hujusmodivedit.
2334 3903 2438 3957 BB.
2472 3901 2631 3956 lectio
2666 3917 2675 3950 :
2708 3896 2860 3951 Iubet
2889 3895 3113 3950 exhiberi
3141 3907 3185 3950 et
3222 3895 3414 3950 Christi

1826 3978 1998 4041 vidua,
2024 3985 2154 4043 esto,
2186 3986 2290 4030 etc.

1407 4211 1566 4254 ANNO
1611 4208 1842 4252 DOMINI
1886 4210 2130 4253 CDXXX.

1533 4319 1922 4332 ξ*-

1044 4324 2503 4613 Ροδξῖῦιυδ,

834 4659 1660 4746 EPISCOPUS
1733 4657 2714 4742 CALAMENSIS.

1164 5006 2218 5115 PROLEGOMEN
2231 5013 2325 5114 Α
2350 5073 2387 5110 .

469 5282 1092 5352 SCHOENEMANNI
1139 5291 1469 5353 NOTITIA
1516 5287 2487 5355 HISTORlCO-LITTERARIA
2538 5295 2616 5355 IN
2664 5292 3108 5358 POSSIDIUM.

1204 5417 1419 5478 (Schmn.
1443 5416 1568 5468 Bibl.
1595 5418 1721 5473 Hist.
1745 5418 1862 5469 Litt.
1891 5418 2018 5468 Patr.
2042 5418 2144 5468 Lat.
2171 5427 2281 5468 tom.
2308 5419 2392 5482 ll.)

811 5524 841 5596 §
881 5523 921 5579 1.
959 5525 1099 5582 Vita.

241 5615 382 5686 Afer,
417 5619 702 5690 Augustini
746 5620 1043 5690 discipulus
1083 5631 1135 5677 et
1183 5623 1482 5689 familiaris,
1511 5640 1616 5694 quo
1658 5625 1750 5679 vix

176 5706 469 5768 chariorem
517 5713 610 5769 ille
651 5724 743 5769 aut
785 5715 1142 5770 amantiorem
1183 5716 1264 5770 sui
1297 5717 1501 5772 habuit.
1536 5718 1750 5787 Quippe

184 5818 270 5872 pse
307 5805 377 5862 de
417 5821 478 5865 se
507 5817 691 5866 narrat
722 5808 998 5868 Possidius
1034 5809 1180 5865 annis
1221 5809 1377 5880 [erute
1422 5825 1486 5865 xu
1561 5814 1749 5879 absque

1857 5546 2036 5583 amara
2084 5532 2193 5584 ulla
2235 5530 2546 5585 dissensione
2588 5533 2917 5602 familiariter
2958 5550 3019 5586 ac
3054 5534 3278 5588 dulciter
3321 5548 3436 5596 cum

1857 5624 2144 5693 Augustino
2180 5626 2389 5692 vixisse,
2424 5641 2522 5680 nec
2563 5627 2738 5680 minus
2783 5625 3137 5683 honorificum
3178 5635 3262 5682 est
3287 5630 3434 5684 testi~

1857 5721 2116 5785 monium,
2148 5720 2287 5788 quod
2313 5719 2670 5789 Hipponensis
2692 5721 2980 5790 episcopus
3002 5721 3068 5776 de
3089 5722 3266 5776 amico
3283 5722 3434 5792 juxta

1857 5829 2012 5883 quam
2049 5813 2312 5884 discipulo
2347 5815 2465 5871 tulit
2498 5815 2550 5875 in
2582 5815 2779 5874 litteris
2808 5815 2875 5874 ad
2906 5815 3197 5878 Memorem
3229 5815 3436 5890 Captus
