3982 6182
515 332 623 387 60ἷᾶ

1537 310 1890 380 possmus
1929 321 2304 382 EPISCOPUS
2341 319 2789 378 CALAMENSIS.

3701 313 3816 374 41η

519 461 650 498 num
703 444 1017 513 episcOpum
1066 442 1264 498 Iuliani
1313 440 1629 497 Eclanensis
1685 449 1916 510 patrem,
1978 441 2104 495 dum
2134 441 2360 512 Aptum
2405 439 2794 511 naufragioque
2833 440 3136 510 expositum
3182 436 3465 510 Neapolim
3492 439 3808 510 pervenisse

469 580 471 582 .
520 538 676 590 nimis
719 537 908 606 inquit,
939 537 1198 605 ingratum
1234 549 1294 588 ac
1326 537 1549 605 ferreum
1586 535 1705 605 fuit,
1739 543 1796 588 ut
1827 544 1873 589 te
1899 535 1990 606 qui
2018 549 2110 589 nos

519 630 596 682 sic
612 645 774 694 amas,
793 628 874 680 hic
898 638 1104 682 sanctus
1129 628 1290 697 frater
1310 635 1358 683 et
1383 627 1582 700 collega
1609 635 1782 682 noster
1809 626 2104 692 Possidius,

519 723 575 774 in
607 736 704 788 quo
733 729 962 774 nostram
1003 737 1104 775 non
1143 737 1356 791 parram
1389 723 1714 791 prwsentiam
1743 723 1990 792 reperies,
2029 721 2110 776 vel

517 826 622 864 non
647 811 885 875 disceret,
915 814 994 866 vel
1021 814 1132 865 sine
1162 813 1347 866 litteris
1374 814 1565 866 nostris
1589 813 1821 868 disceret.
1859 813 1952 867 Est
1973 816 2108 867 enim

519 913 614 971 per
640 903 989 955 ministerium
1022 913 1254 957 nostrum
1285 921 1387 957 non
1409 904 1594 958 litteris
1621 904 1750 972 illis,
1780 923 1906 976 quas
1937 907 2108 959 varia-

518 1010 636 1047 rum
684 995 813 1049 servi
858 995 1129 1049 libidinum
1179 995 1418 1050 liberales
1465 1008 1667 1065 rorant,
1714 998 1802 1051 sed
1851 998 2108 1052 dominico

518 1103 652 1158 pane
679 1091 926 1157 nutritus,
956 1101 1200 1159 quantum
1227 1091 1272 1143 ei
1299 1092 1464 1160 potuit
1497 1107 1585 1159 per
1613 1101 1815 1146 nostras
1843 1095 2108 1162 angustias

519 1182 826 1244 dispensari.
861 1182 991 1248 Qua:
1023 1181 1239 1251 quidem
1272 1185 1401 1236 satis
1426 1183 1795 1250 manifestant,
1828 1201 1990 1256 quam
2021 1201 2108 1240 ar-

519 1281 689 1334 ctam,
721 1288 954 1343 quamve
980 1273 1294 1328 diuturnum
1325 1275 1470 1330 inter
1496 1291 1589 1331 eos
1618 1277 1781 1333 fuerit
1812 1278 2104 1334 vinculum.

519 1363 676 1421 Unde
714 1365 852 1419 haud
890 1365 1161 1420 immerito
1200 1377 1446 1433 censent,
1476 1383 1715 1424 consona
1764 1373 1924 1426 etiam
1955 1387 2108 1428 amo-

518 1471 641 1512 rum
675 1465 820 1523 nota,
853 1458 1150 1525 ascriptum
1191 1459 1358 1514 luisse
1401 1460 1705 1518 Possidium
1738 1466 1982 1520 societati
2030 1467 2107 1522 illi

519 1550 882 1617 clericorum,
935 1565 1094 1620 quam
1152 1552 1478 1622 Augustinus
1524 1556 1806 1628 presbyter
1862 1558 2107 1629 Ilippone

519 1655 945 1715 congregaverat
1000 1655 1056 1701 et
1113 1648 1332 1720 Regalis
1387 1653 1702 1708 monasticis
1759 1654 2103 1709 astrinxerat.

519 1735 633 1790 Nec
660 1749 790 1792 sane
819 1738 1174 1809 improbabile
1205 1741 1436 1809 videtur,
1470 1744 1619 1800 illum
1663 1763 1726 1801 ex
1757 1749 1947 1803 eodem
1992 1766 2106 1803 mo-

2214 543 2372 607 atque
2395 533 2532 591 adeo
2557 533 2702 589 diem
2727 543 3038 604 supremum
3070 529 3128 587 In
3155 529 3304 586 Italia
3337 531 3627 589 clausisse.

2821 625 2848 697 ᾗ
2879 624 2945 680 II.
2984 625 3218 694 Scripta.

2286 719 2400 777 Duo
2446 728 2664 777 exstant
2706 717 2942 774 Possidii
2993 716 3218 787 scripta,
3267 715 3428 787 digna
3459 717 3707 774 amicitia:
3752 727 3811 774 et

2213 815 2412 869 amoris
2450 813 2565 885 ejus
2597 815 2649 868 in
2680 812 3039 884 Augustinum
3073 820 3444 878 monumenta,
3488 809 3604 865 Vita
3628 812 3812 883 Augu-

2211 906 2334 961 stini
2359 913 2416 962 et
2447 905 2720 959 lndiculus
2746 905 3054 975 scriptorum
3085 904 3216 974 ejus.

2466 995 2493 1069 ς
2527 995 2612 1052 III.
2638 996 2932 1062 Editiones,
2969 995 3230 1049 versiones
3260 999 3307 1048 et
3334 992 3552 1048 codices.

2869 1095 3141 1149 Editiones.

2285 1182 2377 1238 Illa
2427 1183 2494 1238 ab
2545 1183 2766 1238 ineunte
2811 1193 2929 1238 arte
2969 1182 3350 1256 typographica
3400 1182 3654 1239 Omnibus
3695 1183 3811 1241 fere

2212 1290 2435 1346 operum
2490 1283 2545 1330 et
2590 1275 2980 1345 opusculorum
3038 1273 3322 1346 Augustini
3383 1274 3806 1333 collectionibus

2212 1368 2418 1439 przeligi
2456 1367 2739 1423 consuevit
2775 1381 2947 1438 eaque
2977 1366 3061 1422 via
3107 1367 3172 1422 ad
3217 1367 3481 1438 insignem
3516 1367 3809 1424 lectionum

2213 1477 2344 1518 mss.
2368 1462 2615 1517 codicum
2647 1462 2860 1532 copiam
2891 1460 3172 1516 emendata
3201 1475 3228 1514 a
3257 1459 3520 1516 Maurinis
3541 1458 3809 1531 patribus,

2211 1556 2440 1609 seorsim
2489 1553 2725 1624 denique
2756 1567 2897 1608 novo
2927 1553 3198 1607 variarUm
3238 1551 3536 1608 lectionum
3565 1551 3810 1608 subsidio

2211 1650 2486 1719 recognita
2523 1657 2575 1703 et
2604 1649 2743 1702 notis
2779 1661 2886 1701 non
2918 1644 3147 1700 indoctis
3187 1645 3456 1700 illustrata
3488 1655 3567 1700 est
3602 1643 3815 1698 Joanne

2214 1741 2502 1810 Salinasio,
2540 1740 2796 1811 theologo
2825 1737 3070 1794 Romano
3102 1753 3153 1792 a.
3185 1735 3338 1792 1751.
3370 1734 3644 1791 Indicuius
3671 1737 3810 1792 scri-

518 1830 764 1884 nasterio
806 1831 870 1884 ad
903 1833 1272 1904 episcopatum
1303 1835 1569 1904 Calamae,
1601 1841 1784 1910 oppidi
1822 1839 2106 1908 Numidia},
2143 1829 2192 1890 Β
2219 1843 2431 1904 ptorum
2491 1832 2773 1902 Augustini
2838 1831 3015 1885 editus
3087 1839 3171 1885 est
3235 1831 3464 1898 primum
3520 1843 3550 1882 a
3606 1827 3817 1883 Joanne

519 1938 632 1978 non
685 1925 841 1994 longe
887 1924 955 1980 ab
1004 1926 1248 1998 Ilippone
1278 1929 1449 2000 Regio
1492 1933 1764 2001 distantis,
1808 1948 1932 1990 esse
1982 1951 2107 1991 eve-

520 2028 666 2071 ctum
698 2036 712 2072 :
745 2019 794 2073 id
823 2019 962 2088 quod
994 2036 1138 2075 anno
1169 2021 1295 2087 597,
1344 2034 1466 2093 post
1505 2026 1715 2098 Megalii
1750 2029 1983 2098 obitum,
2019 2045 2109 2086 ac-

521 2109 670 2162 cidit.
720 2109 774 2164 In
823 2125 890 2165 eo
937 2128 1067 2167 vero
1115 2115 1237 2169 loco
1296 2119 1568 2186 spatiosus
1619 2121 1719 2190 ipsi
1767 2123 2110 2191 aperiebatur

523 2213 748 2268 campus
789 2201 855 2255 ad
902 2217 992 2257 eas
1023 2202 1181 2259 dotes
1213 2207 1560 2276 explicandas
1589 2225 1720 2280 quas
1753 2209 2110 2282 Hipponensis

520 2293 768 2361 praesulis
801 2295 1066 2350 institutio
1105 2304 1199 2352 aut
1247 2303 1585 2355 consuetudo
1633 2304 1684 2356 in
1727 2319 1791 2358 eo
1822 2305 2111 2362 efﬂuxerat

523 2395 575 2440 et
608 2385 886 2454 formarat,
920 2405 1020 2444 nec
1061 2406 1223 2460 pauca
1268 2408 1388 2448 sese
1440 2394 1763 2463 offerebant,
1796 2413 1916 2466 qua:
1962 2415 2110 2454 com-

521 2479 673 2531 muni
707 2480 862 2534 amici
893 2482 1120 2536 consilio
1149 2486 1382 2552 gerenda
1415 2495 1617 2551 essent,
1656 2489 1706 2542 in
1739 2489 2002 2559 quibusve
2028 2493 2110 2546 vel

525 2571 850 2626 auctoritate
891 2574 976 2626 Vel
1027 2573 1298 2642 adjutorio
1326 2577 1441 2646 ejus
1481 2579 1768 2649 indigeret.
1804 2580 1952 2635 Talia
2000 2582 2113 2638 fere

526 2671 684 2716 erant
726 2677 850 2732 qua:
880 2663 982 2719 sub
1014 2665 1226 2720 initium
1271 2671 1511 2725 muneris
1555 2673 1637 2725 sui
1679 2686 1799 2726 cum
1845 2674 1958 2742 ipse
2001 2684 2109 2727 tum

524 2751 771 2810 Ecclesia
813 2755 929 2825 ejus
978 2771 1008 2812 a
1054 2759 1278 2827 paganis
1324 2759 1732 2817 Calamensibus
1775 2766 2108 2831 patiebatur;

523 2858 652 2901 mox
703 2847 828 2902 item
876 2863 996 2918 qua:
1038 2863 1158 2905 cum
1207 2851 1502 2908 DonatiStis
1552 2855 1761 2924 accepit
1793 2856 2110 2912 certamina.

525 2936 656 3002 Quae
676 2951 836 2994 causa
863 2955 983 2995 cum
1014 2957 1120 2996 non
1151 2945 1321 3012 magis
1353 2947 1618 3000 universm
1643 2947 1837 3002 Africae
1857 2949 2114 3005 Ecclesia:

525 3031 826 3086 communis
856 3047 1018 3102 quam
1052 3035 1339 3105 Augustini
1368 3039 1585 3106 propria
1618 3048 1791 3106 esset,
1821 3055 1926 3094 non
1961 3051 2115 3110 pote-

526 3132 612 3176 rat
642 3137 671 3176 a
701 3123 947 3180 Possidio
986 3127 1089 3181 levi
1121 3129 1304 3182 studio
1346 3131 1571 3199 suscipi.
1600 3130 1786 3201 Itaque
1810 3132 1918 3201 jam
1951 3149 1978 3188 a
2011 3133 2114 3189 401

2221 1925 2521 1979 νιὶηιηιρνὶο
2551 1940 2600 1978 a.
2635 1923 2796 1979 1564.
2827 1922 3068 1992 Migravit
3101 1921 3309 1991 pariter
3331 1921 3398 1976 ab
3431 1921 3534 1974 isto
3562 1929 3814 1990 tempore

2214 2017 2268 2072 in
2294 2019 2469 2071 varias
2497 2018 2733 2084 Operam
2765 2013 3051 2084 Augustini
3085 2013 3371 2076 editiones,
3391 2021 3445 2066 et
3473 2026 3540 2066 ex
3575 2011 3815 2066 vetustis

2214 2109 2545 2165 membranis
2592 2108 2881 2176 castigatus
2930 2113 3013 2160 est
3059 2106 3111 2159 in
3166 2104 3630 2160 Benedictinorum
3677 2103 3814 2158 edi-

2215 2204 2380 2258 tione.
2412 2201 2516 2257 Sed
2565 2201 2723 2269 longe
2771 2201 2982 2269 plenior
3011 2210 3064 2255 et
3095 2198 3426 2254 emendatior
3456 2213 3521 2251 ex
3554 2213 3659 2250 ms.
3693 2195 3813 2254 Ve-

2215 2297 2432 2351 ronensi
2463 2293 2659 2361 prodiit
2687 2293 2930 2349 Venetiis
2959 2307 3010 2348 a.
3047 2292 3189 2348 1755
3216 2333 3228 2346 .
3259 2333 3273 2346 .
3306 2335 3319 2346 .
3350 2334 3360 2344 .
3393 2334 3405 2346 .
3433 2330 3446 2344 .
3471 2289 3527 2344 In
3557 2292 3815 2360 sequenti

2216 2387 2392 2443 indice
2425 2387 2557 2440 nihil
2589 2384 2847 2440 omissum
2877 2395 2962 2440 est
2987 2386 3125 2454 quod
3159 2383 3222 2439 ad
3249 2384 3639 2438 accuratiorem
3670 2383 3811 2437 insi-

2215 2481 2464 2550 gniorum
2505 2479 2801 2534 editiOnum
2849 2479 3092 2535 notitiam
3135 2476 3418 2543 conducit;
3467 2475 3812 2546 singulorum

2216 2587 2350 2628 vero
2379 2573 2668 2644 Augustini
2703 2587 2932 2643 Operam
2979 2572 3356 2627 recensionem
3407 2583 3564 2625 nemo
3611 2582 3817 2639 exspe-

2217 2666 2401 2722 ctabit.

2842 2749 3056 2794 δεουιο
3083 2751 3173 2792 XVI
3182 2777 3196 2792 .

2293 2848 2455 2905 1564.
2499 2849 2714 2903 ιοιυαηὶἱ
2743 2849 2885 2918 apud
2911 2847 3123 2902 Hieron.
3151 2845 3426 2901 Wellteum
3446 2862 3466 2912 ;
3490 2843 3656 2900 riu—4'.
3679 2844 3822 2902 Pos-

2219 2943 2346 2999 sidii
2377 2942 2716 2997 Calamensis
2753 2942 2993 3012 episcopi
3033 2939 3148 2995 Vita
3180 2945 3236 2994 et
3270 2937 3544 2993 lndiculus
3571 2936 3818 3008 Operam

2220 3034 2284 3088 D.
2321 3033 2606 3103 Augustini
2635 3048 2698 3087 ex
2731 3033 2971 3088 editione
3012 3039 3066 3086 et
3103 3045 3221 3085 cum
3253 3029 3476 3084 scholiis
3504 3030 3824 3098 marginali-

2224 3129 2322 3183 bus
2357 3129 2579 3182 Joannis
2615 3128 2932 3192 Viimmerii;
2960 3141 3082 3181 cum
3113 3125 3445 3181 Sermonibus
3467 3122 3665 3193 aliquot
3707 3123 3824 3178 Au-

528 3213 832 3285 Crispinum
877 3220 1273 3274 Donatistarum
1323 3223 1466 3290 apud
1499 3197 1873 3278 itlalam—ens'es
1910 3229 2119 3294 episco-
2145 3197 2194 3264 ο
2226 3223 2422 3293 gustini
2455 3221 2524 3275 ab
2567 3221 2758 3276 eodem
2799 3234 2991 3275 recens
3029 3218 3278 3289 prolatis.
3315 3215 3448 3274 Tota
3490 3218 3606 3273 haec
3633 3215 3824 3273 Vlim-

526 3323 656 3376 pum
711 3310 778 3363 ad
819 3311 1145 3380 colloquium
1199 3327 1382 3366 secum
1438 3314 1730 3369 ineundum
1779 3316 2116 3384 sollicitavit,

527 3399 866 3469 invitumque
895 3403 1071 3471 coegit
1118 3409 1173 3456 et
1212 3404 1433 3457 solertia
1484 3408 1919 3476 sua'superavit.
1965 3409 2120 3463 Anno

529 3491 637 3545 410
679 3505 782 3543 una
821 3507 941 3544 cum
991 3493 1164 3548 tribus
1194 3495 1316 3548 aliis
1343 3498 1612 3565 episcopis
1644 3513 1673 3551 a
1704 3501 1948 3568 patrihus
1979 3500 2121 3555 Afri-

531 3583 685 3635 canis
715 3581 1041 3652 Carthagine
1070 3588 1409 3656 congregatis
1457 3589 1662 3656 legatus
1709 3593 1908 3647 missus
1939 3605 2022 3648 est
2053 3595 2118 3648 ad

531 3673 830 3729 llnnorium
862 3677 1000 3746 Aug.
1051 3693 1150 3748 pro
1195 3680 1552 3749 abrogatione
1601 3685 1731 3753 legis
1783 3687 1836 3739 in
1879 3686 2118 3740 favorem

532 3764 937 3821 Donatistarum
966 3769 1088 3824 lata:
1110 3780 1163 3824 et
1188 3770 1252 3824 ad
1281 3773 1628 3828 obtinendam
1675 3793 1793 3830 cum
1821 3777 2120 3831 Donatistis

532 3859 898 3916 collationem.
926 3863 1166 3918 Allectus
1195 3863 1294 3920 fuit
1321 3867 1516 3921 deinde
1543 3884 1597 3922 a.
1617 3869 1718 3921 411
1751 3868 1802 3921 in
1830 3869 2122 3925 collatione

531 3967 653 4006 cum
680 3952 970 4008 Donatistis
992 3956 1134 4010 inter
1160 3969 1366 4024 septem
1399 3967 1612 4011 actores
1637 3958 1807 4026 partis
1838 3956 2124 4015 catholicae

533 4047 778 4115 actisque
823 4048 940 4116 ejus
989 4049 1329 4116 subscripsit.
1370 4048 1617 4103 Interfuit
1666 4049 1829 4104 etiam
1874 4053 2122 4109 conciliis

531 4138 802 4195 Africanis
830 4139 901 4192 ob
931 4138 1173 4194 leestii
1210 4148 1265 4193 et
1292 4139 1490 4209 Pelagii
1525 4141 1773 4195 lueresim
1804 4143 2118 4212 celebratis,

531 4246 748 4300 unaque
777 4246 896 4286 cum
927 4232 1047 4286 aliis
1074 4233 1337 4286 Numidize
1363 4233 1633 4302 episcopis
1663 4249 1731 4290 ex
1763 4237 2000 4293 concilio
2027 4239 2123 4293 Mi-

531 4323 773 4378 levilano
815 4325 1028 4380 litteras
1063 4325 1129 4379 ad
1156 4327 1526 4382 Innocentium
1571 4329 1888 4400 episc0pum
1922 4332 2122 4388 Roma-

535 4433 665 4472 num
716 4418 877 4472 dedit.
937 4418 1224 4488 Ingruente
1271 4421 1483 4476 tandem
1533 4433 1585 4477 a.
1625 4423 1730 4480 450
1760 4421 2122 4485 Vandalorum

533 4525 680 4564 saevo
704 4524 797 4577 per
827 4512 1104 4567 universas
1125 4513 1317 4569 Africae
1340 4516 1647 4583 provincias
1670 4521 1934 4587 exercitu,
1960 4532 2012 4576 et
2029 4538 2126 4593 0p-

2227 3315 2386 3370 merii
2419 3329 2584 3384 Opera
2619 3313 2878 3368 translata
2911 3320 2996 3366 est
3036 3312 3089 3366 in
3117 3311 3412 3366 editionem
3442 3309 3824 3366 Basileensem

2226 3411 2462 3477 Operam
2488 3405 2778 3477 Augustini
2807 3420 2834 3457 a
2871 3403 3032 3459 1569.

2301 3499 2460 3554 1575.
2503 3497 2731 3553 Colonia
2781 3481 3111 3569 Agrippinaa;
3155 3495 3331 3568 ἔτι-[σι.
3369 3493 3492 3550 Vita
3523 3492 3824 3563 Augustini

2227 3593 2590 3664 episcopi.....
2611 3592 2750 3648 edita
2784 3604 2816 3646 a
2838 3591 3088 3646 Possidio
3118 3591 3348 3661 primum
3373 3589 3491 3658 ejus
3519 3585 3820 3657 discipulo,

2227 3696 2415 3754 postea
2445 3687 2702 3756 episcopo
2746 3683 3084 3748 Calamensi;
3121 3685 3176 3737 in
3218 3681 3378 3736 Laur.
3415 3678 3561 3735 Surii
3583 3676 3824 3749 probatis

2229 3779 2336 3834 SS.
2379 3777 2504 3832 Vitis
2531 3778 2596 3832 ad
2629 3778 2771 3833 diem
2800 3777 2870 3831 ‘28
2898 3775 3058 3848 Aug.,
3101 3776 3166 3830 Τ.
3199 3775 3266 3831 IV
3294 3789 3450 3845 pagg.
3479 3770 3709 3828 933-47.
3753 3771 3820 3827 In

2227 3871 2521 3924 novissima
2561 3869 2878 3924 Coloniensi
2923 3884 2976 3922 a.
3021 3867 3196 3934 I6I8,
3239 3865 3344 3923 hoc
3377 3879 3598 3931 mense,
3652 3878 3816 3934 pagg.

2226 3961 2528 4017 502-5Ο9.

2833 4046 3051 4088 8801]ιο
3088 4046 3218 4086 XVII.

2300 4147 2460 4203 I690.
2504 4145 2745 4211 Parisiis,
2771 4148 2909 4218 apud
2935 4146 3127 4200 Franc.
3151 4145 3359 4214 Muguet
3382 4161 3400 4210 ;
3422 4143 3596 4214 in-fol.
3626 4141 3684 4197 S.
3704 4142 3825 4198 Au—

2227 4240 2347 4295 relii
2379 4238 2664 4310 Augustini
2716 4239 2876 4307 Hipp.
2928 4253 3016 4307 ep.
3053 4237 3192 4304 Vita,
3236 4245 3458 4290 auctore
3500 4233 3818 4290 Calamensi

2229 4334 2508 4404 episcono,
2543 4332 2718 4400 ipsius
2753 4329 3039 4399 discipulo.
3073 4327 3203 4382 Item
3227 4327 3499 4382 lndiculus
3525 4325 3820 4394 librorum,

2230 4434 2555 4481 tractatuum
2600 4430 2656 4479 et
2702 4422 3052 4492 epistolarum
3095 4420 3154 4475 S.
3199 4417 3484 4489 Augustini
3523 4416 3685 4486 Hipp.
3720 4431 3820 4488 ep.

2231 4517 2411 4572 editus
2443 4531 2575 4570 cura
2617 4513 2851 4568 Possidii
2879 4512 2920 4566 E
2976 4512 3042 4566 C.
3067 4527 3133 4566 ex
3161 4510 3325 4564 variis
3369 4508 3642 4564 codicibus
3675 4523 3815 4564 mss.

531 4617 718 4673 pressa
748 4603 815 4658 ab
848 4604 1037 4660 iisdem
1070 4605 1285 4662 Calama
1313 4616 1442 4664 nutu
1472 4612 1623 4680 quasi
1651 4611 1834 4669 divino
1859 4587 2124 4684 impulsus
2151 4587 2206 4648 D
2229 4610 2518 4665 emendata
2548 4617 2602 4661 et
2630 4622 2750 4661 cum
2793 4605 3044 4660 lectionis
3088 4605 3405 4661 diversitate
3444 4602 3498 4656 in
3540 4600 3598 4655 P.
3629 4615 3691 4655 tu
3720 4615 3820 4670 ap-

533 4695 635 4749 fuit
663 4696 967 4760 Possidius,
993 4706 1050 4750 ut
1080 4698 1381 4767 Hipponem
1412 4715 1473 4755 se
1519 4702 1818 4760 conferret.
1849 4703 1947 4760 Vix
1978 4708 2121 4761 enim

537 4789 729 4844 eodem
753 4798 1118 4849 concesserat,
1143 4804 1264 4845 cum
1294 4801 1346 4846 et
1377 4792 1492 4846 haec
1524 4795 1653 4849 urbs
1682 4795 1967 4852 obsidione
1988 4799 2126 4853 clauo

538 4880 759 4934 deretur
778 4891 938 4950 atque
957 4879 1289 4950 Augustinus
1312 4885 1459 4940 febre
1481 4900 1760 4956 correptus
1777 4889 2128 4945 decumberet

538 4981 596 5026 et
625 4981 744 5040 post
771 4988 976 5043 paucos
1003 4974 1122 5030 dies
1161 4987 1373 5033 astante
1400 4981 1573 5034 amico
1612 4982 1960 5037 obdormiret.
1997 4982 2129 5036 Post

539 5064 823 5134 Augustini
871 5067 1075 5122 obitum
1119 5071 1346 5125 rarescit
1375 5074 1536 5127 etiam
1572 5072 1796 5128 Possidii
1829 5076 2120 5141 memoria,

537 5159 643 5215 nisi
674 5159 817 5230 quod
847 5159 1081 5230 Prosper
1109 5172 1294 5218 narrat
1322 5164 1374 5218 in
1407 5164 1676 5219 Chronico
1709 5166 1773 5220 ad
1806 5181 1957 5221 cons.
1983 5169 2124 5223 Aetii

534 5265 577 5306 ιι
617 5262 673 5306 et
718 5252 990 5324 Sigisvulti
1037 5253 1284 5327 (3.457)
1333 5255 1636 5311 Possidium
1680 5272 1802 5312 eum
1840 5258 2046 5315 Novato
2072 5270 2126 5316 et

539 5343 837 5400 Severiano
864 5345 1148 5402 catholicis
1171 5348 1456 5418 episcopis,
1481 5348 1778 5404 Genserico
1802 5351 2122 5408 catholicam

536 5435 700 5490 ﬁdem
733 5438 929 5490 Ariana
963 5439 1242 5507 impietate
1282 5442 1598 5497 subvertere
1635 5444 1875 5512 cupienti
1919 5446 2125 5499 fortiter

535 5531 838 5596 restitisse;
868 5531 966 5585 sed
993 5533 1182 5587 eodem
1216 5535 1486 5588 meruisse
1516 5545 1572 5590 ut
1602 5535 1848 5591 ecclesiis
1877 5537 1989 5590 suis
2021 5538 2128 5606 pri-

515 5632 692 5694 ‘varet
707 5632 762 5676 et
787 5624 1094 5679 civitatibus
1117 5627 1367 5695 pelleret.
1394 5627 1546 5682 Unde
1571 5629 1830 5697 colligunt
1851 5630 2121 5697 eumdem,

541 5723 703 5783 capta
733 5717 802 5770 ab
827 5718 1124 5776 Genserico
1169 5738 1220 5774 a.
1256 5722 1360 5779 459
1386 5724 1734 5792 Carthagine,
1765 5739 1886 5778 cum
1937 5725 2125 5794 ingens

543 5807 868 5865 clericorum
897 5812 1049 5868 turba
1076 5828 1140 5870 ex
1171 5815 1315 5871 omni
1339 5815 1516 5871 Africa
1550 5815 1862 5882 ejiceretur,
1894 5817 2126 5884 proscri-

2229 4701 2477 4772 pendicis
2501 4701 2630 4754 ιοιηὶ
2659 4697 2708 4753 Χ
2737 4697 2875 4767 Opp.
2904 4697 3193 4767 Augustini
3227 4712 3291 4752 ex
3318 4696 3404 4750 ed.
3439 4693 3820 4748 Benedictino—

2230 4811 2373 4851 rum.
2429 4794 2485 4846 In
2539 4793 2625 4846 ed.
2661 4790 3046 4859 Antucrpiensi
3100 4803 3254 4859 pagg.
3302 4783 3582 4842 164—200
3617 4785 3818 4838 Clerici

2230 4887 2534 4941 observata
2565 4884 2615 4937 in
2649 4881 2956 4936 Possidium
2987 4895 3092 4933 non
3138 4878 3275 4932 tanti
3313 4887 3457 4942 sunt,
3492 4886 3551 4930 ut
3581 4874 3820 4944 aliquem

2231 4980 2530 5034 sollicitare
2571 4975 2804 5046 possint.
2838 4975 2948 5028 Nec
2989 4987 3122 5027 vero
3149 4971 3451 5026 Salinasius
3486 4969 3554 5024 de
3583 4967 3819 5024 victoria

2232 5071 2300 5123 alt
2329 5086 2395 5124 eo
2425 5077 2698 5138 reportata
2739 5065 2966 5136 gloriari
2997 5064 3181 5130 debet,
3213 5063 3416 5132 quippe
3445 5061 3603 5130 cujus
3635 5059 3822 5114 omnis

2234 5161 2482 5218 defensio
2511 5175 2617 5215 non
2645 5158 2823 5214 solum
2854 5157 2921 5210 ab
2943 5157 3084 5226 ipso,
3107 5155 3203 5209 sed
3228 5155 3349 5210 aliis
3377 5167 3590 5224 quoque
3614 5151 3821 5222 jactata

2234 5255 2292 5312 in
2323 5255 2441 5311 solo
2470 5263 2668 5310 conatu
2696 5251 2922 5308 defecit.

2825 5357 3044 5398 SECULO
3072 5357 3222 5397 XVIII.

2305 5439 2466 5497 1751.
2515 5438 2692 5492 Roma:
2715 5477 2729 5501 ,
2762 5437 2898 5506 typis
2922 5435 3012 5489 Jo.
3046 5434 3289 5504 Zempef;
3335 5433 3493 5490 ὅθι-8⁸.
3525 5433 3585 5490 S.
3610 5429 3823 5487 Aurelii

2233 5533 2520 5604 Augustini
2550 5532 2916 5601 Hipponensis
2947 5530 3185 5600 episcopi
3207 5528 3332 5583 Vita
3354 5537 3577 5582 auctore
3602 5525 3659 5580 S.
3695 5524 3823 5579 Pos-

2229 5629 2370 5684 sidio
2419 5626 2731 5682 Calamensi
2781 5626 3037 5697 episcopo
3062 5621 3130 5676 ad
3182 5637 3312 5676 mss.
3355 5620 3517 5677 codd.
3547 5614 3818 5674 recensita

2230 5722 2485 5791 notisque
2514 5722 2787 5776 illustrata
2818 5733 2985 5790 opera
3010 5727 3067 5772 et
3108 5716 3289 5771 studio
3336 5715 3404 5770 D.
3431 5712 3656 5770 Joannis
3679 5709 3825 5768 Salt-

2230 5830 2326 5871 nas
2355 5813 2698 5884 Neapolitani
2719 5813 2852 5869 Can.
2896 5813 3032 5881 Reg.
3076 5811 3192 5867 Lat.
3222 5825 3284 5866 ac
3309 5810 3432 5867 Sac.
3461 5803 3659 5866 Thesl.
3696 5806 3824 5860 lect.
