3982 6182
214 305 304 363 405

1543 299 2078 356 PROLEGUMENA.

3355 307 3461 363 406

216 421 270 475 ad
290 416 773 475 reverendissimum
802 415 860 470 P.
890 415 952 469 D.
986 416 1279 471 Ascanium
1315 416 1605 471 Varesium
1624 418 1755 472 Cari.
1783 418 1839 479 Α
1862 427 2087 473 auctore
2107 417 2167 474 S.
2188 415 2438 474 Poosidio
2450 416 2757 473 Calamensi
2780 420 3028 492 episcopo
3049 422 3115 477 ad
3139 436 3271 477 mss.
3296 423 3459 478 codd.

214 515 330 584 Reg.
352 513 456 569 Lat.
485 511 740 566 abbatem
768 512 1095 580 generalem.
1121 509 1179 561 2°
1213 510 1412 565 Ibidem
1454 512 1651 564 eodm.
1683 512 1761 566 De

214 604 322 658 Vita
344 614 389 659 et
417 602 567 658 rebus
597 602 764 672 gestis
794 602 851 655 S.
882 602 1111 657 Possidii
1152 602 1493 658 Calamensis
1516 604 1760 674 episcopi

215 697 492 754 Dissertatio
517 710 587 751 ex
621 694 682 747 P.
715 693 1003 764 Augustini
1024 694 1242 764 scriptis
1267 694 1762 767 ecclesiasticisque

213 787 540 844 monumentis
566 786 897 842 cencinnata
945 788 1109 856 opera
1137 795 1195 841 et
1234 785 1415 842 studio
1444 783 1514 841 D.
1543 784 1764 842 Joannis

214 878 413 944 Salinas,
435 886 542 935 etc.

271 972 473 1027 Textum
503 971 684 1027 editor
710 971 860 1042 juxta
895 970 1157 1026 lectiones
1186 986 1214 1024 a
1256 969 1362 1026 PP.
1396 971 1652 1027 Manrinis
1690 988 1762 1027 ex

211 1065 342 1120 codd.
361 1080 482 1121 mss.
509 1065 822 1136 propositas
852 1077 905 1120 et
926 1075 1136 1119 vetusta
1155 1066 1486 1135 exemplaria
1512 1060 1765 1121 Vaticana

209 1174 233 1211 a
259 1159 451 1215 nemine
478 1168 605 1214 ante
633 1158 877 1213 adhibita
900 1159 1197 1225 recensuit,
1221 1158 1511 1215 varietates
1532 1160 1765 1229 diligen-

209 1258 282 1303 ter
306 1252 485 1306 notavit
504 1258 777 1320 notasque
814 1260 869 1305 et
896 1250 1307 1321 observationes
1334 1250 1564 1316 addidit,
1598 1251 1769 1306 Bene-

205 1342 493 1399 dictinorum
554 1344 786 1399 aliorum
811 1359 895 1411 {ue
944 1343 1184 1397 virorum
1254 1342 1540 1398 doctorum
1598 1344 1767 1413 copiis

204 1434 391 1491 abunde
418 1436 638 1491 dilatas.
674 1435 919 1490 Arduum
956 1434 1202 1505 profecto
1250 1449 1359 1489 non
1389 1445 1507 1490 erat
1538 1436 1592 1490 in
1619 1442 1765 1490 tanta

203 1530 459 1597 Augustini
488 1540 549 1585 et
574 1529 645 1584 de
670 1527 975 1599 Augustino
1018 1527 1354 1597 scriptorum
1384 1529 1537 1600 copia
1567 1538 1624 1583 et
1652 1538 1771 1597 post

202 1628 270 1673 tot
295 1630 502 1693 tamque
530 1622 745 1677 diversa
776 1621 921 1676 circa
941 1634 1032 1677 res
1052 1620 1123 1677 ab
1141 1634 1209 1677 eo
1228 1632 1286 1676 et
1305 1636 1401 1692 per
1417 1638 1594 1678 aevum
1622 1623 1768 1679 istud

197 1722 363 1781 gestas
408 1714 614 1783 studia,
662 1714 966 1784 praesertim
1011 1728 1140 1769 vero
1176 1723 1296 1783 post
1336 1714 1766 1770 eruditissimum

1863 511 2160 576 recensita,
2186 509 2451 580 natisque
2473 510 2739 564 illustrata
2764 524 2931 579 opera
2953 521 3008 567 et
3024 514 3207 568 studio
3223 512 3464 569 D.Joan—

1864 604 1951 658 nis
1979 602 2193 657 Salinas
2225 601 2395 673 Neap.
2435 601 2571 657 Can.
2626 601 2757 670 Reg.
2800 597 3000 671 Congr.
3053 603 3171 657 Lat.
3222 605 3465 661 Accessit

1868 695 2143 751 Michaelis
2183 696 2254 750 III
2283 695 2351 751 ad
2377 702 2658 764 exemptas
2687 693 2898 747 Insulas
2927 693 3261 767 Wengenses
3289 697 3460 752 Cann.

1865 788 2038 860 Begg.
2093 786 2264 847 Ulma':
2296 790 2597 845 Suevorum
2646 786 2880 857 praelati,
2926 768 2984 841 Β.
3034 783 3175 840 Caes.
3225 786 3462 843 aeCath.

1866 882 1993 953 Maj.
2026 882 2324 938 consiliarii
2354 890 2409 935 et
2438 879 2699 935 sacellani
2743 874 2991 948 perpetul
3018 876 3333 947 Disquisitio
3362 880 3469 934 cri-

1869 976 1975 1031 tica
1996 974 2062 1029 de
2080 974 2242 1028 variis
2267 973 2455 1043 gestis,
2471 971 2631 1026 dictis
2664 985 2729 1025 ac
2753 969 3060 1025 visionibus
3088 968 3148 1023 S.
3166 972 3468 1039 Augustino

1869 1068 2009 1123 falso
2041 1075 2135 1120 aut
2161 1065 2341 1120 minus
2366 1064 2542 1120 solide
2572 1062 2814 1119 tributis.
2844 1092 2914 1104 ——
2945 1062 3005 1118 In
3030 1063 3324 1132 posteriori
3355 1062 3469 1119 dis-

1870 1160 2175 1216 sertatione
2201 1158 2496 1213 multarum
2538 1155 2609 1211 de
2638 1154 2941 1226 Augusﬁno
2984 1154 3290 1211 fabularum
3318 1155 3471 1225 origo

1870 1254 2029 1309 docte
2049 1266 2111 1307 ac
2134 1249 2405 1322 sagaciter
2423 1247 2750 1304 ostenditur.

2527 1347 2810 1397 Versiones.

1948 1436 2105 1492 I742.
2136 1435 2203 1489 In
2240 1434 2486 1499 Venezia,
2514 1448 2603 1503 per
2626 1429 2805 1486 Pietro
2824 1429 3098 1503 Bassaglia
3124 1447 3152 1486 e
3176 1427 3473 1487 Francesco

1872 1534 2260 1598 Hertzhauser;
2284 1528 2455 1584 iri—4°.
2497 1528 2619 1583 Vita
2641 1527 2697 1583 di
2735 1525 2799 1583 S.
2828 1526 3048 1583 Aurelio
3081 1525 3469 1597 Agostino.....

1874 1629 2062 1683 scritta
2102 1626 2169 1681 da
2213 1624 2273 1681 8.
2302 1621 2549 1677 Possidio
2585 1635 2824 1677 veoeovo
2865 1619 2921 1676 di
2954 1618 3206 1689 Calama,
3237 1618 3473 1675 tradotta

1874 1724 1929 1778 in
1960 1722 2185 1776 ltaliano
2211 1719 2280 1775 da
2307 1718 2396 1773 un’
2426 1726 2616 1773 autore
2654 1714 2910 1772 anonimo
2946 1715 3039 1771 eol
3067 1724 3208 1771 testo
3234 1713 3469 1779 Latino;

194 1805 454 1860 editorum
480 1805 870 1863 Parisiensium
898 1806 966 1862 de
996 1807 1106 1862 vita
1136 1807 1254 1877 ejus
1277 1808 1768 1876 Commentariun],
1800 1809 1854 1872 B
1878 1816 1931 1870 in
1970 1812 2157 1868 limine
2194 1810 2379 1881 operis
2408 1808 2696 1879 Augustini
2746 1810 2829 1894 de,
2858 1805 3074 1861 Civitate
3116 1805 3245 1871 Dei,
3284 1807 3473 1860 Latine

192 1904 349 1951 notas
380 1912 483 1952 non
513 1898 672 1969 plane
701 1899 909 1969 ineptas
952 1900 1020 1954 ad
1052 1898 1356 1955 Possidium
1386 1900 1635 1958 fundere.
1668 1904 1767 1956 At-

192 2005 291 2060 que
320 1990 373 2045 hi
403 1992 658 2048 ductores
703 1995 885 2063 procul
935 1993 1099 2048 dubio
1126 1994 1389 2050 Joannem
1440 1994 1769 2051 Salinasium

190 2082 293 2137 suis
326 2084 493 2154 ipsius
520 2086 727 2141 viribus
773 2087 1012 2157 alioquin
1043 2087 1221 2142 minus
1262 2088 1524 2154 alacrem,
1553 2098 1613 2142 ut
1640 2086 1774 2143 Vin-

192 2177 341 2232 centii
367 2178 672 2235 Lirinensis
694 2180 886 2236 eodem
912 2196 1056 2237 anno
1074 2179 1145 2238 ab
1181 2197 1248 2238 eo
1272 2180 1575 2251 eademque
1599 2182 1772 2240 forma

189 2268 302 2323 editi
335 2280 382 2324 et
413 2270 689 2328 Clementi
717 2270 813 2327 XII
838 2271 1076 2328 dedicati
1107 2275 1363 2344 exemplo
1397 2274 1770 2345 ostendemus,

191 2362 398 2418 mtrillce
454 2373 859 2419 sustentarunt.
905 2364 1285 2437 Spoponderat
1333 2368 1385 2421 in
1428 2370 1771 2439 praefatione,

189 2456 459 2526 Augustini
491 2459 620 2514 vita:
652 2473 711 2513 se
733 2458 1052 2528 juncturam
1078 2475 1202 2516 esse
1233 2461 1472 2532 Hngonis
1502 2462 1570 2517 de
1590 2461 1647 2518 S.
1682 2461 1775 2516 Vi-

189 2558 323 2603 ctore
344 2550 677 2620 opusculum
703 2551 770 2607 de
788 2552 1133 2609 Institutione
1150 2553 1491 2610 Novitiorum
1523 2570 1627 2610 una
1645 2569 1771 2610 cum

184 2645 408 2699 auctoris
428 2646 696 2709 historia;
721 2646 813 2701 sed
832 2649 1062 2701 mutavit
1078 2656 1260 2717 postea
1275 2649 1562 2703 consilium
1581 2658 1635 2703 et
1656 2650 1774 2705 Ioco

185 2734 309 2802 ejus,
339 2737 638 2808 separatim
670 2747 870 2807 tamen,
898 2739 1139 2794 exscribi
1166 2739 1295 2795 fecit
1331 2740 1779 2796 Dissertationem

182 2826 237 2879 de
263 2828 379 2882 l'ita
407 2840 459 2885 et
484 2831 659 2885 Rebus
684 2832 836 2902 gestis
867 2831 1101 2887 Possidii
1129 2834 1363 2905 amplam
1406 2850 1541 2890 sane
1580 2847 1635 2891 et
1664 2852 1773 2892 non

181 2916 489 2989 indoctam;
521 2939 629 2993 quo
670 2927 841 2995 magis
871 2926 1056 2981 mirari
1090 2924 1253 2993 subit,
1282 2926 1373 2997 qui
1420 2935 1526 2981 tam
1560 2943 1689 2983 sero
1723 2929 1773 2983 in

179 3026 283 3065 eam
320 3016 716 3085 cogitationem
763 3026 950 3071 auctor
986 3018 1057 3071 sit
1094 3018 1379 3073 adductus.
1424 3017 1509 3071 Cf.
1541 3018 1617 3071 N.
1652 3020 1779 3072 Acta

176 3100 378 3159 Erudit.
418 3105 570 3175 Lips.
605 3120 653 3158 a.
691 3106 852 3174 1751,
887 3123 1045 3177 pagg.
1077 3109 1270 3166 lii—2|.

1870 1908 2029 1979 juxta
2056 1920 2216 1975 quam
2240 1901 2428 1957 Italica
2456 1916 2525 1956 ex
2558 1899 2777 1969 antiqua
2806 1898 3062 1969 anonymi
3089 1897 3351 1965 auctoris,
3375 1895 3475 1952 sed

1880 2012 2043 2069 quem
2068 1996 2232 2065 vulgo
2256 1992 2517 2050 Jacobum
2540 1988 2950 2045 Passavautium
2974 1997 3187 2058 putant,
3209 1989 3474 2059 interpre-

1876 2092 2084 2146 tatione
2109 2089 2321 2145 duobus
2351 2084 2721 2141 voluminibus
2751 2086 2809 2137 h.
2835 2083 2875 2137 Ι.
2908 2091 2964 2138 et
2989 2097 3041 2136 a.
3074 2081 3227 2138 editi.

1951 2185 2113 2242 1761.
2132 2180 2199 2238 1η
2220 2179 2443 2247 Hilario,
2464 2195 2639 2250 presso
2662 2176 2888 2233 Antonio
2903 2174 3147 2247 Agnelli;
3169 2175 3331 2230 in-8'.
3353 2175 3475 2231 Vita

1878 2278 1934 2334 di
1960 2279 2018 2333 S.
2051 2275 2273 2332 Aurelio
2309 2272 2577 2343 Agostino
2601 2282 2843 2326 vescovo
2888 2266 3145 2338 d’lppona
3175 2266 3391 2322 dottore
3420 2265 3478 2322 di

1877 2373 1938 2428 S.
1969 2370 2188 2437 Chiesa,
2218 2368 2402 2425 scritta
2431 2366 2499 2422 da
2529 2365 2588 2421 S.
2623 2362 2877 2420 Possidio
2902 2374 3138 2418 vescovo
3166 2359 3220 2415 di
3236 2357 3474 2426 Calama,

1879 2464 2118 2521 tradotta
2148 2463 2202 2518 in
2246 2461 2472 2518 ltaliano
2499 2460 2567 2514 da
2593 2458 2683 2513 un’
2705 2464 2894 2512 autore
2920 2453 3214 2519 auonimo;
3245 2452 3298 2507 in
3339 2466 3474 2523 que-

1879 2569 1965 2616 sta
1992 2557 2225 2615 second:
2256 2554 2506 2613 edizione
2535 2554 2731 2609 ridotta
2762 2551 2999 2609 secondo
3042 2551 3079 2605 il
3110 2557 3251 2604 testo
3280 2546 3476 2604 Latino

1880 2653 1963 2708 de‘
1994 2650 2229 2722 migliori
2258 2649 2432 2705 codici
2456 2646 2816 2710 manoscritti,
2836 2644 3169 2701 accresciuta
3199 2641 3253 2695 di
3282 2641 3476 2697 alcune

1880 2754 2032 2811 note,
2064 2758 2095 2796 e
2124 2740 2371 2796 dedicata
2399 2739 2487 2794 all’
2508 2739 2877 2794 illustrissimo
2897 2737 3118 2807 signore
3147 2732 3213 2786 D.
3236 2730 3476 2786 Antonio

1881 2836 2184 2906 F‘issiraga,
2217 2835 2401 2891 dottor
2430 2832 2487 2887 di
2517 2831 2786 2901 Collegio,
2833 2828 3145 2890 decurione,
3179 2832 3233 2877 et
3258 2831 3477 2878 oratore

1882 2927 2115 2984 emerito
2144 2926 2285 2982 della
2314 2927 2444 2979 citta
2470 2922 2525 2976 di
2546 2922 2704 2979 Lodi.

1951 3022 2144 3076 Editor
2172 3017 2243 3072 F.
2274 3016 2597 3072 Romualdus
2638 3014 2815 3069 Maria
2839 3013 2903 3065 de
2939 3012 3001 3066 S.
3034 3008 3268 3064 Gaetano
3294 3009 3477 3079 Augu-

1883 3118 2149 3173 stinianus
2183 3113 2549 3171 Excalceatus
2594 3106 3019 3163 Mediolanensis
3054 3101 3360 3159 versionem
3390 3117 3479 3158 su-

234 3192 773 3251 i755.Venetiis.....
795 3190 1431 3253 POssidii.....|ndicu1us
1450 3199 1778 3267 scriptorum
1806 3192 1853 3256 C
1887 3207 2121 3279 perioris
2143 3202 2421 3269 editionis,
2449 3201 2542 3256 sed
2569 3201 2634 3255 ad
2668 3198 2973 3255 novissimae
2996 3193 3330 3254 recensionis
3360 3205 3479 3250 tex-

173 3286 213 3342 S.
244 3286 674 3355 Augustini.....
694 3287 907 3357 vulgato
934 3289 1144 3343 auctior
1172 3306 1238 3344 ex
1272 3291 1644 3347 vetustissimo
1671 3307 1779 3348 ms.

172 3380 358 3437 codice
395 3377 734 3447 Veronensi;
789 3398 909 3437 cum
958 3382 1158 3438 duabus
1205 3384 1479 3456 Augustini
1518 3386 1778 3456 Epistolis

172 3471 214 3527 in
233 3472 610 3530 Gottwiccnsi
632 3472 864 3529 Austris;
886 3474 1099 3531 abbatia
1128 3491 1319 3532 recens
1343 3480 1595 3546 repertis.
1624 3479 1781 3535 Man-

174 3568 267 3620 sius
310 3566 384 3621 ad
414 3562 637 3620 Fabric.
678 3565 795 3622 Bib.
833 3566 905 3622 Μ.
936 3579 984 3623 et
1011 3567 1123 3640 Inf.
1164 3568 1283 3624 Lat.
1313 3570 1459 3625 Alibi
1508 3572 1775 3629 laudatam

180 3676 276 3715 non
325 3661 546 3728 inveni,
580 3660 717 3715 adeo
763 3672 843 3730 ut,
880 3678 999 3733 qua:
1029 3664 1210 3732 priora
1240 3665 1371 3732 sint,
1401 3666 1779 3734 posteriorave

181 3752 227 3807 in
256 3754 355 3810 hac
387 3753 634 3810 editione
665 3770 889 3825 prorsus
919 3756 1189 3826 ignorem.

250 3845 409 3903 1745.
445 3842 765 3918 Antucrpiw,
794 3849 935 3920 apud
963 3847 1125 3903 Bern.
1144 3850 1374 3905 Alb.van
1404 3852 1495 3905 der
1517 3850 1780 3921 Plasche;

186 3941 350 4012 in-fol.
382 3941 444 3997 S.
494 3941 777 4012 AuguSIini
830 3942 964 3997 Vitas
1017 3958 1141 4012 pars
1179 3946 1438 4013 secunda,
1472 3947 1778 4014 prtescrtim

195 4031 253 4086 ab
278 4048 425 4089 anno
449 4034 731 4103 trigesimo
763 4036 921 4090 tertio
951 4038 1124 4091 aetatis
1156 4052 1324 4108 usque
1358 4038 1423 4093 ad
1450 4038 1654 4095 obitum
1681 4056 1779 4095 au-

197 4131 330 4181 ctore
356 4125 415 4182 S.
457 4124 710 4180 Possidio
756 4127 930 4181 sancti
986 4127 1233 4183 Doctoris
1262 4129 1527 4200 discipulo
1554 4131 1781 4203 ejusque

195 4227 276 4281 per
315 4223 496 4272 annos
546 4216 659 4273 fere
710 4219 1065 4290 quadraginta
1114 4222 1513 4277 contubernali.
1544 4223 1624 4279 Ex
1661 4224 1780 4279 edi-

197 4307 326 4364 tione
352 4308 609 4364 Romana
639 4324 691 4365 a.
726 4310 889 4379 I731,
935 4312 1129 4366 collata
1159 4327 1281 4367 cum
1310 4321 1524 4369 vetusto
1548 4327 1652 4370 ms.
1685 4331 1781 4371 co-

198 4400 319 4457 dice.
343 4402 580 4459 Accedit
610 4402 883 4460 Indiculus
913 4406 1242 4476 scriptorum
1274 4410 1558 4478 Augustini
1586 4410 1783 4465 eodem

198 4504 433 4563 auctore;
474 4497 535 4551 in
566 4497 706 4551 Actis
736 4496 1046 4552 Sanctorum
1086 4500 1543 4567 Antuerpiensibus
1581 4501 1783 4555 mensis

1884 3308 2001 3355 tum
2030 3296 2296 3363 reﬁctam,
2325 3298 2443 3366 ipso
2470 3300 2620 3347 textu
2641 3289 2833 3347 Latino
2854 3288 3078 3354 omisso,
3106 3286 3301 3343 excudi
3325 3299 3481 3342 cura-

1882 3394 1983 3449 vit.
2014 3390 2183 3447 Notas
2213 3402 2346 3462 quas
2375 3386 2611 3458 aspersit
2640 3386 2871 3456 ingenue
2899 3382 3098 3439 fatetur
3124 3394 3230 3437 non
3263 3377 3368 3436 sibi
3388 3378 3481 3435 de-

1882 3487 2024 3557 beri,
2051 3485 2147 3541 sed
2178 3500 2209 3540 e
2229 3482 2708 3547 Benedictinorum,
2744 3477 3017 3545 Salinasii,
3045 3474 3261 3532 Caesaris
3290 3472 3482 3529 Benne-

1883 3581 1997 3637 nuti
2020 3587 2077 3636 et
2097 3577 2373 3633 Laurentii
2396 3574 2541 3631 Berti
2558 3574 2729 3647 (Vita:
2742 3570 3148 3644 Augustinianae
3176 3563 3481 3641 scriptoris)

1884 3674 2028 3731 notis
2057 3682 2151 3729 aut
2176 3666 2601 3727 Commentariis
2628 3680 2750 3721 esse
2780 3666 3035 3721 selectos.

2572 3758 2792 3809 Codices.

1957 3862 2009 3915 1.
2046 3858 2179 3913 Viue
2216 3854 2495 3926 Augustini
2526 3868 2546 3907 :
2586 3849 3076 3921 Benedictinorum;
3113 3859 3240 3910 sex,
3286 3860 3483 3917 nempe

1885 3955 1987 4009 duo
2007 3949 2393 4015 Floriacenses,
2420 3942 2809 4007 Germanensis,
2846 3938 3177 4001 Vedastinus,
3202 3934 3484 3992 Fossaten-

1884 4050 1956 4103 sis
1984 4063 2048 4103 ac
2076 4044 2454 4102 Cistersieusis.
2480 4041 2561 4097 Ex
2583 4040 2667 4095 his
2698 4038 2847 4109 larga
2880 4034 3132 4107 provenit
3157 4031 3481 4088 variantium

1884 4142 2179 4198 lectionum
2209 4141 2389 4209 copia.
2416 4137 2524 4193 Nec
2552 4149 2684 4190 vero
2712 4131 2996 4205 pauciores
3017 4143 3085 4185 ex
3105 4127 3329 4199 quinque
3356 4140 3483 4179 mss.

1884 4252 2024 4309 quos
2046 4236 2341 4293 Salinasius
2366 4234 2419 4288 in
2448 4247 2605 4287 usum
2631 4229 2869 4295 vocavit,
2892 4239 3124 4297 quorum
3147 4238 3243 4277 avo
3263 4219 3481 4291 quidem

1886 4332 2172 4386 exstabant
2197 4329 2253 4383 in
2284 4329 2406 4383 bibl.
2435 4328 2646 4397 Reginae
2674 4325 2961 4381 Succorum
2988 4320 3089 4376 sub
3118 4332 3265 4374 num.
3299 4312 3400 4371 541
3430 4320 3484 4372 et

1886 4424 2051 4490 1025,
2088 4433 2197 4478 tres
2226 4432 2357 4476 vero
2377 4420 2515 4474 alios
2538 4435 2603 4474 ex
2646 4416 2897 4471 Vaticana
2925 4421 3114 4469 nactus
3134 4418 3276 4475 erat,
3305 4409 3485 4479 signa-

1886 4524 1972 4572 tos
2005 4515 2161 4579 1188,
2198 4513 2338 4569 1190
2366 4521 2419 4565 et
2448 4510 2607 4565 1191.
2634 4509 2727 4563 IIis
2762 4506 2976 4562 tandem
3013 4503 3263 4559 omnibus
3294 4514 3485 4555 accen-

200 4584 413 4657 Augusti
448 4599 604 4643 tomo
633 4588 724 4653 Vl,
774 4604 928 4659 pagg.
960 4589 1220 4645 427-460.
1254 4621 1324 4630 —
1364 4591 1609 4646 Secunda
1642 4592 1774 4647 Vita

1888 4611 1995 4666 seri
2038 4609 2201 4664 debet
2227 4604 2509 4673 exemplar
2544 4620 2642 4657 ms.
2675 4600 2847 4657 Musei
2896 4596 3177 4654 Societatis
3222 4595 3353 4649 Jesu
3379 4594 3485 4649 An-

203 4689 311 4744 pars
349 4680 510 4735 audit
557 4677 789 4735 Possidii
836 4696 998 4749 Opera
1052 4680 1109 4733 h.
1144 4680 1177 4735 I.
1210 4691 1527 4751 propterea,
1562 4684 1701 4752 quod
1734 4685 1784 4739 ei

205 4774 595 4838 praemittuntur
620 4773 979 4845 Confessiones
1004 4776 1413 4846 Augustinianw,
1444 4778 1638 4845 quibus
1660 4778 1788 4831 Bol-

206 4865 437 4926 landiste
484 4869 703 4925 titulum
745 4872 943 4941 prioris
980 4872 1147 4941 partis
1179 4871 1317 4926 Vitas
1357 4875 1639 4944 Augustini
1689 4890 1789 4945 po-

206 4972 431 5019 suerunt.
458 4962 744 5019 Accedunt
763 4965 988 5035 singulis
1011 4966 1341 5021 sectionibus
1368 4977 1614 5023 annotata
1633 4969 1792 5026 docte

208 5060 256 5106 et
282 5056 459 5113 sobrie
487 5056 715 5127 scripta.

268 5147 425 5204 1768.
455 5150 711 5221 Auguste
741 5150 1151 5221 Vindelicorum,
1183 5154 1323 5224 apud
1352 5151 1566 5210 Fratres
1603 5155 1786 5225 Veith;

208 5237 354 5300 ἕν’-8⁸.
375 5243 434 5301 S.
466 5245 674 5304 Aurelii
700 5247 991 5321 Augustini
1015 5250 1381 5323 Hipponensis
1406 5254 1642 5325 episc0pi
1666 5254 1785 5312 Vita

1890 4701 2121 4771 tuerpiae,
2153 4698 2297 4768 quod
2329 4694 2670 4749 Bollandista:
2708 4700 2899 4747 nota-nt
2924 4689 3192 4759 signatum
3223 4684 3391 4741 fuisse
3418 4683 3482 4739 P.

1893 4794 2004 4849 MS.
2040 4791 2094 4859 5,
2128 4800 2181 4846 et
2202 4786 2631 4844 vetustissimum
2662 4785 2866 4841 dicunt.

1964 4886 2018 4939 2.
2061 4882 2265 4938 Indicis
2312 4880 2543 4949 Operam
2585 4875 2858 4948 Augustini
2893 4891 2911 4929 :
2952 4873 3139 4945 prima:
3191 4868 3483 4935 editionis,

1894 4995 1995 5034 ms.
2030 4976 2351 5032 bibliothecae
2376 4970 2596 5027 abbatis:
2634 4968 2973 5034 i'illariensis,
3000 4981 3067 5021 ex
3096 4979 3204 5035 quo
3225 4978 3347 5020 eum
3376 4960 3484 5030 pri-

1896 5086 2018 5128 mus
2052 5068 2273 5125 excudit
2317 5064 2667 5122 Vlimmerius.
2710 5058 3029 5113 Benedictini
3066 5056 3285 5112 eosdem
3329 5052 3483 5108 adhi-

1895 5165 2133 5222 buerunt
2158 5177 2296 5234 quos
2344 5160 2402 5215 in
2432 5157 2555 5214 Vita
2586 5154 2870 5228 Augustini
2914 5151 3149 5209 codices.
3180 5148 3486 5208 Novissima

1896 5257 2115 5313 tandem
2145 5254 2315 5311 editio
2339 5250 2693 5321 manuscripto
2722 5245 3002 5304 Veronensi
3027 5244 3274 5302 debetur.
