3982 6182
202 250 289 310 109

1536 234 2076 295 PROLEGOMENA.

3337 228 3443 280 Mli

271 367 362 425 Hic
389 366 506 423 fecit
522 362 889 422 ordinationes
916 369 1027 419 tres
1046 362 1104 418 in
1130 361 1267 418 urbe
1284 361 1457 417 Roma
1480 375 1578 431 per
1599 375 1753 415 men-
1776 363 1833 424 Α
1856 352 2176 413 coemeterio
2203 350 2489 416 Priscillae,
2518 350 2602 406 via
2644 348 2852 406 Salaria
2870 388 2887 417 ,
2936 361 3029 403 vni
3067 344 3188 402 idus
3217 341 3443 413 Aprilis.

211 476 309 519 sem
331 458 681 523 Decembrem,
714 456 1062 527 presbyteros
1092 454 1192 522 52,
1221 454 1481 510 diaconos
1515 451 1598 519 12,
1631 453 1752 523 epi-

1860 453 1929 509 Et
1950 448 2189 507 cessavit
2214 448 2563 520 episcopatus
2591 444 2649 500 in
2694 444 2828 499 urbe
2874 444 3043 498 Roma
3075 440 3190 496 dies
3234 440 3305 496 20
3331 434 3443 509 [AL

210 566 381 624 scopos
406 566 493 624 per
510 550 725 606 diversa
748 548 868 604 loca
895 546 988 603 46.
1010 547 1116 615 Qui
1138 548 1306 603 etiam
1327 546 1573 617 sepultus
1600 554 1682 601 est
1707 545 1762 602 in
1861 545 1981 601 dies
2018 542 2134 617 21].

211 670 3424 708 __________________________________.___.____.

1373 794 1713 859 NOTITIA
1757 789 2222 857 GALLANDII.

1317 942 1577 1007 (Biblioth.
1624 941 1764 994 Vett.
1820 941 1959 993 Patr.
2018 946 2135 989 tom.
2188 932 2306 997 IX.)

268 1081 312 1136 1.
350 1078 422 1135 De
447 1083 638 1134 sancto
667 1072 967 1130 Caelestino
1009 1070 1179 1127 verba
1208 1070 1422 1137 facturi,
1471 1084 1536 1126 ea
1584 1069 1762 1140 potius

1870 1067 2069 1138 Pagius
2096 1074 2289 1120 certum
2320 1076 2426 1116 esse
2470 1057 2652 1113 debere
2673 1099 2687 1124 ,
2725 1055 2800 1111 ait
2841 1064 2890 1121 ε,
2932 1068 3047 1109 eum
3077 1049 3269 1106 sedisse
3294 1064 3461 1105 annos

209 1188 344 1246 quam
358 1163 1764 1238 nostra,hicdescribendaexistimamus,quaepaucis
1871 1176 2087 1226 novem,
2125 1172 2318 1211 menses
2349 1154 2523 1209 decem
2553 1161 2601 1206 et
2629 1150 2737 1203 dies
2764 1163 2975 1213 novem,
3020 1145 3235 1214 ideoque
3280 1141 3463 1197 abiisse

207 1270 331 1338 licet,
372 1271 495 1324 satis
546 1278 729 1323 tamen
760 1262 1009 1334 apposite
1055 1261 1122 1317 ad
1160 1268 1405 1315 nostrum
1462 1256 1765 1313 institutum

204 1365 465 1421 edisseruit
496 1362 587 1418 vir
616 1360 811 1417 doctus
850 1356 1194 1415 Coutautius.
1228 1355 1318 1410 Sic
1358 1353 1522 1424 igitur
1568 1350 1658 1406 ille
1688 1358 1714 1387 ἰ
1748 1366 1761 1401 :

210 1477 224 1510 ι
258 1456 376 1513 Cum
406 1455 715 1513 Bonifacius
749 1468 892 1508 anno
936 1451 1072 1519 422,
1105 1449 1443 1519 Septembris
1474 1446 1509 1500 4
1550 1445 1669 1513 die,
1701 1459 1769 1499 ex

200 1552 287 1607 hac
323 1554 429 1607 vita
483 1553 796 1622 migrasset,
844 1561 991 1613 mox,
1042 1544 1341 1616 Augustino
1390 1550 1530 1598 teste
1568 1539 1621 1609 ι),
1651 1540 1774 1594 Coe-

202 1646 438 1701 lestinum
482 1647 540 1700 in
589 1644 830 1698 Romana
880 1643 1002 1695 sede
1043 1639 1299 1694 Dominus
1330 1638 1475 1692 Deus
1523 1637 1632 1689 sine
1660 1633 1775 1690 ulla

188 1740 351 1809 ’plebis
379 1756 486 1795 suae
511 1739 819 1793 discissione
864 1735 1149 1790 constituit.
1182 1733 1456 1788 Observat
1479 1730 1563 1787 vir
1591 1728 1775 1785 erudi-

195 1845 305 1903 tus,
327 1848 448 1889 eum
481 1831 736 1887 Ecclesiae
776 1829 1036 1885 Romanae
1081 1837 1211 1883 tunc
1240 1826 1409 1881 fuisse
1453 1839 1683 1892 morem,
1719 1830 1777 1878 ut
1804 1822 1855 1883 B
1881 1826 2054 1883 usque
2085 1809 2147 1864 νυ
2174 1806 2237 1862 C-

192 1925 297 1980 nisi
328 1923 457 1995 quid
504 1923 773 1986 obstaret,
819 1920 1079 1977 defuncto
1127 1920 1247 1989 ejus
1289 1918 1548 1989 episcopo
1594 1917 1776 1972 statim

195 2030 477 2074 successor
521 2014 891 2079 sufﬁceretur;
932 2013 1179 2081 adeoque
1228 2009 1606 2075 Caelestinum,
1656 2022 1779 2063 cum

196 2113 245 2167 in
273 2127 396 2168 eum
421 2111 785 2181 conspirarint
811 2108 977 2164 totius
1004 2105 1181 2177 plebis
1208 2104 1485 2174 suffragia,
1518 2102 1668 2158 nulla
1700 2102 1785 2157 in-

200 2205 447 2276 terposita
489 2218 651 2260 mora
670 2245 685 2269 ,
714 2218 777 2259 ac
804 2200 1050 2272 proxima
1079 2208 1203 2270 post
1232 2197 1493 2253 Bonifacii
1550 2206 1781 2252 mortem

197 2300 487 2366 dominica,
522 2314 646 2368 qua:
686 2297 741 2353 in
784 2296 856 2353 10
904 2292 1243 2366 Septembris
1298 2292 1441 2348 diem
1475 2290 1780 2360 incidebat,

199 2394 352 2452 fuisse
379 2396 717 2453 ordinatum.

257 2490 310 2543 2.
346 2509 367 2543 ι
395 2488 663 2545 Pluribus
690 2485 862 2556 gestis
883 2484 1233 2555 episcopatus
1255 2484 1372 2549 ejus
1398 2478 1624 2550 insignis
1651 2476 1783 2534 fuit:

197 2581 510 2636 nominatim
541 2593 672 2633 vero
695 2578 955 2632 adversus
983 2574 1290 2631 Nestorium
1321 2573 1644 2628 sententiam
1672 2570 1787 2641 pri-

196 2690 309 2730 mus
349 2675 571 2731 edixit:
613 2672 877 2745 Cyrillum
911 2670 981 2726 ad
1019 2684 1140 2725 eam
1189 2666 1591 2737 exsequendam
1644 2665 1789 2719 vica-

198 2768 327 2823 rium
375 2765 658 2831 instituit,
687 2774 743 2821 et
787 2764 1033 2834 regulam
1081 2760 1413 2834 praescripsit
1439 2774 1502 2814 ac
1523 2759 1789 2825 formam,

203 2874 355 2929 quam
384 2868 452 2915 ut
478 2858 797 2915 canonicam
819 2855 1111 2926 Ephesiuaa
1135 2852 1328 2925 synodi
1356 2851 1543 2906 Patres
1565 2851 1715 2917 sequi
1731 2861 1791 2903 se

200 2952 336 3007 ultro
364 2960 499 3007 sunt
521 2948 774 3019 professi.
805 2947 1080 3002 Praeterea
1109 2944 1266 3014 hujus
1290 2944 1480 3013 synodi
1504 2941 1794 2997 confirma-

198 3045 267 3098 vit
294 3052 459 3109 acta;
499 3041 822 3111 Pelagianos
855 3038 1019 3091 totius
1070 3035 1237 3089 Italize
1285 3034 1477 3087 finibus
1518 3029 1795 3085 deturbari

194 3140 405 3194 curavit
430 3154 450 3203 ;
482 3134 795 3189 Novatinnis
822 3130 1080 3185 ecclesias
1105 3142 1241 3197 quas
1271 3126 1458 3179 Romae
1493 3124 1673 3192 plures
1702 3121 1795 3173 ha-

192 3233 402 3289 bebant
429 3270 448 3295 ,
502 3226 729 3292 ademit;
774 3229 1087 3279 nascentem
1118 3218 1362 3274 coercuit
1400 3211 1795 3282 Semipelagin-
1819 3202 1865 3263 C
1899 3205 1984 3257 his
2026 3200 2206 3254 verbis
2250 3196 2266 3233 ί
2306 3213 2319 3250 :
2355 3193 2591 3253 Desinat.
2626 3190 2669 3241 εἰ
2692 3188 2764 3239 ita
2794 3200 2873 3237 T68
2898 3190 3037 3248 θωπί»

2379 3288 2407 3295 -
2460 3286 2490 3295 ..
2672 3281 2682 3295 .
2852 3274 3029 3295 “an.

190 3341 315 3382 nam
354 3317 645 3385 haeresim,
677 3327 731 3373 et
775 3312 1131 3384 Augustinum
1162 3310 1419 3365 adversus
1471 3318 1639 3360 novos
1679 3303 1795 3373 ejus

189 3416 635 3490 reprehensores
663 3408 932 3467 defendit.

256 3514 313 3568 ὅ.
347 3529 369 3564 s
408 3508 549 3563 Eum
576 3506 695 3575 ipso
723 3518 867 3558 anno
894 3500 1151 3570 452,quo
1178 3494 1491 3553 Maximiani
1521 3495 1573 3548 in
1603 3492 1796 3547 Nesto-

196 3610 255 3663 rii
279 3608 477 3663 locum
503 3598 782 3671 subrogati
819 3595 1218 3651 ordinationem
1240 3633 1257 3660 ,
1310 3590 1456 3646 velut
1482 3587 1547 3643 ad
1577 3586 1793 3642 coroni-

199 3700 317 3755 dem
358 3693 671 3767 proﬂigatae
721 3694 996 3745 haereseos
1043 3683 1401 3750 Nestorianae,
1447 3678 1794 3751 approbavit,

204 3799 308 3846 tam
356 3788 669 3859 gloriosum
728 3781 1107 3853 pontiﬁcatum
1158 3777 1398 3839 (iniisse,
1453 3771 1706 3843 Prosperi
1736 3784 1799 3825 ac

207 3879 517 3938 Marcellini
548 3875 835 3933 Chronicis
879 3873 1270 3936 conﬁrmatur;
1314 3883 1421 3940 quo
1449 3867 1555 3932 die,
1590 3881 1697 3920 non
1724 3864 1797 3918 ita

206 3982 284 4028 est
312 3971 687 4043 exploratum.
720 3966 858 4024 Eum
902 3964 1104 4035 Aprilis
1131 3963 1166 4017 6
1195 3962 1280 4017 vel
1328 3961 1361 4015 9
1403 3959 1490 4014 die
1527 3957 1797 4026 sepultum

209 4062 554 4133 pontiﬁcales
571 4060 693 4116 libri
718 4074 781 4113 ac
802 4055 1184 4127 Martyrologia
1210 4052 1447 4109 tradunt.
1474 4050 1671 4105 Verum
1695 4045 1801 4101 sibi

211 4175 307 4214 non
334 4158 631 4214 cohaerent
684 4150 1018 4223 pontificales
1049 4148 1170 4203 libri
1198 4190 1213 4215 ,
1245 4145 1512 4216 siquidem
1540 4156 1714 4196 annos
1739 4140 1798 4205 9,

214 4266 423 4306 menses
454 4246 533 4304 10
562 4256 615 4302 et
645 4245 853 4314 aliquot
879 4242 1017 4309 dies,
1066 4255 1173 4295 non
1204 4252 1357 4293 secus
1399 4245 1561 4304 atque
1590 4241 1802 4287 veteres

213 4345 453 4415 catalogi,
508 4336 843 4411 pontiﬁcatui
880 4332 1159 4391 C(elestini
1188 4329 1486 4387 ascribunt.
1533 4324 1802 4382 Antonius

280 4533 306 4562 ³
326 4522 620 4579 Constant.
647 4516 822 4585 Epist.
852 4513 1011 4569 Rom.
1039 4508 1260 4585 Pontia“.
1288 4522 1406 4579 pag.
1438 4504 1598 4561 1051.

281 4594 310 4635 Β
333 4597 476 4663 Aug.
509 4583 708 4663 epistti
724 4586 1031 4663 20_9_,_num_.
1056 4583 1111 4637 1.

286 4677 307 4734 ς
334 4654 493 4734 Pagi.
519 4654 586 4715 ad
616 4675 743 4713 ann.
768 4657 900 4734 ἐξῇ,
933 4654 961 4725 §
992 4654 1047 4708 5.

285 4733 310 4771 ά
338 4721 561 4790 ΤὶῘῙθω.
604 4741 734 4784 tom.
768 4726 910 4793 XIV,
939 4721 1063 4794 pag.
1093 4721 1215 4778 758.

292 4815 314 4843 ο
344 4786 544 4861 ﬁat—lem
577 4803 671 4856 lib.
689 4816 723 4854 ιι
745 4815 864 4867 cap.
891 4786 924 4852 ὃ
944 4786 1177 4851 Ὁιῖεθτν.
1204 4788 1272 4847 ad
1293 4788 1431 4859 Opp.
1462 4786 1641 4842 Neris.
1668 4795 1799 4841 tom.

231 4875 315 4985 [vi
336 4873 597 5003 iiiis???
609 4886 879 5012 ἓξὲῗῖεί,
910 4937 938 5009 §
966 4938 1023 4991 2.

1874 1254 1957 1309 die
1984 1253 2052 1307 18
2081 1262 2169 1304 aut
2194 1248 2260 1303 19
2286 1245 2441 1301 Julii.
2473 1244 2533 1299 In
2560 1238 2877 1297 Corbeiensi
2917 1246 3098 1293 tamen
3143 1232 3331 1289 codice
3365 1231 3462 1286 Vi-

1878 1348 1995 1420 gilii
2040 1359 2196 1417 papae
2239 1338 2571 1411 temporibus
2603 1344 2845 1400 exarato,
2900 1346 3021 1388 cum
3072 1344 3181 1401 quo
3206 1324 3463 1381 nonnulla

1879 1418 2070 1498 saltem
2098 1436 2353 1493 Chronici
2401 1429 2656 1502 Prosperi
2702 1424 3034 1496 exemplaria
3079 1418 3465 1486 consentiunt,

1866 1524 2041 1591 annos
2070 1534 2126 1599 9,
2156 1544 2355 1585 menses
2387 1529 2476 1592 10,
2506 1525 2611 1579 dies
2638 1524 2703 1578 17
2732 1521 2923 1576 sedisse
2948 1518 3172 1574 dicitur.
3207 1514 3344 1570 Hinc
3369 1511 3468 1569 Se«

1877 1628 2163 1684 bastianus
2193 1620 2575 1679 Tillemontius
2600 1614 2882 1672 Coelestini
2925 1621 3157 1667 mortem
3187 1621 3330 1664 anno
3359 1604 3467 1662 4⁸52

1878 1720 2006 1776 Julii
2034 1718 2106 1772 26
2150 1716 2238 1770 die
2268 1712 2593 1781 consignare
2641 1706 2807 1761 licere
2852 1702 3150 1759 arbitratur
3180 1698 3230 1756 ἀ.
3268 1717 3288 1752 ι
3326 1698 3469 1753 Huc-

1954 1881 2009 1961 1.
2051 1904 2169 1959 Jam
2203 1914 2337 1955 vero
2364 1893 2607 1968 ejusdem
2648 1887 2931 1946 Coelestini
2973 1886 3330 1957 epistularum
3356 1881 3472 1939 edi-

1884 1997 2088 2053 tionem
2127 1993 2194 2048 ab
2239 1992 2357 2061 ipso
2406 1983 2699 2043 Coutantio
2748 1980 3064 2037 adornatam
3118 1976 3469 2042 exhibemus,

1884 2088 2159 2147 nonnullis
2190 2087 2243 2140 in
2270 2083 2407 2139 locis
2438 2078 2795 2141 recensitam;
2839 2088 2906 2129 ex
2936 2070 3093 2141 cujus
3124 2069 3348 2139 proinde
3377 2081 3475 2122 an-

1885 2184 2088 2241 notatis
2110 2179 2329 2235 haurire
2360 2178 2414 2231 in
2447 2181 2700 2244 promptu
2724 2176 2826 2233 est,
2861 2179 2983 2235 quae
3012 2162 3080 2217 ad
3111 2160 3269 2230 hujus
3300 2156 3478 2227 ponti-

1886 2278 2005 2333 ﬁcis
2028 2290 2116 2331 res
2139 2270 2399 2345 praeclare
2419 2274 2598 2340 gestas
2622 2261 2793 2331 magis
2806 2254 3154 2313 elucidandas
3181 2249 3475 2322 pertinent.

1890 2370 2044 2440 Quod
2094 2342 2380 2439 superest,
2430 2363 2477 2418 si
2520 2358 2650 2431 quid
2700 2356 2768 2412 iis
2821 2349 3151 2418 addendum,
3193 2342 3478 2440 legendam

1889 2437 2245 2523 e'xistimarim
2274 2453 2705 2529 disquisitionem
2728 2450 2782 2505 in
2813 2446 3004 2503 decem
3024 2438 3259 2513 capitula
3278 2437 3480 2507 episto-

1891 2561 1959 2615 lae
2001 2556 2281 2613 Coelestini
2306 2551 2374 2605 21
2425 2547 2493 2603 ad
2524 2546 2812 2616 episcopos
2862 2538 3157 2595 Galliarum
3203 2530 3479 2603 subjecta,

1892 2668 2054 2725 quam
2085 2652 2182 2704 viri
2220 2642 2417 2703 eruditi
2440 2639 2836 2697 elucubrarunt
2866 2636 2917 2701 °,
2948 2632 3041 2687 ubi
3077 2629 3482 2684 accuratissrme

1896 2722 2017 2817 post
2044 2748 2335 2814 ipsummet
2362 2734 2707 2792 Coutantium
2739 2726 2866 2798 quid
2915 2726 2981 2780 de
3016 2724 3124 2778 illis
3156 2722 3227 2775 sit
3255 2730 3483 2772 censen-

1894 2805 2021 2895 dum
2054 2805 2352 2905 exponunt.
2382 2828 2546 2897 Cujus
2586 2822 2807 2895 quidem
2838 2814 3086 2886 epistola:
3109 2807 3391 2865 leestini
3416 2805 3483 2861 ad

1896 2930 2080 2987 Gallos
2096 2925 2383 2981 occasione
2406 2926 2674 2973 annotare
2697 2911 2850 2974 libet,
2874 2904 3222 2961 Vincentium
3241 2898 3485 2953 Lirinen-

1898 3037 2010 3077 sem
2026 3018 2206 3085 magni
2225 3014 2419 3069 fecisse
2439 3012 2585 3063 illam
2600 3004 2846 3074 ejusdem
2880 2995 3151 3068 pontificis
3162 2990 3484 3047 sententiam

1900 3127 2019 3182 qua:
2046 3110 2098 3162 in
2126 3083 2187 3161 ea
2218 3103 2445 3173 epistola
2494 3101 2559 3152 ad
2596 3095 2889 3152 Galliarum
2922 3088 3203 3156 episcopos
3260 3083 3485 3137 habetur

3069 3192 3320 3233 ιηεεδεεγε
3347 3191 3485 3229 ηοω-

1906 3307 1984 3352 tas
2019 3300 2334 3348 vetustatem.
2370 3286 2576 3355 Quibus
2608 3278 2814 3339 relatis,
2847 3274 3033 3330 subdit
3074 3269 3393 3326 Vincentius
3428 3278 3485 3321 5:

1908 3392 2047 3461 Ergo
2070 3387 2180 3442 hazc
2208 3386 2305 3456 fuit
2344 3380 2473 3436 beati
2504 3374 2760 3433 Ccelestini
2813 3372 2963 3426 beata
3001 3365 3273 3432 sententia,
3303 3373 3356 3415 ut
3383 3377 3488 3414 non

1906 3491 2125 3540 vetustas
2151 3485 2368 3532 cessaret
2400 3472 2612 3527 obruere
2658 3467 2956 3529 novitatem,
2988 3460 3075 3516 sed
3100 3460 3268 3527 potius
3290 3454 3488 3509 novitas

1904 3575 2153 3629 desineret
2178 3572 2427 3623 incessere
2456 3572 2776 3619 vetustatem.
2810 3556 2961 3613 Haud
3001 3552 3249 3623 equidem
3299 3549 3488 3618 ignoro

1905 3664 2172 3738 ejusmodi
2223 3658 2493 3716 Vincentii
2541 3654 2705 3709 verba
2755 3653 2808 3704 in
2852 3650 3012 3704 alium
3068 3658 3286 3700 sensum
3327 3640 3488 3695 abeo

1902 3776 2061 3834 quem
2096 3774 2204 3829 pra:
2230 3771 2290 3810 se
2316 3754 2461 3809 ferre
2490 3750 2765 3808 videntur,
2795 3743 3091 3797 detersisse
3116 3738 3487 3792 doctissimum

1902 3825 2231 3909 cardinalem
2280 3841 2556 3901 Norisium
2608 3836 2676 3890 δι
2731 3833 2850 3900 ejus
2889 3841 3066 3884 tamen
3115 3827 3297 3894 opinio
3338 3825 3490 3877 nullo

1904 3952 2063 4016 pacto
2122 3940 2382 4010 probatur
2438 3930 2654 3987 erudito
2704 3919 2994 3981 Coutantio
3038 3915 3081 3968 ί.
3129 3915 3312 3981 Neque
3362 3926 3492 3967 vero

1904 4004 2037 4093 illud
2066 4004 2384 4106 praeclarum
2417 4027 2484 4082 de
2512 4019 2809 4080 Caelestino
2840 4008 3096 4081 Prosperi
3126 4004 3491 4063 testimonium

1907 4134 1997 4188 hic
2025 4097 2240 4186 demum
2263 4118 2658 4181 omittendumi
2700 4134 2711 4167 :
2746 4112 2860 4177 Cui,
2897 4108 3095 4178 inquit,
3124 4102 3191 4157 ad
3228 4097 3493 4153 catholica:

1910 4224 2160 4280 Ecclesia:
2187 4219 2488 4294 prwsidinm
2535 4213 2695 4267 multa
2736 4206 2987 4262 Dominus
3020 4199 3198 4271 gratim
3223 4208 3329 4248 sua:
3356 4189 3493 4244 dona

1912 4319 2131 4388 largitus
2156 4323 2254 4368 est.

1977 4504 2003 4541 κ
2028 4493 2184 4547 Vino.
2215 4488 2325 4560 Lir.
2352 4485 2788 4560 Co_mr_non._.cap.
2819 4472 2911 4528 '52.

1978 4531 2808 4653 ῖιἐξιξᾷὲ.’ἷίίὲιῖ”ἔέίῐέῖΠΜιι
2842 4557 2960 4612 cap.
2993 4539 3092 4605 li,
3124 4537 3264 4608 Opp.
3296 4543 3425 4590 tom.
3453 4531 3496 4601 ι,

1909 4650 2034 4714 pag.
2058 4633 2157 4689 591
2196 4644 2309 4697 seq.
2512 4693 2524 4705 ο
3206 4678 3218 4690 δ

1987 4716 2005 4743 ι
2037 4705 2318 4759 Constant.
2344 4695 2413 4751 ad
2443 4701 2600 4764 epist.
2629 4689 2693 4742 21
2719 4688 2940 4744 Caelest.
2964 4690 3080 4739 not.
3106 4680 3162 4748 ὅ,
3206 4677 3341 4733 infra
3369 4689 3495 4746 pag.

1911 4778 2235 4915 0z’ﬁihProsp.
2268 4850 2458 4898 contra
2497 4832 2691 4893 Collat.
2736 4844 2860 4900 cap.
2897 4826 3000 4892 21,
3033 4824 3106 4880 al.
3133 4820 3231 4890 11,
3260 4832 3409 4875 num.
3437 4816 3498 4874 2.

232 5033 3466 5106 ________________________________.__————-

1358 5180 1691 5246 NOTITIA
1732 5169 2375 5242 SCHOENEMANNI.

1238 5331 1515 5398 (Bibliotb.
1574 5327 1860 5390 Historiae;

632 5490 662 5561 ς
692 5486 735 5543 1.
782 5485 908 5543 Vita
936 5481 1198 5540 leestini
1224 5496 1394 5552 paper.

302 5581 474 5637 Patria
503 5583 834 5651 Campanus,
867 5577 1037 5633 Prisci
1066 5572 1345 5644 cujusdam
1376 5570 1539 5637 illius,
1570 5566 1815 5638 proxima

241 5676 412 5729 statim
440 5686 561 5746 post
593 5683 826 5731 mortem
867 5668 1127 5727 Bonifacii
1160 5665 1440 5721 Dominica
1474 5709 1487 5733 ,
1536 5660 1590 5717 id
1625 5668 1711 5716 est
1753 5656 1816 5712 10

241 5765 575 5838 Septembris
601 5768 689 5827 die
717 5781 770 5824 a.
802 5763 908 5822 625
938 5762 1224 5834 episcopus
1262 5757 1542 5815 ordinatus
1570 5761 1672 5811 est.
1707 5749 1819 5804 Du-

1883 5323 2116 5375 Litterar.
2189 5325 2308 5369 tom.
2369 5314 2435 5365 Il.
2459 5313 2479 5375 ι

1916 5466 2074 5523 rabat
2106 5462 2282 5519 adhuc
2307 5460 2566 5517 Romanae
2595 5457 2739 5514 sedis
2783 5454 2838 5511 in
2882 5452 3135 5510 Afrorum
3164 5446 3381 5521 iudiciis
3410 5460 3505 5519 po-

1920 5560 2132 5625 testas,”
2158 5553 2361 5610 tamdiu
2384 5551 2453 5608 ab
2474 5551 2605 5623 ipsis
2626 5547 2898 5605 Africanis
2923 5543 3192 5615 episcopis
3221 5554 3505 5612 concessa,

1922 5652 2095 5708 donec
2124 5648 2387 5723 consultis
2418 5644 2620 5703 Nicaeni
2650 5643 2870 5700 concilii
2902 5637 3201 5697 verissimis
3234 5637 3508 5707 exempla.

1924 5745 2075 5806 ribus
2101 5787 2117 5817 ,
2148 5751 2333 5803 utrum
2380 5743 2435 5803 in
2473 5741 2552 5806 eis
2594 5739 2964 5813 reperirentur
2991 5734 3198 5800 laudati
3234 5747 3267 5793 a
3293 5732 3510 5793 Zosimo
