3982 6182
499 285 600 349 III

1758 277 2211 338 COELE‘STINUS
2254 278 2267 330 I
2314 277 2508 333 I’AI’A.

3645 273 3762 330 “2

501 419 760 474 canones,
796 403 1057 461 certiores
1083 401 1204 457 facti
1230 409 1425 456 essent.
1452 401 1566 469 Quo
1590 400 1709 469 jure
1731 414 1759 453 a
1782 395 2075 454 Caelestino
2100 393 2154 458 Δ
2179 393 2322 450 mine
2344 392 2567 464 posthac
2601 397 2778 447 notata
2816 392 2934 457 fuit,
2991 399 3248 461 repressit
3302 395 3356 444 et
3391 385 3766 446 deferentibus

503 503 561 560 in
592 499 724 574 ipsis
754 499 932 555 statim
976 496 1213 552 muneris
1241 497 1364 550 novi
1393 493 1643 564 auspiciis
1671 492 1889 548 Antonii
1936 489 2074 546 Fus-

505 593 738 653 salensis
773 591 1013 662 episcopi
1060 598 1114 643 et
1144 589 1419 656 aliquanto
1461 596 1581 656 post
1611 585 1815 655 Apiarii
1843 582 1913 638 o‘b
1942 595 2079 638 nova

504 687 704 757 ﬂagitia
732 684 924 739 remoti
964 692 1018 737 et
1043 681 1110 735 ad
1148 680 1500 736 Caelestinum
1541 677 1880 748 provocantis
1919 690 2080 730 causa

506 787 751 845 suscepta
774 777 894 830 fuit.
916 774 1021 832 Sed
1041 774 1183 828 illius
1200 773 1468 843 querelas,
1487 770 1746 826 subdolas
1761 779 1814 824 et
1834 767 2079 838 injustas,

507 870 704 928 evertit
749 868 1079 937 Augustinus
1107 907 1122 932 ,
1174 879 1380 934 suaque
1426 863 1503 916 rei
1547 869 1711 931 gesta:
1743 861 2082 915 enarratione

509 963 648 1034 apud
680 961 1033 1016 Caelestinum
1066 960 1309 1029 pervicit,
1342 967 1400 1011 ut
1425 957 1746 1010 sententiam
1767 954 1904 1022 apud
1927 953 2083 1007 Afros

507 1056 562 1111 in
590 1071 710 1110 eum
741 1054 903 1108 latam
931 1061 1100 1107 ratam
1131 1050 1382 1114 haberet;
1415 1049 1555 1102 hunc
1579 1045 1790 1116 propria
1822 1045 2083 1100 scelerum

509 1145 784 1203 damnavit
811 1143 1103 1200 confessio.
1136 1142 1304 1209 Quam
1337 1142 1464 1196 dum
1491 1139 1784 1196 Caelestino
1813 1139 2082 1206 nuntiant,

510 1241 673 1298 simul
717 1255 875 1296 omne
914 1238 1040 1309 jus,
1085 1236 1228 1307 quod
1281 1235 1493 1290 interi
1534 1234 1601 1288 tle
1639 1232 2086 1302 appellationibus

511 1329 767 1389 Romana:
796 1331 908 1386 sedi
937 1331 1311 1400 permiserant,
1346 1327 1560 1398 penitus
1586 1326 1945 1390 sustulerunt,
1991 1325 2086 1378 de-

516 1434 799 1495 precantes
823 1466 838 1490 ,
872 1439 939 1477 ne
971 1423 1024 1477 in
1053 1431 1326 1491 posterum
1358 1436 1426 1475 ex
1457 1419 1637 1474 Africa
1670 1420 1946 1474 venientes
1977 1419 2088 1472 sive

516 1516 754 1587 episcopi
811 1516 926 1569 sive
970 1514 1269 1586 presbyteri
1312 1513 1660 1568 inferioresve
1708 1511 1929 1576 clerici,
1977 1510 2091 1566 sive

517 1608 639 1663 laici
673 1608 835 1662 etiant
863 1606 1070 1662 facilius
1099 1607 1545 1673 admitterentur,
1577 1603 2092 1660 excommunicative

520 1697 573 1752 in
599 1700 1031 1752 communionem
1064 1713 1403 1767 prtepropere
1444 1697 1878 1752 restituerentur.
1909 1697 2093 1764 Neque

521 1790 665 1845 enim
694 1789 793 1844 hac
840 1791 1006 1859 magis
1036 1805 1194 1858 quam
1239 1789 1391 1854 illud,
1421 1789 1560 1857 quod
1604 1789 1812 1858 pridem
1868 1789 1934 1844 de
1976 1789 2097 1859 jure
2127 1776 2176 1838 Β

523 1883 759 1954 episc0pi
785 1882 1008 1936 Romani
1040 1881 1241 1950 legatos
1264 1896 1294 1934 a
1319 1883 1486 1936 latere
1511 1883 1560 1936 in
1590 1882 1822 1936 Africam
1854 1881 2097 1936 mittendi

526 1975 812 2033 Faustinus
839 1975 1176 2038 asservisset,
1216 1974 1268 2028 in
1297 1973 1524 2028 N.'caenis
1573 1975 1837 2041 conciliis,
1868 1990 1986 2044 qua:
2031 1990 2097 2029 ex

529 2069 838 2124 authentico
870 2067 936 2123 ab
975 2066 1153 2122 Attico
1194 2065 1794 2136 Constantinopolitano
1845 2069 2099 2136 episcopo

529 2162 631 2217 sibi
660 2161 968 2216 transmissa
992 2169 1196 2227 essent,
1221 2160 1478 2229 scriptum
1505 2161 1749 2229 reperiri.
1768 2161 2103 2230 Quapropter

529 2256 732 2311 nullum
765 2255 980 2310 omnino
1018 2254 1278 2324 judicium
1323 2255 1742 2310 transmarinum
1774 2254 1965 2308 nedum
1998 2255 2102 2309 cle-

530 2347 670 2402 ricos
703 2347 973 2401 Romanos
1021 2355 1288 2416 tamquam
1339 2353 1679 2401 exsecutores
1704 2346 1770 2399 ad
1803 2361 1862 2400 se
1915 2347 2103 2400 missos

532 2440 586 2494 in
622 2449 894 2509 posterum
924 2441 1124 2496 laturos
1146 2457 1266 2497 esse
1289 2441 1682 2510 significabant.
1713 2441 1818 2496 Sed
1847 2439 2102 2511 quidquid

535 2545 599 2585 ex
635 2530 733 2584 hac
763 2541 914 2601 parte
963 2532 1216 2586 Romanae
1265 2533 1409 2588 sedis
1442 2533 1693 2601 potestati
1727 2532 1988 2588 decedere
2030 2534 2107 2586 vi-

536 2621 782 2684 debatur,
815 2639 881 2678 ex
906 2624 1074 2678 altera
1107 2625 1502 2692 quodammodo
1552 2626 1823 2692 reparavit
1860 2623 2048 2678 initum
2077 2639 2108 2676 a

537 2713 827 2770 C(elestino
875 2732 993 2771 cum
1043 2716 1242 2786 Cyrillo
1296 2716 1659 2771 Alexandrino
1704 2717 1880 2773 foedus
1923 2727 2107 2771 contra

538 2805 865 2874 Nestorium,
893 2825 998 2879 quo
1041 2820 1144 2863 tam
1171 2809 1361 2864 callide
1388 2824 1515 2864 usus
1542 2819 1644 2875 est,
1679 2820 1738 2864 ut
1760 2824 2110 2880 quaecumque

539 2895 697 2968 hujus
743 2915 898 2956 causa
955 2910 1105 2971 gesta
1154 2917 1258 2955 non
1302 2903 1467 2971 magis
1495 2899 1681 2972 Cyrilli
1727 2901 1925 2966 studio,
1952 2914 2109 2970 quam

541 2993 768 3049 Romani
814 2996 1050 3065 episcopi
1091 2996 1374 3065 vigilantiae
1412 2997 1596 3051 deberi
1627 2995 1952 3050 viderentur.
1982 2993 2109 3047 Nam

542 3087 701 3142 simul
723 3103 785 3142 ac
810 3088 938 3142 satis
966 3102 1084 3144 sese
1106 3104 1132 3142 a
1161 3088 1362 3159 Cyrillo
1405 3089 1721 3144 instructum
1763 3088 1950 3150 sensit,
1982 3081 2111 3155 quid

2178 489 2444 560 Prospero
2469 488 2737 560 Aquitano
2779 496 2833 542 et
2863 483 3066 541 Hilario
3120 483 3261 540 laico
3311 481 3530 539 homine
3577 483 3768 540 Gallias

2179 586 2466 657 episcopos
2495 583 2729 655 graviter
2758 578 3139 651 reprehendit,
3191 577 3333 647 quod
3363 585 3566 632 tantum
3606 592 3766 646 pres-

2179 677 2386 748 byteris
2417 679 2527 733 suis
2551 675 2914 744 indulgerent,
2942 679 2999 726 ut
3018 671 3434 741 indisciplinatas
3459 673 3768 743 questiones

2179 779 2412 823 vocantes
2447 769 2502 822 in
2528 767 2772 832 medium,
2798 764 3131 834 prcedicarent
3162 761 3491 815 adversantia
3529 762 3764 829 ueritati,

2181 872 2232 918 et
2248 861 2564 932 Augustino,
2593 874 2749 930 quem
2778 859 3020 927 impense
3042 855 3245 920 laudat,
3268 855 3576 922 obstrepere
3597 855 3772 909 aude-

2182 964 2304 1010 rent
2334 965 2380 1007 ο.
2414 952 2619 1007 Praeter
2657 952 2774 1006 haec
2798 952 3027 1020 Prosper
3051 948 3212 1004 modo
3238 947 3485 1001 laudatus
3507 947 3772 1016 prmdicat

2185 1045 2301 1116 ejus
2327 1044 2566 1101 studium
2591 1045 2645 1098 in
2674 1042 2978 1113 Pelagianis
2999 1056 3108 1095 non
3135 1041 3312 1094 solum
3338 1053 3412 1094 ex
3444 1047 3553 1091 tota
3585 1037 3768 1102 Italia,

2186 1138 2282 1196 sed
2316 1138 2477 1192 etiam
2529 1134 2804 1190 Britannia
2859 1131 3224 1200 eliminandis,
3280 1146 3387 1200 quo
3432 1130 3651 1184 nomine
3703 1128 3773 1182 ab

2187 1230 2378 1288 eodem
2411 1230 2606 1284 missus
2629 1237 2714 1283 est
2739 1235 2957 1281 sanctus
2987 1225 3286 1280 Germanus
3316 1219 3777 1292 Augustodunen-

2189 1323 2264 1378 sis
2285 1338 2404 1378 cum
2455 1321 2604 1391 Lupo
2634 1319 2892 1375 Trecensi
2920 1320 3198 1388 episcopo.
3255 1315 3510 1386 Prosperi
3539 1315 3777 1384 denique

2191 1415 2497 1472 testimonio
2524 1413 2731 1479 nititur,
2755 1413 2898 1484 quod
2928 1410 3194 1466 Palladius
3216 1409 3283 1464 ab
3313 1408 3509 1463 eodem
3539 1407 3604 1461 ad
3633 1405 3777 1462 Sco-
3802 1469 3810 1483 ἢ

2193 1515 2276 1564 tos
2298 1511 2348 1562 In
2377 1507 2650 1563 Christum
2687 1506 2967 1562 credentes
3001 1503 3280 1559 ordinatus
3322 1510 3379 1556 et
3419 1502 3624 1570 primus
3657 1501 3782 1570 epi-

2193 1614 2391 1671 scopus
2420 1600 2617 1655 missus
2639 1599 2730 1654 sit.
2754 1597 2900 1653 Obiit
2918 1595 3243 1652 C(elestinus
3269 1607 3410 1647 anno
3439 1591 3566 1662 452,
3593 1606 3784 1648 mense

2193 1694 2355 1752 Julio.
3377 1704 3379 1706 ·

2577 1829 2606 1898 9
2635 1828 2698 1881 lt.
2732 1826 2987 1880 Caetestrm
3008 1837 3154 1894 papa:
3177 1828 3394 1892 scripta.

2274 1985 2498 2041 Restant
2528 1979 2691 2037 XVIII
2733 1979 3009 2036 leestini
3045 1976 3274 2046 epistola
3299 2018 3314 2044 ,
3358 1976 3672 2045 inscriptae;
3717 1973 3782 2041 I,

2203 2079 2476 2148 Episcopis
2499 2075 2725 2146 Illyrici.
2757 2072 3076 2143 Assignatur
3105 2085 3248 2125 anno
3275 2069 3401 2123 4‘25.
3430 2067 3494 2132 II,
3517 2065 3791 2122 Unioersis

2203 2170 2453 2241 episcopis
2484 2184 2572 2237 per
2604 2164 2940 2220 Viennensem
2968 2172 3017 2217 et
3069 2160 3446 2214 Narbonensem
3489 2156 3792 2226 prouincias

2205 2263 2512 2329 constitutis,
2535 2276 2641 2315 scr.
2665 2257 2803 2313 d.‘25
2824 2256 2947 2312 Julii
2972 2272 3023 2309 a.
3046 2253 3276 2319 428.1",
3310 2250 3570 2307 Universis
3588 2249 3794 2318 episco-

2205 2357 2288 2427 pis
2342 2371 2433 2425 per
2474 2352 2712 2419 Apuliam
2763 2359 2807 2402 et
2853 2348 3144 2402 Calabriam
3207 2345 3532 2412 constitutis,
3579 2357 3692 2398 scr.
3739 2357 3791 2394 a.

2205 2447 2332 2502 4‘29.
2358 2447 2444 2511 IV,
2478 2444 2673 2515 Cyrillo
2704 2441 3058 2496 Alexandrino
3090 2439 3350 2506 episcopo,
3375 2450 3484 2491 scr.
3504 2435 3559 2490 d.
3584 2435 3626 2488 2
3656 2435 3793 2503 Aug.

2209 2553 2260 2592 a.
2289 2539 2416 2601 430,
2440 2533 2891 2606 quemadmodum
2917 2541 2971 2586 et
2999 2538 3111 2585 tres
3137 2537 3446 2597 sequentes.
3478 2525 3546 2592 γ,
3583 2524 3797 2579 Johan-

2209 2633 2285 2699 ni,
2313 2628 2576 2693 Juvenali,
2603 2627 2738 2695 Rufo
2766 2635 2812 2680 et
2843 2622 3099 2677 Flaviano
3128 2621 3376 2688 episcopis
3399 2635 3488 2686 per
3511 2616 3794 2680 Orientem,

2211 2739 2241 2778 a
2269 2724 2401 2794 pari.
2435 2722 2522 2789 VI,
2574 2719 2834 2773 Nestorio.
2875 2715 2988 2778 VII,
3022 2713 3170 2767 (Σιετό
3200 2721 3248 2765 et
3280 2710 3468 2781 papula
3497 2707 3797 2763 Constanti-

2213 2816 2530 2888 nOpolitano.
2559 2813 2790 2879 Quatuor
2805 2809 2899 2862 has
2921 2807 3176 2876 epistolas
3199 2802 3388 2858 Latine
3407 2801 3645 2869 scriptas
3658 2813 3796 2862 esse,

2215 2907 2451 2965 dubitari
2481 2906 2690 2973 nequit,
2715 2901 2811 2956 sed
2842 2900 3020 2955 statim
3049 2897 3101 2950 in
3134 2895 3363 2963 linguam
3395 2892 3646 2948 Graecam
3678 2905 3802 2946 con-

2214 3015 2399 3056 versas
2425 3007 2480 3054 et
2505 3011 2607 3050 una
2622 3009 2744 3049 cum
2770 2993 3015 3046 versione
3035 2988 3222 3043 Graeca
3245 2986 3311 3039 ad
3337 2983 3600 3054 Cyrillum
3630 2992 3805 3036 trans-

2219 3094 2410 3150 missas
2472 3104 2592 3146 esse
2638 3086 2942 3153 StISpicatnr
2989 3077 3366 3148 Constantius;
3415 3073 3572 3129 simul
3626 3083 3801 3128 tamen

544 3193 640 3250 pro
675 3178 864 3234 hatresi
914 3179 1216 3234 habendum
1258 3189 1424 3247 esset,
1482 3180 1771 3244 festinavit,
1808 3188 1864 3232 ut
1910 3178 2112 3247 primus
2138 3157 2182 3218 (ἶ
2216 3183 2463 3242 eumdem
2489 3195 2612 3234 esse
2645 3175 3044 3247 primigenium,
3079 3185 3237 3242 quem
3270 3184 3367 3222 nos
3390 3166 3658 3220 habemus
3687 3173 3802 3218 tex-

546 3288 662 3328 eam
686 3273 1021 3328 anathemate
1055 3273 1261 3337 feriret,
1293 3275 1512 3344 ejusque
1556 3284 1854 3338 auctorem,
1885 3276 1938 3326 ni
1963 3287 2114 3327 erro-

546 3365 695 3420 ribus
723 3364 985 3418 valedictu
998 3380 1086 3418 rus
1109 3375 1273 3430 eSset,
1297 3366 1674 3419 communione
1699 3364 1960 3434 privaret;
1994 3379 2115 3419 mox

478 3474 484 3484 ·
548 3459 612 3513 ad
645 3457 907 3528 synodum
945 3457 1012 3510 ab
1054 3457 1378 3525 imperatore
1421 3457 1724 3512 Theodosio
1764 3455 1901 3526 apud
1946 3456 2118 3525 Ephe-

549 3564 666 3604 sum
689 3548 938 3602 indictam
965 3550 1168 3617 legatos
1194 3550 1338 3604 misit
1364 3552 1460 3604 hac
1479 3552 1713 3620 generali
1737 3556 2115 3620 praeceptione,

551 3650 608 3696 ut
636 3639 870 3694 Nestorii
908 3641 1308 3696 damnationem
1342 3653 1366 3679 ἰ
1397 3652 1449 3698 et
1495 3659 1522 3696 a
1551 3645 1678 3699 sede
1708 3660 1801 3699 sua
1831 3646 2122 3714 depositio-

552 3748 677 3789 nem
705 3741 983 3802 urgerent:
1007 3733 1058 3787 in
1089 3734 1307 3803 reliquis
1327 3751 1474 3801 vero,
1504 3752 1623 3806 quae
1651 3753 1804 3792 casus
1834 3737 1919 3793 vel
1950 3739 2123 3792 disce-

552 3827 807 3898 ptationis
836 3827 969 3882 ordo
997 3827 1252 3884 allaturos
1274 3840 1439 3894 esset,
1471 3830 1658 3884 moniti
1689 3839 1862 3896 erant,
1899 3837 1953 3883 ut
1974 3825 2127 3898 quid—

554 3918 679 3990 quid
715 3920 770 3973 in
795 3919 979 3990 Cyrilli
1031 3919 1252 3974 arbitrio
1302 3920 1566 3986 viderent,
1621 3921 1882 3974 facerent.
1947 3919 2126 3988 Itaque

555 4027 904 4082 quaecumque
928 4013 993 4067 ab
1021 4029 1084 4066 eo
1112 4014 1161 4067 in
1191 4014 1395 4084 synodo
1429 4014 1526 4068 ista
1557 4023 1705 4082 gesta
1741 4018 1942 4076 essent,
1973 4011 2128 4079 plene

555 4103 893 4172 approbavit,
916 4105 1072 4171 eique
1110 4112 1162 4157 et
1184 4104 1452 4171 omnibus,
1486 4105 1573 4173 qui
1607 4104 1661 4157 in
1693 4117 1754 4157 ea
1785 4117 1905 4156 cum
1929 4118 1994 4157 eo
2023 4112 2131 4157 ste-

558 4204 753 4260 terant,
789 4203 1056 4266 tamquam
1079 4194 1149 4249 de
1177 4195 1396 4249 victoria
1427 4195 1494 4250 ab
1517 4193 1758 4250 hostibus
1787 4193 1984 4248 ChriSIi
2005 4193 2132 4263 ipsi-

560 4303 663 4358 que
692 4287 828 4341 adeo
855 4288 1186 4357 imperatori,
1220 4289 1384 4342 invito
1429 4303 1559 4342 sane
1601 4287 1813 4355 victori,
1864 4294 2132 4356 reportata

561 4379 858 4451 gratulatus
887 4391 992 4447 est,
1025 4396 1125 4435 nec
1173 4396 1278 4436 non
1324 4382 1706 4436 Maximianum
1748 4377 1990 4434 Nestorio
2036 4377 2132 4433 de-

563 4479 720 4549 pulso
773 4480 1051 4536 suffectum
1101 4477 1412 4547 episcopum
1465 4475 1649 4530 statim
1700 4473 1993 4540 salutavit,
2034 4472 2135 4525 hoc

2217 3285 2330 3331 tum
2359 3273 2624 3344 probavit.
2651 3268 2785 3333 VIII,
2841 3265 3035 3337 Cyrillo
3087 3262 3436 3316 Alexandrino
3460 3302 3473 3326 ,
3531 3271 3650 3312 scr.
3681 3257 3735 3312 d.
3774 3257 3802 3309 7

2219 3367 2338 3422 Maii
2367 3380 2415 3418 a.
2439 3363 2562 3417 451.
2593 3361 2745 3415 lIane
2774 3373 2840 3412 ex
2867 3355 3056 3412 Grzeco
3085 3367 3320 3417 versam,
3351 3366 3457 3405 non
3488 3348 3690 3403 Latino
3717 3363 3805 3402 au-

2220 3460 2462 3517 thentico
2488 3455 2814 3522 descriptam
2847 3466 2965 3505 esse
2994 3446 3223 3503 diversis
3273 3445 3413 3499 notis
3459 3442 3562 3496 sibi
3609 3441 3805 3511 depre-

2222 3550 2477 3607 hendisse
2491 3545 2634 3600 visus
2659 3555 2742 3599 est
2769 3539 3139 3597 Constantius.
3164 3535 3256 3603 IX,
3286 3533 3559 3604 Episcopis
3588 3541 3642 3584 et
3675 3546 3809 3602 pres-

2225 3642 2411 3715 byteris
2432 3636 2662 3695 euntibus
2693 3633 2764 3687 ad
2818 3631 3080 3685 Orientem
3105 3624 3573 3687 Commonitorium,
3614 3637 3726 3676 scr.
3752 3619 3805 3674 d.

2227 3712 2405 3790 8'Maii
2433 3748 2485 3786 a.
2509 3729 2635 3784 451.
2667 3724 2959 3790 Χ,8αηειίε
2990 3719 3187 3792 synodo
3219 3716 3358 3789 apud
3388 3712 3659 3784 Ephesum
3689 3727 3808 3765 con-

2227 3835 2472 3898 gregatae,
2508 3838 2614 3876 scr.
2649 3837 2699 3873 a.
2728 3819 2822 3873 451
2859 3816 3047 3870 Latine
3075 3823 3131 3870 et
3161 3812 3212 3866 in
3261 3806 3533 3881 Ephesino
3578 3804 3811 3862 concilio

2230 3915 2410 3970 Latine
2458 3913 2684 3982 primum
2731 3911 2868 3965 lecta
2917 3907 3188 3976 gestisque
3239 3905 3464 3967 inserta,
3520 3908 3635 3953 tum
3688 3911 3810 3953 vero

2231 4008 2480 4064 etiamin
2531 4005 2753 4074 gratiam
2801 4016 3025 4063 eorum,
3076 3997 3167 4067 qni
3218 3993 3404 4050 Latine
3454 3991 3811 4054 nesciebant,

2232 4100 2408 4156 Grazce
2437 4098 2682 4153 recitata.
2724 4091 2817 4160 XI,
2857 4090 3141 4145 Theodosio
3175 4087 3434 4156 Angusto,
3472 4099 3578 4138 scr.
3625 4082 3810 4138 eodem

2234 4207 2285 4247 a.
2318 4187 2433 4258 XII,
2468 4187 2734 4260 Episcopis
2775 4183 3098 4246 Galliarum,
3149 4193 3255 4233 scr.
3309 4175 3499 4232 eodem
3551 4189 3602 4228 a.
3669 4169 3811 4234 XIII,

2237 4281 2444 4340 Sancta:
2464 4279 2659 4351 synodo
2690 4276 2831 4349 apud
2863 4269 3122 4344 Ephesum
3163 4269 3472 4335 constitutae,
3501 4280 3607 4322 scr.
3644 4266 3719 4320 uti
3765 4270 3818 4317 et

2237 4386 2524 4445 sequentes
2551 4389 2600 4427 a.
2635 4365 2758 4436 45:2,
2794 4375 2915 4438 post
2957 4364 3356 4420 damnationem
3386 4357 3640 4414 Nestorii.
3672 4352 3812 4420 XIV,

2238 4467 2526 4522 Theodosio
2553 4467 2714 4534 Aug.,
2740 4469 2858 4529 post
2884 4457 3172 4530 synodum.
3210 4454 3325 4520 XV,
3357 4449 3672 4506 Maximiano
3703 4449 3812 4516 epi-

567 4583 732 4625 unnm
779 4571 1110 4640 restringens
1135 4533 1193 4623 in
1224 4569 1447 4624 istorum
1499 4565 1768 4630 indicatis,
1817 4578 1885 4619 ne
1914 4563 2136 4618 asseclis
2161 4533 2212 4591 D
2240 4575 2393 4628 scopo
2407 4533 2997 4620 Constantinopolitano.
3021 4545 3321 4610 XV‘I,Clero
3342 4553 3386 4596 et
3415 4541 3545 4613 plebi
3567 4537 3816 4595 Constan-

566 4662 795 4718 Nestorii
823 4661 913 4732 qui
951 4662 1349 4730 resipiscerent,
1375 4659 1548 4713 omnis
1581 4659 1791 4727 penitus
1814 4669 1938 4725 Spes
1969 4655 2138 4709 venite

569 4763 622 4809 et
649 4752 1002 4807 restitutionis
1047 4750 1430 4822 praecideretur
1455 4745 1502 4799 δ.
1537 4745 1827 4802 Enimvero
1857 4746 1908 4799 in
1937 4741 2020 4798 Itis
2048 4743 2140 4798 ad-

569 4860 759 4900 versus
805 4843 1112 4900 Nestorium
1157 4845 1320 4912 gestis
1355 4840 1619 4896 illustrior
1656 4840 1782 4893 vita:
1813 4853 1936 4908 pars
1966 4835 2142 4891 lee-

571 4940 721 5004 stini,
753 4953 856 4993 non
889 4947 1068 4993 tamen
1096 4938 1275 4991 omnia
1302 4937 1416 5004 ejus
1445 4935 1513 4990 de
1539 4935 1800 4990 catholica
1832 4933 1935 4987 fide
1960 4941 2012 4986 et
2044 4931 2143 4984 Ec-

573 5029 738 5084 clesia
766 5029 953 5084 merita
979 5028 1343 5084 continentur.
1375 5028 1518 5084 Idem
1551 5028 1692 5082 enim
1722 5025 1844 5091 fuit,
1893 5025 1980 5093 qui
2013 5037 2146 5078 exu-

573 5119 848 5178 berantem
881 5121 933 5175 in
961 5121 1129 5177 Gallia
1162 5122 1430 5190 haeresim,
1459 5134 1576 5189 quae
1597 5117 2030 5188 Semipelagiana:
2056 5131 2148 5170 no-

652 5289 677 5318 ι
701 5281 846 5335 Hanc
875 5280 926 5336 in
955 5280 1181 5335 concilio
1211 5279 1366 5334 Rom.
1394 5278 1444 5330 in
1471 5275 1772 5331 Nestorium
1802 5274 1995 5328 dictam
2026 5287 2150 5328 sen-

581 5354 800 5414 tentiam
834 5369 927 5422 per
954 5350 1212 5422 Cyrillum
1243 5350 1308 5404 ad
1329 5348 1632 5422 Nestorium
1651 5347 1894 5422 primum
1929 5353 1996 5422 et
2044 5345 2148 5397 nisi

583 5424 674 5481 ille
707 5416 978 5494 pariturus
998 5416 1162 5487 esset,
1203 5421 1266 5494 ad
1307 5422 1546 5488 reliquos
1573 5416 1808 5494 Qrientis
1858 5416 2146 5494 episcopos

551 5527 554 5534 -
588 5487 730 5551 mitti
759 5495 987 5549 curavit.
1019 5497 1192 5560 Atque
1215 5491 1316 5544 hoc
1337 5487 1440 5551 est,
1472 5488 1615 5556 quod
1642 5489 1750 5541 uice
1769 5500 1865 5560 sua
1892 5487 2147 5560 Cyrillum

581 5581 746 5638 agere
774 5565 932 5638 dixit,
955 5555 1202 5638 quatenus
1221 5570 1470 5616 statutum
1492 5555 1652 5638 suurn
1681 5560 1756 5612 vel
1780 5555 2031 5638 Nesto‘rio
2070 5555 2151 5610 vel

584 5627 852 5692 universis
879 5627 1540 5689 frairibusinnotesceret.
1593 5631 1688 5697 Ep.
1734 5629 1796 5681 ad
1825 5627 2150 5697 Nestorium,

589 5704 656 5759 15
681 5707 814 5775 apud
847 5705 1034 5775 Const.
1068 5717 1120 5770 p.
1153 5702 1310 5775 I130,
1335 5711 1387 5753 et
1418 5704 1609 5775 iterum
1641 5700 1694 5751 in
1729 5699 1910 5775 Epist._
1937 5698 2002 5750 ad
2033 5696 2155 5750 Cle-

587 5770 800 5831 rum‘et
849 5773 1104 5841 populum
1152 5771 1819 5837 Constantinopolitamtm.
1874 5770 2153 5822 Constant.

2247 4649 2461 4720 tinOpOli
2492 4643 2896 4698 consistentibus.
2931 4639 3200 4694 Praeterea
3221 4635 3493 4690 Arnobius
3524 4633 3576 4686 in
3606 4631 3743 4684 libro
3781 4640 3816 4680 II

2244 4743 2312 4798 de
2337 4739 2590 4796 conﬂictu
2613 4753 2732 4791 cum
2747 4734 3041 4801 Serapione
3063 4730 3297 4786 servavit
3322 4724 3692 4796 Fragmentum
3717 4735 3815 4774 ser-

2246 4836 2438 4897 monis,
2468 4846 2616 4902 quem
2654 4827 2958 4882 Cazlestinus
2988 4823 3044 4876 in
3084 4821 3303 4876 concilio
3337 4818 3598 4883 Romana,
3641 4826 3817 4869 mense

2248 4928 2490 4996 Augusto
2525 4920 2652 4976 anni
2683 4920 2806 4983 450,
2835 4918 3074 4971 adversus
3102 4913 3335 4969 haeresim
3366 4907 3598 4964 Nestorii
3627 4903 3814 4996 habuit.

2252 5018 2596 5073 Auctoritates
2625 5023 2801 5066 autem
2833 5010 3208 5080 prceteritorum
3239 5006 3370 5058 sedis
3393 5002 3686 5072 apostolica:
3718 4995 3823 5064 epi-

2251 5125 2525 5183 scoporum
2553 5109 2615 5160 de
2637 5105 2818 5160 Gratia
2838 5102 2932 5157 Dei
2954 5100 3136 5157 verius
3155 5097 3412 5154 Gmlestio
3442 5095 3820 5163 abjudicantur.

2253 5285 2310 5341 Ρ.
2519 5335 2584 5391 ad
2615 5333 2878 5407 synodum
2903 5331 3255 5407 Ephe_s_._post
3270 5329 3506 5386 Nestorii
3533 5327 3826 5384 damnatio-

2257 5426 2382 5468 nem
2407 5404 2550 5479 apud'
2575 5404 2758 5479 Const.
2789 5405 2880 5479 23,
2911 5421 2963 5474 p.
2996 5404 3153 5479 1146.
3195 5473 3212 5479 Α
3259 5472 3270 5479 _
3399 5476 3416 5479 Α
3643 5475 3652 5479 Δ
3731 5478 3740 5479 7
3776 5462 3786 5479 ε

2336 5493 2356 5521 ε
2391 5472 2490 5548 Ep.
2522 5480 2586 5532 ‘21
2613 5477 2767 5548 apud
2796 5472 3009 5548 Cous_t_.,
3031 5476 3125 5548 citi
3157 5473 3227 5527 ob
3258 5472 3360 5526 hoc
3387 5472 3824 5548 argumentumtn

2260 5536 2537 5624 plerisque
2578 5536 2854 5624 codicibus
2885 5536 3484 5624 adjibinconsueverun't
3509 5536 3825 5624 auctoritates

2261 5607 2632 5696 prateritorum
2673 5607 3146 5696 sedisapoitolicte
3171 5613 3522 5685 episcoporum
3570 5607 3629 5663 de
3664 5607 3825 5678 gratia

2263 5688 2360 5748 Dei
2387 5700 2431 5747 et
2462 5692 2622 5746 libero
2652 5688 2884 5742 arbitrio.
