3982 6182
241 322 339 377 ‘15

1584 323 2109 383 PROLEGOMENA.

3378 333 3482 392 III

245 439 367 505 Quae
404 446 563 511 porro
604 442 708 510 Ipsi
734 440 869 494 lalso
906 441 1104 497 tributa
1136 441 1373 509 luerunt,
1408 453 1496 498 aut
1525 442 1801 512 deperdita
1830 446 1881 505 Α
1982 444 2141 500 1576.
2185 444 2515 516 Ingolstadii,
2546 465 2606 502 er.
2635 456 2836 520 typogr.
2871 452 2997 507 Dav.
3029 451 3285 519 Sertorii;
3312 451 3477 507 ἕποιο.

246 544 380 602 sunt,
411 534 606 590 indicat
634 532 983 592 Constantius.

519 684 653 762 5111.
681 689 958 745 Editiones
988 707 1198 762 Opel'llm
1227 692 1503 748 Caelestini.

311 826 380 881 Ex
402 825 480 881 bis
506 824 787 881 Gmlestini
810 826 1055 896 epistolis
1078 826 1166 893 IV,
1193 826 1258 894 V,
1282 825 1347 881 VI
1368 836 1422 882 et
1450 826 1559 895 VII,
1586 826 1637 880 in
1658 825 1804 881 Actis

238 918 439 972 concilii
466 916 749 989 Ephesini,
783 918 849 985 II,
912 918 981 973 Ill
1016 926 1071 974 et
1121 918 1211 973 XII
1238 961 1252 984 ,
1304 921 1355 974 in
1386 919 1805 975 Collectionibus

238 1010 459 1083 Dionysii
492 1012 705 1083 Exigui,
738 1012 1060 1077 Hadrianca,
1092 1014 1321 1082 Hispana
1361 1020 1416 1068 et
1453 1012 1643 1068 Isidori
1689 1024 1802 1068 ser-

236 1111 360 1160 vata
387 1114 588 1159 etcum
616 1106 669 1159 in
701 1105 769 1159 iis
802 1113 910 1159 tum
954 1121 1017 1161 ex
1043 1107 1233 1161 iisdcm
1274 1119 1371 1175 per
1408 1107 1584 1160 varias
1612 1104 1804 1159 Conci-

239 1196 411 1251 liornm
442 1197 709 1252 editiones
733 1198 962 1266 vulgatae
1000 1206 1142 1252 sunt.
1186 1198 1383 1267 Angeri
1418 1197 1580 1265 C(Bpil
1612 1211 1802 1250 nume-

224 1302 318 1343 rus
345 1290 575 1359 primum
604 1304 700 1360 per
732 1289 942 1344 Petrum
989 1288 1259 1343 Crabbium
1320 1291 1639 1358 Fragmento
1694 1290 1804 1358 epi-

233 1384 374 1436 stolae
412 1384 477 1452 X,
502 1398 665 1453 quam
690 1385 957 1454 integram
988 1392 1175 1454 postea
1203 1384 1456 1437 Antonius
1496 1384 1559 1437 de
1606 1384 1802 1453 Aquino

234 1470 283 1524 in
296 1469 631 1528 Collectione
654 1473 1016 1543 Epistolarum
1035 1474 1434 1529 Pontiﬁciarum
1461 1474 1679 1528 Antonii
1704 1473 1805 1528 Ca-

231 1566 346 1617 rala:
374 1565 667 1620 cardinalis
692 1566 931 1634 protulit.
964 1565 1108 1620 Idem
1155 1580 1286 1620 vero
1331 1566 1595 1620 Antonius
1622 1565 1803 1635 plures

227 1652 503 1711 Cteleslini
552 1657 806 1727 epistolas
834 1666 1017 1711 erutas
1062 1657 1289 1711 subinde
1320 1671 1351 1711 e
1397 1656 1611 1711 schedis
1660 1656 1804 1712 Vati-

228 1748 377 1802 canis
398 1749 627 1803 daturus
652 1758 766 1804 erat
794 1751 847 1804 in
878 1751 1191 1818 Auctuario,
1227 1750 1368 1820 quod
1410 1749 1634 1804 laudatae
1680 1750 1801 1804 Coi-

1908 536 2081 592 Variaz
2106 537 2385 594 Coelestini
2412 541 2668 609 Epistols
2690 545 2970 599 occasione
2990 545 3201 601 concilii
3223 544 3480 616 Ephesini

1904 632 2156 699 scriptae;
2212 633 2357 687 inter
2396 634 2522 687 Acta
2559 634 2731 688 omnia
2766 650 2959 690 sacros.
3001 638 3173 709 magni
3212 646 3260 691 et
3296 654 3481 694 aecum.

1902 723 2110 776 concilii
2138 720 2387 793 Ephesini
2419 724 2505 779 ed.
2540 739 2706 794 opera
2735 724 2991 781 Theodori
3022 726 3224 780 Peltani
3258 740 3375 783 soc.
3406 728 3479 796 1.,

1906 830 2026 885 cap.
2057 815 2144 885 16,
2180 818 2264 883 17,
2298 819 2387 884 18,
2420 818 2506 885 19,
2535 819 2626 885 64,
2652 835 2807 891 pagg.
2836 819 3039 874 “248-74
3064 829 3121 875 et
3148 814 3275 875 388.

1976 905 2111 963 Sunt
2139 909 2396 979 Epistulae
2429 911 2495 965 ad
2526 909 2794 981 Cyrillum,
2844 909 3162 977 Nestorium,
3204 909 3412 965 Clarum
3440 923 3486 966 et

1906 997 2043 1069 Pop.
2080 1000 2187 1053 GP.
2220 1001 2474 1055 Joannem
2502 1004 2738 1059 Antioch.
2768 1004 2825 1059 et
2852 1003 3120 1074 Synodum
3148 998 3483 1073 Ephesinam.

1978 1088 2135 1147 1591.
2180 1093 2392 1160 Romtc;
2422 1093 2601 1162 in-fol.
2629 1092 2912 1150 Gmlestini
2945 1106 3093 1165 papae
3126 1093 3406 1163 Epistola,
3431 1092 3484 1148 1n

1906 1183 2072 1238 Tomo
2103 1183 2122 1236 I
2151 1181 2375 1239 Collect.
2410 1184 2760 1256 Epistolarum
2788 1184 3138 1239 Decretalium
3167 1182 3486 1253 Pontiﬁcum

1903 1275 2280 1339 Romanorum,
2316 1290 2474 1343 quam
2494 1290 2524 1330 a
2542 1278 2685 1331 card.
2719 1278 2942 1331 Antonio
2964 1276 3157 1348 Carafa
3183 1276 3486 1333 inchoatam

1904 1368 2136 1426 absolvit
2162 1369 2417 1423 Antonius
2446 1370 2511 1422 de
2546 1372 2772 1441 Aquino.

1980 1460 2108 1515 Octo
2177 1471 2339 1529 sunt,
2392 1476 2587 1533 nempe
2632 1476 2851 1534 quatuor
2903 1465 3045 1519 inter
3091 1464 3222 1519 Acta
3274 1462 3488 1518 concilii

1906 1550 2185 1622 Ephesini,
2218 1560 2317 1608 tres
2348 1568 2441 1624 per
2473 1556 2786 1627 Dionysium
2821 1555 3081 1628 Exiguum
3121 1555 3278 1611 nobis
3313 1562 3489 1611 trans-

1905 1647 2104 1699 missae.
2152 1646 2269 1701 Una
2316 1663 2466 1714 vero,
2500 1649 2654 1718 cujus
2690 1651 3047 1720 fragmentum
3093 1660 3251 1705 antea
3294 1648 3487 1704 Petrus

1904 1734 2114 1793 Crabbe
2140 1738 2383 1804 dederat,
2416 1754 2555 1794 nunc
2590 1742 2798 1811 integra
2831 1743 3033 1811 prodit,
3062 1744 3207 1798 velut
3233 1754 3299 1797 ex
3326 1742 3486 1797 Cres-

232 1839 453 1893 Iecﬁoni
486 1839 681 1895 adde",
706 1840 1038 1896 decreverat,
1072 1839 1177 1896 Sed
1204 1840 1361 1895 cuius
1392 1840 1501 1894 tam
1532 1840 1800 1906 occubuit,
1832 1830 1882 1891 B
1907 1833 2134 1885 coniana
2164 1831 2488 1887 collectione
2518 1842 2793 1902 excerpta,
2826 1842 2884 1887 ut
2915 1834 3261 1890 Constantius
3290 1836 3483 1905 inquit.

227 1942 330 1983 nec
358 1930 653 2001 quidquam
683 1945 744 1985 ex
770 1933 1048 1996 omnibus,
1067 1946 1187 2001 quae
1216 1930 1489 1985 indefesso
1518 1931 1605 1985 ille
1626 1931 1801 1986 studio

226 2021 331 2075 luci
384 2031 689 2090 paraverat,
742 2026 991 2079 tenebras
1040 2025 1209 2078 evasit
1260 2033 1454 2091 praeter
1504 2025 1800 2091 epistolas,

226 2128 352 2183 quas
383 2114 511 2169 olim
548 2112 771 2168 Baronio
808 2124 1174 2170 concesserat.
1207 2114 1342 2169 Hinc
1374 2115 1568 2168 laetum
1601 2124 1701 2179 est,
1746 2124 1803 2169 ut.

224 2220 307 2258 sea:
331 2220 485 2259 nove
511 2205 788 2261 Caelestini
815 2208 1081 2276 epistolae,
1108 2208 1356 2262 videlicet
1388 2206 1517 2273 VIII,
1556 2204 1797 2277 XI,XIII,

225 2294 356 2363 XIV,
382 2297 499 2365 XV,
527 2297 669 2364 XVI,
704 2299 756 2352 in
789 2299 1072 2353 Annalibus
1108 2301 1174 2353 ad
1226 2314 1277 2353 a.
1308 2299 1409 2355 451
1442 2310 1496 2354 et
1525 2301 1631 2354 452
1672 2315 1801 2369 pro-

224 2388 437 2443 dierint.
470 2390 569 2443 I‘Iis
588 2390 974 2459 quatuordecim
1000 2392 1279 2460 Epistolis,
1312 2404 1444 2461 quas
1466 2390 1693 2461 junctim
1723 2393 1803 2446 itt-

227 2490 361 2537 terea
383 2484 649 2539 exhibent
671 2484 856 2538 Binius
869 2496 921 2540 et
940 2483 1205 2541 Collectio
1225 2485 1589 2541 Conciliurutn
1612 2486 1799 2556 Regia,

221 2587 449 2645 moxque
478 2577 843 2632 correctiorcs
876 2579 1075 2649 passim
1126 2580 1344 2650 repetiit
1391 2578 1494 2632 Ph.
1543 2580 1798 2644 Labbeus,

224 2670 449 2723 accessit
479 2669 698 2723 tandem
726 2670 860 2740 Iper
894 2669 1221 2725 Ilolstenium
1249 2672 1303 2727 in
1344 2669 1675 2726 Collectione
1696 2671 1802 2727 Ro-

218 2774 367 2815 mana
414 2762 693 2831 bipartita,
735 2772 791 2817 et
822 2762 890 2817 IX
923 2778 1016 2831 per
1060 2763 1386 2835 Stephanum
1437 2762 1706 2818 Balusium
1747 2765 1801 2818 in

216 2850 359 2910 Nova
387 2855 753 2911 Conciliorum
780 2854 1131 2912 Colletrtione.
1165 2858 1266 2911 Tot
1288 2864 1465 2911 autem
1499 2858 1801 2928 perpolieru-

218 2948 308 3003 das
334 2957 394 3004 et
434 2947 776 3004 illustrandas
802 2948 1009 3019 accepit
1053 2949 1237 3003 Petrus
1263 2950 1614 3017 Constantius,
1649 2950 1803 3017 cujus

218 3040 516 3096 editionem
540 3056 711 3110 nuper
740 3042 930 3095 iterum
971 3043 1203 3096 Andreas
1243 3042 1556 3095 Gallandt‘us
1582 3055 1805 3109 expres-

213 3131 298 3185 sit.
334 3132 582 3188 Mansius
608 3144 738 3185 vero
768 3132 969 3185 Labbei
999 3133 1241 3201 vestigiis
1286 3132 1535 3185 inhaeret.

834 3276 1048 3316 SJECULO
1086 3278 1195 3316 XVI.

282 3395 465 3455 1525.
509 3395 825 3467 Moguntina:
866 3397 1041 3465 incfol.
1087 3400 1312 3454 Decreta
1342 3396 1623 3455 leestini
1658 3413 1807 3469 papa:

206 3506 449 3548 numero
494 3490 662 3557 XXII,
706 3491 744 3545 i.
789 3508 838 3547 e.
871 3491 1120 3564 Epistolis
1156 3504 1254 3547 tres
1284 3510 1302 3548 :
1335 3494 1389 3548 1°
1419 3494 1487 3548 ad
1522 3492 1808 3564 EpiscOpos

216 3585 537 3648 Galliarum,
583 3585 665 3637 cui
709 3584 1007 3655 junguntur
1043 3586 1389 3641 Auctoritates
1432 3590 1806 3659 prateritorum

216 3677 351 3730 sedis
376 3674 681 3746 apostolica
702 3678 1056 3747 episcoporum
1079 3680 1141 3732 de
1162 3678 1345 3733 Gratia
1372 3680 1498 3746 Dei;
1526 3680 1587 3731 2°
1612 3682 1680 3734 ad
1702 3683 1806 3751 epi-

221 3785 399 3839 scopos
445 3785 536 3838 per
580 3769 914 3825 Viennensem
953 3782 999 3825 et
1043 3774 1433 3829 Narbonensem
1462 3777 1804 3846 provinciam;

223 3862 279 3913 5°
303 3864 373 3915 ad
400 3861 670 3931 episcopos
701 3880 791 3934 per
812 3864 1052 3935 Apuliam
1074 3874 1123 3919 et
1149 3865 1445 3920 Calabriam
1470 3868 1771 3922 constitutos
1786 3886 1804 3935 ;

223 3952 272 4005 in
290 3952 521 4007 Joannis
545 3953 884 4010 Wendelstini
901 3957 984 4011 ed.
1011 3956 1342 4013 Collectianis
1361 3956 1562 4013 Conon.
1587 3960 1802 4031 Diongs.

288 4044 451 4099 1550.
497 4044 762 4114 Colonias;
797 4049 971 4117 in-fol.
1014 4050 1247 4114 Eadem;
1282 4052 1333 4104 in
1379 4051 1511 4105 Coll.
1543 4052 1802 4106 Concilio-

222 4150 329 4189 rtm
358 4136 488 4193 lue.
519 4136 729 4192 Herlini
758 4140 824 4193 Τ.
853 4139 897 4205 I,
930 4140 1018 4195 iul.
1051 4156 1391 4197 CLXXXIII-VI.
1425 4143 1600 4198 Editio
1633 4146 1802 4213 prima

226 4225 356 4283 facta
398 4239 492 4285 est
531 4244 583 4282 a.
628 4230 787 4285 1535.
816 4232 996 4288 Tertia
1028 4233 1222 4303 prodiit
1258 4250 1310 4289 a.
1356 4235 1515 4300 1555,
1558 4234 1801 4307 Parisiis,

227 4320 381 4387 iis-8°,
415 4321 517 4377 ubi
549 4320 825 4379 Calestini
855 4325 1111 4395 Epistulae
1138 4336 1357 4382 exstant
1382 4328 1474 4382 Iul.
1505 4344 1798 4384 cxcvn-cc.

292 4415 460 4473 1536.
503 4415 758 4485 Basilese;
792 4420 968 4489 in-{oL
1007 4421 1288 4477 Calestini
1324 4437 1473 4491 papae
1507 4425 1724 4477 Decreta
1762 4423 1799 4476 i.

229 4519 277 4560 c.
306 4508 553 4579 Epistola
579 4510 647 4564 ad
675 4512 955 4565 universos
984 4511 1274 4567 Galliarum
1306 4514 1587 4582 episcopos
1615 4512 1798 4581 subjeo

1980 1921 2138 1978 1591.
2180 1923 2381 1989 Romte,
2424 1940 2486 1977 ea:
2524 1922 2751 1996 Typogr.
2779 1924 2944 1991 ’νοω
2984 1927 3162 1997 in-{oL
3206 1928 3486 1983 leestini

1909 2015 2165 2084 Epistulae
2194 2015 2400 2086 (XIV);
2432 2020 2482 2071 in
2515 2016 2729 2072 Baronii
2759 2019 3038 2072 Annalium
3063 2026 3208 2075 tomo
3236 2020 3298 2086 ν,
3338 2020 3403 2075 ad
3433 2032 3485 2075 a.

1906 2106 2131 2163 130-59..
2165 2109 2272 2163 Sea:
2301 2117 2450 2163 antea
2485 2111 2690 2164 inedita:
2718 2111 2782 2165 ad
2816 2126 2865 2163 τι.
2915 2111 3011 2166 431
3052 2126 3202 2166 num.
3239 2112 3295 2179 6,
3329 2111 3399 2166 19
3434 2120 3490 2167 et

1888 2202 2010 2255 452
2048 2216 2198 2257 num.
2238 2204 2295 2269 4,
2342 2205 2428 2272 12,
2475 2206 2563 2269 17,
2601 2205 2693 2259 ‘20.
2739 2205 3022 2275 Repetitus
3066 2214 3148 2259 est
3188 2204 3278 2261 hic
3313 2214 3490 2260 tomus

1904 2293 2084 2349 Romae
2122 2296 2278 2351 1607.
2325 2296 2719 2367 Complectitur
2760 2299 2902 2354 idem
2950 2312 3216 2353 annorum
3256 2299 3489 2368 spatium

1902 2395 2079 2441 tomus
2119 2389 2337 2458 quintus
2379 2391 2467 2446 ed.
2501 2390 2824 2447 Coloniensis
2853 2407 2904 2446 a.
2939 2392 3097 2459 1621,
3144 2398 3197 2449 et
3226 2393 3489 2465 septimus

1909 2479 2199 2534 Mansianw
2228 2481 2385 2536 Lucae
2417 2484 2575 2539 1741.
2607 2486 2871 2555 Sperabat
2902 2486 3166 2545 Batonius
3196 2488 3486 2544 Antonium

1906 2570 1974 2625 de
2014 2573 2245 2641 Aquino,
2278 2588 2309 2628 a
2335 2589 2443 2644 quo
2474 2578 2705 2632 ineditas
2736 2579 2855 2633 illas
2886 2581 3148 2650 epistolas
3179 2587 3486 2652 acceperat,

1905 2661 1959 2717 in
1990 2665 2233 2719 auctario
2263 2666 2627 2737 Epistolarum
2652 2670 3055 2729 Pontiﬁciarum
3083 2677 3233 2744 quod
3260 2675 3487 2731 medita-

1909 2754 2087 2820 batur,
2119 2754 2317 2821 fontes,
2348 2762 2487 2815 unde
2513 2776 2605 2816 eas
2642 2762 2933 2833 hausisset,
2970 2767 3351 2821 indicaturum.
3384 2765 3488 2821 Vo-

1906 2862 2024 2901 rutn
2054 2860 2179 2915 spes
2203 2849 2354 2904 irrita
2380 2849 2499 2906 fuit.

2503 2958 2720 2998 δεουιο
2758 2960 2889 2999 XVII.

1983 3026 2142 3081 1606.
2186 3030 2413 3084 Colonia:
2462 3033 2614 3103 Agr.,
2660 3037 2801 3102 apud
2849 3034 2937 3090 Io.
2987 3034 3228 3107 Gymnic.
3278 3049 3324 3093 et
3366 3040 3486 3098 Ant.

1913 3116 2153 3182 Hierat.;
2184 3121 2355 3189 iit-fol.
2385 3121 2525 3183 Vita,
2569 3123 2827 3190 Epistolas
2866 3136 2919 3181 et
2961 3128 3185 3183 Decreta
3212 3131 3487 3190 Ctelestini

1834 3205 1880 3266 C.
1913 3221 2062 3275 papae
2089 3207 2139 3271 I;
2165 3210 2217 3262 in
2246 3209 2490 3264 Conciliis
2512 3214 2742 3267 Severini
2768 3214 2907 3269 Binii
2929 3218 2991 3272 T.
3019 3217 3209 3291 Ipagg.
3226 3218 3483 3280 622-633.

1988 3299 2066 3353 Ex
2093 3301 2518 3371 quatuordecim,
2558 3320 2690 3376 quas
2718 3307 2902 3364 Binius
2930 3313 3121 3380 partim
3158 3328 3223 3368 ex
3257 3316 3487 3373 Antonio

1912 3393 1980 3448 de
2010 3396 2237 3463 Aquino,
2271 3397 2467 3465 partim
2499 3415 2565 3453 ex
2589 3400 2819 3456 Baronio
2841 3404 3057 3475 collegit
3086 3407 3349 3477 epistolis,
3381 3420 3486 3463 non

1910 3502 2098 3541 omnes
2120 3504 2222 3542 una
2254 3489 2394 3544 serie
2421 3492 2808 3563 producuntur,
2834 3498 2927 3552 sed
2954 3500 3225 3557 nonnullis
3247 3501 3487 3557 numeris

1913 3589 2117 3634 tantum
2149 3582 2261 3635 suis
2296 3581 2541 3638 iudicatae
2590 3586 2729 3641 inter
2780 3588 2912 3645 Acta
2960 3590 3218 3661 Eplteslni
3266 3596 3485 3652 concilii

1909 3672 2087 3729 locum
2141 3671 2407 3733 obtinent.
2450 3679 2736 3748 Aliquibus
2781 3683 2979 3739 additae
3034 3698 3156 3741 sunt
3202 3687 3353 3745 Note
3400 3688 3484 3745 Βία

1910 3782 2106 3821 mante.

1980 3859 2142 3914 1609.
2177 3858 2395 3915 Lutetia:
2434 3860 2787 3925 Parisiorum;
2836 3863 2997 3917 in-8’.
3032 3866 3258 3923 Decreta
3306 3871 3482 3927 Ctelo-

1906 3954 2032 4009 stini
2086 3966 2235 4024 papa:
2284 3954 2307 4008 Ι
2355 3955 2646 4026 (Epistula:
2686 3954 2821 4008 tres)
2850 3956 2901 4009 in
2947 3956 3135 4012 Codice
3183 3959 3295 4013 Vat.
3340 3960 3481 4022 Eccl.

1906 4046 2062 4103 Iiom.
2095 4063 2249 4118 pagg.
2279 4048 2534 4103 604426.

1982 4142 2142 4199 16ἳ9.
2175 4142 2413 4209 Parisiis,
2436 4153 2627 4213 sumpt.
2662 4142 2786 4198 Seb.
2818 4141 3121 4217 Crantoisy;
3153 4145 3333 4218 inefol.
3364 4147 3485 4203 Cat~

1906 4235 2084 4290 lestini
2120 4248 2269 4304 papae
2297 4236 2319 4289 I
2348 4235 2611 4305 Epistulae
2637 4236 2753 4291 dua
2772 4237 2838 4291 ad
2864 4239 3149 4308 episcopos
3170 4238 3485 4297 Viennensis

1903 4337 1960 4383 et
2004 4328 2368 4384 Narbonensis
2436 4331 2726 4399 provinciae
2777 4338 2829 4383 et
2876 4332 3160 4399 episcopos
3206 4331 3484 4391 universos

1906 4417 2231 4484 Galliarum;
2267 4420 2321 4472 in
2368 4428 2513 4475 tomo
2551 4419 2568 4471 I
2613 4418 2961 4475 Conciliorum
2992 4420 3178 4475 Gallic
3220 4419 3341 4478 lac.
3370 4422 3484 4480 Sir-

1909 4511 2104 4563 tuendi.

231 4599 329 4653 clis
355 4600 614 4671 capitulis
636 4616 730 4657 seu
757 4602 993 4657 inrdiculo
1021 4602 1465 4658 constitutionum
1491 4612 1799 4658 sanctorum
1824 4589 1880 4651 D
1979 4602 2134 4658 16M.
2168 4602 2387 4656 Parisiis
2437 4618 2464 4655 e
2496 4601 2725 4672 Typogr.
2758 4603 2927 4673 Reg.;
2966 4604 3143 4673 iit-fol.
3176 4602 3318 4673 Vita,
3354 4603 3483 4675 Epi-

231 4687 445 4749 Patrutn
484 4694 552 4748 de
586 4694 775 4751 Gratia
800 4696 931 4761 Dei;
960 4698 1101 4751 inter
1130 4696 1489 4750 selectissimas
1516 4696 1799 4749 vetustissi-

235 4796 423 4838 morum
467 4787 749 4855 prazsulum
791 4787 1051 4859 Epistolas
1089 4788 1298 4842 additas
1335 4785 1605 4841 Clementis
1636 4787 1801 4841 Reco-

234 4878 541 4941 gnitionibus
565 4895 633 4934 ex
662 4880 897 4937 editione
923 4880 1008 4935 Jo.
1038 4881 1284 4935 Sic/tardi
1314 4896 1469 4949 pagg.
1496 4880 1750 4936 302-506.

302 4971 460 5028 1538.
503 4971 751 5044 Colonitc,
787 4977 927 5048 apud
963 4976 1175 5030 Petrum
1210 4973 1463 5041 Quentel;
1486 4975 1670 5045 in-fol.
1700 4975 1803 5030 De-

241 5071 370 5117 creta
398 5064 682 5121 leeStini
707 5081 879 5136 papae,
908 5083 1016 5138 quo
1040 5067 1255 5122 nomine
1276 5065 1805 5134 comprehenduntur

242 5149 476 5225 Epistula:
509 5167 611 5212 tres
651 5158 909 5226 laudata;
950 5158 1178 5215 Decreta
1216 5175 1281 5215 ex
1324 5159 1578 5214 Gratiano
1608 5172 1661 5214 et
1690 5164 1803 5230 [ra-

242 5258 491 5315 gmcnlum
518 5246 770 5321 Epistola:
796 5252 865 5306 ad
892 5252 1156 5321 synodum
1189 5251 1547 5320 Ephesinatn;
1576 5251 1629 5305 in
1665 5248 1801 5305 Con-

245 5337 361 5393 ciliis
391 5340 535 5395 Petri
564 5330 759 5397 Crabbe
789 5344 851 5399 Τ.
884 5344 924 5411 I,
963 5345 1054 5401 fol.
1090 5360 1487 5401 cccrx-cccxrn.

306 5431 463 5488 1570.
500 5428 727 5491 Colonia:
762 5435 910 5507 Agr.,
940 5440 1083 5508 apud
1109 5438 1196 5492 Jo.
1226 5435 1693 5504 Brinckntannum;
1724 5436 1801 5491 in-

247 5518 325 5586 iol.
370 5523 651 5583 Ctelestini
702 5527 929 5584 Deoreta
971 5543 1066 5583 seu
1118 5528 1362 5600 Epistola
1416 5528 1483 5583 ad
1526 5531 1807 5586 universos

246 5609 527 5673 Galliarum
572 5620 874 5689 episcopos»,
921 5630 1052 5688 etc.,
1095 5621 1241 5676 inter
1278 5620 1541 5693 Epistolas
1577 5619 1801 5689 Ponti].

248 5704 386 5767 Rom.
422 5712 491 5769 Β.
536 5714 815 5775 amntis
847 5717 1096 5777 Oneribus
1131 5730 1198 5773 ex
1237 5716 1327 5772 ed.
1373 5718 1553 5773 Lamb.
1600 5717 1804 5771 (ἔνατοτὶ

245 5803 500 5873 Ilibjectss
530 5825 684 5881 pagg.
720 5807 821 5867 561
853 5812 977 5867 565.

1906 4694 2059 4750 stolae
2087 4706 2141 4749 et
2166 4694 2392 4748 Decreta
2423 4694 2698 4750 Calestini
2725 4712 2873 4765 papae
2902 4696 2922 4750 Ι
2948 4712 2965 4762 ;
3006 4696 3059 4751 in
3088 4697 3153 4751 Τ.
3183 4697 3249 4753 IV
3291 4696 3477 4753 Conci-

1906 4789 2093 4842 liorum
2121 4786 2455 4843 eollectionis
2483 4786 2808 4855 Luparensis
2839 4802 2993 4857 pagg.
3016 4788 3482 4846 169-610.:1ucto-

1902 4881 2080 4933 ritates
2108 4880 2171 4933 de
2199 4875 2379 4933 Gratia
2406 4877 2503 4931 Dei
2525 4877 2780 4947 epistolas
2802 4879 3143 4934 antecedunt.

1980 4971 2139 5027 1661.
2170 4970 2386 5025 Lutetiae
2414 4971 2611 5035 Paris.,
2634 4971 2795 5039 apud.
2820 4970 2952 5025 Liui.
2988 4970 3250 5038 Billains;
3296 4974 3476 5044 imfol.

1908 5065 2183 5121 leestini
2208 5079 2357 5134 papae
2387 5064 2609 5119 Decreta
2637 5064 2917 5136 (Epistolae
2946 5071 3045 5120 tros
3071 5080 3191 5120 cum
3245 5067 3481 5123 Auctari-

1908 5160 2151 5229 tatibus);
2178 5160 2227 5211 in
2258 5156 2443 5211 codice
2485 5156 2727 5226 DiOuysii
2764 5156 2952 5226 Exigui
2982 5159 3121 5226 apud
3144 5156 3287 5214 Guil.
3332 5157 3481 5212 Veil-

1907 5252 2014 5305 lum
2042 5261 2094 5305 et
2129 5249 2290 5303 Henr.
2332 5248 2611 5303 Justellum
2648 5250 2699 5302 in
2745 5247 2881 5302 Bibl.
2912 5250 3059 5303 Juris
3097 5247 3292 5304 Conon.
3324 5260 3479 5321 pagg,

1904 5342 2159 5397 215-222.

1980 5435 2144 5492 1662.
2173 5434 2384 5505 Roma,-
2407 5435 2573 5491 in-8’.
2599 5433 2875 5492 leestini
2914 5436 3150 5507 Epistols
3178 5436 3245 5493 ad
3275 5439 3479 5509 episco~

1909 5546 2011 5603 pos
2041 5546 2135 5600 per
2162 5530 2429 5601 Illyricum
2456 5546 2592 5584 nunc
2620 5531 2841 5597 primum
2865 5532 3004 5586 edita
3026 5547 3057 5588 e
3084 5532 3305 5587 schedil
3340 5532 3480 5587 Vati-

1910 5624 2060 5679 canis
2091 5623 2231 5677 inter
2252 5624 2385 5678 Acta
2408 5623 2595 5694 synodi
2621 5623 2877 5679 Romana:
2898 5624 2999 5679 sub
3022 5624 3303 5681 Bonifauio
3320 5624 3401 5693 ll;
3427 5626 3481 5686 in

1910 5716 2219 5773 Collections
2247 5715 2399 5773 Rom.
2431 5714 2634 5776 Biutn't.
2656 5716 2813 5773 Luca
2841 5715 3101 5776 Holstenii
3139 5728 3191 5792 ρ.
3238 5716 3283 5790 I,
3325 5735 3478 5791 pagg.
