3982 6182
493 306 602 367 115

1477 300 1937 359 C(ELESTINUS
1977 300 1999 355 Ι
2038 299 2240 356 PAPA.
2284 298 2820 357 PROLEGOMENA.

3670 295 3784 358 “8

569 420 729 479 1671.
760 420 983 479 Lutetia!
1022 418 1350 475 Parisiorum
1374 435 1392 483 ;
1438 419 1615 489 in-fol.
1648 417 1795 483 Vita,
1826 416 2086 487 Epistula
2110 416 2167 482 Α
2189 431 2253 472 ex
2283 416 2373 473 ed.
2400 415 2593 472 Franc.
2622 416 2814 473 Pithtzi
2840 416 3032 473 h.a.et
3053 415 3299 473 l.recuso
3328 412 3782 486 pagg.219-228.‘

496 528 553 571 et
586 515 815 574 Decreta
842 513 1123 571 leestini
1154 527 1304 582 papae
1333 511 1375 577 Ι,
1406 526 1530 566 cum
1561 512 1707 565 notis
1754 510 1874 566 Sev.
1907 508 2081 578 Binii,

496 604 618 659 Jac.
671 605 938 661 Sirmondi
965 615 1019 660 et
1063 603 1215 659 Obss.
1269 603 1414 658 Phil.
1458 602 1685 669 Labbei;
1731 603 1784 658 in
1840 602 2087 658 Consiliis

498 696 647 753 Phil.
690 696 883 752 Labbei
921 707 967 751 et
1011 696 1176 753 Gabr.
1210 694 1464 750 Cossartii
1494 710 1622 751 cura
1654 695 1811 751 editis
1840 704 1988 752 tomo
2015 692 2084 763 ll,

506 804 663 860 pagg.
692 788 906 845 1610—
928 789 1088 846 1658.

570 880 857 936 Nonnulla:
908 882 1155 952 epistola:
1203 896 1402 938 nomen
1442 891 1648 937 tantum
1687 897 1845 938 suum
1889 885 1942 938 in
1986 882 2087 939 hac

500 974 645 1029 serie
683 972 943 1044 professae
969 983 1115 1029 sunt.
1146 974 1282 1043 ipsa:
1309 985 1526 1031 exstant
1570 976 1712 1031 inter
1741 977 1874 1030 Acta
1907 975 2089 1045 Ephe-

498 1066 601 1121 sini
628 1066 847 1120 concilii
881 1073 1027 1121 tomo
1044 1064 1135 1133 ΙΙΙ,
1164 1080 1320 1136 pagg.
1342 1067 1468 1132 545,
1500 1066 1624 1135 516,
1654 1068 1783 1135 555,
1803 1068 1925 1133 576,
1956 1068 2083 1122 614.

500 1155 749 1213 Pressius
777 1157 1031 1213 nimirum
1055 1159 1300 1227 sequitur
1331 1158 1577 1213 Labbeus
1601 1158 1813 1214 Binium
1832 1168 1887 1214 et
1914 1160 2091 1215 edito—

501 1263 618 1304 rem
651 1248 1004 1305 Collectionis
1034 1250 1235 1321 Regina.
1268 1250 1387 1317 Quo
1415 1251 1677 1321 obsequio
1714 1252 1849 1306 adeo
1887 1251 2087 1307 factum

502 1350 605 1406 est,
658 1350 714 1395 ut
741 1341 875 1396 alias
909 1342 993 1396 bis
1040 1342 1431 1398 exscribendas
1461 1342 1692 1398 dederit.
1724 1343 1856 1399 Nam
1886 1361 2005 1415 quae
2034 1345 2089 1400 in

502 1430 591 1487 his
616 1443 740 1488 sunt
785 1434 855 1489 ΙΧ
888 1435 957 1487 ad
1009 1434 1389 1503 Theodosium,
1420 1436 1469 1490 Χ
1498 1438 1566 1489 ad
1602 1437 1887 1507 Cyrillum,
1919 1438 1991 1492 X1
2021 1439 2091 1493 ad

503 1527 690 1597 synod.
709 1524 932 1596 Ephes.,
951 1526 1043 1581 ΧΙΙ
1066 1531 1133 1581 ad
1157 1527 1509 1583 Theodosium
1527 1529 1681 1597 Jun.,
1702 1530 1820 1585 Xlll
1837 1532 1905 1584 ad
1920 1531 2093 1586 Maxi-

507 1622 761 1687 mianum,
797 1630 853 1675 et
876 1620 990 1676 XIV
1018 1622 1086 1675 ad
1125 1621 1754 1693 Constantinopolitanos,
1799 1626 2095 1680 recitantur

506 1711 703 1767 iterum
730 1712 955 1783 integrae
977 1724 1123 1768 tomo
1144 1713 1233 1779 ΙΙΙ,
1260 1730 1413 1785 pagg.
1431 1714 1558 1781 619,
1584 1716 1708 1781 621,
1737 1718 1897 1786 1060,
1930 1718 2089 1783 1072;

2760 512 2984 569 Samum
3023 527 3176 567 xvnt.

2262 606 2423 663 1715.
2454 606 2697 673 Parisiis,
2728 626 2754 661 e
2777 606 3003 679 Typogr.
3037 605 3233 678 Regia;
3281 603 3463 675 in-fol.
3498 602 3781 661 Calestini

2190 712 2342 770 papa:
2370 699 2593 755 Decreta
2621 700 2898 770 (Epistolas
2928 697 3049 770 lii);
3081 699 3202 753 item
3222 697 3477 768 Epistolte
3522 711 3620 767 per
3648 697 3785 752 Acta

2189 788 2442 862 Ephesini
2472 792 2679 845 concilii
2708 790 3034 858 distributae,
3050 789 3118 843 ad
3150 788 3472 854 Nestorium,
3498 786 3783 842 adclerum

2190 895 2239 939 et
2264 886 2511 956 papulum
2540 885 2680 953 CP.,
2714 886 2781 939 ad
2811 884 3090 957 Cyrillum,
3126 882 3195 938 ad
3230 880 3483 937 Joannem
3504 879 3787 936 Antioche-

2190 993 2335 1044 num,
2360 977 2821 1031 Commonitorium
2848 977 2917 1030 ad
2948 978 3162 1047 legatos,
3203 975 3273 1028 ad
3304 975 3555 1045 synodum
3598 970 3788 1042 Ephe-

2188 1069 2375 1135 sinam,
2408 1071 2476 1123 ad
2503 1069 2868 1137 Theodosium,
2889 1070 2957 1123 ad
2980 1067 3231 1140 Cyrillum
3257 1065 3517 1135 secunda,
3541 1066 3605 1120 ad
3622 1080 3787 1136 syno-

2193 1162 2313 1215 dum
2338 1170 2457 1230 post
2481 1162 2881 1217 damnationem
2897 1160 3233 1227 Nestorii,ad
3255 1158 3603 1214 Theodosium
3620 1155 3783 1225 Jun.,

2192 1256 2260 1309 ad
2287 1254 2683 1320 Maximianum,
2711 1256 2780 1309 ad
2805 1258 2994 1310 clerum
3023 1264 3071 1308 et
3090 1254 3336 1326 populum
3365 1250 3481 1306 CP.
3513 1248 3783 1317 secunda;

2192 1352 2247 1406 in
2278 1350 2368 1405 Jo.
2406 1350 2663 1404 Harduini
2685 1352 2823 1404 Actis
2853 1348 3205 1403 Conciliorum
3224 1346 3289 1403 Τ.
3321 1346 3361 1413 Ι,
3390 1358 3546 1415 pagg.
3570 1343 3791 1399 1251-

2196 1442 2285 1499 62.
2320 1444 2480 1499 1299.
2515 1441 3055 1511 1311,1321,1523,
3097 1438 3256 1506 iw,
3291 1435 3596 1500 1467—71,
3638 1432 3781 1491 1671

2193 1534 2354 1591 —82.

2270 1628 2429 1682 1721.
2469 1625 2717 1692 Parisiis;
2741 1624 2926 1695 in-fol.
2948 1624 3007 1680 S.
3036 1622 3320 1680 Ctelestini
3350 1636 3501 1691 papa
3527 1618 3789 1690 Epistolas

2198 1728 2253 1775 et
2284 1720 2509 1775 Decreta
2549 1719 2613 1773 ad
2644 1719 2846 1787 justum
2895 1718 3154 1788 temporis
3202 1716 3447 1771 ordinem
3501 1713 3780 1781 reducta,

508 1804 576 1861 Τ.
606 1803 697 1871 IV,
732 1820 887 1877 pagg.
926 1806 1060 1862 1074
1103 1816 1160 1862 et
1191 1807 1351 1863 1075.
1407 1808 1682 1864 Accedunt
1703 1809 1758 1863 in
1803 1811 2097 1881 Appendice
2125 1811 2175 1873 Β
2198 1812 2348 1882 juxta
2369 1821 2473 1867 vet.
2506 1811 2667 1866 codd.
2699 1810 2861 1865 iidem
2891 1809 3188 1880 recognitze
3216 1819 3272 1863 et
3301 1805 3620 1869 emendatae,
3642 1818 3793 1875 prte-

511 1895 673 1966 liujus
700 1896 926 1951 secundi
956 1897 1088 1952 tomi
1122 1913 1276 1968 pagg.
1298 1899 1599 1966 1817—19,
1627 1899 1785 1955 Noto:
1811 1903 2099 1973 posthumae

508 1989 789 2049 Sirmondi
821 1994 873 2047 in
906 1992 1039 2047 duas
1072 1991 1139 2047 ad
1176 1993 1469 2049 Galliarum
1500 1996 1789 2065 episcopos
1816 2006 1873 2051 et
1908 1996 2101 2051 Aucto—

510 2084 688 2139 ritates
714 2084 855 2140 sedis
881 2084 1203 2153 apostolicis.

583 2175 746 2232 1675.
762 2178 981 2233 Lutetite
1003 2177 1353 2245 Parisiorum,
1372 2181 1513 2251 apud
1524 2179 1559 2232 Ι
1564 2197 1612 2235 o.
1632 2179 1784 2250 Bapt.
1810 2180 2101 2254 Coignard;

509 2271 682 2326 ἔνι-4ο.
714 2272 962 2341 Epistola
998 2273 1283 2328 Ccelestini
1334 2290 1484 2343 papae
1522 2275 1588 2329 ad
1622 2276 1907 2346 episcopos
1940 2276 2104 2332 Vien-

517 2378 716 2420 nenses
757 2374 813 2420 et
841 2364 1248 2421 Narbonenses.
1305 2366 1673 2437 Ejusdemque
1719 2368 1785 2425 ad
1815 2370 2103 2440 episcotios

516 2455 727 2524 Apulia:
755 2464 811 2511 et
838 2454 1142 2523 Calabriae;
1192 2458 1242 2512 in
1298 2457 1483 2513 Codice
1534 2458 1806 2514 Canonum
1854 2460 2107 2517 Ecclesia:

519 2548 678 2605 Rom.
706 2565 739 2605 a
770 2548 966 2607 Pasch.
1012 2551 1285 2617 Quesnello
1306 2554 1358 2607 in
1394 2565 1538 2609 lomo
1566 2554 1610 2609 li
1641 2554 1776 2627 Opp.
1809 2554 1997 2609 Leonis
2024 2554 2106 2611 M.

521 2643 764 2714 vulgato,
800 2659 921 2715 cap.
958 2646 1028 2701 55
1056 2655 1107 2700 et
1153 2647 1243 2715 56,
1281 2663 1433 2718 pagg.
1488 2649 1791 2716 155-157,
1848 2650 2107 2706 editionis

522 2734 901 2807 Lugdunensis
924 2738 998 2809 (a.
1025 2738 1186 2809 1700)
1216 2755 1377 2810 pagg.
1403 2742 1636 2796 71—75.

596 2827 756 2885 1682.
804 2830 1072 2897 Lovaniw,
1102 2834 1237 2904 typis
1275 2832 1579 2904 Hieronymi
1624 2834 1892 2905 Nempwi;
1936 2836 2107 2893 in-4°.

522 2919 1012 2979 Commonitorium
1038 2924 1315 2980 Coelestini
1340 2942 1489 2995 papze
1508 2926 1781 2996 episcopis
1806 2936 1861 2982 et
1889 2929 2111 2998 presby-

523 3016 655 3070 teris
685 3018 935 3073 euntibus
961 3018 1029 3074 ad
1062 3018 1369 3075 Orientem:
1398 3036 1537 3075 nunc
1569 3021 1803 3091 primum
1834 3038 1864 3077 e
1895 3022 2107 3077 Vatica~

526 3123 612 3163 na:
639 3109 981 3167 bibliothecae
1013 3114 1385 3184 manuscripto
1412 3116 1464 3169 in
1490 3115 1761 3185 publicam
1793 3116 1964 3171 lucem
1984 3116 2109 3171 data

2199 1904 2303 1958 viis
2324 1900 2809 1967 admonitionibus,
2840 1901 2980 1956 natis
3006 1900 3211 1955 criticis
3229 1908 3284 1954 et
3311 1896 3792 1953 dissertationibus

2201 1997 2478 2052 illustratze
2505 2012 2601 2067 per
2632 1994 2847 2050 Petrum
2876 1994 3153 2059 Constant;
3181 1995 3236 2050 in
3266 1990 3514 2063 Epistolis
3557 1988 3793 2058 Ponti”.

2204 2088 2384 2155 Rom.,
2418 2087 2484 2143 T.
2510 2086 2554 2153 Ι,
2590 2102 2746 2157 pagg.
2781 2084 3160 2142 1051—1228.

2280 2181 2504 2235 lnsertae
2537 2192 2663 2235 sunt
2685 2180 2929 2250 epistolae
2959 2179 3186 2233 aliorum
3204 2179 3271 2233 ad
3293 2178 3669 2243 Caelestinum,
3698 2176 3797 2232 vel

2204 2273 2272 2328 ad
2302 2287 2389 2328 res
2418 2272 2488 2326 ab
2504 2288 2569 2327 eo
2596 2282 2779 2342 gestas
2803 2279 3130 2343 spectantes,
3161 2271 3368 2326 scilicet
3385 2270 3455 2325 ab
3482 2270 3638 2326 initio
3667 2283 3799 2323 om-

2205 2366 2355 2419 nium
2384 2367 2443 2418 1°
2472 2366 2745 2434 Augustini
2772 2365 2986 2435 epistola
3011 2364 3079 2417 ad
3111 2363 3461 2430 Calatinum,
3492 2378 3603 2418 scr.
3646 2363 3800 2418 circa

2208 2456 2419 2511 initium
2447 2472 2499 2510 a.
2526 2456 2654 2524 423,
2685 2457 2826 2511 inter
2868 2455 3284 2525 Augustinianas
3325 2455 3466 2521 209;
3506 2455 3565 2509 2'
3597 2456 3800 2510 Aurelii

2208 2559 2255 2606 et
2278 2559 2570 2603 cmterorum
2589 2550 2676 2619 qui
2718 2548 2992 2603 universali
3017 2548 3207 2619 Africa:
3230 2547 3447 2602 concilio
3473 2544 3803 2617 Carthaginis

2208 2642 2520 2711 adfuerunt,
2571 2656 2637 2698 ex
2667 2640 2855 2697 codice
2883 2655 3149 2697 canonum
3199 2640 3460 2695 Ecclesiae
3485 2638 3762 2695 Africanae
3784 2679 3803 2708 ,

2210 2750 2322 2791 scr.
2372 2735 2550 2805 judice
2580 2733 2899 2789 Constantio
2949 2734 3036 2789 vel
3068 2733 3168 2788 sub
3197 2734 3405 2788 exitum
3450 2747 3501 2786 a.
3546 2732 3681 2799 125,
3717 2732 3803 2789 vel

2213 2832 2429 2886 ineunte
2459 2846 2513 2886 a.
2539 2829 2665 2885 426.
2711 2829 2844 2884 item
2876 2839 2996 2898 post
3025 2826 3113 2892 ill,
3147 2828 3209 2882 5ο
3238 2835 3295 2882 et
3327 2825 3391 2880 ιο
3424 2825 3543 2879 dum
3570 2824 3807 2880 Nestoris.

2212 2923 2281 2977 ad
2307 2923 2629 2977 Caelestinum
2656 2922 2839 2976 littera:
2870 2920 2963 2974 Gr.
2984 2919 3139 2985 Lat.;
3170 2919 3232 2973 5°
3262 2917 3500 2990 Epistola
3519 2917 3709 2988 Cyrilli
3738 2918 3806 2972 ad

2214 3015 2558 3081 Caelestinum,
2590 3030 2699 3070 scr.
2723 3030 2774 3068 a.
2799 3014 2905 3071 450
2936 3012 3029 3068 Gr.
3065 3012 3224 3078 Lat.;
3250 3011 3313 3066 6°
3343 3010 3808 3067 Commonitorium

2216 3106 2400 3178 Cyrilli
2449 3106 2733 3162 Posidonio
2781 3123 2897 3159 cum
2944 3105 3165 3159 Romam
3210 3106 3431 3159 mitteret
3461 3105 3653 3169 datum,
3714 3102 3808 3158 Cr.

525 3216 625 3273 per
652 3199 724 3259 F.
756 3202 1115 3260 Christianum
1157 3206 1388 3277 Lupum,
1438 3207 1730 3280 Iprensem,
1779 3209 1830 3263 in
1860 3207 2113 3277 Epistolis
2141 3191 2187 3255 C
2218 3198 2339 3253 Lat.
2372 3198 2501 3253 Post
2533 3198 2649 3253 XIV
2670 3239 2686 3264 ,
2721 3200 2781 3251 7°
2814 3196 3042 3251 Nestorii
3084 3197 3153 3249 ad
3190 3196 3517 3251 Calatinum
3539 3236 3555 3261 ,
3605 3209 3724 3251 scr.
3757 3211 3811 3250 a.

528 3295 786 3349 variorum
825 3296 1049 3352 Patrum
1096 3298 1166 3351 ad
1219 3299 1500 3353 concilium
1549 3300 1869 3368 Ephesinum
1918 3318 1981 3355 ex
2014 3319 2109 3356 ms.

529 3386 732 3443 Cassia.
766 3387 904 3444 Bibl.
950 3390 1020 3444 ab
1069 3390 1258 3446 eodem
1310 3392 1609 3462 desumptis
1638 3403 1691 3448 et
1723 3394 1905 3458 editis,
1939 3396 2116 3464 capite

528 3479 659 3546 226,
691 3480 1061 3537 lol.ccccr.xx.
1086 3482 1397 3552 Repetitum
1435 3497 1520 3539 est
1561 3486 1663 3541 hoc
1699 3502 1835 3556 opus
1865 3489 1919 3541 in
1971 3500 2117 3543 tomo

530 3570 625 3627 V11
657 3570 882 3643 Operum
908 3572 1190 3629 Christiani
1222 3575 1357 3645 Lupi
1388 3576 1647 3648 (Venetiis
1677 3581 1819 3651 apud
1844 3580 1930 3634 Jo.
1961 3580 2114 3654 Bapt.

530 3665 829 3733 Albritium,
857 3668 922 3734 ρ.
952 3667 1180 3723 Hieron.
1206 3680 1253 3723 et
1298 3671 1501 3727 Sebast.
1528 3672 1690 3727 Coleti
1742 3690 1793 3728 a.
1829 3676 1968 3730 1726
1993 3694 2008 3737 ;
2037 3678 2120 3729 in-

530 3757 676 3831 fol.),
696 3758 870 3832 ﬁinque
892 3776 958 3818 eo
977 3760 1261 3819 Caelestini
1285 3763 1777 3822 Commonitorium
1804 3783 1960 3838 pagg.
1990 3770 2116 3835 585,

603 3945 763 4003 1685.
797 3946 1043 4017 Parisiis,
1075 3966 1139 4003 ex
1164 3949 1259 4018 σθ’.
1291 3959 1498 4024 typoyr.
1531 3949 1730 4008 Franc.
1761 3950 2012 4021 Muguet;
2038 3954 2120 4007 in-

532 4039 627 4111 fol.
652 4037 1143 4096 Commonitorium
1168 4057 1318 4111 papae
1340 4043 1620 4097 Coelestini
1641 4047 1823 4097 datum
1844 4043 2119 4114 episcopis

530 4140 586 4188 et
614 4131 946 4202 presbyteris
974 4132 1227 4188 euntibus
1248 4134 1316 4188 ad
1345 4134 1643 4189 Orientem.
1676 4133 1924 4206 Ejusdem
1955 4138 2120 4192 varize

532 4224 798 4295 Epistola:
830 4225 1121 4281 occasione
1174 4227 1389 4281 concilii
1445 4226 1703 4296 Epliesini
1756 4229 2011 4299 scriptae;
2064 4230 2119 4284 in

533 4318 718 4389 Steph.
767 4317 974 4375 Baluzii
1002 4318 1155 4374 Nova
1197 4319 1333 4375 Coll.
1378 4318 1755 4390 Conciliorum,
1794 4320 1857 4375 Τ.
1896 4322 1935 4388 l,
1964 4337 2115 4393 pagg.

531 4410 660 4480 581,
684 4411 811 4478 424,
838 4413 966 4481 451,
997 4412 1124 4481 456,
1150 4413 1279 4481 458,
1303 4412 1577 4469 489-95.

602 4501 1059 4561 Commonitorium
1112 4507 1313 4576 reperit
1364 4506 1595 4576 primum
1644 4508 1701 4561 in
1751 4507 2118 4562 vetustissimo

2218 3292 2342 3355 450,
2367 3291 2459 3345 Gr.
2484 3291 2602 3346 Lat.
2627 3292 2779 3347 Post.
2808 3290 2953 3355 XIX,
2976 3292 3039 3345 8°
3064 3290 3298 3360 Epistola
3318 3289 3500 3361 synodi
3530 3287 3811 3356 Ephesium

2219 3386 2287 3437 ad
2317 3382 2667 3450 Caelestinum,
2698 3383 2793 3439 Gr.
2820 3384 2937 3437 Lat.
2957 3382 3178 3437 Decimo
3210 3383 3328 3437 loco
3348 3392 3430 3436 est
3460 3382 3810 3452 fragmentum

2218 3478 2466 3531 sermonis
2493 3494 2524 3529 a
2549 3474 2822 3531 Caelestino
2852 3474 3035 3529 habiti.
3065 3473 3415 3545 Subjungitur
3443 3473 3647 3528 Notitia
3678 3472 3811 3545 Epi~

2220 3570 2489 3635 stolarum,
2519 3586 2633 3641 qua:
2656 3569 2726 3622 ad
2755 3568 3085 3624 Ctelestinnm
3111 3586 3299 3640 papam
3328 3570 3564 3623 attinent.

2295 3664 2456 3719 1757.
2493 3663 2739 3731 Venetiis,
2762 3663 2901 3733 apud
2924 3662 3061 3717 Sim.
3092 3660 3291 3729 Occhi;
3316 3662 3499 3731 in-fol.
3527 3661 3811 3721 Caelestini

2222 3770 2373 3825 papze
2396 3755 2636 3826 Epistola
2668 3754 2735 3809 ad
2762 3756 2931 3824 episc.
2956 3755 3292 3810 Viennenses
3318 3763 3374 3810 et
3398 3754 3809 3819 Narbonenses.

2223 3848 2350 3903 item
2382 3848 2551 3916 episc.
2584 3846 2796 3916 Apuliae
2826 3856 2882 3901 et
2907 3846 3169 3902 Calabriae
3191 3860 3313 3901 cum
3338 3846 3598 3902 varietate
3623 3862 3811 3902 exem-

2224 3942 2451 4009 plarium
2485 3948 2591 3993 tam
2648 3940 2917 3995 editorum
2951 3955 3109 4009 quam
3163 3954 3333 4006 mss.;
3365 3940 3417 3994 in
3449 3939 3638 3994 Codice
3702 3940 3811 3995 νει.

2224 4035 2422 4090 Conon.
2454 4031 2729 4089 Constitut.
2764 4034 2825 4089 S.
2878 4037 3013 4087 sedis
3058 4035 3356 4103 apostolica:
3398 4033 3594 4088 Pasch.
3638 4032 3812 4101 Quesv

2224 4126 2352 4181 nelli
2402 4126 2597 4179 iterum
2644 4125 2790 4179 edito
2816 4139 2848 4179 a
2872 4124 3169 4179 Balleriniis
3195 4122 3347 4189 Frr.,
3389 4133 3538 4179 tomo
3565 4122 3635 4180 lli
3667 4124 3811 4196 Opp.

2222 4216 2408 4273 Leonis
2426 4215 2505 4271 Μ.
2537 4231 2657 4286 cap.
2692 4216 2879 4285 35,56,
2918 4232 3074 4285 pagg.
3105 4217 3377 4272 270—77.
3494 4253 3507 4263 .

2294 4309 2452 4365 1760.
2483 4307 2796 4376 Florentiae;
2824 4309 3003 4378 in-fol.
3035 4308 3177 4376 Vita,
3218 4308 3473 4376 Epistola!
3496 4319 3552 4365 et
3582 4308 3810 4366 Decreta

2220 4400 2280 4458 S.
2326 4400 2610 4458 CteleStini
2644 4415 2794 4470 papae
2824 4401 2866 4465 l,
2898 4415 3024 4455 cum
3072 4402 3214 4456 notis
3261 4401 3400 4456 Binii
3425 4410 3478 4457 et
3499 4400 3811 4468 Sirmondi,

2222 4496 2351 4549 item
2382 4493 2653 4562 Excerptis
2679 4493 2886 4563 aliquot
2910 4509 2941 4549 e
2961 4494 3086 4549 cod.
3119 4508 3253 4549 mss.
3283 4495 3635 4566 epistolarum
3659 4504 3718 4550 et
3746 4496 3808 4549 ti~

530 4596 720 4652 codice
767 4596 1114 4655 bibliotheca:
1164 4598 1493 4656 Colberiinm
1546 4615 1694 4655 num.
1735 4599 1873 4655 1865
1915 4602 2117 4669 optime
2144 4585 2199 4645 D
2226 4589 2459 4643 tulorum
2488 4595 2729 4642 veterum
2748 4587 3101 4657 epistularum
3124 4590 3479 4659 quarumdam
3499 4588 3806 4655 tlmlestini;

531 4698 776 4745 exarato.
805 4690 965 4748 Aliud
1004 4692 1201 4749 deinde
1242 4693 1521 4764 exemplar
1552 4694 1605 4748 in
1637 4692 1894 4748 Vaticano
1927 4708 2115 4749 recen-

532 4781 670 4837 tiore
714 4798 865 4839 num.
920 4784 1081 4851 1520,
1116 4784 1320 4841 Nicolai
1347 4786 1385 4841 V
1426 4785 1737 4856 pontiﬁcatu
1791 4786 2015 4854 scripto,
2047 4784 2114 4839 ad

531 4888 657 4931 eum
706 4874 856 4931 misit
905 4876 1266 4949 Hieronymus
1321 4879 1612 4934 cardinalis
1664 4878 1948 4933 Casanata.
2007 4875 2115 4932 Sed

528 4966 871 5024 emendatius
917 4978 1034 5025 erat
1072 4970 1125 5024 in
1170 4968 1488 5025 Colbertino
1532 4985 1691 5040 quam
1734 4970 1784 5023 in
1832 4969 2112 5024 Vaticano.

528 5059 799 5131 ignoravit
824 5070 1004 5117 autem
1022 5062 1271 5117 Baluzius
1296 5063 1437 5117 idem
1464 5077 1607 5117 anno
1623 5070 1752 5116 ante
1778 5061 1887 5129 jam
1910 5075 1936 5113 a
1966 5060 2118 5129 Lupo

528 5153 696 5209 fuisse
751 5154 1085 5225 evulgatum.
1146 5155 1384 5226 Reliquae
1436 5154 1731 5225 Epistolaz,
1791 5153 1932 5209 inter
1984 5152 2119 5210 Acta

527 5246 789 5318 Ephesini
811 5247 1366 5316 conciliidistributte,
1382 5257 1506 5303 sunt
1533 5267 1544 5301 :
1570 5249 1631 5302 1°
1645 5246 1891 5317 Epistola
1911 5246 1980 5299 ad
2008 5245 2119 5299 Ne-

527 5341 781 5408 storium;
806 5340 870 5393 2°
916 5341 986 5396 ad
1033 5342 1225 5398 clerum
1255 5350 1302 5395 et
1332 5342 1583 5412 populum
1632 5337 2113 5407 Constantinopol.;

525 5434 591 5490 5ο
612 5436 681 5489 ad
708 5435 999 5507 Cyrillum;
1020 5436 1083 5492 4°
1109 5437 1176 5490 ad
1201 5431 1455 5490 Joannem
1481 5434 1749 5499 Antioch.;
1780 5433 1843 5488 5°
1864 5433 1933 5486 ad
1963 5446 2119 5502 syno-

523 5529 648 5583 dum
678 5525 998 5599 Ephesinam
1023 5545 1044 5595 ;
1065 5529 1127 5584 6°
1156 5528 1225 5583 ad
1265 5525 1614 5584 Theodosium
1639 5527 1803 5597 imp.;
1832 5526 1893 5580 7°
1916 5524 1984 5579 ad
2015 5524 2117 5594 Cy-

525 5622 705 5676 rillum
726 5622 1165 5678 Alexandrinum.

598 5712 757 5767 1687.
805 5716 1049 5779 Parisiis,
1084 5732 1111 5769 e
1140 5714 1367 5784 Typogr.
1416 5713 1615 5783 Regia:
1656 5712 1841 5784 iit-fol.
1883 5711 2112 5767 Decreta

529 5802 805 5861 Caelestini
834 5820 983 5875 papae
1005 5805 1201 5875 (Epist.
1220 5804 1311 5873 ill)
1332 5806 1382 5861 in
1398 5803 1586 5859 Codice
1602 5801 1729 5858 Can.
1750 5801 1986 5871 Dionysii
2002 5800 2104 5857 Ex.

2223 4682 2276 4736 in
2307 4688 2454 4735 tomo
2473 4678 2541 4734 1V
2575 4677 2906 4735 Collectionis
2955 4681 3289 4753 amplissima:
3335 4680 3681 4737 Conciliornm
3719 4680 3807 4737 Jo.

2224 4772 2429 4826 Domin.
2456 4768 2631 4824 Μανισὶ
2658 4786 2814 4841 pagg.
2841 4771 3113 4827 455—74.

2294 4871 2587 4943 Epistolas,
2617 4886 2739 4941 quae
2763 4872 2908 4927 inter
2927 4872 3059 4927 Acta
3080 4871 3328 4945 Ephesini
3356 4874 3560 4929 concilii
3581 4874 3806 4945 hocipso

2225 4986 2374 5032 tomo
2399 4974 2810 5045 comprehensae
2841 4974 3177 5045 referuntur,
3220 4991 3328 5031 non
3356 4976 3602 5048 integras
3627 4977 3681 5031 in
3710 4977 3807 5030 hac

2220 5080 2365 5137 serie
2413 5079 2847 5149 reprmsentavit,
2893 5079 2947 5134 id
2998 5079 3140 5150 quod
3170 5088 3297 5150 post
3323 5078 3601 5136 Labbenm
3645 5080 3803 5135 etiam

2220 5180 2463 5249 Coletus,
2495 5196 2657 5251 quem
2687 5195 2812 5236 raro
2861 5179 3098 5251 alioquin
3128 5180 3366 5236 Mansius
3397 5180 3625 5247 deserit,
3657 5177 3799 5234 lece-

2220 5296 2333 5351 rat;
2360 5284 2455 5340 sed
2489 5283 2698 5338 Binium
2756 5282 2911 5353 sequi
2956 5281 3168 5348 maluit,
3218 5280 3497 5353 titulisque
3528 5281 3602 5352 [et
3630 5277 3805 5335 verbis

2221 5385 2519 5443 initialibus
2548 5386 2815 5457 recitatis,
2846 5384 2911 5439 ad
2941 5384 3034 5440 illa
3065 5385 3301 5442 lectores
3325 5384 3562 5455 ablegat.

2296 5489 2457 5548 1775.
2490 5490 2738 5557 Venetiis,
2762 5506 2825 5546 ea:
2840 5500 3040 5563 typoyr.
3063 5487 3153 5544 Jo.
3184 5486 3341 5560 Bapt.
3373 5486 3613 5555 Albritii;
3630 5458 3834 5554 in-fot.l

2222 5595 2282 5653 S.
2313 5592 2595 5651 Ctelestini
2628 5608 2781 5663 papa:
2801 5592 3061 5663 Epistola
3086 5598 3144 5646 et
3165 5589 3417 5657 Decreta,
3447 5588 3643 5660 quibus
3668 5596 3803 5641 non-

2221 5697 2367 5752 nulla
2396 5695 2600 5751 intexta
2626 5695 2694 5750 ad
2736 5695 2986 5751 eumdem
3016 5700 3261 5750 sanctum
3294 5691 3605 5761 pontiﬁcem
3636 5685 3799 5760 perti-

2220 5802 2420 5857 nentia.
2456 5801 2534 5858 Ex
2562 5797 2801 5858 editione
2841 5797 2899 5854 V.
2924 5797 3007 5852 Cl.
3042 5796 3188 5855 Petri
3224 5793 3543 5865 Constantii;
3568 5794 3624 5851 in
3652 5799 3800 5852 tonio

3816 5029 3829 5075 l
