3982 6182
178 240 279 300 M7

935 238 991 295 S.
1034 234 1428 295 COELESTINI
1468 237 1487 294 l
1527 235 1731 294 PAPIE
1771 237 2131 297 EPISTOLE.
2175 239 2263 297 ET
2300 241 2647 303 DECRETA.

3334 238 3434 298 με

177 352 258 409 lx.
289 352 419 407 Bibl.
460 349 577 408 PP.
624 360 671 406 et
710 349 813 406 SS.
859 348 966 405 Vel.
1016 351 1160 407 Eccl.
1215 352 1434 407 Andrea:
1472 351 1739 407 Gallandii
1764 355 2018 423 Ain-fol.
2052 353 2331 409 Ctnlestini
2368 371 2515 422 papa:
2537 358 2766 423 epistola
2799 358 2864 412 ad
2891 358 3179 428 episcopos
3215 356 3436 427 provin-

164 462 317 531 “pagg.
350 444 647 501 287—546.

240 540 609 595 Admonitiones
639 538 945 595 Constantii
992 540 1241 610 epistolis
1290 540 1560 612 aliquibus
1606 557 1744 612 pra:-

177 637 357 691 missas
382 634 608 692 resecnit
628 636 1035 705 sententiasque
1065 651 1251 691 earum
1282 636 1482 706 passim
1507 636 1560 690 in
1599 635 1745 691 notis

159 720 443 784 contraxit.
492 729 566 785 De
612 727 906 785 Caelestino
960 728 1182 784 disserit
1229 730 1484 799 Prolegg.
1532 744 1651 799 cap.
1686 729 1743 797 8,

175 836 317 893 pagg.
339 838 447 888 xtx,
477 839 568 878 xx.

147 984 154 1008 λ
236 914 378 971 1789.
409 913 658 981 Parisiis,
691 915 934 986 sumptib.
976 915 1126 970 Petri
1164 916 1327 970 Didot
1375 916 1453 986 ﬁt.
1484 916 1739 989 primog.;

1848 447 1947 503 ciaa
1975 447 2303 503 Viennensis
2319 456 2371 501 et
2394 446 2784 502 Narbonensis.
2806 447 2937 503 Item
2962 451 3205 521 Epistola
3230 449 3297 505 ad
3319 450 3439 520 epi-

1849 553 2045 609 sc0pos
2069 538 2285 605 Galliae,
2320 554 2417 609 pro
2444 538 2506 594 S.
2538 537 2861 606 Augustino,
2887 540 3082 595 additis
3114 541 3350 599 decretis
3377 548 3439 599 et

1850 634 2192 688 decretorum
2228 633 2398 687 titulis
2444 647 2545 687 nec
2576 648 2684 685 non
2726 631 3037 697 Sirmondi,
3080 634 3349 699 Quesnelli
3376 642 3435 691 et

1850 728 2147 785 Constantii
2177 727 2317 783 notis
2339 736 2393 782 et
2411 726 2738 781 lectionibus
2768 725 3108 779 variantibus
3135 729 3431 797 excerptis;

1851 822 1906 875 in
1940 821 2231 875 novissima
2274 818 2618 874 Couciliorum
2648 817 2837 872 Gallia:
2864 816 3195 871 Collecﬁone
3237 832 3266 871 a
3311 816 3433 873 PP.

1854 913 2112 967 Maurinis
2139 928 2311 983 nuper
2337 912 2609 976 inchoata,
2640 921 2790 965 tomo
2818 909 2862 976 1,
2892 923 3015 979 pag.
3050 907 3154 964 584
3181 917 3237 963 et
3256 906 3385 963 426.

777 1156 919 1272 Β.
998 1158 2014 1274 εωιεετιιπι
2086 1164 2157 1273 I
2250 1161 2795 1273 PAPE

542 1367 1572 1519 EPISTOLZE
1668 1372 1913 1516 ET
2008 1368 3009 1516 DECRETA.

953 1600 1052 1664 (Ex
1075 1601 1193 1653 edit.
1215 1601 1480 1654 Constantii
1503 1602 1629 1667 apud
1654 1601 1782 1654 Bibl.
1800 1601 1939 1652 Vett.
1965 1600 2098 1650 Patr.
2130 1597 2351 1650 Gallaud.
2378 1604 2493 1647 tom.
2515 1594 2623 1659 IX.)

701 1834 727 1863 ⁸
751 1823 1081 1881 EPISTOLA
1120 1825 1164 1880 Ι.

214 1978 512 2025 Αυαυετικι
545 1976 875 2019 ιιιΡΡοιηι-ῑκειε
922 1979 1158 2020 EPISCOPI
1200 1981 1267 2020 AD
1306 1978 1661 2021 CCBLBSTINUII

834 2051 1029 2090 ΡΑΡΑΜ.

152 2176 345 2231 Antonii
372 2176 604 2247 episcOpi
651 2174 1005 2239 Fussalensis,
1035 2175 1123 2243 qui
1151 2175 1605 2229 administratione
1630 2173 1731 2228 ιπ-

209 2248 377 2304 clesice
405 2264 519 2303 sua:
567 2247 629 2301 ob
675 2248 871 2301 scelera
900 2247 1154 2314 privatus,
1187 2247 1530 2315 apostolicam
1560 2247 1732 2300 sedem

212 2320 587 2391 appellaverat,
610 2334 774 2391 causa
810 2319 1061 2391 exposita,
1096 2318 1378 2373 obtestatur
1404 2327 1459 2372 ut
1484 2320 1644 2371 latam
1676 2320 1731 2371 in

207 2389 370 2460 ipsum
390 2389 707 2445 sententiam
729 2390 900 2462 vigere
926 2390 1085 2445 sinat.

146 2543 363 2601 Domino
395 2544 719 2619 beatissimo
772 2550 828 2598 et
874 2542 1053 2619 debita
1092 2545 1358 2619 charilate
1406 2544 1722 2619 venerando

205 2627 392 2744 salicto
444 2631 607 2689 papa:
653 2613 987 2671 C(ELISTINO
1027 2613 1364 2673 Aneosrmns
1410 2617 1465 2670 in
1500 2616 1730 2673 Domino

202 2702 257 2742 sa
319 2698 455 2746 tem.

206 2842 254 2897 ί.
310 2843 564 2900 Primum
621 2840 1040 2912 gratulationem
1105 2842 1273 2898 reddo
1321 2841 1532 2897 meritis
1584 2842 1715 2907 tuis,

144 2938 273 3007 quod
318 2946 377 2995 te
418 2938 513 2993 illa
555 2936 687 2993 sede
734 2936 995 2991 Dominus
1038 2936 1182 2991 Dens
1228 2945 1415 2990 noster
1448 2934 1565 2989 sine
1596 2935 1724 2999 ulla,

140 3029 269 3086 sicut
308 3031 649 3096 audivimus,
681 3029 854 3098 plebis
872 3043 986 3083 sua:
1012 3027 1334 3084 discissione
1365 3026 1394 3065 ι’
1416 3026 1726 3081 constituit.

140 3120 339 3181 Deinde
386 3124 608 3179 insinuo
648 3121 925 3175 sanctitati
965 3128 1073 3173 tuac
1119 3136 1239 3187 quae
1266 3119 1376 3172 sint
1420 3116 1567 3170 circa
1601 3130 1724 3183 nos,

1755 1824 1806 1885 B
1834 1822 2056 1891 longum
2089 1829 2175 1875 est
2220 1822 2497 1889 explicare
2526 1836 2541 1875 :
2577 1821 2650 1874 ita
2682 1829 2742 1875 ut
2784 1820 2859 1875 ibi
2890 1824 3192 1895 presbyteri
3219 1824 3311 1892 qui
3342 1825 3427 1882 eis

1842 1924 1866 1952 ο
1899 1911 2294 1983 congregandis
2348 1927 2378 1966 a
2428 1910 2587 1966 nobis
2636 1912 2888 1982 primitus
2938 1917 3218 1972 constituti
3263 1927 3414 1983 sunt,

1836 2006 2295 2076 exSpoliarentur,
2324 2004 2685 2070 caederentur,
2710 2003 3148 2071 debilitarentur,
3176 2022 3422 2063 excaeca-

1834 2111 2046 2165 rentur,
2076 2099 2492 2161 occiderentur;
2522 2112 2754 2167 quorum
2786 2106 2963 2151 tamen
2994 2100 3278 2167 passiones
3305 2101 3426 2154 inn-

1834 2194 1956 2249 tiles
1986 2210 2048 2248 ac
2080 2193 2293 2247 steriles
2320 2208 2426 2246 non
2462 2193 2698 2255 fuerunt,
2732 2190 2955 2243 unitatis
2986 2190 3092 2243 illic
3122 2193 3415 2247 securitate

1840 2288 2102 2357 perfecta.
2132 2286 2240 2341 Sed
2270 2284 2413 2355 quod
2438 2285 2507 2339 ab
2548 2283 2797 2353 Hippone
2823 2294 3182 2337 memoratum
3213 2284 3415 2338 castel-
3458 2274 3472 2287 ⁸

1834 2378 1945 2432 lum
1996 2378 2235 2431 millibus
2286 2376 2642 2446 quadraginta
2708 2374 3029 2444 seiungitur,
3087 2388 3208 2429 cum
3246 2375 3301 2429 in
3340 2375 3422 2431 eis

1832 2470 2086 2541 regendis
2118 2477 2172 2524 et
2199 2486 2388 2525 eorum
2416 2468 2663 2537 reliquiis
2691 2468 2817 2523 licet
2846 2468 3053 2538 exiguis
3072 2466 3417 2538 colligendis,

1832 2577 1953 2632 quae
1978 2563 2030 2617 in
2063 2570 2292 2631 utroque
2324 2576 2454 2615 sexu
2479 2559 2826 2624 aberrabant,
2852 2573 2962 2614 non
3002 2560 3246 2615 minaces
3274 2560 3417 2615 ulte-

1831 2654 1967 2718 rius,
1999 2652 2095 2708 sed
2127 2653 2371 2723 fugaces,
2406 2667 2493 2706 me
2526 2651 2769 2706 viderem
2808 2650 2972 2705 latius
3011 2667 3170 2719 quam
3200 2660 3423 2720 oporte-

1832 2744 1926 2800 bat
1972 2744 2225 2812 extendi,
2278 2758 2378 2798 nec
2424 2742 2746 2797 adhibendae
2809 2743 3062 2797 sulticere
3126 2743 3420 2811 diligentiae

1831 2852 1993 2907 quam
2054 2836 2365 2891 certissima
2412 2836 2626 2890 ratione
2678 2833 2921 2888 adhiberi
2977 2833 3180 2887 debere
3226 2846 3423 2889 cerne—

1833 2928 1980 2994 bam,
2013 2928 2329 2998 episcopum
2369 2926 2441 2981 ibi
2471 2924 2834 2981 ordinandum
2866 2922 3419 2993 constituendumque

1833 3020 2042 3075 curavi.

1908 3113 1960 3166 '5.
1988 3110 2142 3177 Quod
2181 3120 2238 3165 ut
2272 3110 2452 3175 ﬁeret,
2492 3119 2677 3178 aptum
2717 3111 2840 3163 loco
2881 3108 2960 3163 illi
3006 3122 3417 3180 congruumque

137 3224 324 3272 utnon
358 3214 543 3270 solum
579 3211 787 3267 orando
817 3226 917 3281 pro
954 3210 1134 3280 nobis,
1165 3225 1354 3264 verum
1387 3208 1553 3262 etiam
1592 3221 1725 3261 con-
1754 3204 1799 3265 C
1833 3203 2197 3271 requirebam,
2231 3205 2320 3271 qui
2350 3211 2404 3257 et
2432 3201 2635 3257 Punica
2679 3202 2862 3271 lingua
2907 3210 3054 3257 esset
3096 3201 3414 3257 instructus.

137 3308 374 3365 sulendo
416 3312 473 3359 et
511 3302 831 3374 opitulando
860 3302 1171 3357 subvenias.
1202 3301 1259 3355 in
1308 3315 1501 3371 magna
1534 3300 1731 3369 quippe

136 3397 502 3456 tribulatione
548 3393 778 3465 positus,
826 3394 942 3449 htec
1011 3394 1078 3448 ad
1132 3406 1278 3449 tuam
1336 3392 1729 3448 beatitudinem

138 3493 337 3564 scripta
364 3488 579 3553 direxi;
610 3487 862 3558 quoniam
897 3487 1090 3543 volens
1122 3486 1384 3557 prodesse
1410 3486 1731 3557 quibusdam

139 3584 184 3639 in
213 3595 411 3641 nostra
450 3581 733 3639 vicinitate
775 3583 1037 3639 membris
1063 3582 1288 3649 Christi,
1325 3597 1573 3652 magnam
1622 3581 1730 3636 illis

140 3677 346 3733 cladem
384 3674 730 3745 improvidus
754 3684 808 3730 et
831 3676 1084 3729 incautus
1112 3675 1342 3744 ingessi.

201 3771 257 3825 2.
286 3768 525 3827 Fussala
556 3767 757 3824 dicitur
805 3768 1145 3840 Hipponensi
1196 3769 1478 3825 territorio
1516 3770 1734 3825 contine

144 3862 453 3919 castellum.
497 3859 673 3916 Antea
724 3860 797 3917 ibi
830 3876 1125 3931 numquam
1159 3860 1449 3931 episcopus
1483 3860 1603 3928 luit,
1635 3860 1732 3916 sed

146 3954 292 4009 simul
324 3969 461 4011 cum
492 3952 747 4025 contigua
777 3954 882 4009 sibi
926 3955 1146 4025 regione
1175 3954 1241 4009 ad
1280 3955 1568 4025 parmciam
1598 3953 1730 4025 Hip-

150 4050 395 4115 ponensis
454 4047 715 4103 Ecclesia:
757 4048 1090 4118 pertinebat.
1126 4049 1335 4105 Paucos
1377 4050 1611 4105 habebat
1640 4050 1732 4106 illa

150 4146 279 4198 terra
308 4139 639 4208 catholicos,
671 4150 900 4197 caeteras
929 4142 1119 4212 plebes
1146 4142 1257 4198 illic
1284 4143 1335 4196 in
1365 4158 1557 4214 magna
1588 4145 1731 4198 mul-

151 4229 364 4290 titudine
410 4232 697 4288 hominum
741 4234 1079 4290 constitutas
1124 4234 1532 4290 Donatistarum
1576 4251 1735 4292 error

152 4323 531 4382 miserabiliter
583 4324 884 4394 obtinebat,
916 4326 987 4381 ita
1038 4336 1099 4382 ut
1154 4328 1208 4382 in
1258 4328 1448 4383 eodem
1499 4328 1731 4383 castello

153 4409 322 4466 nullus
362 4418 524 4469 esset
564 4412 787 4466 omnino
832 4412 1156 4469 catholicus.
1188 4412 1383 4470 Actum
1426 4421 1510 4470 est
1538 4414 1591 4469 in
1640 4414 1735 4469 Dei

156 4500 521 4561 misericordia
574 4512 633 4559 ut
684 4508 866 4561 omnia
916 4508 1031 4578 ipsa
1064 4508 1182 4563 loca
1226 4508 1421 4563 unitati
1476 4508 1736 4565 Ecclesia:

156 4592 526 4663 cohaererent,
555 4611 653 4667 per
678 4606 910 4668 quantos
940 4599 1153 4655 labores
1181 4607 1237 4653 et
1264 4598 1500 4669 pericula
1527 4608 1734 4671 nostra,

1841 3296 1911 3352 Et
1951 3294 2211 3349 habebam
2256 3295 2325 3349 de
2354 3310 2462 3365 quo
2488 3293 2789 3361 cogitabam
2838 3302 3082 3363 paratum
3126 3294 3415 3365 presbyte-

1840 3403 1984 3453 rum,
2016 3395 2237 3457 propter
2269 3403 2430 3457 quem
2464 3385 2845 3453 ordinandum,
2886 3394 3135 3442 sanctum
3166 3384 3195 3425 ἀ
3223 3402 3415 3445 senem

1841 3482 1931 3553 (ιυί
1962 3492 2093 3536 tunc
2122 3481 2409 3552 primatum
2448 3480 2713 3536 Numidiae
2738 3480 2988 3551 gerebat,
3012 3480 3081 3537 de
3120 3481 3421 3552 longinquo

1839 3585 1900 3630 ut
1926 3575 2138 3630 veniret
2166 3590 2363 3645 rogans
2408 3575 2603 3631 litteris
2635 3574 2942 3645 impetravi.
2976 3574 3096 3643 Quo
3120 3575 3234 3647 jam
3281 3589 3421 3645 prte-

1841 3681 2016 3735 sente,
2048 3670 2400 3738 omniumque
2428 3672 2477 3724 in
2514 3686 2574 3726 re
2612 3678 2755 3725 tanta
2802 3674 3081 3741 suspensis
3112 3672 3328 3738 animis,
3356 3672 3427 3729 ad

1838 3762 2027 3816 horam
2054 3775 2151 3816 nos
2175 3761 2267 3815 ille
2297 3762 2387 3831 qui
2411 3761 2542 3814 mihi
2566 3770 2786 3829 paratus
2814 3762 3097 3817 videbatur
3127 3765 3276 3819 omni
3306 3780 3429 3819 mo-

1835 3854 1907 3911 do
1940 3854 2249 3910 resiSIendo
2278 3854 2540 3909 destituit.
2576 3852 2690 3923 Ego
2712 3861 2921 3917 autem,
2954 3854 3043 3921 qui
3070 3856 3279 3925 utique,
3314 3858 3426 3913 sic-

1836 3958 1897 4003 ut
1942 3949 2128 4004 exitus
2158 3948 2379 4015 docuit,
2412 3946 2634 4002 ditlerre
2662 3945 2843 4017 potius
2871 3945 3057 4011 debui,
3091 3963 3253 4013 quam
3280 3951 3423 4017 peri-

1838 4044 2084 4099 culosum
2118 4043 2461 4115 praecipitare
2492 4042 2794 4113 negotium,
2828 4039 2954 4095 dum
2995 4039 3123 4095 nolo
3162 4041 3422 4111 gravissi-
3513 4068 3537 4088 κ

1840 4154 1987 4194 mum
2016 4151 2071 4195 et
2100 4139 2507 4195 sanctissimum
2542 4152 2729 4193 senem
2772 4135 2837 4191 ad
2869 4151 2971 4193 nos
3018 4150 3189 4207 nsque
3235 4134 3427 4204 fatiga-

1838 4238 1975 4297 tum,
2007 4231 2125 4286 sine
2165 4231 2361 4287 ell‘ectn
2395 4240 2613 4301 propter
2657 4244 2818 4300 quem
2848 4236 3073 4285 venerat
3118 4238 3224 4283 tam
3267 4228 3429 4298 longe

1839 4322 1908 4377 ad
1937 4324 2158 4393 propria
2184 4338 2453 4388 remeare,
2475 4322 2650 4378 obtuli
2674 4337 2778 4377 non
2806 4320 3116 4392 petentibus
3135 4319 3426 4390 quemdam

1840 4413 2240 4469 adolescentem
2283 4414 2579 4470 Antonium
2630 4416 2722 4484 qui
2754 4428 2965 4470 mecum
3015 4421 3144 4468 tunc
3194 4420 3334 4481 erat,
3369 4412 3427 4470 in

1840 4507 2173 4563 monasterio
2212 4506 2430 4576 quidem
2462 4522 2492 4560 a
2534 4506 2694 4562 nobis
2734 4520 2763 4559 a
2797 4506 3021 4577 parvula
3052 4512 3212 4560 aetate
3240 4504 3421 4561 nutri-

1845 4608 1979 4665 tum,
2010 4598 2105 4655 sed
2128 4610 2325 4670 praeter
2354 4600 2603 4656 lectionis
2630 4603 2655 4632 ⁶
2682 4597 2919 4655 ofﬁcium
2951 4598 3111 4655 nullis
3137 4599 3432 4660 clericatus

221 4760 244 4827 ξ
274 4752 495 4827 scripta
536 4754 681 4827 circa
704 4754 925 4827 initium
957 4754 1085 4827 anni
1117 4756 1243 4810 425.
1274 4754 1425 4827 inter
1447 4754 1734 4827 Augustini
1757 4756 1812 4817 D
1838 4757 2199 4809 communione
2213 4755 2555 4827 suspendunt,
2578 4771 2794 4823 quorum
2818 4757 3091 4810 schismate
3112 4757 3254 4824 plebs
3276 4760 3431 4815 etiam

160 4822 410 4896 epistolas:
436 4831 544 4877 est.
563 4824 769 4896 _Statim
801 4835 962 4896 atque
1004 4826 1283 4882 Ctelestini
1316 4827 1515 4881 electio
1534 4822 1615 4882 'et
1644 4843 1734 4881 or-

162 4889 353 4967 dinatio
399 4895 458 4967 in
500 4894 685 4967 Africa
714 4889 988 4966 divulgata
1027 4908 1133 4961 est,
1162 4898 1406 4967 adeoque
1434 4899 1577 4953 circa
1602 4899 1730 4952 anui

162 4961 256 5016 425
281 4964 630 5039 principium,
662 4961 919 5039 scriptam
964 4983 1088 5023 eese
1120 4961 1479 5039 Augustinus
1510 4970 1626 5037 ipse
1668 4969 1735 5025 ab

163 5035 375 5109 exordio
408 5037 544 5109 satis
573 5047 763 5105 aperte
791 5038 1054 5093 declarat.
1086 5035 1276 5109 Neque
1325 5056 1453 5095 vero
1494 5035 1733 5109 scrupuli

118 5162 127 5198 ι
165 5101 844 5198 chntoniilj‘ussale‘nsis-
868 5125 1029 5192 causa
1073 5101 1406 5198 ipsi'i‘njecti
1443 5101 1737 5198 procrasti-

122 5178 127 5229 Γ
165 5187 282 5255 nare
309 5193 459 5255 enm__
478 5178 732 5255 sinebant
758 5191 851 5255 aut
878 5178 1186 5251 quiescere,
1215 5178 1392 5238 donec
1422 5178 1735 5254 promptum

166 5248 235 5301 eis
258 5248 557 5305 remedium
590 5248 909 5308 invenisset;

226 5315 537 5401 {Quamvis
564 5322 793 5378 necdum
833 5340 899 5379 ex
920 5324 1381 5401 Qulaliit‘actione
1403 5325 1735 5401 defecissent

169 5387 503 5464 schismatici,
538 5405 726 5449 contra
767 5410 905 5464 quos
948 5397 1208 5452 Baronins
1259 5398 1327 5451 ad
1384 5414 1511 5452 ann.
1542 5397 1651 5453 425
1681 5410 1735 5453 et

306 5472 457 5541 putat
489 5456 682 5541 legem
723 5456 799 5521 δέ
824 5468 909 5520 tit.
940 5466 1100 5541 5__lib.
1141 5484 1229 5523 xvr
1258 5467 1395 5525 Cod.
1430 5469 1531 5523 Th.
1566 5471 1738 5539 Aqui-

174 5526 649 5609 leiaf'l'heodosvio
666 5553 789 5609 aug.
818 5554 877 5609 xi
899 5547 953 5593 et
977 5539 1351 5595 Valentiniano
1377 5556 1503 5596 cans.
1526 5526 1733 5609 cunss.,

175 5596 559 5683 hoc—estnanno
586 5606 715 5683 A25,
736 5596 836 5663 3m
864 5608 974 5663 kal.
1007 5612 1234 5683 Augusti
1272 5614 1479 5678 datum,
1509 5628 1613 5683 qna
1644 5596 1736 5667 ea;

177 5676 528 5753 VeluraCirca
575 5680 668 5734 Itos
698 5690 870 5753 autem
909 5676 1131 5734 maxime
1181 5685 1413 5753 urgenda
1459 5676 1731 5738 commotio

181 5750 262 5810 ια,
292 5748 375 5816 qui
423 5753 597 5820 pravis
645 5752 971 5809 suasionibus
1014 5769 1047 5805 a
1092 5748 1390 5811 venerabilis
1433 5771 1580 5827 papa!
1629 5771 1735 5809 sese

1836 4828 2039 4901 reliqua
2084 4828 2316 4901 vitiatur.
2362 4825 2486 4901 llis,
2531 4828 2867 4901 conventione
2919 4830 3207 4901 prtemissa,
3255 4831 3435 4901 viginti

1838 4899 2038 4951 dierum
2065 4898 2421 4951 condonamus
2445 4898 2706 4964 inducias,
2739 4900 2878 4953 intra
2908 4915 3036 4968 quos
3066 4899 3166 4953 nisi
3195 4901 3264 4954 ad
3289 4898 3433 4956 cont-

1838 4969 2097 5023 munionis
2139 4969 2382 5021 redierint
2428 4970 2699 5035 unitatem,
2736 4971 2941 5039 expulsi
2976 4986 3137 5038 usque
3166 4972 3235 5025 ad
3263 4983 3433 5029 cente-

1840 5042 2030 5113 simum
2061 5039 2621 5113 lapident,_s_olitudine
2653 5058 2803 5109 quam
2846 5043 3044 5112 eligunt
3088 5054 3433 5100 macerentur.

1916 5122 1937 5150 ε
1967 5112 2083 5168 Hoc
2115 5110 2219 5171 est.
2252 5110 2616 5165 Schismaticis
2662 5113 2726 5165 ad
2772 5110 3033 5166 unita—tem
3083 5113 3435 5174 reducendis.

1912 5180 1938 5219 ά
1968 5184 2099 5255 Puta
2152 5183 2457 5247 Silvanum,
2496 5183 2586 5255 qui
2618 5182 2760 5252 apud
2788 5183 3147 5253 Augustinum
3184 5186 3433 5255 epistolae

1845 5253 1948 5309 128
1975 5264 2032 5308 ut
2062 5254 2234 5310 Senex
2263 5255 2490 5307 ecclesia:
2520 5253 2863 5320 Sammensis,
2891 5263 2945 5309 et
2968 5253 3344 5323 epistolaail‘29
3378 5267 3439 5316 ut

1842 5327 2023 5397 primgz
2051 5326 2186 5379 sedis
2217 5326 2495 5397 provincia:
2526 5324 2789 5397 Numidia:
2802 5326 3092 5394 episcopus
3122 5326 3436 5384 subscribit.

1917 5406 1939 5433 ⁸
1974 5396 2217 5451 Zosimus
2250 5396 2408 5465 epist.
2441 5397 2497 5460 9,
2526 5413 2581 5449 n.
2625 5394 2680 5460 5,
2705 5396 2983 5459 decernit,
3017 5403 3077 5449 ut
3119 5400 3205 5462 qui
3251 5399 3314 5451 ab
3354 5400 3436 5451 in-

1844 5468 2009 5538 fantia
2058 5467 2415 5521 ecclesiasticis
2476 5469 2767 5522 ministeriis
2809 5484 2995 5522 nomen
3040 5467 3257 5527 dederit.
3304 5470 3435 5523 inter

1844 5539 2055 5592 lectores
2088 5556 2241 5608 usque
2282 5541 2352 5591 ad
2376 5540 2669 5592 vicesimum
2710 5540 2875 5593 (etatis
2918 5554 3108 5602 annum
3137 5540 3435 5595 continuata

1846 5611 2194 5665 observatione
2222 5610 2481 5681 perduret.
2498 5611 2610 5675 Qua
2640 5610 2692 5665 in
2716 5626 2773 5665 re
2790 5611 2835 5665 is
2859 5624 2996 5680 papa
3016 5608 3192 5663 Siricii
3224 5614 3381 5677 epist.
3403 5611 3431 5667 1

1846 5698 1901 5737 n.
1948 5681 2014 5735 15
2044 5683 2321 5738 decretum
2346 5695 2565 5737 secutus
2596 5692 2699 5737 est.
2734 5682 3002 5751 Quocirca
3036 5681 3301 5735 Antonius
3335 5682 3436 5739 ille

1847 5770 1876 5809 a
1901 5754 2120 5823 parvula
2147 5762 2308 5810 aetate
2336 5753 2785 5827 lectorinitiatus,
2804 5755 3097 5826 statimque
3122 5754 3430 5827 Augustino
