3982 6182
502 164 613 221 Μθ

1273 159 1339 218 S.
1374 156 1769 218 C(ELES'IINI
1810 158 1827 211 Ι
1870 154 2073 213 ΡΔΡᾸΞ
2113 154 2472 215 EPISTOLE
2510 156 2599 215 ET
2642 156 2987 215 DECRETA.

3655 162 3758 218 ᾄδω

500 277 756 351 gradibus
794 281 849 335 et
890 274 1175 335 laboribus
1220 283 1426 333 notum.
1469 276 1539 331 At
1568 274 1647 328 illi
1698 273 1906 341 miseri,
1935 272 2077 345 quod
2106 274 2159 336 Α
2254 274 2427 332 6.Sed
2450 274 2579 347 quid
2605 275 2791 330 multis
2814 274 3027 333 morer?
3051 269 3638 344 Collabora,obsecro,
3662 290 3759 332 no-

502 373 735 435 futurum
769 370 945 427 fuerat
975 371 1308 440 ignorantes,
1339 367 1593 423 offerenti
1622 382 1744 423 eum
1778 367 1909 422 mihi
1949 367 2079 425 obe-

503 463 842 523 dientissime
889 462 1260 519 crediderunt.
1302 460 1442 529 Quid
1474 460 1665 531 plura?
1714 459 1917 517 factum
1971 470 2075 529 εει,

504 573 627 615 esse
657 557 763 613 illis
785 557 1071 625 episcopus
1100 554 1282 625 cmpit.

576 651 631 707 4.
662 648 805 717 Quid
846 646 1233 704 taciam?Nolo
1285 646 1426 721 apud
1474 655 1619 703 tuam
1667 647 2078 703 venerationem

506 756 726 811 gravare
765 755 923 810 quem
979 738 1325 797 nutritmdum
1378 739 1605 810 collegi;
1656 740 1780 794 nolo
1825 740 2081 797 deserere

504 849 637 904 quos
674 833 1009 905 colligendos
1045 833 1333 889 timoribus
1363 841 1418 889 et
1456 832 1738 888 doloribus
1770 833 2073 903 parturivi;

505 938 559 984 et
595 929 863 999 quomodo
894 936 1179 998 utrumque
1209 943 1386 997 agam,
1417 928 1658 997 reperire
1690 942 1796 981 non
1828 942 2072 996 possum.

507 1021 612 1075 Res
643 1022 839 1091 quippe
876 1020 941 1074 ad
976 1031 1182 1075 tantum
1221 1020 1535 1075 scandalum
1578 1020 1745 1087 venit,
1777 1030 1836 1075 ut
1865 1019 1916 1075 in
1958 1036 2082 1075 cum

506 1114 589 1167 hic
608 1113 747 1180 apud
775 1128 870 1168 nos
887 1129 1079 1169 causas
1108 1113 1376 1175 dicerent,
1397 1114 1486 1183 qui
1509 1113 1577 1168 de
1600 1112 1743 1169 illius
1768 1113 2083 1184 episcOpatu

504 1205 864 1274 suscipiendo,
903 1215 1172 1274 tamquam
1204 1205 1341 1258 bene
1374 1203 1477 1257 sibi
1520 1205 1955 1271 consulentibus,
1983 1207 2082 1261 ob-

507 1308 944 1367 temperaverant
977 1298 1153 1354 nobis.
1188 1297 1244 1352 in
1268 1298 1465 1367 quibus
1507 1300 1686 1353 causis
1714 1315 1835 1355 cum
1863 1308 2082 1368 stupro-

504 1407 621 1445 rum
651 1390 879 1445 crimina
910 1389 1179 1457 capitalia,
1206 1406 1326 1457 quae
1350 1406 1457 1444 non
1487 1390 1555 1447 ab
1582 1391 1711 1460 ipsis
1740 1392 1933 1460 quibus
1968 1393 2084 1462 epi-

501 1498 696 1551 scopus
722 1492 856 1549 erat,
892 1481 988 1536 sed
1019 1482 1088 1535 ab
1117 1482 1239 1535 aliis
1265 1483 1586 1551 quibusdam
1613 1484 1821 1553 objecta
1846 1484 2078 1551 fuerant,

503 1575 716 1644 probari
750 1576 967 1628 minime
1000 1574 1324 1643 potuissent,
1358 1586 1517 1643 atque
1566 1576 1632 1628 ab
1678 1577 1742 1630 iis
1791 1591 1913 1646 qua:
1945 1578 2081 1631 invi-

504 1667 812 1722 diosissime
855 1666 1229 1735 jaclabanlur,
1284 1667 1559 1721 videretur
1618 1682 1740 1722 esse
1799 1679 2080 1738 purgatus,
2115 1665 2162 1725 B

506 1770 610 1815 tam
642 1759 981 1814 miserandus
1006 1759 1182 1815 iactus
1212 1765 1367 1813 estet
1399 1760 1554 1814 nobis
1581 1770 1639 1815 et
1668 1761 1813 1828 aliis,
1841 1772 1896 1815 ut
1924 1762 2085 1832 quid-

503 1851 631 1922 quid
660 1866 690 1904 a
728 1851 1041 1906 castellanis
1084 1860 1137 1905 et
1182 1850 1327 1905 illius
1360 1851 1599 1920 regionis
1650 1853 1964 1909 hominibus
2015 1855 2086 1909 de

502 1943 830 1999 intolerabili
861 1942 1251 2009 dominatione,
1278 1940 1348 1997 de
1388 1942 1593 2008 rapinis
1624 1952 1675 1997 et
1713 1944 1946 2000 diversis
1986 1960 2086 2015 op.

502 2034 869 2105 pressionibus
913 2042 969 2090 et
1011 2032 1429 2088 contritionibus
1472 2034 1852 2103 objiciebatur,
1879 2052 2085 2107 nequa-

498 2146 656 2200 quam
682 2129 837 2184 nobis
870 2129 975 2184 tale
1005 2128 1302 2191 videretur,
1338 2136 1395 2182 ut
1423 2138 1645 2196 propter
1692 2130 1794 2185 hoc
1841 2131 1927 2186 vel
1958 2146 2085 2199 pro-

500 2234 619 2293 pter
646 2224 808 2278 simul
837 2231 1031 2279 cuucta
1079 2230 1361 2292 mugesta,
1392 2224 1707 2293 episcopatu
1754 2240 1878 2279 eum
1932 2233 2085 2292 puta-

501 2332 683 2371 remus
718 2331 840 2371 esse
885 2314 1228 2384 privandum,
1263 2315 1359 2369 sed
1398 2315 1734 2371 restituenda
1785 2331 1903 2385 qua:
1945 2330 2077 2385 pro-

499 2408 757 2462 bareutur
783 2407 985 2462 ablata.

569 2500 625 2553 ὅ.
652 2500 892 2569 Denique
933 2499 1233 2554 sententias
1282 2508 1499 2555 nostras
1526 2500 1605 2555 sic
1634 2500 2079 2569 temperavimus,

498 2600 556 2648 ut
580 2592 730 2647 salvo
778 2591 1114 2662 episeOpatu,
1154 2606 1261 2646 non
1314 2599 1490 2647 tamen
1542 2593 1767 2647 omnino
1818 2593 2082 2659 impunita

496 2686 957 2756 relinquerentur,
990 2699 1109 2754 qua:
1156 2700 1264 2739 non
1296 2684 1562 2740 deberent
1612 2686 1695 2738 vel
1748 2685 1927 2740 eidem
1980 2685 2082 2754 ipsi

493 2778 750 2846 deinceps
778 2777 1085 2845 iterumque
1112 2775 1381 2843 facienda,
1411 2777 1495 2831 vel
1524 2777 1747 2831 ceteris
1795 2776 2078 2842 imitanda,

493 2870 744 2939 proponi.
789 2869 1060 2923 Houorem
1109 2868 1293 2936 itaque
1329 2871 1599 2937 integrum
1632 2869 1969 2924 servavimus
1993 2869 2082 2937 ju-

488 2961 611 3015 veni
657 2959 1127 3031 corrigendo;sed
1176 2960 1523 3029 corripiendo
1575 2960 1866 3013 minuimus
1919 2971 2076 3027 pote-

2183 367 2414 433 biscum,
2449 369 2649 437 pietate
2698 368 3022 423 venerabilis
3070 367 3289 423 domine
3343 367 3679 435 beatissime,
3706 376 3759 424 et

2180 459 2361 515 debita
2391 459 2655 514 cbaritate
2683 460 2992 516 venerande
3020 469 3206 515 sancte
3236 475 3396 531 papa,
3428 470 3482 515 et
3506 460 3641 532 jube
3666 461 3757 519 tibi

2182 570 2300 624 quae
2339 554 2544 609 directa
2578 564 2703 610 sunt
2738 555 2915 610 omnia
2960 556 3195 611 recitari.
3228 555 3363 612 Vide
3389 557 3757 629 episcopatum

2182 648 2416 718 qualiter
2446 650 2710 720 gesserit;
2733 648 3191 719 quemadmodum
3214 648 3417 718 judicio
3444 660 3631 706 nostro
3675 668 3760 708 us-

2182 757 2286 811 que
2329 743 2464 797 adeo
2508 744 2868 807 consenserit,
2912 742 3294 798 communione
3348 743 3625 815 privatus,
3663 746 3763 801 nisi
3832 778 3835 779 ν

2189 836 2339 905 prius
2362 834 2777 892 Fussalensibus
2803 835 2984 890 omnia
3017 835 3401 902 redderentur;
3430 835 3539 907 jam
3573 847 3764 907 postea

2186 935 2242 981 ut
2271 941 2329 981 re
2370 934 2489 980 acta
2531 927 2812 981 aestimatis
2838 927 3001 982 rebus
3024 926 3229 981 solidos
3261 930 3586 998 seposuerit,
3621 940 3678 984 ut
3710 928 3763 985 ei
3836 952 3839 957 ⁴

2184 1020 2501 1072 communio
2544 1018 2892 1085 redderetur;
2928 1034 3086 1089 quam
3113 1028 3331 1076 versuta
3357 1023 3609 1078 suasione
3639 1037 3770 1079 san-

2183 1117 2330 1164 ctum
2368 1124 2555 1167 senem
2591 1118 2618 1148 ⁸
2650 1110 2935 1187 ρι’ίιιξιιθω
2979 1122 3222 1169 nostrum
3270 1114 3647 1182 gravissimum
3690 1117 3771 1170 vi-

2185 1217 2331 1270 rum,
2354 1209 2409 1255 ut
2437 1204 2484 1256 ei
2528 1211 2723 1255 cuncta
2765 1203 3037 1271 crederet,
3067 1220 3226 1273 quem
3256 1206 3401 1259 velut
3425 1208 3571 1260 omni
3604 1208 3767 1263 modo

2186 1293 2521 1362 inculpatum
2562 1294 2870 1349 venerando
2900 1311 3052 1366 papae
3100 1297 3376 1355 Bonifacio
3426 1300 3771 1355 commenda-

2188 1395 2291 1447 ret,
2320 1385 2619 1450 induxerit;
2665 1395 2721 1441 et
2776 1398 2973 1445 σείει-ει
2999 1404 3121 1457 qua:
3145 1404 3175 1443 a
3221 1404 3307 1445 me
3337 1390 3465 1462 quid
3505 1406 3641 1461 opus
3682 1402 3769 1448 est

2187 1480 2376 1546 recoli,
2404 1495 2524 1533 cum
2574 1492 2906 1535 rnemoratus
2952 1483 3283 1539 venerabilis
3328 1499 3499 1541 senex
3523 1485 3588 1541 ad
3616 1495 3762 1541 tuam

2186 1574 2606 1629 sanctimoniam
2636 1574 2886 1630 universa
2916 1576 3208 1630 retulerit?

2263 1665 2312 1716 7.
2348 1664 2405 1719 In
2435 1665 2541 1718 illis
2571 1676 2752 1719 autem
2805 1666 3197 1736 multiplicibus
3250 1670 3416 1737 gestis
3470 1671 3660 1741 quibus
3700 1672 3775 1729 de

2192 1755 2282 1810 illo
2330 1766 2571 1810 nostrum
2615 1757 2877 1826 judicium
2923 1760 3252 1824 continetur,
3290 1763 3460 1831 magis
3513 1764 3773 1820 deberem

2187 1849 2385 1913 vereri,
2414 1863 2480 1901 ne
2507 1848 2601 1902 tibi
2630 1850 2805 1903 minus
2830 1864 3023 1904 severe
3052 1867 3210 1920 quam
3235 1865 3513 1922 oporteret
3534 1855 3769 1925 judicas-

2188 1954 2248 1994 se
2290 1939 2605 2006 videamur;
2640 1942 2743 1996 nisi
2799 1942 2998 1997 scirem
3052 1958 3147 1998 vos
3194 1954 3301 1999 tam
3354 1961 3652 2015 propensos
3700 1950 3779 2004 ad

2190 2032 2643 2099 misericordiam,
2676 2043 2730 2086 ut
2772 2048 2875 2087 non
2901 2034 3075 2088 solum
3117 2035 3295 2101 nobis,
3319 2038 3438 2107 quia
3462 2038 3538 2091 illi
3571 2053 3783 2107 peper-

2189 2126 2382 2189 cimus,
2432 2140 2624 2181 verum
2670 2126 2833 2181 etiam
2887 2128 2986 2194 ipsi
3026 2127 3347 2183 existimetis
3374 2144 3497 2187 esse
3538 2145 3783 2200 parcen?

2191 2217 2336 2273 dum.
2359 2219 2463 2272 Sed
2492 2218 2766 2288 ille,quod
2799 2232 2829 2272 a
2861 2219 3017 2273 nobis
3046 2231 3137 2273 aut
3166 2220 3395 2290 benigne
3426 2230 3516 2275 aut
3545 2224 3783 2281 remisse

2188 2310 2389 2364 factum
2432 2321 2535 2378 est,
2572 2312 2622 2364 in
2672 2311 3141 2381 prmscriptionem
3175 2321 3387 2367 vertere
3416 2321 3575 2385 atque
3618 2329 3782 2371 usur-

2187 2417 2317 2471 pare
2344 2410 2594 2455 conatur.
2629 2400 2842 2455 Clamat
2870 2420 2882 2457 :
2914 2404 3014 2455 Aut
3044 2404 3097 2456 in
3133 2420 3243 2457 mea
3290 2404 3541 2458 cathedra
3590 2406 3777 2461 sedere

2187 2494 2363 2556 debui,
2395 2502 2488 2546 aut
2516 2494 2792 2563 episcopus
2818 2510 2928 2549 esse
2959 2511 3063 2549 non
3108 2496 3294 2563 debui;
3316 2498 3471 2566 quasi
3500 2514 3649 2555 nunc
3680 2514 3782 2563 se-

2186 2587 2315 2641 deat
2343 2586 2446 2641 nisi
2481 2588 2534 2641 in
2562 2604 2678 2641 sua.
2710 2587 2946 2657 Propter
2972 2588 3076 2643 hoc
3106 2590 3253 2644 enim
3284 2592 3403 2647 loca
3452 2592 3543 2647 illa
3593 2593 3778 2650 eidem

2186 2679 2407 2733 dimissa
2454 2690 2615 2748 atque
2666 2681 2929 2750 permissa
2964 2692 3093 2736 sunt
3144 2685 3195 2737 in
3253 2686 3456 2754 quibus
3509 2696 3563 2741 et
3618 2688 3778 2756 prius

2186 2773 2479 2841 episcopus
2528 2781 2667 2835 erat,
2700 2788 2768 2828 ne
2816 2775 2871 2826 in
2929 2774 3160 2829 alienam
3215 2775 3528 2835 cathedram
3580 2788 3779 2837 contra

2185 2872 2383 2919 statuta
2429 2875 2643 2933 patrum
2679 2862 2704 2901 ι)
2734 2865 3028 2921 translatus
3080 2868 3274 2923 illicite
3317 2868 3613 2927 diceretur.
3662 2873 3781 2931 Aut

2186 2970 2317 3011 vero
2342 2957 2625 3026 quisquam
2660 2957 2731 3011 ita
2786 2972 2905 3013 esse
2961 2958 3124 3015 debet
3160 2961 3276 3016 sive
3310 2963 3619 3018 severitatis
3649 2964 3778 3027 sive

490 3063 705 3120 statera,
749 3070 817 3111 ne
856 3055 1063 3110 scilicet
1106 3054 1189 3111 eis
1235 3064 1490 3122 praeesset
1522 3055 1769 3118 ulterius,
1804 3070 1929 3109 cum
1960 3054 2075 3124 qui-
2102 3046 2149 3109 C
2183 3051 2429 3106 lenitatis
2458 3059 2701 3119 exactor,
2736 3061 2793 3106 ut
2820 3052 2915 3122 qui
2950 3067 3057 3108 non
3088 3055 3189 3109 visi
3234 3054 3437 3113 fuerint
3481 3058 3781 3129 episcopa-

490 3136 593 3205 bns
634 3150 717 3205 sic
768 3158 975 3219 egerat,
1007 3158 1066 3202 ut
1092 3147 1281 3203 dolore
1327 3147 1475 3217 juto
1512 3163 1635 3203 eum
1688 3148 1793 3204 sibi
1839 3163 2076 3217 praeesse

487 3240 637 3297 ferre
680 3242 906 3297 omnino
950 3254 1058 3293 non
1102 3248 1345 3308 possent,
1380 3250 1435 3294 et
1479 3255 1603 3294 cum
1663 3256 1764 3296 suo
1824 3241 2077 3310 illiusque

489 3333 733 3402 periculo
758 3333 813 3386 in
854 3331 1071 3399 aliquod
1104 3330 1281 3386 scelus
1310 3330 1537 3386 forsitan
1566 3342 1876 3401 erupturam
1903 3334 2077 3401 impa-

488 3423 731 3479 tientiam
758 3425 841 3477 sui
880 3422 1087 3475 doloris
1119 3422 1490 3478 ostenderent.
1528 3424 1768 3489 Quorum
1799 3425 1924 3479 talis
1953 3426 2074 3479 ani-

487 3529 607 3569 mus
654 3514 813 3568 etiam
870 3522 1017 3576 tunc,
1041 3512 1255 3581 quando
1284 3529 1408 3567 cum
1453 3516 1533 3569 eis
1575 3515 1644 3569 de
1681 3516 1771 3571 illo
1823 3516 2065 3584 episcopi

484 3611 733 3672 egerunt,
764 3602 1043 3659 evidenter
1065 3603 1333 3671 apparuit,
1362 3619 1482 3658 cum
1512 3604 1619 3674 jam
1646 3606 1724 3660 vir
1751 3608 2067 3675 spectabilis

483 3697 659 3764 Celer,
693 3697 759 3752 de
783 3696 936 3767 cujus
967 3696 1251 3753 adversum
1278 3712 1338 3753 se
1368 3699 1688 3767 prazpoteuti
1719 3699 2069 3756 administra-

482 3792 628 3847 tione
655 3798 983 3861 conquestus
1015 3798 1119 3858 est,
1157 3791 1357 3846 nullam
1387 3800 1542 3861 gerat
1574 3793 1656 3849 vel
1688 3794 1741 3849 in
1771 3792 1952 3849 Africa
1977 3793 2083 3858 vel,

480 3884 687 3962 uspiam
718 3891 1058 3955 potestatem.

481 4018 706 4077 traditus
737 4036 842 4075 non
873 4020 1143 4076 immerito
1174 4024 1445 4088 credatur,
1474 4027 1547 4078 uti
1604 4027 1718 4079 ﬁeri
1771 4037 1893 4083 tunc
1926 4044 2054 4084 con-

482 4094 724 4149 suevisse
756 4092 997 4160 pluribus
1025 4096 1294 4162 exemplis
1325 4096 1377 4147 in
1409 4098 1631 4151 citatum
1657 4098 1843 4151 Siricii
1878 4101 2053 4156 locum

480 4164 849 4237 probavimus.
881 4162 1305 4237 His__a_djicimus
1360 4168 1488 4237 illud
1541 4168 1935 4237 Cltrysostomi,
1988 4173 2055 4228 de

484 4233 592 4305 Quo
622 4233 897 4290 Palladius
945 4233 1167 4306 dialog.
1202 4251 1324 4306 pag.
1352 4236 1455 4289 227
1495 4233 1679 4293 scribit
1716 4258 1725 4290 :
1763 4233 2057 4296 Octodrcim

479 4322 639 4359 annos
664 4316 811 4358 natus
838 4306 1038 4359 recessit
1066 4324 1095 4357 (ι
1123 4305 1323 4361 rhetore
1355 4307 1590 4372 Libauio,
1622 4321 1771 4374 atque
1792 4328 1823 4364 (ι
1856 4312 2056 4367 Meletio

479 4375 811 4449 Antiochensi
840 4374 1225 4448 archiepiscopo
1253 4381 1561 4449 baptizatur,
1588 4393 1630 4433 et
1663 4384 1819 4434 lector
1845 4386 2058 4439 ordina-

480 4458 582 4502 tur.
615 4448 909 4519 Antonium
965 4446 1142 4519 tamen
1196 4446 1337 4503 ultra
1395 4455 1712 4519 vigesimum
1756 4456 1930 4509 aetatis
1960 4446 2137 4511 aan

479 4520 698 4593 num__in
726 4517 947 4593 lectoris
979 4518 1154 4593 ofﬁcio
1185 4517 1487 4589 perstitisse
1520 4524 1645 4578 hinc
1673 4524 1967 4593 colligitur.

548 4587 945 4662 {Valentinum
975 4589 1091 4641 scil.
1122 4587 1399 4655 Baianum,
1437 4595 1522 4657 qui
1552 4596 1603 4646 in
1630 4587 1993 4662 l'rtmtevepist.
2019 4601 2053 4653 2

479 4659 543 4713 ad
577 4659 908 4730 Bonifacium
938 4662 1116 4724 prima:
1158 4663 1291 4715 sedis
1340 4666 1615 4730 provinciw
1675 4659 1939 4721 Numidia:
1975 4673 2054 4724 in-

478 4730 748 4801 scribitur.
794 4729 1135 4801 lluncinter
1172 4733 1388 4786 Antonii
1437 4735 1648 4801 judices
1695 4754 1799 4792 non
1843 4740 2054 4796 sedisse

483 4800 608 4856 hinc
622 4800 914 4871 colligitur.
938 4800 1137 4855 Verum
1154 4805 1400 4859 eumdem
1418 4800 1625 4873 postea,
1645 4812 2056 4867 communicatis

474 4886 593 4925 cum
640 4887 705 4948 eo
749 4873 937 4939 geSIis,
972 4888 1076 4948 non
1108 4884 1313 4948 tantum
1340 4890 1600 4948 errorem
1635 4880 1922 4948 abjecisSo,
1952 4882 2047 4936 sed

477 4952 529 4996 et
581 4943 846 4996 veriorem
895 4944 1135 4997 omnium
1194 4946 1514 5001 relationem
1572 4949 1635 5002 ad
1693 4943 2050 5007 leestinum

474 5030 574 5138 qua
609 5028 728 5066 cum
761 5014 862 5066 hac
890 5016 1170 5084 Augustini
1192 5017 1416 5087 epistola
1450 5020 1663 5073 misisse
1694 5023 1938 5076 subnexa
1971 5025 2054 5077 in-

515 5092 675 5138 tcant.

515 5086 675 5139 icant.

546 5156 572 5194 ι)
603 5154 747 5209 Afris
771 5154 953 5229 ignota
985 5164 1094 5211 tum
1128 5168 1289 5214 erant
1332 5160 1676 5217 Sardicensia
1722 5162 1958 5229 decreta,
1998 5174 2057 5222 ut

476 5242 542 5304 pg
588 5228 820 5304 epistola
861 5232 1126 5304 sequenti,
1161 5246 1214 5285 η.
1244 5233 1297 5298 '5,
1333 5234 1505 5301 palam
1535 5236 1645 5287 liet.
1680 5234 1855 5289 Unum
1891 5237 2056 5304 igitur

476 5296 569 5351 hic
600 5298 851 5376 intelligit
878 5296 1227 5376 Augustinus,
1263 5296 1686 5358 ac'servandum
1722 5307 1822 5360 sibi
1854 5296 2054 5376 propo-

471 5378 698 5423 suerunt.
723 5368 939 5446 Antonii
959 5368 1189 5446 judices,
1210 5376 1408 5446 Nicmni
1434 5376 1645 5429 concilii
1671 5368 1932 5431 canonem
1957 5368 2045 5446 '15,

473 5456 583 5509 quo
611 5440 886 5517 statuitur,
914 5440 971 5495 ut
998 5444 1061 5497 de
1089 5445 1289 5517 civitate
1313 5444 1379 5497 ad
1410 5448 1661 5501 civitatem
1708 5466 1807 5503 non
1850 5440 2046 5517 episco;

469 5528 589 5589 pus,
623 5529 724 5589 non
751 5513 1028 5584 presbyter,
1061 5532 1160 5569 non
1183 5516 1426 5569 diaconus
1457 5520 1816 5585 transferatur.
1848 5513 2043 5589 Optan-

468 5581 605 5661 dum
624 5581 763 5637 foret
787 5593 844 5635 ut
867 5581 921 5638 ei
945 5593 1127 5661 nostra
1158 5595 1314 5639 aetate
1340 5581 1656 5643 servaretur
1676 5592 1793 5645 haec
1822 5581 2035 5661 regula,

462 5652 699 5708 maxime
722 5668 847 5721 erga
882 5655 1227 5724 presbyteros
1255 5672 1481 5729 quorum
1510 5660 1616 5715 vita
1643 5663 1813 5731 turpis
1843 5652 1914 5718 δέ
1935 5652 2035 5717 ηοξ

2188 3156 2273 3200 tus
2298 3143 2506 3200 honore
2533 3145 2803 3215 privandi,
2838 3146 2986 3201 nullo
3018 3148 3182 3204 modo
3212 3149 3269 3203 in
3299 3150 3378 3205 eis
3420 3151 3624 3222 aliquid
3647 3153 3777 3209 vin-

2184 3236 2547 3302 dicetur;aut
2576 3237 2629 3293 in
2675 3237 2869 3307 quibus
2911 3238 3115 3308 aliquid
3160 3240 3331 3297 visum
3382 3241 3544 3303 fuerit
3589 3245 3785 3313 νιίιιιλί-¹

2182 3329 2435 3394 cautium,
2469 3332 2814 3402 episcopatus
2848 3332 3054 3389 honore
3084 3335 3406 3404 priventur?

2250 3427 2305 3483 8.
2342 3427 2595 3483 Existunt
2639 3427 2909 3496 exempla,
2948 3428 3063 3497 ipsa
3101 3431 3232 3489 sede
3277 3434 3574 3503 apostolica
3613 3435 3774 3506 judi-

2179 3528 2334 3575 cante
2365 3520 2451 3575 vel
2479 3520 2712 3575 aliorum
2738 3520 2981 3591 iudicata
3018 3533 3039 3561 ο
3074 3523 3347 3596 ﬁrmante,
3376 3528 3636 3598 quosdam
3662 3546 3775 3601 pro

2177 3614 2351 3681 culpis
2382 3613 2730 3682 quibusdam,
2759 3631 2861 3671 nec
2892 3616 3192 3687 episcopali
3234 3620 3495 3689 spoliatos
3524 3622 3772 3694 honore,

2178 3721 2277 3761 nec
2305 3707 2526 3763 relictos
2558 3706 2891 3763 omnimodis
2914 3710 3228 3779 impunitos.
3262 3712 3392 3780 Qua:
3421 3723 3477 3769 ut
3501 3728 3531 3767 a
3557 3718 3772 3773 nostris

2178 3800 2517 3869 temporibus
2586 3802 2954 3857 remotissima
3002 3819 3108 3859 non
3162 3804 3456 3875 requiram,
3516 3810 3773 3871 recentia

2176 3893 2512 3950 memorabo.
2556 3892 2768 3950 Clamet
2806 3894 3026 3951 Priscus
3065 3898 3362 3967 provincia:
3402 3896 3770 3960 Caesariensis

2161 4051 2289 4109 cens
2322 4037 2532 4104 populis
2563 4038 2820 4094 seandalo
2862 4049 2946 4096 est
2979 4053 3032 4095 et
3061 4042 3265 4107 exitio;
3305 4060 3403 4099 nec
3452 4055 3560 4101 tam
3593 4047 3762 4109 facile

2163 4108 2496 4184 sinerentur,
2528 4118 2808 4184 postquam
2844 4112 3148 4167 Ecclesiam
3202 4115 3437 4184 primum
3486 4120 3591 4173 sibi
3633 4108 3771 4178 cre-

2163 4178 2330 4254 ditant
2393 4178 2653 4254 laeserint,
2708 4185 2889 4247 procul
2945 4184 3011 4238 ad
3063 4178 3225 4238 aliam
3266 4188 3767 4254 administrandam

2166 4249 2435 4331 transire;
2468 4250 2551 4304 cui
2580 4260 2729 4331 tanto
2751 4254 2950 4331 certius
2980 4256 3523 4331 inseruntdatnnum,
3548 4249 3765 4331 quanto

2166 4321 2342 4393 minus
2371 4322 2438 4374 ab
2473 4336 2660 4374 eorum
2694 4322 2908 4393 ﬂagitiis
2943 4336 3180 4379 cavetur.
3220 4327 3329 4382 lloc
3368 4329 3433 4384 ad
3477 4321 3760 4392 summum

2165 4390 2528 4468 liceret,_cum
2562 4390 2815 4468 gravium
2848 4398 3117 4468 scelerum
3165 4402 3424 4463 accusati,
3453 4416 3549 4455 nec
3591 4390 3763 4468 plane

2162 4463 2421 4535 convicti,
2448 4463 2683 4531 proprize
2718 4466 2892 4529 plebis
2930 4469 2999 4520 ob
3030 4483 3306 4535 aspersam
3354 4472 3506 4526 farina:
3555 4463 3758 4531 manu;

2163 4532 2267 4587 lam
2292 4532 2490 4613 minus
2514 4534 2673 4613 utiles
2704 4532 3237 4613 forejudicarentur.
3270 4540 3358 4595 Sic
3402 4556 3461 4599 se
3505 4545 3755 4613 primum

2160 4608 2395 4683 ge_ssi.5se
2419 4605 2693 4683 _videntur
2737 4606 2849 4660 Afri
2886 4624 3009 4678 erga
3039 4608 3338 4677 Apiarium,
3367 4605 3753 4683 cum-objecta

2160 4675 2381 4755 crimina
2419 4674 2766 4743 impudenter
2809 4674 3052 4750 negaret,
3085 4674 3185 4735 nec
3216 4674 3361 4737 esset
3384 4685 3525 4740 unde
3556 4674 3753 4758 aperte

2161 4758 2603 4799 COHVIHCCI’BIUT.

2234 4826 2256 4853 ο
2292 4817 2618 4880 Apostolicm
2657 4818 2806 4896 sedis
2835 4820 2886 4873 in
2936 4820 3187 4896 Afrorum
3226 4822 3447 4896 judiciis
3500 4835 3753 4896 potestas

2158 4884 2246 4971 llic
2294 4899 2480 4967 aperte
2528 4888 3000 4971 prmldica'turﬁed
3049 4884 3429 4971 observat‘vir
3473 4884 3751 4971 eruditus;

2164 4957 2274 5042 iure
2309 4973 2374 5011 eo
2401 4959 2684 5039 intervallo
2715 4962 2855 5042 dicta
2884 4977 3004 5018 esse
3025 4979 3132 5042 quo
3157 4964 3521 5042 dfriﬂomam
3555 4957 3750 5042 appet:

2163 5027 2274 5102 lare
2323 5030 2697 5102 permiserunt,
2734 5032 2905 5088 donec
2947 5027 3208 5088 consultis
3261 5035 3466 5092 Nicatni
3516 5027 3747 5102 concilii

2162 5100 2918 5178 verissimisexentplaribus,
2949 5114 3126 5160 utrum
3172 5104 3227 5159 in
3257 5108 3334 5161 eis
3368 5100 3748 5178 reperirentur

2160 5169 2365 5251 laudati
2405 5187 2431 5222 a
2480 5169 2723 5251 Zosimo
2755 5188 3009 5251 canones,
3034 5178 3311 5251 certiores
3357 5169 3479 5251 facti
3529 5169 3743 5251 essent;

2158 5238 2317 5316 Certe
2348 5241 2669 5316 Laurentius
2714 5244 2853 5316 infra
2892 5238 3242 5316 appellandus
3266 5248 3397 5304 Cod.
3430 5266 3552 5305 can.
3587 5238 3740 5313 Eccl:

2159 5310 2276 5365 Afr.
2310 5326 2359 5366 c.
2388 5313 2511 5389 155,
2545 5330 2689 5389 antro
2710 5314 2836 5389 419.
2878 5310 3311 5389 Caitbaginiensi
3349 5310 3742 5386 concilioﬁnon

2159 5391 2363 5469 tantum
2405 5385 2553 5466 velut
2604 5384 3246 5469 (corit‘antts_episcbpus,
3301 5392 3399 5469 sed
3459 5384 3743 5469 tamquam

2156 5452 2357 5527 legatus
2395 5456 2669 5522 provincia:
2733 5452 3061 5514 Ctesariensis
3111 5452 3423 5517 subscribit.
3484 5452 3741 5527 Nondum

2152 5523 2316 5592 igitur
2344 5526 2450 5601 lioc
2478 5541 2623 5601 anno
2652 5528 2914 5585 adversus
2935 5546 3054 5585 eum
3083 5531 3290 5601 prolata
3320 5542 3437 5590 erat
3465 5523 3738 5601 sententi:

2148 5609 2310 5664 quam
2345 5595 2673 5665 Augustinus
2703 5615 2827 5655 mox
2859 5595 3137 5657 memorat.
