3982 6182
163 246 238 300 ﬁl
864 230 1073 288 EPIST.
1127 232 1190 286 ll.
1245 229 1510 291 CONCIL.
1558 218 1786 285 AFRIC.
1832 224 1923 280 AD
1967 218 2433 280 C(ELESTINUM
2476 215 2727 277 PAPAM.

3294 216 3406 277 ἀεὶ

165 342 407 413 episcopus
438 354 451 391 :
487 334 597 390 Aut
636 330 705 395 ad
742 330 1033 401 primatum
1074 329 1261 399 locus,
1303 330 1446 385 sicut
1496 328 1710 384 caeteris
1735 327 1788 389 Λ
1815 326 2023 390 butum,
2049 323 2290 379 nondum
2344 321 2537 377 saltem
2571 328 2729 375 actate
2781 319 3072 387 firmatum,
3103 334 3133 375 a
3166 335 3273 391 quo
3323 324 3401 378 sic

166 446 209 492 et
250 432 363 490 mihi
388 440 571 502 patere
602 426 811 492 debuit,
843 433 936 481 aut
967 425 1308 495 episcopatus
1354 422 1487 478 mihi
1526 438 1706 479 rema-

167 541 274 583 nere
320 538 415 578 non
468 518 677 576 debuit.
727 516 939 575 Clamet
996 516 1137 571 alius
1189 514 1437 584 ejusdem
1488 514 1713 583 provin-

166 622 249 673 cia:
273 617 440 673 Victor
464 613 778 681 episcopus,
812 609 907 664 cui
935 608 1131 665 relicto
1158 608 1215 664 in
1246 606 1436 663 eadem
1469 621 1627 678 pcena
1659 608 1713 662 in

164 724 256 779 qua
278 715 324 767 et
348 707 549 763 Priscus
579 703 704 768 fuit,
729 716 1001 773 nusquam
1034 701 1135 756 nisi
1162 700 1215 755 in
1249 700 1471 755 dioecesi
1497 700 1619 769 ejus
1645 700 1714 754 ab

165 803 321 872 aliquo
361 798 789 856 communicatur
840 799 1140 866 episcopo;
1172 795 1391 858 clamet,
1443 795 1663 865 inquam
1699 811 1711 848 :

167 898 254 949 Aut
293 893 476 964 ubique
515 891 928 945 communicare
969 886 1154 954 debui,
1187 896 1278 941 aut
1302 887 1466 942 etiam
1495 886 1552 941 in
1581 888 1715 942 meis

165 986 275 1041 locis
311 983 715 1042 communicare
746 995 852 1034 non
903 978 1089 1034 debui.
1113 977 1324 1033 Clamet
1355 978 1546 1033 tertius
1570 977 1716 1047 ejus-

166 1076 266 1131 dem
308 1076 597 1149 provinciae
640 1070 971 1128 Laurentius
1031 1071 1347 1141 epiSCOpus,
1380 1076 1433 1123 et
1490 1084 1716 1138 prorsus

163 1168 296 1238 hujus
324 1167 545 1223 vocibus
572 1167 771 1220 clamet
807 1183 820 1218 :
854 1162 964 1217 Aut
1008 1162 1063 1216 in
1099 1160 1358 1216 cathedra
1390 1162 1475 1215 cui
1501 1161 1719 1216 ordina-

134 1242 231 1312 itus
257 1273 384 1325 sum,
408 1258 602 1313 sedere
632 1254 818 1321 debui,
854 1260 947 1307 aut
990 1253 1279 1322 episcopus
1325 1266 1447 1308 esse
1490 1267 1598 1306 non
1633 1252 1720 1307 de-

161 1349 253 1404 bui.
292 1350 391 1407 Sed
438 1350 561 1421 quis
615 1348 717 1402 ista
755 1355 781 1384 α
813 1348 1106 1415 vituperet,
1140 1344 1243 1399 nisi
1286 1345 1374 1414 qui
1417 1359 1605 1414 parum
1634 1352 1718 1397 at-

163 1444 326 1509 tendit,
356 1461 455 1500 nec
485 1443 661 1499 inulta
692 1442 873 1496 omnia
898 1438 1278 1510 relinquenda,
1300 1454 1399 1494 nec
1423 1454 1529 1493 uno
1557 1437 1720 1493 modo

159 1536 310 1590 omnia
339 1532 703 1591 vindicanda?

216 1629 261 1683 9.
285 1630 416 1696 Quia
448 1644 581 1700 ergo
611 1625 877 1699 pastorali
917 1623 1182 1695 vigilique
1213 1624 1422 1680 cautela
1469 1623 1721 1679 beatissi-

156 1738 259 1776 mus
291 1738 424 1793 papa
457 1720 766 1776 Bonifacius
807 1720 857 1773 iu
890 1718 1126 1788 epistola
1157 1734 1252 1773 sua
1280 1717 1480 1786 posuit,
1511 1717 1578 1773 de
1606 1719 1722 1771 An-

161 1815 302 1869 tonio
348 1815 577 1885 loquens
624 1813 897 1883 episeopo,
928 1817 983 1865 et
1033 1812 1129 1877 ait,
1168 1810 1227 1865 Si
1259 1811 1496 1863 ordinem
1544 1826 1723 1863 rerum

152 1906 295 1960 nobis
315 1905 543 1975 ﬁdeliter
566 1905 802 1958 indicarit
826 1921 840 1970 ;
867 1905 1052 1974 accipe
1079 1919 1223 1958 nunc
1246 1903 1491 1958 ordinem
1517 1918 1722 1970 rerum,

118 2012 297 2067 .quem
357 1996 452 2051 ille
503 1996 555 2050 in
609 2012 707 2050 suo
762 1996 946 2050 libello
992 1995 1238 2059 reticuit,
1273 2012 1337 2052 ac
1379 1996 1578 2053 deinde
1608 2013 1725 2068 qua:

152 2095 259 2156 post
280 2087 399 2157 ejus
427 2100 633 2142 sancite
662 2088 936 2142 memoria:
969 2087 1070 2141 viri
1112 2088 1163 2141 in
1190 2086 1370 2141 Africa
1398 2088 1564 2144 lectas
1588 2090 1728 2143 litte-

158 2195 235 2234 ras
261 2180 287 2219 ιι
319 2191 475 2252 gesta
510 2190 664 2245 sunt;
695 2190 745 2235 et
790 2181 1017 2235 subveni
1056 2180 1367 2237 hominibus
1392 2182 1727 2252 opem'tuam

150 2271 193 2326 in
216 2272 417 2328 Christi
469 2273 847 2327 misericordia
882 2274 1053 2326 multo
1082 2273 1293 2328 avidius
1325 2289 1481 2344 quam
1518 2274 1610 2329 ille
1637 2290 1729 2345 po-

148 2366 431 2430 scentibus,
475 2381 503 2419 a
533 2365 695 2435 cujus
728 2364 1106 2434 inquietudine
1134 2365 1450 2422 desiderant
1478 2367 1727 2422 liberari.

145 2456 334 2513 Iudicia
373 2456 588 2529 quippe
617 2457 751 2523 illis,
781 2466 833 2509 et
870 2458 1118 2525 publicas
1144 2467 1465 2527 potestates,
1500 2468 1554 2513 et
1585 2459 1729 2513 mili-

147 2557 276 2606 tares
321 2552 570 2620 impetus
618 2557 893 2617 tamquam
940 2559 962 2589 ο
1012 2559 1366 2605 exsecuturos
1417 2552 1730 2620 apostolicae

143 2643 275 2700 sedis
300 2644 669 2709 sententiam,
695 2642 813 2697 sive
835 2641 971 2711 ipse,
1002 2642 1118 2697 sive
1139 2658 1387 2699 rumores
1408 2643 1731 2699 creberrimi

147 2738 576 2802 comminantur;
608 2743 668 2791 ut
696 2734 884 2791 miseri
916 2734 1167 2791 homines
1205 2734 1501 2793 Christiani
1540 2737 1730 2794 catho.

148 2828 222 2885 lici
242 2829 505 2903 graviora
553 2827 849 2884 formident
874 2844 903 2883 a
934 2827 1206 2883 catholico
1235 2830 1518 2899 episcopo,
1543 2844 1730 2899 quam,

145 2936 250 2976 cum
298 2930 504 2978 essent
536 2920 806 2986 haeretici,
838 2935 868 2972 a
897 2919 1290 2975 catholicorum
1334 2922 1731 2991 imperatorum

144 3013 344 3085 legibus
378 3013 770 3069 formidabant.
804 3010 922 3066 Non
945 3014 1092 3066 sinas
1116 3011 1218 3064 ista
1250 3013 1384 3078 fieri,
1422 3012 1652 3068 obsecro
1684 3022 1737 3066 te

1813 418 2209 488 afﬂigerentur,
2248 414 2441 471 innixi.
2472 414 2661 485 Neque
2705 414 2832 469 huic
2887 414 3073 471 noceri
3130 413 3275 482 volo,
3312 416 3399 471 cui

1810 519 2017 580 quanto
2068 508 2242 580 magis
2291 510 2562 563 sinceram
2614 507 2791 563 habeo
2847 507 3190 575 charitatem,
3246 517 3401 564 tanto

1815 603 1990 674 magis
2019 618 2199 674 pravae
2246 602 2363 672 ejus
2401 602 2689 673 cupiditati
2728 602 2950 658 obsisto.
2988 602 3213 674 Utrique
3244 602 3407 661 mise-

1814 695 2108 759 ricordiam
2148 704 2460 752 mereantur
2489 705 2659 764 tuam,
2694 696 2769 752 illi
2801 712 2868 751 ne
2916 695 3056 752 mala
3100 697 3397 767 patiantur,

1817 788 1923 844 iste
1954 803 2021 843 ne
2052 786 2239 854 faciat;
2275 788 2351 842 illi
2378 803 2446 843 ne
2471 787 2688 842 oderint
2716 786 3060 855 catholicam,
3089 788 3136 841 si
3161 802 3191 841 a
3217 788 3407 843 catho-

1820 883 1934 939 licis
1974 882 2272 953 episcopis,
2302 883 2650 955 maximeque
2685 884 2753 940 ab
2785 884 2899 953 ipsa
2927 884 3058 939 sede
3086 884 3405 956 apostolica,

1819 984 2009 1030 c0ntra
2044 975 2368 1033 catholicum
2420 992 2526 1031 non
2572 976 2653 1032 eis
2700 975 3017 1032 subvenitur
3055 977 3405 1047 episcopum;

1822 1069 1928 1125 iste
1956 1079 2138 1127 autem
2170 1086 2239 1129 ne
2269 1087 2328 1127 se
2361 1081 2510 1131 tanto
2550 1072 2756 1129 scelere
2798 1070 3124 1141 obstringat,
3160 1080 3217 1127 ut
3267 1084 3405 1141 quos

1822 1160 2041 1216 molitur
2068 1161 2268 1217 invitos
2300 1161 2476 1219 facere
2506 1177 2655 1229 suos,
2689 1178 2717 1215 a
2747 1160 2963 1217 Christo
2988 1162 3149 1218 faciat
3176 1161 3406 1217 alienos.

1895 1250 1981 1306 10.
2016 1252 2100 1308 Me
2148 1267 2297 1322 sane,
2341 1253 2483 1324 quod
2531 1253 2893 1309 confitendum
2950 1262 3033 1309 est
3082 1252 3405 1310 beatitudini

1826 1353 1952 1410 tum,
2006 1346 2059 1398 in
2110 1344 2215 1401 isto
2259 1357 2608 1418 utrorumque
2650 1347 2892 1416 periculo
2935 1355 3115 1405 tantus
3162 1348 3322 1403 timor
3357 1355 3413 1404 et

1825 1452 2028 1493 mceror
2057 1439 2354 1505 excruciat,
2385 1450 2442 1497 ut
2483 1440 2551 1493 ab
2580 1440 2755 1495 officio
2780 1441 3013 1513 cogitem
3044 1440 3267 1513 gerendi
3297 1440 3411 1511 epi-

1827 1538 2078 1600 scopatus
2102 1531 2417 1598 abscedere,
2447 1541 2609 1589 etme
2640 1533 2893 1589 lamentis
2924 1535 3098 1589 errori
3131 1547 3251 1588 meo
3277 1549 3412 1588 con-

1828 1623 2167 1681 venientibus
2212 1624 2442 1693 dedcre,
2494 1626 2539 1681 si
2581 1642 2677 1695 per
2715 1643 2839 1682 eum
2882 1631 3036 1697 cujus
3080 1626 3414 1697 episcopatui

1753 1716 1801 1777 B
1827 1730 1927 1787 per
1970 1715 2386 1782 imprudentiam
2432 1716 2755 1785 suffragatus
2794 1734 2935 1786 sum,
2984 1720 3184 1774 vastari
3227 1719 3416 1776 Eccle-

1828 1808 1963 1863 siam
1997 1806 2089 1862 Dei
2122 1815 2198 1873 et,
2230 1806 2375 1876 quod
2403 1807 2516 1876 ipse
2541 1807 2682 1863 Dctts
2714 1819 2949 1877 avertat,
2984 1813 3143 1869 etiam
3172 1827 3293 1867 cum
3319 1828 3415 1866 va-

1828 1905 2022 1961 stantis
2052 1900 2359 1974 perditione
2388 1902 2568 1973 perire
2592 1915 2946 1971 conspexero.
2976 1905 3241 1961 Recolens
3271 1906 3414 1960 enim

1829 1997 1974 2067 quod
2001 1999 2077 2051 ait
2109 1996 2401 2067 Apostolus
2433 2014 2446 2049 :
2478 1996 2541 2050 Si
2572 2005 2765 2049 nosmet
2806 1996 2945 2064 ipsos
2974 1997 3353 2067 judicaremus,
3387 2016 3419 2053 a

1830 2089 2057 2147 Domino
2082 2107 2180 2147 non
2201 2089 2562 2161 judicaremur
2588 2088 2631 2162 (l
2660 2088 2781 2142 Cor.
2809 2103 2881 2149 xl,
2912 2089 3036 2157 51);
3059 2089 3311 2159 judicabo
3335 2106 3420 2149 me

1831 2182 2034 2251 ipsum,
2080 2189 2139 2236 ut
2183 2191 2369 2251 parcat
2401 2180 2532 2235 mihi
2563 2181 2650 2251 qui
2690 2180 3035 2245 judicaturus
3067 2189 3148 2235 cst
3188 2181 3334 2236 vivos
3370 2193 3424 2237 et

1832 2284 2096 2330 mortuos.
2133 2273 2188 2328 Si
2220 2283 2398 2329 autem
2428 2282 2481 2327 et
2507 2272 2749 2329 membra
2775 2271 2973 2327 Christi
3000 2288 3118 2343 quae
3142 2274 3193 2327 in
3223 2272 3310 2326 illa
3339 2289 3423 2328 res

1831 2367 1992 2436 gione
2019 2374 2147 2421 sunt
2179 2366 2246 2422 ab
2277 2365 2543 2422 exitiabili
2576 2365 2768 2420 timore
2803 2379 2865 2420 ac
2899 2366 3111 2420 tristitia
3144 2381 3423 2423 recreave-

1832 2459 1928 2526 ris,
1980 2469 2034 2515 et
2079 2474 2258 2518 meam
2290 2467 2625 2516 senectutem
2680 2458 2779 2514 hac
2829 2458 3166 2516 misericordi
3213 2460 3423 2531 juStitia

1832 2550 2001 2608 fueris
2032 2551 2369 2618 consolatus,
2402 2551 2668 2607 retribuet
2697 2551 2813 2618 tibi,
2841 2560 2897 2607 et
2929 2552 2980 2607 in
3010 2554 3263 2623 praesenti
3292 2562 3342 2609 et
3372 2552 3424 2609 in

1835 2643 2013 2700 futura
2039 2644 2172 2709 vita,
2204 2643 2340 2699 bona
2376 2658 2474 2712 pro
2506 2644 2683 2707 bonis,
2713 2644 2801 2713 qui
2834 2659 2931 2713 per
2975 2652 3026 2699 te
3058 2647 3208 2701 nobis
3248 2646 3297 2699 in
3324 2647 3422 2700 ista

1841 2735 2189 2791 tribulatione
2210 2736 2564 2800 succurrit,et
2587 2740 2677 2806 qui
2706 2745 2757 2790 te
2787 2735 2836 2789 in
2864 2735 2953 2789 illa
2972 2738 3100 2791 sede
3123 2737 3425 2792 emistituit.

2376 2848 2402 2887 ι¹
2445 2849 2780 2905 EPISTULA
2823 2849 2890 2904 ll.

1929 2957 2159 3001 CONCILII
2198 2958 2445 3001 ΔΙΙΙΟΔΝΙ
2485 2958 2553 2996 ΑΙ)
2590 2956 2771 2999 ΡΔΡΔΜ
2807 2958 3161 2999 οοειεετικυκ
3200 2958 3350 2999 υκιιιε

2391 3028 2546 3067 ΒΟΜΕ
2586 3028 2893 3068 EPISCOPUH.

146 3120 227 3172 per
272 3104 513 3194 Christi
540 3104 883 3194 sanguinem,
914 3118 1011 3172 per
1050 3104 1287 3194 apostoli
1340 3105 1489 3158 Petri
1530 3118 1738 3155 memo-
1768 3089 1814 3153 C
1848 3121 2044 3177 Nomm
2074 3124 2119 3176 8,-
2149 3125 2346 3194 [αςεηηι
2375 3122 2465 3192 φη
2496 3124 2739 3194 Apiaria,
2769 3124 2972 3194 παθίιία
2998 3141 3093 3179 ,αα
3130 3126 3281 3193 Meri
3307 3143 3430 3180 (θα,

144 3196 285 3263 riam,
320 3196 427 3266 qui
456 3192 891 3246 Christianorum
924 3191 1248 3259 praepositos
1276 3194 1600 3260 populorum
1629 3208 1743 3246 mo-

142 3289 243 3345 nuit.
275 3288 329 3359 (ι
364 3286 530 3339 Petr.
554 3282 685 3353 v,’5)
702 3282 1047 3336 neviolenter
1067 3281 1417 3338 dominentur
1442 3284 1493 3337 in
1524 3284 1739 3340 fratres.

140 3381 237 3455 Ego
278 3375 667 3437 Fussalenses
698 3375 1019 3443 catholicos,
1055 3377 1195 3432 filios
1234 3379 1288 3433 in
1314 3377 1533 3435 Christo
1566 3396 1739 3449 meos,

141 3486 186 3530 et
227 3472 551 3534 Antonium
581 3471 919 3540 episcopum,
946 3470 1120 3526 filium
1171 3472 1224 3526 in
1276 3472 1499 3528 Christo
1540 3490 1739 3543 meum,

145 3563 476 3641 benignitati
506 3562 789 3618 charitatis
819 3565 1125 3620 sanctitatis
1170 3574 1298 3631 tuae,
1326 3567 1450 3636 quia
1481 3577 1743 3637 utrosque

144 3662 325 3732 diligo,
357 3668 631 3728 utrosque
682 3656 1029 3712 commendo.
1076 3658 1261 3730 Neque
1318 3660 1743 3717 Fussalensibus

145 3765 446 3810 succenseo
480 3749 604 3821 quia
630 3748 827 3819 justam
854 3749 920 3805 de
949 3765 1034 3805 me
1063 3752 1455 3820 querimoniam
1485 3752 1744 3824 ingerunt

149 3850 359 3905 auribus
392 3846 529 3909 tuis,
557 3844 698 3914 quod
727 3844 807 3899 eis
846 3844 1121 3900 hominem
1163 3848 1407 3901 nondum
1440 3849 1571 3903 mihi
1601 3864 1736 3919 pro-

218 3971 240 3998 α
272 3961 331 4016 In
364 3966 633 4035 promptu
660 3966 775 4011 erat
801 3956 893 4035 his.
906 3960 1224 4035 exemplum
1244 3960 1485 4035 adjicere
1509 3962 1738 4035 Apiarii,

156 4031 212 4086 de
239 4048 345 4101 quo
368 4029 701 4101 'Alricauum
723 4029 1011 4084 concilium
1043 4032 1203 4101 epist.
1238 4034 1271 4087 εὶ
1311 4029 1374 4087 ad
1401 4029 1741 4090 Bonifacium

155 4100 328 4171 papam
372 4100 646 4174 statuisse
696 4116 753 4153 se
796 4101 1003 4174 scribit,
1039 4100 1091 4154 ut
1122 4103 1185 4174 de
1217 4103 1447 4158 Siccensi
1479 4103 1737 4174 Ecclesia,

156 4170 332 4227 retento
362 4170 571 4244 scilicet
598 4170 790 4244 honore
825 4172 1013 4244 gradus
1048 4173 1149 4241 sui,
1186 4186 1547 4242 removeretur,
1581 4186 1625 4230 et
1654 4170 1743 4232 ac;

159 4242 587 4319 ceptoepistolio,
608 4240 1057 4319 ubicumque‘alibi
1080 4240 1224 4319 vellet
1248 4256 1291 4319 et
1319 4258 1506 4313 posset,
1537 4240 1744 4319 presby-

161 4312 258 4385 terii
287 4312 500 4369 honore
530 4312 1087 4385 fungerenturV'erum
1119 4316 1205 4369 ubi
1238 4312 1569 4385 Augustinus
1596 4312 1745 4385 judi-

160 4384 344 4440 ciorum
395 4402 427 4439 a
496 4383 625 4457 sede
664 4384 955 4457 apostolica
1009 4383 1346 4443 firmaturum
1398 4383 1643 4457 exempla
1690 4394 1742 4445 iu

162 4457 373 4511 medium
398 4457 468 4512 ad
483 4454 850 4518 ducit,tninus
875 4455 940 4510 ad
969 4472 1082 4511 rem
1105 4457 1247 4512 illius
1278 4454 1739 4515 accmnmodatum

163 4536 261 4581 erat
311 4544 474 4583 exem
496 4526 1047 4600 plum_.lpiari_i,_qui
1108 4539 1161 4582 et
1208 4530 1491 4600 presbyter
1534 4540 1741 4587 tantum

165 4608 284 4667 erat,
306 4610 358 4655 et
386 4600 457 4653 ab
495 4595 639 4650 Afris
665 4596 737 4667 ita
765 4606 849 4650 est
868 4598 1157 4667 judicatus,
1188 4595 1245 4652 ut
1267 4595 1452 4653 eorum
1480 4602 1743 4667 judicium

166 4666 222 4742 9b
244 4670 550 4742 apostolica
585 4666 713 4742 sede
746 4666 1015 4742 ﬁrmatum
1063 4685 1168 4742 non
1213 4672 1440 4742 legatur.
1486 4666 1577 4726 iAd
1620 4689 1747 4742 pro-

167 4734 378 4812 bandam
414 4749 607 4812 tamen
640 4738 857 4791 Antonii
893 4739 1247 4812 iniquitatem
1265 4734 1455 4806 'valet,
1481 4734 1747 4812 quatenus

168 4808 383 4885 aliquem
412 4810 680 4885 clericum
705 4825 799 4885 pro
822 4810 993 4879 culpis
1017 4812 1095 4885 ita
1115 4812 1455 4885 plectiposse
1485 4808 1744 4885 ostendit,

170 4883 469 4953 uthonoris
506 4881 586 4934 sui
613 4878 785 4948 gradu
818 4878 926 4953 non
955 4878 1174 4937 omnino
1207 4878 1513 4953 dejicintur.

231 4949 255 4988 δ
284 4950 380 5007 Ha:
405 4967 526 5008 non
560 4960 795 5006 exstant.
842 4948 847 4957 “

239 5023 781 5081 'Deexsecutorum
839 5038 1059 5077 munere
1107 5024 1443 5079 commodius
1497 5028 1635 5083 notis
1694 5030 1748 5084 in

180 5090 447 5160 epistolam
478 5094 515 5147 2
546 5091 897 5148 disseremus.
938 5095 993 5148 In
1024 5110 1159 5148 nova
1194 5097 1475 5162 Augustini
1507 5099 1745 5158 editione

180 5163 508 5220 observatum
540 5173 624 5219 est
651 5163 887 5219 Antonio
916 5167 1137 5221 minime
1169 5166 1429 5221 redditam
1464 5168 1750 5225 Fussalen-

179 5232 244 5310 sis
266 5234 525 5310 Ecclesize
550 5235 1102 5310 administrationem,
1128 5237 1391 5310 siquidem
1426 5256 1609 5295 curam
1634 5242 1750 5310 ejus

182 5302 502 5383 hugustinus
530 5302 801 5383 saevite:
848 5322 959 5362 suae
1010 5302 1170 5383 finem
1197 5302 1475 5379 'gerebat;
1510 5302 1681 5383 adqu

181 5371 522 5453 Caelestinum
555 5376 686 5431 nihil
722 5393 908 5453 eorum
945 5380 1189 5436 molitum
1217 5371 1336 5439 esse
1364 5371 1482 5452 qua:
1515 5388 1635 5453 pius
1662 5371 1751 5439 ille

182 5447 364 5517 praesul
398 5457 687 5517 tantopere
715 5449 1021 5505 verebatur.

246 5513 270 5553 ⁴
297 5518 483 5596 Codex
514 5513 781 5596 canonum
817 5521 1079 5596 Africanae
1104 5521 1359 5596 Ecclesiae
1396 5525 1496 5582 hac
1526 5527 1752 5596 epistola

185 5586 461 5659 clauditur.
522 5589 713 5644 Exstat
745 5600 999 5659 praeterea
1032 5590 1083 5647 in
1130 5594 1318 5650 iisdem
1352 5612 1483 5652 mss.
1516 5586 1755 5654 et‘collc-

185 5656 555 5741 ctionibu‘s,.in
578 5656 772 5732 quibus
794 5663 1072 5741 epistolam
1100 5663 1473 5741 2_eo_rumdem
1502 5669 1754 5726 Afrorum

170 5727 247 5811 ad
264 5727 609 5786 Bonifacium'
626 5727 841 5789 exstare
862 5734 1114 5790 diximus.
1137 5736 1343 5802 Scripta
1368 5748 1445 5795 est
1470 5741 1753 5799 occasione

1920 3202 2031 3243 rtus
2074 3195 2159 3243 sit.
2209 3192 2340 3245 Tum
2382 3202 2581 3259 rogant,
2629 3192 2683 3247 1⁸
2708 3211 2769 3247 ne
2798 3192 2919 3248 a'se
2964 3192 3432 3251 exconimunicatos

1924 3278 2247 3337 praepropere
2277 3264 2625 3337 communioni
2648 3266 2905 3326 restituat,
2930 3265 2993 3318 20
3024 3275 3078 3319 ut
3109 3270 3431 3337 presbytero-

1919 3351 2034 3410 rum
2063 3334 2709 3410 aliorumqueclericorum
2737 3338 2969 3410 improba
2998 3339 3199 3406 refugio
3226 3334 3315 3392 seu
3342 3357 3433 3410 np-

1921 3405 2220 3481 pellationes
2259 3405 2502 3476 repellat,
2538 3406 2595 3459 3°
2622 3423 2685 3461 ne
2721 3408 2786 3463 de
2815 3408 2974 3463 latere
3008 3405 3308 3467 suo’iitittat
3344 3405 3435 3481 qui

1919 3477 2234 3549 appellantis
2263 3493 2473 3531 causam
2506 3489 2902 3547 recognoscant,
2935 3481 2998 3534 4ο
3025 3497 3185 3549 neque
3222 3477 3436 3549 petenti-

1924 3548 2033 3621 (ms
2060 3558 2376 3621 exsecutor-es
2421 3550 2697 3616 concedat;
2735 3561 2989 3621 postremo
3032 3548 3105 3606 ne
3124 3550 3171 3604 F
3175 3557 3434 3611 anatinam

1920 3621 1973 3670 in
2005 3620 2233 3689 Africam
2261 3621 2503 3673 remittat.

1846 3709 2078 3786 Domino
2108 3708 2463 3786 dilectissimo
2492 3719 2547 3765 et
2574 3711 2875 3786 honorabili
2908 3716 3058 3786 fratri
3084 3715 3434 3786 C(ELESTINO,

1918 3782 2211 3845 AURELIUS,
2249 3781 2608 3843 “PALATINUS,
2641 3785 2934 3847 An'romus,
2967 3785 3170 3850 Turus,
3202 3781 3434 3845 Saevus;

1917 3852 2038 3917 Der,
2057 3851 2385 3918 Tenatmus,
2410 3851 2785 3919 Fon'rumrus,
2810 3854 3107 3925 MARTINUS,
3124 3856 3431 3927 JANUAB'UB,

1847 3962 2076 4038 Apiarii,
2111 3964 2204 4034 qui
2239 3979 2385 4038 anno
2415 3963 2535 4038 §l9r
2562 3965 2776 4038 concilii
2814 3965 3281 4038 Carthaginiensis
3309 3990 3437 4030 scn-

1849 4037 2014 4089 teutia
2055 4047 2294 4093 remotus
2316 4037 2386 4091 ab
2410 4036 2656 4092 Ecclesia
2680 4036 2948 4105 Siccensi,
2976 4036 3312 4105 Thabracam
3342 4060 3437 4101 ce-

1850 4105 2054 4163 lebrem
2090 4108 2141 4162 in
2172 4109 2546 4176 proconsulari
2574 4109 2848 4178 provincia
2876 4109 3155 4170 civitatem
3191 4128 3315 4172 sese
3354 4132 3429 4175 re

1849 4188 2091 4249 ceperat.
2129 4178 2236 4233 Sed
2267 4179 2335 4235 ab
2362 4180 2513 4233 urbis
2543 4181 2702 4249 hujus
2733 4183 2941 4238 civibus
2969 4182 3148 4239 denuo
3191 4188 3438 4244 nefandis

1850 4247 2068 4321 ﬂagitiis
2097 4259 2401 4315 accusatus,
2434 4247 2705 4321 eaqueide
2726 4267 2885 4309 causa
2912 4254 2981 4311 ab
3009 4256 3180 4311 altero
3213 4255 3438 4314 Cartha~

1848 4320 2084 4442 §iniensi
2108 4322 2342 4376 concilio
2369 4320 2752 4379 communione
2772 4324 2921 4393 priva
2934 4333 3039 4384 tus.
3066 4326 3288 4382 Romam
3311 4346 3437 4388 con<

1879 4393 2085 4442 ueiens.
2113 4392 2478 4442 mentitusaue
2501 4406 2563 4442 se
2582 4393 2650 4442 ab
2672 4394 2773 4442 hac
2796 4397 3064 4442 sententia
3090 4412 3414 4442 nmvnnancn

1773 4414 1827 4474 Β
1853 4392 2085 4460 fugiens,
2113 4392 2402 4474 ξηθςιιὶιυξέ]
2413 4407 2478 4474 ue
2501 4406 2565 4474 se
2582 4393 2650 4446 ab
2672 4392 2781 4449 hac
2796 4397 3064 4474 sententia
3090 4412 3438 4474 provocasse,

1852 4461 2219 4532 communioni
2266 4477 2296 4515 a
2343 4461 2643 4518 leestino
2694 4467 2975 4519 restitutus
3024 4461 3126 4532 est,
3178 4470 3344 4527 misso
3387 4461 3438 4529 in

1850 4531 2089 4586 Africam
2139 4531 2419 4597 FauSIino,
2454 4544 2512 4589 ut
2542 4541 2597 4587 et
2632 4533 2703 4588 ibi
2748 4538 3058 4591 communio
3088 4531 3136 4591 ei
3188 4541 3440 4603 reddere.

1852 4610 1957 4655 tur.
1976 4603 2638 4677 Observatq'l‘illemont'ius
2662 4613 2794 4660 tom.
2823 4604 2940 4661 Xlll
2965 4622 3087 4677 pag.
3114 4610 3220 4665 860
3250 4616 3440 4672 tumul-

1853 4682 1939 4744 tus
1960 4689 2027 4727 ex
2056 4673 2284 4728 Honorii
2310 4682 2483 4728 morte
2512 4683 2567 4728 et
2598 4679 2942 4744 usurpatione
2961 4673 3185 4737 Joannis
3208 4683 3261 4737 in
3290 4685 3439 4741 Occi-

1852 4742 2015 4798 der-te
2044 4745 2329 4814 excitatos,
2373 4745 2441 4797 ab
2467 4747 2710 4814 Augusto
2731 4742 2928 4803 'mense
2952 4753 3076 4805 anni
3108 4751 3215 4808 425
3249 4757 3315 4809 ad
3347 4757 3440 4813 Ju—

1854 4815 1983 4869 lium
2042 4815 2169 4871 anni
2218 4813 2348 4883 425,
2401 4813 2629 4871 liberum
2656 4817 2884 4873 Romam
2935 4821 3074 4877 inter
3111 4834 3167 4878 et
3205 4826 3440 4884 Africam

1851 4900 1961 4965 non
2014 4886 2327 4965 permisisse
2371 4887 2821 4965 commercium_;__
2853 4890 3105 4965 adeoque
3155 4899 3435 4965 epistolam

1852 4956 1991 5015 hanc
2023 4958 2106 5039 vel
2155 4958 2299 5039 circa
2328 4957 2537 5039 exitum
2562 4961 2688 5039 anni
2718 4958 2843 5025 425,
2875 4963 2964 5039 vel
3001 4956 3054 5020 in
3085 4956 3284 5024 annum
3306 4969 3436 5039 49.6,

1853 5043 1975 5111 esse
2005 5027 2383 5111 differendam.
2413 5028 2484 5084 Ut
2513 5031 2827 5111 enimenim
2860 5032 2967 5091 425
2992 5044 3116 5111 mite
3138 5027 3436 5111 Augustum

1853 5101 2051 5181 scripta
2102 5100 2376 5166 credatur,
2410 5116 2529 5181 non_
2566 5104 2701 5181 sinit
2731 5103 2846 5181 ejus
2890 5109 3194 5181 exordium,
3222 5100 3301 5167 vin
3332 5127 3441 5181 quo

1858 5171 2004 5225 nulla
2033 5182 2137 5239 est,
2171 5188 2293 5242 quae
2321 5172 2579 5244 praeteriri
2613 5189 2720 5229 non
2747 5171 2907 5244 Solet,
2940 5178 3007 5233 de
3034 5171 3281 5239 felicibus
3312 5171 3439 5240 novi

1856 5245 2124 5312 pontiﬁcis
2150 5243 2407 5310 auspiciis
2432 5246 2742 5311 gratulatio.
2920 5288 2925 5291 -

1933 5325 1956 5350 ε’
1989 5314 2213 5381 Quidam
2240 5314 2513 5369 inferioris
2536 5327 2674 5372 notae
2705 5332 2864 5382 mss.,
2889 5317 3213 5381 Paluatinas.
3246 5323 3300 5380 In
3333 5341 3440 5382 uno

1856 5383 2188 5463 llarlwokut
2211 5385 2352 5463 apud
2380 5382 2615 5463 Merlin,
2665 5386 2988 5463 Palatinus.
3019 5393 3177 5463 Apud
3220 5395 3351 5453 Lab.
3388 5398 3437 5454 in

1856 5472 2055 5530 θυῖε..
2086 5454 2395 5530 Potentiam
2431 5464 2487 5530 et
2511 5455 2831 5527 Palatinus;
2874 5472 2929 5519 at
2958 5464 3010 5519 in
3036 5454 3209 5530 textu,
3246 5465 3440 5525 Valea-

1858 5526 1999 5583 tinus
2020 5546 2045 5602 3
2077 5526 2299 5602 quodet
2342 5527 2707 5602 arriperemus
2758 5526 2920 5602 ultro,
2970 5536 3077 5591 nisi
3118 5526 3441 5599 sinceriOres

1856 5615 1989 5675 mss.
2016 5596 2148 5670 Βοὴ.
2179 5596 2476 5675 Ωοῷηάυρ
2512 5600 2725 5670 Barlaei,
2762 5596 3248 5675 etefpraferrent
3278 5596 3440 5671 ι)αᾶ

1860 5672 2019 5741 unus,
2048 5668 2321 5744 quomodo
2352 5668 2482 5743 legit
2508 5681 2565 5730 et
2594 5668 2861 5749 interpres
2883 5668 3131 5739 Graecus.
