3982 6182
525 257 630 316 825

1311 248 1371 306 S.
1410 241 1802 304 C(ELESTINI
1843 242 1858 296 l
1899 238 2100 297 ΡΑΡᾹΞ
2140 234 2500 295 EI’lS'l'OLAﬁ
2540 232 2629 289 ET
2671 228 3013 289 DECRETA.

3692 222 3797 279 421-

599 374 866 439 Oprnus,
902 367 1242 429 aCen'ricns,
1268 360 1853 439 Dounus,_Tna_is_ius,
1877 354 2106 439 Ῡικοειετ
2134 354 2187 413 Α
2212 347 2371 403 fortis
2417 356 2473 403 et
2520 345 2840 415 longanimis
2896 353 3091 411 magno
3135 335 3457 410 compendio
3502 338 3795 392 resecavit.

601 424 1249 510 rt-osrli'oitruuntmusé
1287 444 1348 510 et
1382 424 1563 510 cieteri
1596 432 1685 510 q_u_i
1708 430 1783 510 _in
1818 424 2109 481 universali

606 500 863 572 Africano
890 510 1122 567 concilio
1154 506 1179 547 δ
1206 504 1551 575 Carthaginis
1575 500 1868 555 adfuimus.

605 654 655 707 l.
702 651 1022 719 Optaremus
1067 654 1088 682 ο
1120 651 1179 697 ut
1215 635 1673 711 quemadmodum
1718 632 1976 689 sanctitas
2021 640 2109 686 tua

528 742 597 799 de
618 741 851 796 adventu
879 735 1083 807 Apiarii
1107 735 1314 789 lanatos
1338 746 1433 785 vos
1460 729 1628 784 fuisse
1649 726 1830 781 missis
1854 739 1950 794 per
1969 738 2114 777 com-

530 834 905 905 presbyterum
936 836 1181 884 nostrum
1215 825 1450 880 Leonem
1486 819 1684 875 litteris
1714 815 1976 871 intimavit
1998 859 2013 882 ,
2040 814 2111 867 ita

528 942 627 981 nos
660 938 875 995 quoque
903 921 971 976 de
1000 920 1117 989 ejus
1146 917 1467 987 purgatione
1496 912 1615 966 haec
1644 910 1846 979 scripta
1877 921 1996 960 cum
2020 906 2114 959 las-

532 1016 643 1073 titia
678 1016 1033 1070 mitteremus.
1068 1010 1226 1064 Esset
1267 1006 1510 1076 profecto
1551 1010 1607 1058 et
1637 1007 1824 1055 nostra
1858 1006 1914 1052 et
1935 1004 2111 1051 vestra

528 1110 691 1166 modo
733 1107 985 1162 alacritas
1022 1102 1244 1163 certior,
1287 1112 1387 1152 nec
1425 1107 1773 1166 praepropera
1810 1090 2111 1155 videretur,

529 1218 649 1271 qua:
678 1197 853 1253 adhuc
876 1195 903 1233 ἀ
931 1194 1000 1250 de
1026 1189 1296 1247 audiendo
1322 1202 1484 1257 quam
1514 1186 1582 1241 de
1607 1183 1789 1239 audito
1821 1196 2116 1252 praecesse-

530 1302 632 1350 rat.
664 1289 997 1347 Adveniente
1028 1299 1159 1339 sane
1190 1281 1256 1336 ad
1292 1295 1391 1335 nos
1436 1286 1625 1333 sancto
1656 1276 1827 1330 fratre
1851 1282 1905 1329 et
1932 1273 2116 1341 coepi-

529 1401 697 1455 sCOpO
740 1390 925 1437 nostro
966 1376 1263 1441 Faustino,
1304 1370 1597 1427 concilium
1636 1366 2109 1436 congregavimus,

530 1491 584 1534 et
615 1475 943 1533 credidimus
972 1470 1092 1525 ideo
1122 1482 1243 1523 eum
1273 1465 1368 1519 illo
1397 1466 1619 1517 missum
1640 1502 1654 1526 ,
1686 1460 1937 1529 quoniam
1978 1458 2116 1512 sicut

531 1588 629 1643 per
664 1569 783 1639 ejus
822 1580 1039 1637 operam
1079 1561 1418 1634 presbyterio
1451 1567 1606 1614 antea
1640 1556 1884 1612 redditus
1913 1554 2112 1618 fuerat,

532 1663 605 1719 ita
639 1675 778 1716 nunc
809 1668 989 1730 posset
1032 1655 1099 1711 de
1132 1654 1296 1709 tantis
1333 1650 1650 1707 criminibus
1689 1663 1718 1703 a
1750 1645 2115 1702 Tliabracenis

2212 444 2460 499 Tetriore
2480 441 2676 513 quippe
2697 455 2758 494 ac
2781 437 3049 509 putidiore
3066 432 3433 493 obstinatione
3452 448 3761 502 compressa
3778 474 3793 498 ,

2212 552 2316 607 qua
2356 545 2560 591 tantum
2609 534 2894 589 libidinum
2934 546 3151 588 caenum
3190 528 3528 600 impudentia
3561 529 3801 599 negatio-

2214 628 2299 683 nis
2330 627 2547 683 volebat
2596 626 2852 693 obruere,
2881 625 2994 681 Deo
3025 634 3214 679 nostro
3262 623 3380 693 ejus
3405 624 3798 679 conscientiam

2214 730 2554 787 coarctante,
2585 731 2641 776 et
2671 721 2877 776 occulta
2905 733 3026 789 quae
3060 719 3113 772 in
3146 716 3289 771 illius
3312 716 3480 772 corde
3521 724 3801 788 tamquam

2217 816 2269 870 in
2296 815 2580 870 volutabro
2624 815 2913 870 criminum
2939 812 3050 882 jam
3077 811 3387 878 damnabat,
3419 813 3578 867 etiam
3623 812 3805 867 homi-

2214 907 2373 963 nibus
2396 907 2725 977 publicante,
2747 914 2970 977 repente
2991 908 3044 960 in
3067 905 3461 962 confessionem
3480 916 3803 962 cunctorum

2215 999 2555 1069 objectorum
2604 997 2929 1068 ﬂagitiorum
2976 998 3196 1052 dolosus
3230 1006 3453 1067 negator
3494 998 3691 1066 erupit.
3735 997 3811 1052 Et
3862 1008 3869 1025 ‘

2215 1095 2431 1149 tandem
2463 1094 2530 1149 de
2567 1094 2821 1148 omnibus
2852 1093 3262 1149 incredibilibus
3293 1092 3598 1164 approbriis
3627 1094 3809 1149 ultro-

2218 1200 2354 1240 neus
2386 1200 2445 1241 se
2488 1186 2601 1255 ipse
2630 1186 2883 1251 convicit,
2922 1195 3086 1251 atque
3113 1186 3283 1255 ipsam
3312 1202 3526 1256 quoque
3557 1195 3809 1241 nostram

2217 1292 2392 1347 spem,
2424 1293 2526 1348 qua
2558 1293 2678 1331 eum
2712 1285 2767 1333 et
2792 1278 3146 1333 credebamus
3176 1288 3230 1334 et
3252 1278 3571 1349 optabamus
3593 1280 3660 1335 de
3691 1289 3810 1336 tam

2218 1371 2485 1441 pudendis
2517 1372 2745 1425 maculis
2776 1386 2934 1441 posse
2972 1373 3207 1443 purgari,
3240 1375 3507 1429 convertit
3543 1376 3593 1428 in
3632 1375 3813 1445 gemi-

2220 1472 2304 1518 tus
2331 1482 2343 1518 :
2369 1464 2467 1517 nisi
2492 1464 2745 1534 quoniam
2772 1463 2931 1519 istam
2958 1477 3194 1521 nostram
3220 1466 3531 1521 maestitiam
3557 1483 3661 1523 uno
3686 1478 3812 1523 tan-

2218 1567 2330 1613 tum
2364 1560 2560 1614 solatio
2588 1560 2869 1630 mitigavit,
2901 1560 3044 1628 quod
3074 1569 3127 1615 et
3156 1574 3256 1614 nos
3282 1561 3470 1615 labore
3499 1560 3812 1618 diuturnio-

2218 1653 2294 1707 ris
2337 1652 2652 1721 quaestionis
2682 1652 2937 1719 absolvit,
2967 1662 3021 1707 et
3065 1652 3179 1708 suis
3226 1653 3535 1710 vulneribus
3563 1658 3815 1725 qualem-

530 1754 759 1825 objectis
808 1766 874 1807 eo
920 1750 1197 1805 laborante
1236 1745 1491 1817 purgari:
1535 1742 1688 1811 cujus
1720 1748 1866 1795 tanta
1910 1754 1973 1793 ac
2008 1748 2114 1791 tam
2145 1738 2193 1800 B
2221 1761 2452 1814 cumque
2484 1746 2773 1812 medelam,
2802 1742 2830 1782 ιι
2858 1746 2961 1801 etsi
3006 1746 3168 1800 invita
3213 1761 3277 1801 ac
3319 1764 3431 1802 suae
3461 1749 3815 1807 conscientia:

532 1847 786 1905 immania
824 1844 1025 1916 ﬂagitia
1065 1841 1355 1897 decursum
1390 1848 1413 1875 ο
1445 1835 1614 1891 nostri
1642 1834 1857 1890 concilii
1879 1846 2114 1887 examen

531 1940 762 2008 invenit,
808 1948 871 1994 ut
910 1946 965 1993 et
1016 1934 1298 1991 memorati
1338 1930 1697 2003 patrocinium
1734 1927 1911 1998 potius
1955 1939 2113 1995 quam

528 2033 813 2105 judicium,
850 2045 915 2085 ac
942 2028 1243 2085 defensoris
1268 2024 1435 2094 magis
1459 2037 1678 2092 operam
1706 2036 1865 2090 quam
1898 2016 1916 2055 τ
1943 2017 2115 2071 disce-

533 2126 759 2197 ptatoris
784 2122 1049 2194 justitiam
1086 2123 1428 2188 superarent.
1462 2115 1592 2168 Nam
1636 2114 1864 2183 primum
1893 2121 1917 2157 8
1948 2125 2119 2179 quan-

533 2229 645 2275 tum
671 2217 944 2273 obstiterit
969 2212 1118 2269 omni
1149 2207 1557 2279 congregationi
1606 2206 1851 2260 diversas
1892 2203 2117 2273 injurias

532 2310 850 2382 ingerendo,
883 2307 1039 2378 quasi
1081 2304 1340 2359 Ecclesia:
1371 2302 1629 2355 Romanae
1659 2312 1910 2352 asserens
1953 2296 2119 2366 privi-

533 2401 696 2471 legia,
727 2408 784 2455 et
806 2399 1051 2453 volentes
1080 2411 1202 2450 eum
1231 2409 1261 2447 a
1290 2392 1446 2447 nobis
1471 2392 1522 2444 in
1552 2389 1990 2444 communionem
2022 2403 2116 2442 sn-

538 2491 695 2559 scipi,
725 2505 884 2559 quem
915 2497 1007 2543 tua
1056 2485 1318 2541 sanctitas
1349 2483 1578 2538 credens
1618 2480 1944 2550 appellasse,
1976 2478 2119 2548 quod

537 2584 772 2655 probare
816 2598 923 2637 non
962 2581 1158 2651 potuit,
1190 2577 1555 2634 communioni
1601 2572 1946 2629 reddiderat?
1978 2572 2121 2641 quod

539 2680 760 2735 minime
793 2686 974 2733 tamen
1023 2676 1194 2739 licuit,
1223 2674 1367 2744 quod
1411 2673 1570 2728 etiam
1607 2680 1880 2739 gestorum
1928 2666 2123 2723 melius

538 2771 776 2828 lectione
806 2783 1125 2841 cognosces.
1155 2766 1432 2822 Triduano
1471 2774 1651 2819 tamen
1698 2762 2123 2818 laboriosissimo

535 2863 735 2935 agitato
752 2862 974 2934 judicio,
1008 2874 1129 2915 cum
1160 2859 1379 2913 diversa
1420 2857 1597 2913 eidem
1629 2855 1838 2926 objecta
1874 2855 2120 2910 afﬂictis-

536 2957 661 3013 simi
692 2968 1076 3027 quaereremus,
1111 2951 1195 3006 vel
1224 2964 1406 3005 moras
1434 2948 1741 3018 coepiscopi
1778 2948 1946 3003 nostri
1975 2946 2122 3001 Fau—

537 3049 690 3114 stini,
716 3047 802 3103 vel
832 3043 1303 3117 tergiversationes
1347 3042 1516 3112 ipsius
1554 3040 1758 3110 Apiarii
1802 3040 1999 3109 quibus
2030 3055 2124 3095 ne-

539 3141 728 3198 fandas
757 3140 1115 3211 turpitudines
1145 3138 1399 3193 occulere
1426 3136 1744 3200 conabatur,
1770 3135 2120 3205 Deus'judex,

612 3288 639 3317 ι
669 3277 726 3332 In
757 3277 1005 3346 vulgatis.
1052 3274 1310 3346 Celtitius,
1359 3270 1770 3346 aut_C_elticius;
1806 3270 1862 3346 ln
1912 3271 2119 3346 aliquot

541 3364 674 3407 mss.
704 3341 961 3403 Celsitius.
992 3347 1048 3401 In
1080 3345 1419 3406 melioribus,
1452 3341 1696 3396 Celticus.
1732 3343 1983 3411 Episcopi
2020 3345 2119 3395 bu-

534 3421 1005 3493 jus__Augt_tstinus
1053 3416 1145 3469 lib.
1182 3416 1248 3470 de
1274 3414 1409 3493 Octo
1458 3413 1660 3493 (latest.
1694 3413 1759 3468 ad
1802 3413 2116 3493 Dulcitium,

539 3483 594 3562 ᾖ.
629 3483 857 3562 7,_n_.”3,
902 3487 991 3540 ubi
1020 3500 1118 3541 nec
1150 3500 1254 3538 una
1299 3486 1507 3538 ratione
1537 3485 1591 3538 in
1614 3500 1744 3539 mss.
1773 3483 2118 3554 exprimitur,

543 3558 806 3617 meminit.

612 3630 640 3670 δ
670 3628 822 3684 Colb.
854 3641 983 3691 ms.,
1012 3624 1318 3696 Carthagine
1350 3624 1616 3696 adsumus.

616 3712 639 3741 ο
662 3700 789 3755 Mss.
824 3710 1020 3768 magno
1058 3695 1355 3768 consensu,
1387 3695 1641 3765 siquidem
1670 3696 1984 3768 admodum,
2016 3697 2120 3753 nisi

542 3772 685 3844 quod
714 3771 769 3826 in
809 3767 1190 3844 uno’Harlaeo,
1222 3768 1470 3844 siquidem
1500 3767 1945 3844 quemadmodum,
1981 3778 2036 3823 et
2066 3769 2121 3844 in

541 3838 790 3909 Coislin.,
842 3838 1095 3897 secundis
1144 3838 1320 3907 curis,
1370 3839 1413 3892 si
1460 3838 1920 3909 quemadmodum,
1979 3839 2122 3908 quod

540 3917 694 3973 Merl.
751 3923 805 3969 et
849 3910 1011 3968 Crab.
1067 3911 1427 3981 arripuerunt.
1480 3910 1715 3981 Leonem
1774 3919 1952 3963 autem
1997 3925 2123 3965 mox

543 3987 869 4061 appellatum
898 3984 1063 4038 alium
1112 3979 1230 4037 esse
1271 3982 1435 4061 abeo
1473 3979 1758 4061 quigysto
1804 3995 2121 4061 papamsuc.

541 4049 729 4125 cessit,
780 4057 883 4110 hoc
930 4062 1247 4125 argumento
1274 4051 1558 4125 est,‘qtlod
1592 4049 1834 4125 Prospei
1866 4051 1919 4103 in
1949 4051 2123 4107 Chro-

540 4132 665 4187 nico
704 4118 845 4199 bunc
872 4118 1108 4181 Leonem
1138 4123 1299 4179 etiam
1326 4118 1627 4191 sub'Xysto
1659 4118 1943 4176 diaconum
1985 4138 2125 4178 nun-

537 4209 734 4327 curiit
763 4268 944 4333 editis,
975 4274 1033 4321 ut
1058 4266 1111 4321 in
1138 4280 1243 4320 ms.
1272 4265 1434 4335 Reg,
1463 4262 1548 4316 hic
1571 4260 1788 4335 additur
1817 4273 1953 4329 tam;
1980 4267 2122 4335 (ιυοά

542 4345 734 4399 melius
758 4342 912 4395 abest
956 4339 1023 4393 ab
1052 4338 1173 4391 aliis
1204 4334 1611 4403 mss.,’ejusque
1642 4334 1762 4389 loco
1793 4337 1961 4400 potius
1991 4334 2122 4391 sub-

543 4415 775 4470 auditur.
798 4411 970 4479 Quam
993 4409 1308 4479 particulam
1331 4407 1567 4479 reticere
1586 4403 1887 4479 Augustino
1899 4408 2122 4478 aliisque

540 4486 660 4557 cjus
709 4477 1515 4557 aeviscriptoribusfamiliare
1565 4487 1667 4531 εει.
1719 4477 2121 4557 l’rzeproperam

581 4550 827 4611 uamdam
877 4550 1159 4608 leestini
1211 4550 1782 4619 festinationem,_qua
1837 4551 2119 4619 Apiarium

581 4573 827 4611 namnam
877 4573 1159 4608 htBIesunt
1211 4573 1630 4614 lesuuauuncul,
1679 4573 1782 4618 qua
1837 4573 2119 4619 Aptartum

540 4573 850 4683 damnatum
876 4623 1128 4685 audierit,
1161 4637 1321 4689 quem
1352 4622 1529 4689 potius
1552 4617 1875 4673 audiendum
1901 4620 2120 4677 diﬂ‘erre

540 4698 819 4763 debuerat,
848 4694 1025 4767 quoad
1062 4702 1241 4765 partes
1269 4692 1593 4757 adfuissent,
1620 4690 1862 4747 modeste
1894 4692 1981 4747 hic
2007 4692 2123 4749 Afri

539 4778 901 4895 “Epignmi
940 4835 1215 4903 videlicet,
1259 4833 1415 4901 cuius
1444 4833 1636 4905 agendi
1660 4835 1796 4889 ratio
1827 4833 1915 4889 hic
1942 4836 2122 4905 argui-

543 4920 648 4974 tur,
691 4919 953 4979 quatenus
998 4922 1119 4963 cum
1157 4906 1289 4975 justi
1317 4907 1526 4979 judicis
1563 4916 1616 4961 et
1647 4908 1783 4979 aequi
1825 4907 2120 4979 cognituris

542 4976 719 5053 partes
748 4982 972 5053 implere
993 4979 1291 5053 debuisset,
1322 4978 1532 5046 patroni
1556 4992 1640 5053 _ac_
1663 4976 1964 5053 defensoris
1994 4978 2121 5032 ofﬁ-

538 5047 626 5108 cio
648 5047 981 5121 fungebatur.
1012 5048 1119 5121 Sed
1149 5048 1264 5121 ejus
1294 5063 1514 5118 operam
1543 5048 1745 5118 Apiarii
1791 5047 1916 5102 vitia
1956 5062 2118 5116 supe-

540 5120 757 5187 rarunt,
782 5120 917 5176 adeo
944 5130 1003 5175 ut
1039 5120 1128 5175 illa
1171 5120 1464 5175 defendere
1502 5129 1593 5174 aut
1623 5133 1850 5189 purgare
1896 5134 2117 5187 prorsus

540 5209 646 5251 n0n
678 5194 923 5249 valuerit.

618 5266 775 5322 tHoc
816 5274 919 5330 est,
960 5264 1052 5334 qui
1096 5261 1459 5334 examinantis
1510 5262 1627 5317 vice
1676 5260 1935 5327 fungitur,
1976 5261 2118 5318 unde

546 5354 751 5410 mquam
778 5332 1102 5410 sententiam
1143 5333 1298 5410 ferat.
1345 5332 1854 5410 Crtecus‘interpres
1888 5342 1997 5410 tum
2029 5334 2117 5389 hic

544 5405 920 5483 disceptatoris,
950 5415 1061 5483 tum
1087 5405 1243 5472 infra,
1273 5421 1328 5459 n.
1354 5405 1409 5473 5,
1434 5407 1749 5483 cognitorum
1773 5406 2116 5483 nominauno

539 5476 834 5551 eodeitique
846 5486 950 5551 50%
978 5478 1294 5551 διαγνωστοῦ
1317 5488 1368 5551 et
1387 5485 1486 5532 τῶν
1508 5476 1834 5551 διαγνωστῶν
1856 5477 2118 5531 vocabulo

544 5549 793 5607 reddidit.
828 5549 1074 5620 Cognitor
1102 5556 1279 5603 autem
1322 5549 1367 5601 is
1396 5549 1639 5620 vocatur,
1672 5550 1761 5618 qui
1793 5562 2119 5620 causahcog-

545 5623 830 5678 noscendae
852 5618 1017 5688 ju'dex
1044 5628 1097 5671 et
1127 5620 1329 5673 arbiter
1361 5631 1574 5686 prreest.
1600 5619 1716 5686 Quo
1739 5633 1957 5673 nomine
1981 5618 2119 5671 Mar-

546 5693 772 5746 cellinus
798 5689 990 5744 Comes
1016 5689 1069 5741 in
1097 5690 1382 5760 collatione
1402 5690 1835 5760 Carthaginiensi
1866 5691 1951 5743 cui
1979 5703 2120 5760 prm-

545 5760 665 5831 fuit,
695 5762 893 5831 passim
937 5760 1188 5814 donatur.
1238 5758 1352 5815 Huc
1398 5758 1628 5831 spectat
1650 5760 1792 5830 quod
1825 5761 1879 5815 in
1925 5758 2117 5817 eadem

2144 4583 2200 4644 D

2218 1838 2518 1893 reluctante
2546 1837 2911 1903 confessione,
2945 1838 3195 1907 providit,
3227 1838 3446 1895 domine
3475 1840 3662 1896 frater.

2291 1932 2347 1985 2.
2372 1929 2603 1985 Prmfato
2634 1931 2814 1999 itaque
2841 1929 3035 1985 debitae
3058 1931 3399 1987 salutationis
3425 1932 3621 1999 ofﬁcio,
3663 1932 3681 1973 ί
3704 1936 3816 1991 im-

2220 2024 2416 2092 pendio
2439 2024 2794 2092 deprecamur
2813 2031 2873 2078 ut
2896 2022 3149 2093 deinceps
3172 2025 3238 2080 ad
3265 2034 3470 2081 vestras
3493 2042 3650 2082 aures
3672 2027 3815 2087 hinc

2220 2124 2504 2179 venientes
2554 2139 2659 2177 non
2686 2124 2897 2178 facilius
2926 2125 3247 2194 admittatis,
3301 2142 3399 2183 nec
3440 2142 3471 2181 a
3500 2128 3655 2184 nobis
3706 2146 3821 2187 ex-

2219 2224 2646 2280 communicatos
2694 2225 2747 2278 in
2794 2226 3231 2281 communionem
3265 2227 3401 2283 ultra
3432 2228 3610 2286 velitis
3657 2233 3820 2287 exci-

2220 2338 2373 2393 pere,
2425 2325 2547 2393 quia
2597 2325 2700 2381 boc
2727 2328 2887 2382 etiam
2926 2326 3145 2383 Nicaeno
3189 2330 3470 2385 concilioi
3521 2331 3818 2391 deﬁnitum

2221 2422 2379 2477 facile
2410 2421 2435 2459 ιι
2456 2422 2706 2479 advertat
2733 2426 3119 2481 venerabilitas
3148 2435 3259 2482 tua.
3307 2428 3438 2484 Nam
3470 2440 3525 2486 et
3558 2431 3606 2487 si
3633 2433 3701 2490 de
3726 2435 3818 2491 in-

2222 2522 2512 2579 ferioribus
2533 2525 2747 2582 clericis
2767 2528 2854 2583 vel
2881 2527 2950 2583 de
2973 2528 3124 2583 laicis
3150 2529 3363 2586 videtur
3384 2531 3461 2587 ibi
3479 2540 3810 2607 praecaveri,

2221 2636 2425 2697 quanto
2454 2628 2626 2698 magis
2655 2629 2757 2685 hoc
2796 2630 2863 2686 de
2890 2631 3158 2700 episcopis
3185 2633 3353 2689 voluit
3383 2634 3663 2693 observari
3690 2640 3713 2694 2
3744 2656 3819 2698 ne

2224 2726 2278 2782 in
2308 2741 2403 2783 sua
2439 2728 2713 2798 provincia
2743 2734 3186 2789 acommunione
3214 2738 3482 2805 suspensi,
3509 2753 3540 2793 a
3572 2748 3659 2795 tua
3682 2756 3819 2797 san-

2224 2832 2409 2886 ctitate
2459 2846 2801 2902 praepropere
2832 2833 2915 2889 vel
2961 2834 3199 2892 indebite
3226 2836 3510 2895 videantur
3555 2854 3815 2899 commu-

2226 2931 2374 2987 nioni
2408 2933 2639 2988 restitui.

2297 3037 2350 3090 '5.
2382 3035 2828 3107 Presbyterorum
2864 3052 3080 3109 quoque
3119 3046 3176 3094 et
3203 3042 3542 3111 sequentium
3588 3042 3820 3103 clerico-

2149 3125 2195 3189 C
2230 3150 2347 3189 rum
2372 3136 2613 3205 improba
2642 3134 2660 3173 ι
2695 3137 2935 3207 refugia,
2966 3138 3126 3194 sicuti
3156 3148 3205 3194 te
3234 3140 3451 3212 dignum
3480 3153 3561 3199 est
3584 3183 3598 3208 ,
3629 3147 3821 3215 repel-

2226 3270 2511 3353 collatione
2540 3272 2820 3353 _cap_._258
2861 3272 3359 3353 Habetdeusdixit,
3399 3276 3653 3349 Magnum
3683 3284 3823 3353 justi

2222 3344 2503 3414 cognitoris
2535 3343 2782 3397 indicium
2809 3354 2907 3410 est,
2927 3348 3067 3414 quod
3094 3347 3184 3399 uni
3211 3351 3348 3413 parti
3368 3343 3637 3414 concessit,
3666 3343 3825 3409 alteri

2222 3428 2327 3486 non
2346 3431 2572 3486 negare;
2598 3415 2679 3467 vel
2697 3417 2843 3486 quod
2873 3417 3138 3471 Honorius
3165 3420 3294 3486 imp.
3317 3421 3445 3472 Cod.
3478 3421 3579 3474 Th.
3605 3423 3697 3477 lib.
3725 3441 3825 3482 xvr

2222 3482 2307 3565 tit.
2341 3482 2500 3565 Sleg.
2525 3486 2592 3539 45
2621 3485 2784 3565 edicit
2791 3503 2818 3565 ξ
2840 3485 3032 3565 lNeque
3055 3489 3189 3541 enim
3226 3482 3388 3543 morte
3424 3493 3700 3562 cognitoris
3727 3514 3827 3565 pe-

2223 3556 2326 3609 rire
2365 3556 2510 3626 debet
2541 3556 2745 3622 publica
2776 3557 2924 3626 ﬁdes.
3483 3556 3503 3562 ⁷
3727 3556 3739 3565 ’
3804 3604 3819 3626 ι

2296 3635 2321 3708 β
2351 3625 2568 3708 Grtet-us
2596 3625 2881 3708 interpres,
2912 3637 3115 3708 πρῶτᾳν
3143 3633 3245 3707 γὰρ
3271 3634 3488 3693 ἀντέστη
3508 3674 3540 3708 ,Δ
3571 3635 3676 3692 hoc
3706 3625 3820 3707 est,

2224 3698 2452 3779 primum
2481 3699 2612 3779 enim
2639 3698 2831 3779 obstitit
2863 3698 2984 3779 (seu
3015 3698 3314 3779 adversatus
3336 3708 3434 3774 est)
3462 3698 3825 3779 vehementer}

2223 3768 2364 3842 quod
2400 3771 2850 3842 planius_sulilato
2873 3768 3313 3840 interrogationis
3345 3768 3561 3842 puncto.

2294 3836 2418 3916 hlto
2444 3855 2567 3916 cum
2599 3839 2832 3916 Justello
2849 3858 3038 3916 omnes
3070 3836 3237 3897 nostri
3272 3836 3426 3913 mss.,
3452 3847 3554 3901 nisi
3582 3850 3727 3916 quod
3765 3853 3819 3908 in

2226 3925 2331 3963 uno
2361 3910 2516 3964 Colb.
2546 3929 2557 3962 :
2592 3920 2637 3963 et
2661 3913 2778 3966 licet
2817 3913 3004 3967 invitus
3034 3931 3142 3968 suae
3172 3910 3495 3971 conscientia:
3531 3910 3821 3979 reluctante

2224 3981 2544 4051 confessione
2590 3984 2840 4051 prodidit.
2886 3987 2955 4038 At
2995 3987 3124 4039 edit.
3156 3987 3349 4040 c0ncil.
3384 4005 3398 4041 :
3430 3990 3523 4043 etsi
3561 3990 3719 4046 incita
3772 4007 3823 4050 ct

2224 4067 2318 4133 sua
2342 4052 2660 4133 conscientia
2686 4055 2967 4133 reluctante
3000 4057 3321 4133 confessione
3346 4062 3593 4133 providit.
3628 4063 3684 4133 ln
3720 4081 3825 4133 po-

2225 4122 2750 4204 sterioribus_t_atnen
2781 4127 3050 4204 sublatum
3078 4122 3161 4182 est
3198 4122 3535 4204 confessione.
3569 4132 3648 4186 Ad
3680 4122 3823 4192 invi-

2227 4202 2306 4246 tas
2332 4193 2599 4264 ejusmodi
2623 4197 2986 4268 confessiones
3017 4213 3137 4253 reos
3158 4193 3430 4268 compellit
3452 4200 3591 4257 Deus
3614 4218 3678 4258 ea
3702 4209 3822 4262 vir-

2226 4272 2358 4345 tute,
2408 4281 2513 4345 _q_u_a
2564 4266 2987 4345 omiiia__potest.
3020 4269 3229 4345 ﬁat-rat
3278 4266 3603 4345 Augustinus
3650 4278 3819 4344 epiSt.

2225 4335 2360 4389 alias
2401 4335 2501 4390 157
2535 4353 2676 4410 nunc
2704 4339 2773 4391 78
2794 4335 2855 4391 _n.
2885 4340 2964 4410 ὗε
3009 4339 3296 4394 Mediolani
3332 4335 3471 4410 apud
3509 4335 3822 4404 memoi'iam

2224 4418 2542 4473 sanctorum,
2575 4408 2660 4462 ubi
2683 4409 2989 4465 mirabiliter
3016 4424 3063 4465 et
3096 4408 3393 4466 terribiliter
3410 4414 3663 4468 daemones
3687 4436 3824 4476 con—

2226 4478 2459 4553 fitentur,
2488 4481 2653 4548 furem
2689 4482 2958 4550 quemdam
2986 4484 3074 4553 qui
3103 4484 3171 4536 ad
3196 4501 3310 4537 eum
3334 4484 3496 4539 locum
3520 4500 3727 4542 venerat
3760 4503 3821 4546 ut

2226 4549 2419 4627 falsum
2446 4553 2682 4627 jurando
2701 4549 3006 4627 deciperet,
3027 4554 3349 4627 compulsum
3381 4555 3536 4624 fuisse
3573 4560 3819 4627 conﬁteri

2224 4623 2457 4691 furtum.
2496 4625 2641 4678 ldem
2667 4634 2722 4679 et
2767 4623 2912 4678 Nola:
2941 4627 2993 4678 in
3033 4640 3098 4680 eo
3131 4623 3269 4691 loco,
3302 4623 3390 4680 ubi
3434 4629 3573 4681 beati
3610 4623 3815 4688 Felicis

2224 4707 2421 4758 corpus
2451 4697 2725 4749 conditum
2755 4706 2859 4763 est,
2884 4696 3192 4766 contingere
3220 4698 3396 4751 solere
3418 4697 3612 4752 ibidem
3647 4711 3816 4757 testa-

2223 4770 2340 4829 tur;
2389 4780 2559 4836 eaqne
2592 4766 2658 4819 de
2689 4780 2845 4819 causa
2875 4767 3007 4821 duos
3031 4782 3059 4821 e
3085 4768 3297 4823 clericis
3326 4769 3441 4823 suis
3468 4782 3589 4823 sese
3620 4782 3815 4830 mutuo

2224 4847 2541 4912 accusantes
2575 4837 2702 4912 illnc
2733 4836 2993 4912 misit,_ut
3021 4840 3098 4893 rei
3121 4838 3319 4912 veritas
3353 4841 3650 4905 patefieret.

2306 4906 2319 4941 ί
2355 4906 2593 4979 lsidorus
2624 4908 2885 4962 Mercator
2906 4908 2959 4962 in
2990 4910 3235 4978 cpistola,
3264 4924 3421 4979 quam
3452 4912 3809 4971 Urientalium

2226 4978 2444 5032 nomine
2460 4980 2526 5032 ad
2544 4978 2746 5033 Juliuni
2769 4993 2957 5048 papam
2987 4981 3338 5036 scribentium
3362 4983 3643 5041 Conlinxit.
3669 4987 3813 5043 hunc

2225 5048 2779 5131 locumhexscribens,
2822 5066 2919 5131 pro
2953 5052 3246 5122 impendio,
3284 5053 3564 5108 substituit
3597 5069 3811 5128 propter

2224 5117 2363 5193 beati
2374 5118 2529 5193 _Petri
2555 5121 2796 5176 honorem
2822 5117 3077 5193 impenso.

2299 5190 2313 5240 i
2347 5189 2548 5245 Nicien.
2578 5207 2731 5246 conc.
2762 5206 2813 5246 c.
2840 5191 2895 5246 5.

2222 5259 2427 5387 “galia
2455 5278 2561 5318 ms.
2592 5262 2745 5318 Colb.
2771 5263 2840 5319 At
2866 5263 3045 5335 MerL,
3069 5266 3306 5336 advertit,
3337 5274 3393 5323 et
3416 5265 3507 5323 alii
3535 5267 3687 5337 libri,
3716 5272 3811 5324 ad-

2305 5401 2324 5442 1
2351 5404 2580 5461 Concilii
2608 5405 2897 5461 Milevitani
2927 5422 2997 5472 tt,
3042 5423 3251 5465 canone
3280 5408 3373 5475 29.,
3415 5410 3761 5468 constituitur
3792 5430 3807 5465 :

2229 5474 2299 5531 Ut
2328 5478 2631 5553 presbyteri,
2656 5478 2869 5553 diaconi
2915 5478 2992 5553 uel
3032 5482 3200 5535 calari
3238 5474 3504 5553 inferiores
3534 5484 3713 5539 clerici
3758 5486 3809 5537 in

2226 5550 2395 5601 causis
2425 5547 2551 5625 quas
2569 5547 2865 5625 ‘habuerint,
2890 5551 2950 5625 si
2976 5553 3037 5604 de
3052 5553 3270 5623 judiciis
3296 5547 3655 5625 episwporum
3680 5572 3808 5609 stto-

2224 5635 2341 5671 rum
2364 5619 2530 5687 questi
2558 5621 2770 5687 fuerint,
2804 5621 2953 5675 vicini
2982 5619 3204 5691 epi'scOpi
3231 5619 3574 5690 eos'audiant,
3603 5634 3651 5680 et
3679 5628 3811 5680 inter

2225 5705 2310 5744 eos
2330 5691 2577 5760 quidquid
2598 5702 2669 5744 est
2696 5692 2878 5761 ﬁniant
2910 5692 3122 5746 adhibiti
3153 5695 3213 5745 ab
3241 5696 3315 5749 eis
3346 5712 3409 5751 ea:
3436 5712 3683 5751 consensu
3705 5696 3816 5755 evi~

2224 5776 2495 5829 scoparum
2518 5777 2745 5818 suorum.
2780 5763 2931 5829 Quod
2953 5764 2995 5818 si
3020 5772 3068 5818 et
3098 5766 3162 5820 ab
3197 5765 3269 5822 eis
3302 5768 3687 5839 provocandam
3713 5782 3817 5840 pu-
