3982 6182
209 245 299 303 625
895 241 1109 300 EPIST.
1151 235 1217 300 ll.
1260 234 1530 301 CONCIL.
1574 243 1798 307 APRIC.
1843 245 1936 302 AD
1975 238 2448 305 C(ELESTINUM
2490 245 2744 305 PAPAM.

3361 257 3466 315 626

210 363 271 416 lat
308 358 556 417 sanctitas
598 364 717 423 tua;
768 355 890 427 quia
933 367 989 412 et
1030 358 1176 413 nulla
1212 368 1420 427 patrum
1449 357 1765 413 definitione
1796 366 1847 423 Α
1874 360 1955 414 vel
2002 360 2185 415 multis
2213 360 2335 416 aliis
2387 362 2812 431 impedimentis,
2853 362 3049 421 adduci
3100 380 3205 421 non
3248 364 3275 404 ά
3308 380 3461 439 pote-

208 456 293 510 hoc
336 453 588 508 Ecclesiae
642 451 958 521 derOgatum
1008 461 1092 507 est
1121 451 1411 520 Africanae,
1453 463 1507 508 et
1549 453 1765 509 decreta

208 546 385 603 Nicaeua
435 544 551 599 sive
598 542 875 598 inferioris
920 544 1123 614 gradus
1163 545 1418 616 clericos,
1467 547 1587 603 sive
1626 548 1769 616 ipsos

207 642 480 713 episcopos,
516 639 633 694 suis
659 638 1094 708 metropolitanis
1115 640 1457 709 apertissime
1484 638 1772 697 commise-

211 746 333 791 runt.
384 732 817 789 Prudentissime
862 732 1007 787 enim
1034 730 1445 803 juStissimcque
1493 731 1767 801 viderunt,

209 835 231 864 ⁸
253 841 578 897 quacumque
604 825 819 894 negotia
847 824 899 878 in
934 825 1048 878 suis
1075 824 1233 892 locis,
1260 824 1353 880 ubi
1381 835 1495 881 orta
1528 836 1674 895 sunt,
1704 828 1769 881 ﬁ-

207 918 389 983 nienda,
430 933 533 974 nec
566 917 863 988 unicuique
904 917 1268 988 providentia:
1310 919 1542 989 gratiam
1594 921 1769 977 sancti

202 1010 400 1080 Spiritus
433 1011 769 1076 defuturam,
804 1023 908 1078 qua
949 1010 1175 1080 aequitas
1206 1026 1234 1065 a
1275 1009 1474 1067 Christi
1518 1012 1771 1069 sacerdo-

204 1103 322 1159 tibus
349 1111 399 1159 et
423 1103 723 1175 prudenter
748 1100 1017 1167 videatur,
1040 1114 1094 1157 et
1123 1104 1565 1159 constantissime
1590 1115 1769 1160 tenea-

203 1204 308 1250 tur:
339 1198 566 1252 maxime
590 1196 717 1267 quia
745 1193 1039 1265 unicuique
1069 1210 1390 1251 concessum
1417 1206 1523 1263 est,
1552 1196 1581 1235 ι’
1613 1198 1657 1251 si
1685 1197 1772 1267 jn-

202 1286 324 1342 dicio
367 1288 606 1343 offensus
645 1285 809 1341 fuerit
854 1288 1219 1356 cognitorum,
1271 1287 1337 1341 ad
1386 1288 1615 1342 concilia
1657 1304 1769 1344 sua:

199 1379 486 1447 provinciae,
542 1380 627 1434 vel
660 1379 826 1433 etiam
881 1377 1211 1440 universale,
1243 1388 1265 1417 ε
1293 1391 1613 1448 provocare.
1657 1379 1769 1435 Nisi

198 1467 323 1526 l‘ot'te
343 1473 629 1543 quisquam
647 1481 730 1525 est
751 1470 842 1540 qui
859 1468 1043 1524 credat
1066 1471 1153 1524 uni
1174 1469 1401 1525 cuilibet
1420 1486 1578 1540 posse
1600 1471 1769 1527 Deum

196 1571 419 1618 nostrum
448 1561 717 1619 examinis
742 1560 1013 1631 inspirare
1039 1560 1325 1630 justitiam,
1372 1573 1424 1617 et
1464 1563 1772 1618 innumera-

193 1651 379 1711 bilibus
406 1654 749 1728 congregatis
780 1654 832 1708 in
860 1654 1147 1708 concilium
1185 1655 1561 1711 sacerdotibus
1598 1658 1769 1713 dene-

1871 455 2043 509 runt?

1941 550 1997 603 4.
2040 548 2195 616 Nam,
2230 557 2291 604 ut
2332 549 2494 619 aliqui
2546 560 2817 620 tamquam
2844 568 2876 607 a
2913 561 3018 608 tua:
3047 554 3346 610 sanctitatis
3387 556 3466 611 la-

1873 649 1987 695 tere
2015 641 2318 704 mittantur,
2352 640 2406 695 in
2436 640 2581 696 nulla
2606 642 2909 697 invenimus
2944 652 2967 681 σ
2998 643 3217 699 Patrum
3259 648 3467 718 synodo

1873 734 2226 789 constitutum
2258 749 2275 787 :
2304 734 2431 803 quia
2462 733 2597 788 illud
2639 734 2784 803 quod
2834 734 3041 804 pridem
3091 751 3187 805 per
3214 738 3466 793 eumdem

1874 827 2256 896 coepiscopum
2293 835 2539 882 nostrum
2567 828 2885 883 Faustinum
2929 838 3202 900 tamquam
3225 848 3292 886 ex
3314 842 3468 900 parte

1873 919 2074 977 Nictetti
2102 921 2319 975 concilii
2352 920 2550 976 exinde
2582 923 2978 989 transmisistis,
3014 923 3067 979 in
3099 925 3345 981 conciliis
3372 941 3466 981 ve-

1875 1021 2115 1076 rioribus
2150 1020 2169 1060 ί
2207 1037 2327 1093 qua:
2357 1022 2697 1093 accipiuntur
2737 1023 2939 1079 Nicreni
2972 1041 3001 1080 a
3026 1037 3217 1083 sancto
3261 1025 3468 1099 Cyrillo

1873 1123 2202 1192 coepiscopo
2233 1130 2421 1177 nostro
2452 1123 2832 1180 Alexandrinae
2862 1126 3140 1193 Ecclesiae,
3175 1137 3231 1183 et
3253 1144 3282 1183 ιι
3304 1145 3472 1186 vene-

1872 1222 2029 1277 rabili
2072 1222 2253 1278 Attico
2295 1222 2901 1294 Constantinopolitano
2944 1228 3221 1295 antistite,
3261 1245 3325 1285 ex
3369 1245 3464 1286 au-

1876 1326 2113 1381 thentico
2134 1325 2334 1394 missis,
2364 1342 2484 1393 quae
2509 1327 2673 1382 etiam
2695 1336 2823 1382 ante
2845 1328 2946 1384 hoc
2969 1344 3069 1400 per
3093 1330 3465 1388 Innocentium

1874 1427 2245 1499 presbyterum
2277 1438 2330 1481 et
2360 1426 2672 1482 Marcellum
2717 1426 3151 1495 subdiaconum,
3196 1445 3292 1499 per
3330 1447 3468 1502 quos

1874 1528 1942 1581 ad
1991 1541 2090 1582 nos
2119 1528 2185 1582 ab
2218 1528 2299 1583 eis
2346 1528 2550 1583 directa
2600 1536 2757 1592 sunt,
2808 1528 3142 1584 venerabilis
3194 1534 3469 1589 memorias

1876 1628 2154 1685 Bonifacio
2184 1630 2439 1700 episcopo
2469 1629 2746 1685 decessori
2789 1642 2975 1687 vestro
3018 1646 3048 1686 a
3085 1633 3243 1691 nobis
3284 1643 3469 1692 trans-

190 1758 331 1815 gare.
388 1750 496 1802 Aut
540 1745 805 1816 quomodo
835 1746 1012 1815 ipsum
1059 1750 1478 1804 transmarinum
1505 1750 1768 1820 judicium
1802 1744 1849 1803 B
1877 1733 2041 1787 mis”
2069 1743 2216 1798 ευυι»
2248 1732 2302 1786 in
2333 1732 2529 1803 quibus
2561 1730 2668 1785 me
2696 1729 2897 1801 aliqum
2939 1747 3051 1788 non
3080 1737 3356 1805 potuimus
3384 1753 3470 1795 τε·

190 1847 366 1892 ratum
396 1838 521 1901 erit,
554 1837 619 1893 ad
643 1837 783 1909 quod
810 1840 1024 1894 testium
1053 1842 1377 1896 necessaria:
1410 1858 1658 1911 persona:
1688 1846 1772 1900 vel

188 1938 412 1998 propter
437 1942 598 1985 sexus
644 1929 725 1984 vel
778 1939 994 2000 pr0pter
1022 1934 1317 1988 senectutis
1363 1933 1763 2003 inﬁrmitatem,

187 2068 425 2150 lauet-int,
455 2083 559 2121 non
587 2076 856 2151 provocent
874 2067 974 2121 nisi
994 2066 1061 2119 ad
1085 2066 1330 2151 Africana
1352 2070 1568 2150 concilia
1590 2069 1667 2123 vel
1700 2072 1768 2124 ad

184 2137 427 2208 primates
453 2137 837 2203 provinciarum
857 2154 1091 2192 suarum.
1118 2138 1197 2189 Ad
1219 2141 1573 2193 transmarina
1600 2152 1773 2194 autem

183 2210 266 2275 qui
302 2210 557 2280 putaverit
594 2209 985 2282 appellandum,
1013 2225 1055 2282 _a
1090 2209 1236 2282 nullo
1274 2209 1410 2263 intra
1451 2209 1680 2281 Africam
1718 2215 1773 2265 in

185 2279 597 2336 communionem
629 2279 972 2351 suscipiatur.
1011 2279 1282 2351 Totidem
1306 2279 1506 2335 verbis
1536 2283 1773 2338 insertus

183 2362 261 2424 est
289 2351 393 2406 iste
424 2368 602 2407 Catum
647 2349 832 2407 Codici
869 2365 1000 2424 can.
1028 2350 1172 2404 Eccl.
1194 2349 1329 2424 AAl'r.
1355 2367 1414 2424 _c.
1448 2350 1574 2409 125.
1607 2353 1773 2424 Cujus

182 2420 371 2492 littera:
416 2424 462 2477 si
518 2423 842 2487 haereamus,
903 2421 1005 2475 soli
1064 2422 1365 2492 presbyteri
1420 2420 1773 2480 interioresve

180 2490 379 2561 clerici,
406 2510 521 2549 non
552 2492 819 2563 episcopi,
841 2492 909 2545 ad
935 2490 1298 2556 transmarina,
1325 2497 1426 2548 hoc
1448 2506 1526 2548 est
1556 2495 1621 2548 ad
1644 2511 1774 2564 apo-

176 2564 419 2620 stolicam
481 2566 691 2626 sedem,
744 2577 1044 2635 provocare
1092 2565 1469 2630 prohibentur.
1523 2568 1595 2621 At
1648 2568 1774 2622 licet

174 2648 311 2690 nunc
346 2635 501 2700 Afri,
536 2636 600 2689 ad
641 2633 786 2690 idem
827 2633 1101 2689 decretum
1150 2639 1311 2689 verba
1342 2651 1439 2691 sua
1470 2652 1773 2692 accommo-

169 2704 381 2776 dantes,
417 2709 807 2766 leeslinum,
841 2713 898 2759 nt
942 2706 1346 2775 presbyterorum
1376 2717 1423 2762 et
1456 2710 1773 2776 sequentium

173 2775 495 2834 clericorum
535 2777 767 2850 improba
796 2777 997 2848 refugio
1027 2779 1261 2850 repellat,
1307 2789 1528 2847 rogent,
1567 2796 1771 2849 nequa-

175 2862 330 2916 quam
358 2861 547 2905 tatneu
581 2848 958 2917 episcotiorum
986 2848 1049 2903 ad
1081 2848 1436 2904 transmarina
1466 2848 1775 2919 appellatio-

174 2933 267 2975 ncs
296 2923 629 2990 permittere
668 2935 727 2974 se
756 2919 1094 2989 significant;
1129 2921 1296 2973 immo
1328 2937 1445 2989 quae
1477 2921 1578 2974 hac
1615 2922 1682 2977 de
1714 2938 1773 2977 re

172 2995 454 3046 sententia
487 3007 582 3046 sua
612 2991 702 3056 sit,
750 3005 872 3045 mox
906 2992 1175 3059 aperiunt,
1221 3006 1343 3045 cum
1392 2992 1606 3045 Nion-na
1660 2994 1773 3045 lau-

170 3062 301 3131 dant
333 3065 590 3123 decreta,
618 3076 734 3129 qua
756 3062 860 3115 sive
886 3062 1147 3127 inferioris
1186 3062 1374 3131 gradus
1406 3062 1641 3125 clericos,
1672 3064 1776 3114 sive

168 3130 304 3202 ipsos
337 3135 651 3205 episcopos,
683 3134 789 3205 suis
823 3133 1230 3205 metropolitanis
1276 3131 1597 3205 apertissime
1637 3146 1776 3182 com-

165 3199 457 3258 miserunt.
494 3199 562 3257 Et
589 3207 633 3256 is
660 3200 875 3261 quidem
904 3199 1076 3253 canon
1102 3202 1156 3253 in
1186 3201 1400 3253 laudato
1423 3199 1620 3252 Codice
1651 3213 1771 3251 can.

159 3269 317 3331 Eccl.
356 3272 491 3327 Afr.
521 3288 641 3335 cup.
667 3269 739 3324 28
763 3271 840 3324 sic
862 3270 1166 3335 exhibetur,
1200 3279 1256 3323 ιιι
1289 3268 1677 3337 appellationes
1707 3270 1772 3324 ad

160 3343 553 3398 transmarina
587 3356 692 3395 non
721 3341 895 3393 minus
925 3341 1194 3407 episcopis
1235 3356 1395 3407 quam
1420 3340 1630 3394 cmteris
1658 3341 1771 3395 cle-

157 3415 293 3470 ricis
323 3409 643 3473 prohibitos
668 3411 828 3465 fuisse
856 3411 1069 3465 doceat.
1095 3410 1184 3466 Sic
1208 3412 1351 3465 enim
1385 3412 1503 3477 ejus
1533 3412 1771 3467 clausula

155 3486 221 3541 ibi
275 3482 534 3541 cll'ertur
567 3500 581 3535 :
630 3482 782 3549 Quod
810 3482 853 3535 si
883 3490 928 3535 et
957 3480 1018 3533 ab
1042 3482 1115 3536 eis
1152 3482 1530 3554 provocandam
1566 3494 1773 3554 putaue-

156 3557 285 3620 rint,
346 3570 471 3608 non
501 3560 767 3623 provocent
799 3554 866 3605 ad
912 3554 1255 3625 transmarina
1292 3552 1513 3625 judicia,
1566 3552 1657 3625 sed
1701 3554 1771 3607 ad

160 3629 428 3693 primates
458 3640 675 3678 suarum
706 3624 1106 3692 provinciarum,
1135 3634 1224 3677 aut
1254 3624 1321 3677 ad
1343 3624 1627 3679 universale
1653 3642 1774 3679 con-

159 3698 364 3763 cilium,
424 3696 564 3749 sicut
606 3706 651 3749 et
691 3709 760 3750 ne
806 3708 1069 3749 EPISCOPIS
1113 3710 1258 3751 sane
1301 3696 1634 3748 constitutum
1675 3704 1768 3749 est.

161 3764 317 3822 Unde
352 3771 413 3821 in
444 3776 747 3821 memorato
774 3765 1062 3819 Milevitaui
1085 3767 1295 3820 concilii
1326 3779 1533 3820 canone
1563 3767 1771 3833 episco-

161 3851 363 3907 porum
398 3840 615 3892 mentio
644 3837 854 3890 videtur
884 3838 1005 3890 ideo
1028 3837 1411 3906 praneroiissa,
1442 3837 1563 3907 quia
1594 3837 1662 3891 de
1692 3837 1764 3905 ip-

162 3906 234 3962 sis
256 3910 379 3977 jam
418 3924 575 3970 sreoe
601 3907 789 3963 eadem
832 3922 921 3961 res
950 3908 1165 3962 decreta
1199 3910 1391 3963 fuerat.
1437 3906 1611 3961 Porro
1657 3908 1770 3963 haec

163 3982 442 4046 accessio,
507 3978 652 4035 Sicut
680 3988 729 4033 et
754 3980 816 4050 de
844 3979 1093 4050 episcopis
1134 3995 1268 4050 serpe
1308 3980 1642 4033 constitutum
1674 3989 1767 4044 est,

161 4064 322 4119 quam
352 4062 416 4107 et
455 4051 750 4123 Dionysius
770 4047 1341 4123 Exiguuslasservavit
1356 4093 1370 4115 ,
1390 4050 1623 4123 magnis
1641 4065 1769 4123 con-

165 4123 495 4186 troversiis,
527 4120 721 4191 quibus
751 4120 1071 4176 dirimendis
1096 4135 1202 4174 non
1226 4121 1420 4175 sufﬁcit
1459 4120 1768 4190 marginalis

165 4196 414 4263 angustia
436 4236 456 4259 ,
500 4194 673 4247 locum
711 4191 880 4246 dedit.
914 4191 971 4247 Si
1001 4200 1177 4245 tamen
1227 4192 1622 4263 perpendamus
1656 4191 1769 4247 lucc

164 4260 424 4333 Cypriani
483 4264 591 4315 sub
636 4264 794 4317 linem
832 4264 1072 4330 cpistola:
1103 4260 1385 4317 55:’Cum
1426 4271 1674 4316 statutum
1701 4264 1768 4316 sit

169 4336 408 4390 omnibus
436 4334 615 4396 nobis,
632 4343 892 4405 etcequunt
905 4334 971 4386 sit
990 4333 1184 4405 pariter
1199 4349 1259 4386 ac
1272 4336 1493 4402 justum,
1512 4345 1567 4386 ut
1590 4333 1765 4405 unius-

167 4407 418 4477 cujusque
469 4420 635 4477 causa
672 4403 790 4477 illic
828 4403 1069 4477 audiatur
1107 4404 1192 4457 ubi
1233 4413 1303 4458 est
1352 4406 1551 4477 crimen
1576 4403 1768 4477 admis—

167 4474 390 4544 ru'mfsi
418 4475 603 4532 etiam
635 4476 761 4539 alia,
792 4491 911 4543 qua:
942 4474 1082 4529 idem
1115 4485 1330 4529 sanctus
1365 4475 1445 4529 his
1474 4476 1766 4535 subnectit,

168 4557 282 4601 cum
314 4550 385 4603 iis
418 4562 732 4619 quainnnc
763 4547 874 4619 Alri
899 4554 1179 4619 opponunt
1201 4545 1574 4610 ccul'eramus;
1612 4545 1769 4619 facile

168 4630 329 4673 unum
380 4616 456 4675 in
507 4617 612 4671 illis
640 4617 912 4688 ingenium
957 4616 1350 4688 etranitnuma
1396 4616 1769 4688 transmarinis

168 4690 647 4758 appellationibus
701 4684 902 4759 pariter
951 4687 1338 4743 abhorrentem
1395 4684 1769 4755 deprehende-

168 4771 305 4816 mus.

234 4841 260 4867 ι
294 4834 415 4889 lloc
442 4841 635 4887 atttem
666 4830 1019 4900 providerunt
1047 4843 1256 4884 canone
1284 4829 1342 4893 5,
1368 4842 1465 4897 pro
1486 4842 1770 4900 praecepe-

170 4912 291 4974 runt
318 4905 491 4958 anuis
528 4899 748 4974 singulis
782 4918 873 4970 per
907 4899 1666 4974 unamquamqueproviuciam
1697 4900 1769 4974 bis

171 4968 219 5024 in
247 4991 391 5029 anno
421 4968 653 5029 concilia
674 4968 937 5040 celebrari,
970 4983 1048 5036 ut,
1077 4968 1414 5024 communiter
1437 4970 1669 5023 omnibus
1700 4973 1771 5023 si-

171 5044 272 5117 mul
316 5046 593 5117 episcopis
620 5046 897 5113 provincia:
922 5044 1261 5117 congregatis,
1293 5042 1638 5117 discut_ian_tur
1667 5042 1768 5094 ltu-

173 5112 399 5171 iusmodi
427 5112 764 5186 quicstiones.
794 5131 912 5186 quae
941 5112 1146 5169 oborta:
1178 5112 1410 5167 fuerant.
1443 5112 1642 5186 Eodem
1684 5128 1774 5167 ca-

172 5199 310 5259 ttotte
342 5184 621 5259 praetcrea
649 5203 716 5242 ne
736 5184 973 5257 episcopi
1001 5186 1315 5259 estralines
1342 5184 1635 5259 provincia!
1659 5198 1771 5259 sua:

170 5253 493 5323 iudicentur
524 5259 746 5313 vetitum
774 5253 908 5312 esse
927 5253 1136 5324 pariter
1168 5255 1551 5310 intellexterunt
1580 5253 1770 5309 Orien-

173 5329 327 5394 12188,
364 5340 429 5385 ιιι
464 5331 520 5383 in
550 5330 836 5399 epistolam
861 5328 896 5382 4
922 5327 1219 5383 Innocentii
1253 5344 1371 5399 pag.
1406 5326 1529 5399 775,
1556 5334 1666 5378 nut.
1694 5341 1766 5391 c.,

171 5397 617 5456 ObserVaVimus.
671 5400 781 5456 Nec
825 5400 1184 5454 maledicunt
1236 5397 1348 5451 Afri
1399 5397 1682 5465 episcopos
1720 5407 1774 5451 et

173 5468 458 5525 interimis
488 5472 685 5537 gradus
707 5472 938 5527 clericos
968 5470 1389 5537 metrOpOIitanis
1418 5469 1529 5521 suis
1557 5483 1622 5522 eo
1655 5470 1771 5538 ipso

169 5552 383 5598 eanone
427 5544 600 5598 fuisse
647 5544 995 5607 commissos;
1044 5545 1165 5608 quia
1198 5543 1317 5595 licet
1349 5541 1399 5593 in
1444 5540 1541 5593 hoc
1568 5540 1769 5594 diserta

170 5613 596 5683 metropolitani
622 5615 825 5669 mentio
857 5629 962 5667 non
990 5615 1101 5673 liat,
1128 5613 1178 5666 id
1214 5624 1390 5665 tamen
1416 5611 1517 5677 ipsi
1545 5626 1647 5683 non
1673 5612 1771 5663 im-

170 5681 371 5739 merito
408 5687 692 5749 trilmitur,
724 5686 864 5751 qnml
890 5683 1179 5738 concilium
1210 5684 1501 5752 provincia:
1528 5681 1613 5737 cui
1638 5696 1770 5751 pra:-

165 5765 271 5826 est,
301 5755 567 5815 decernit
590 5772 653 5811 ac
669 5757 893 5827 judicat.

638 5852 909 5912 Panos.
959 5846 1039 5916 L._

1801 3368 1848 3433 C
1879 3343 1971 3433 sit;

1797 4751 1853 4812 D

1882 1848 2079 1902 perire.

1947 1934 2003 1989 5.
2047 1934 2416 1990 Exsecutores
2438 1943 2463 1982 ε
2489 1935 2653 1989 etiam
2680 1934 2908 1993 clericos
2934 1949 3149 1998 vestros
3169 1944 3471 2018 quibusque

1951 2066 2059 2123 bln
2110 2083 2211 2123 ms.
2263 2066 2419 2137 Reg.,
2468 2068 2557 2136 qui
2584 2068 2811 2139 judicio.
2846 2069 2904 2124 Id
2939 2085 3101 2139 porro
3149 2089 3467 2133 concessum

1878 2138 2172 2194 Milevitani
2222 2154 2255 2193 ιι
2295 2139 2505 2193 concilii
2537 2138 2746 2193 canone
2773 2139 2863 2202 Ἡ,
2906 2138 2960 2194 et
2997 2142 3375 2201 conﬁrmatum
3414 2148 3471 2204 in

1878 2210 2079 2265 Codice
2103 2226 2223 2265 can.
2254 2210 2402 2264 Eccl.
2431 2212 2545 2263 Al‘r.
2582 2224 2700 2277 cap.
2733 2208 2805 2265 28
2834 2220 2889 2265 et
2916 2210 3040 2267 125.

1954 2293 1974 2319 ε
2004 2283 2238 2351 Ideoque
2274 2282 2561 2354 concilium
2604 2277 3054 2354 Carthaginiense
3102 2299 3188 2352 ιιι,
3242 2301 3363 2342 can.
3410 2289 3469 2354 2,

1877 2353 2177 2417 constituit,
2209 2366 2361 2421 prout
2394 2352 2498 2405 hoc
2520 2360 2775 2406 statutum
2805 2351 2991 2408 Codici
3023 2369 3144 2408 can.
3175 2356 3319 2412 Eccl.
3346 2351 3462 2414 Afr.

1878 2422 2137 2479 insertum
2174 2423 2387 2499 legitur,
2414 2433 2469 2476 ut
2490 2424 2769 2499 secundum
2798 2421 3017 2479 Nicena
3040 2436 3233 2499 statuta
3260 2441 3470 2499 propter

1876 2510 2058 2549 causas
2089 2496 2460 2568 ecclesiasticas
2483 2510 2599 2563 qua:
2620 2493 2688 2545 ad
2723 2499 2995 2568 perniciem
3019 2497 3246 2568 plebium
3260 2493 3471 2555 cetera.

1873 2576 2043 2630 scunt,
2076 2566 2295 2640 singulis
2326 2566 2609 2640 quibusque
2637 2567 2787 2619 annis
2816 2566 3096 2622 concilium
3135 2582 3463 2640 convocetur,

1876 2640 1943 2689 αλ
1969 2638 2104 2706 quod
2132 2653 2305 2689 oumes
2340 2637 2621 2704 provincia:
2648 2652 2762 2701 qua:
2789 2640 2981 2705 primas
3009 2643 3151 2695 sedes
3192 2641 3381 2697 habent
3405 2637 3473 2698 de

1876 2708 2110 2783 conciliis
2157 2709 2263 2761 suis
2295 2706 2440 2760 binos
2484 2716 2571 2759 aut
2600 2716 2821 2776 quantos
2868 2712 3171 2783 delegerint,
3198 2714 3470 2783 episcopos

1876 2780 2099 2843 mittant,
2131 2787 2190 2850 ut
2217 2786 2526 2850 congregato
2548 2789 2805 2850 conventu
2841 2777 2997 2850 plena
3034 2782 3194 2850 possit
3224 2777 3334 2835 esse
3375 2777 3469 2837 ou-

1878 2853 2106 2904 etoritas.
2134 2849 2267 2903 llinc
2289 2848 2415 2916 quid
2442 2848 2555 2901 Afri
2583 2849 2668 2901 hic
2693 2848 3015 2916 simpliciter
3035 2848 3319 2903 concilium
3350 2855 3472 2907 uni-

1877 2925 2092 2992 t'ersale,
2145 2920 2271 2992 quid
2324 2919 2621 2992 concilium
2656 2918 3102 2992 Carthaginiense
3142 2934 3232 2983 ιιι,
3266 2936 3387 2976 can.
3414 2925 3469 2992 7,

1875 2990 2149 3061 concilium
2178 2989 2460 3061 universale
2501 2989 2932 3061 anniuersarium,
2955 2991 3167 3061 _quidve
3211 2989 3469 3061 Augusti;

1880 3074 1979 3111 nus
2012 3059 2177 3112 variis
2210 3058 2260 3109 in
2302 3059 2436 3127 locis
2463 3058 2736 3127 concilium
2765 3058 3053 3127 plenarium
3090 3070 3270 3127 vocet,
3297 3058 3468 3121 intel-

1881 3127 2047 3203 ligere
2073 3138 2180 3203 est.
2211 3126 2420 3195 Quippe
2454 3126 2772 3203 concilium
2797 3128 2940 3203 quod
2970 3126 3262 3185 universale
3280 3136 3471 3203 appel-

1880 3199 2039 3272 lator,
2073 3198 2195 3272 quia
2228 3213 2293 3251 ex
2322 3198 2571 3249 omnilms
2600 3197 2889 3272 provinciis
2919 3197 3329 3270 congregatum,
3353 3197 3466 3272 ple-

1880 3267 2081 3321 narium
2111 3268 2237 3322 item
2272 3276 2633 3337 nuncupatur,
2668 3268 2788 3337 quia
2822 3268 2874 3322 in
2904 3283 2971 3323 eo
2999 3267 3154 3339 plena
3182 3267 3466 3333 auctoritas

1950 3405 2347 3486 fllncpmmodi
2421 3409 2580 3486 hujus
2639 3410 2836 3486 vitandi
2901 3412 3111 3486 gratia,
3166 3412 3465 3486 Cyprianus

1875 3478 2137 3554 cpist_._55
2170 3482 2342 3535 edixit
2371 3499 2381 3535 :
2418 3482 2629 3550 Oportet
2658 3482 2833 3553 utique
2860 3478 2943 3538 eo}
2970 3485 3154 3554 quibus
3177 3478 3465 3554 praesumus

1880 3592 1891 3603 .
1920 3592 1933 3605 .
1964 3590 1976 3603 .
2008 3551 2114 3605 illic
2140 3568 2289 3622 agere
2319 3568 2546 3618 causam,
2591 3554 2679 3606 ubi
2716 3551 2764 3607 et
2794 3551 3115 3611 accusaiores
3159 3551 3365 3623 habere,
3412 3572 3465 3617 et

1876 3631 2021 3675 testes
2066 3623 2148 3675 sui
2193 3625 2424 3678 criminis
2474 3626 2684 3691 possint.
2739 3625 2861 3681 ldeo
2909 3638 2961 3681 et
3005 3626 3117 3682 Afri
3166 3626 3297 3687 (λά.
3337 3646 3459 3688 catt.

1876 3692 2024 3746 Eccl.
2054 3693 2171 3747 Afr.
2201 3708 2249 3747 c.
2283 3695 2352 3749 50
2377 3706 2632 3749 caverunt
2657 3735 2671 3759 ,
2700 3705 2755 3748 ut
2784 3708 3054 3753 accusatus
3087 3699 3167 3753 vel
3194 3714 3463 3759 accusator

1874 3763 1927 3843 in
1952 3779 2009 3816 eo
2033 3764 2144 3817 loco
2169 3764 2304 3843 unde
2328 3764 2415 3818 ille
2430 3775 2514 3843 est
2535 3766 2621 3843 qui
2640 3777 2938 3843 _accusatur,
2966 3769 3011 3843 si
3024 3773 3212 3843 metuit
3233 3773 3461 3843 aliquam

1873 3834 1971 3887 vim
2002 3840 2285 3889 temeraria:
2334 3836 2699 3912 multitudinis,
2743 3835 2909 3887 locum
2939 3837 3034 3912 sibi
3078 3837 3239 3912 eligat
3280 3834 3460 3912 ρὲοπξ-

1874 3921 2035 4044 rgum,
2077 3922 2177 3975 quo
2206 3923 2307 3960 non
2338 3908 2402 3960 sit
2431 3906 2650 3977 difﬁcile
2679 3914 2827 3958 testes
2859 3906 3463 3974 producere'ubi‘causo

1915 3986 2109 4031 matur.

1915 3978 2109 4031 niatur.

1948 4056 1971 4083 ο
2015 4046 2126 4101 Hoc
2163 4049 2325 4117 igitur
2368 4048 2414 4102 si
2458 4048 2511 4101 in
2541 4046 2849 4102 Sardicensi
2883 4047 3113 4118 synodo,
3152 4050 3238 4106 cui
3268 4050 3463 4109 Gratus

1872 4117 2338 4188 Carthaginiensis
2364 4122 2649 4187 episcopus
2694 4117 2953 4179 interluit.
2993 4129 3254 4177 statutum
3298 4125 3464 4182 fuisse

1872 4196 2305 4264 comperissent,
2338 4193 2506 4255 nullo,
2556 4189 2877 4264 utjvidetur,
2907 4193 3143 4264 _negotio
3190 4196 3464 4264 suscepis-

1872 4260 2143 4336 sent._Sed
2177 4271 2231 4336 et
2260 4262 2344 4336 al_i_
2372 4261 3108 4336 hocsuscipiendo__decreto
3138 4279 3243 4320 non
3270 4260 3462 4336 parum

1872 4331 2262 4406 eos_deterruit
2307 4332 2552 4406 Faustini
2600 4333 2651 4383 in
2702 4340 2813 4406 toto
2857 4332 2949 4406 illo
2987 4336 3201 4402 negotio
3242 4331 3464 4406 quidam

1874 4401 2067 4471 typhus
2094 4416 2195 4455 nec
2225 4403 2354 4455 satis
2384 4418 2531 4471 aqua
2561 4402 2750 4469 agendi
2782 4404 2939 4455 ratio.

1950 4471 1965 4508 ί
2012 4471 2144 4543 Reg.
2170 4487 2295 4539 tns.,
2316 4474 2402 4533 qui
2422 4472 2763 4537 accipiuntur.
2786 4472 3009 4543 Graecus
3031 4475 3298 4543 interpres
3320 4478 3465 4534 hunc

1873 4542 2050 4616 locum
2084 4542 2359 4616 ita‘vertit.
2392 4555 2448 4597 ut
2481 4545 2677 4616 legisse
2709 4542 2991 4616 videatur,
3023 4545 3075 4597 in
3103 4542 3353 4616 exemplis
3378 4564 3461 4604 ve~

1870 4610 2095 4686 rioribus
2146 4612 2351 4686 Nicreni
2399 4613 2625 4678 concilii,
2669 4628 2783 4681 qua:
2820 4615 3109 4684 accepimus
3157 4633 3190 4671 a
3236 4610 3462 4686 sancto;

1873 4684 2015 4751 quod
2044 4698 2176 4737 sane
2203 4683 2420 4737 nitidius
2446 4694 2549 4737 est.

1951 4764 1974 4801 s
2018 4756 2372 4826 Exsecutores
2397 4753 2688 4808 secundum
2720 4756 3053 4822 superiorem
3085 4759 3367 4826 epistolam
3402 4779 3457 4816 η.

1876 4823 1908 4878 9
1938 4825 1982 4898 ii
2011 4824 2361 4890 vocabantur,
2392 4827 2477 4892 qui
2504 4836 2785 4898 tamquam
2830 4823 3132 4898 exsecuturi
3165 4832 3464 4898 apostolica

1874 4896 2009 4949 sedis
2039 4901 2341 4948 sententiam
2379 4896 2804 4950 destinabantur.
2842 4897 3041 4950 Horum
3078 4896 3269 4955 munus
3299 4912 3416 4957 erat
3446 4946 3460 4966 ,

1877 4982 1971 5021 eos
2000 4983 2229 5037 quorum
2254 4973 2509 5022 intererat
2540 4970 2854 5030 convenire,
2884 4982 2948 5022 ac
2977 4971 3044 5022 de
3075 4970 3211 5025 dicta
3243 4986 3457 5028 senten-

1876 5038 1945 5091 tia
1977 5042 2271 5093 admonere
2300 5049 2353 5093 et
2383 5041 2646 5093 certiores
2691 5039 2888 5104 facere,
2934 5051 2988 5092 ut
3030 5041 3072 5093 si
3115 5041 3252 5097 intra
3281 5055 3461 5098 certos

1876 5108 1995 5163 dies
2031 5109 2266 5176 judicata
2304 5127 2361 5164 re
2391 5119 2533 5164 stare
2573 5110 2796 5171 nollent,
2830 5110 2974 5163 velut
3021 5113 3249 5167 rebelles
3298 5114 3461 5170 liabe-

1873 5192 2061 5253 rentur
2086 5196 2147 5233 ac
2178 5191 2604 5253 sogregarentur.
2640 5182 2773 5234 llinc
2811 5190 2863 5233 et
2901 5189 3050 5235 actus
3085 5184 3179 5241 ille
3205 5199 3310 5253 quo
3334 5200 3463 5239 cono

1877 5251 2251 5316 veniebantur,
2284 5252 2626 5305 contentionis
2666 5252 2887 5319 perinde
2919 5262 2973 5306 et
2997 5251 3336 5307 exsecutionis
3366 5271 3465 5309 no-

1878 5322 2113 5393 minibus
2144 5323 2462 5376 dooabatur.
2500 5321 2573 5375 lla
2609 5338 2770 5387 porro
2816 5320 3142 5377 Ctelestinus
3185 5325 3344 5393 epist.
3393 5324 3462 5380 10

1876 5409 1930 5445 Ιι.
1969 5392 2003 5444 4
2032 5390 2295 5461 Cyrillum
2334 5404 2391 5447 ut
2430 5396 2686 5447 vicarium
2732 5409 2911 5461 suum,
2948 5408 3009 5447 ac
3050 5409 3161 5447 suae
3202 5390 3463 5453 adversus

1874 5463 2179 5516 Nestorium
2207 5466 2491 5517 sententia:
2524 5475 2892 5518 exsecutorem
2921 5465 3212 5533 alloquitur
3236 5483 3249 5517 :
3273 5466 3464 5521 Aucto-

1874 5534 2029 5605 ritate
2048 5535 2203 5603 igitur
2226 5546 2387 5588 tecum
2413 5544 2599 5589 nostra?
2620 5537 2753 5589 sedis
2777 5537 2957 5598 ascita,
2984 5537 3089 5588 vice
3116 5544 3291 5590 nostra
3312 5554 3459 5605 usus,

1874 5603 2009 5676 lianc
2043 5620 2368 5668 “accounts
2411 5606 2643 5659 districto
2686 5609 2856 5676 vigore
2903 5609 3227 5673 sententiam,
3274 5618 3325 5660 ut
3370 5603 3461 5664 aut

1873 5675 2011 5743 infra
2035 5676 2203 5728 decent
2228 5680 2335 5731 dies
2362 5678 2422 5729 ab
2446 5677 2602 5749 hujus
2623 5675 3002 5733 conveu'rlosts
3024 5680 3104 5731 die
3125 5681 3460 5735 numerandos

1876 5763 2057 5816 pravas
2088 5749 2484 5819 pradicatioues
2513 5767 2631 5804 suas
2660 5753 2852 5820 scripta
2885 5749 3198 5817 professione
3222 5751 3463 5805 condent-

2952 5844 3020 5904 1's
