3982 6182
282 233 380 288 {Si

1057 219 1116 276 S.
1157 216 1554 277 CGLESTINI
1596 207 1615 272 ἰ
1654 214 1860 272 ΡΑΡΕ
1903 211 2268 272 EHSTOLE
2313 211 2397 268 ET
2439 208 2783 269 DECRETA.

3460 201 3574 269 ‘5!

285 347 610 409 intulerunt;
648 341 828 396 amicti
862 340 1046 410 pallio,
1079 349 1133 393 et
1173 336 1387 390 lumbos
1428 333 1726 403 praecincti,
1759 346 1875 387 cre-
1905 335 1958 393 Α
1983 341 2068 386 tus
2102 330 2182 384 sui
2216 339 2462 398 tempore
2516 327 2618 383 hoc
2647 327 2840 382 animas
2893 340 3009 383 suae
3059 325 3282 397 cupiunt
3322 325 3574 383 remedio

286 445 480 497 dentes
508 453 566 491 sc
588 435 882 504 Scriptura:
907 431 1087 494 ﬁdem,
1114 443 1220 482 non
1251 442 1348 497 per
1371 427 1642 496 spiritum,
1663 423 1757 478 scd
1784 439 1881 492 per

285 533 523 593 litteram
554 528 941 598 completuros.
972 522 1105 577 Nam
1131 520 1177 575 si
1224 519 1292 575 ad
1323 519 1427 574 hoc
1477 519 1578 573 ista
1609 525 1882 587 praecepta

286 635 435 689 sunt,
467 632 526 677 ut
573 622 754 675 taliter
803 623 1179 678 servarentur;
1211 627 1308 668 cur
1361 626 1468 666 non
1514 609 1651 664 ﬁunt
1681 605 1884 678 pariter

271 696 410 790 (quae
437 721 760 785 sequuntur,
803 718 858 763 ut
887 709 1124 762 lucernae
1183 704 1441 758 ardentes
1473 703 1525 757 in
1582 699 1833 756 manibus
1854 707 1882 737 ι

264 805 396 886 tuna
427 824 548 864 cum
574 805 767 860 baculo
798 799 1122 858 teneantur?
1164 798 1375 854 Habent
1405 811 1560 851 suum
1590 795 1692 851 ista
1741 807 1885 865 mys-

270 889 512 969 iterium,
546 910 601 954 ct
622 895 1040 966 intelligenlibus
1065 893 1139 948 ita
1164 894 1311 946 clara
1339 900 1487 956 sunt,
1536 899 1594 944 ut
1621 903 1684 944 ea
1715 886 1886 956 magis

294 1009 402 1065 qua
425 992 579 1048 decet
627 987 1026 1058 signiﬁcatione
1077 992 1380 1039 serventur.
1411 979 1542 1036 Nam
1597 980 1647 1034 in
1677 978 1889 1033 lumbo-

293 1100 415 1140 rum
443 1080 828 1154 pra‘cinctione
849 1081 1093 1141 castitas,
1115 1076 1166 1129 in
1213 1073 1403 1128 baculo
1444 1071 1680 1143 regimen
1708 1078 1890 1140 pasto-

293 1176 428 1240 rale,
455 1176 507 1228 in
537 1172 770 1228 lucernis
813 1167 1126 1224 ardentibus
1176 1165 1300 1220 boni
1326 1163 1502 1232 fulgor
1560 1161 1762 1232 operis,
1819 1159 1889 1215 de

295 1281 401 1338 quo
425 1267 650 1321 dicitur:
669 1263 838 1331 Opera
862 1269 1027 1314 restra
1054 1259 1258 1312 luceant
1285 1253 1499 1326 (Matth.
1528 1269 1579 1318 v,
1609 1252 1720 1324 16),
1754 1253 1891 1306 indi-

296 1373 506 1414 cantur.
562 1355 588 1394 1³
623 1356 868 1410 Habeant
917 1361 1096 1406 tamen
1144 1349 1304 1404 istum
1375 1346 1602 1401 forsitan
1659 1344 1888 1409 cultum,

297 1465 508 1506 morem
539 1449 716 1518 potius
747 1459 909 1515 quam
934 1442 1203 1496 rationem
1242 1446 1555 1509 sequentes,
1588 1437 1677 1506 qui
1714 1449 1892 1490 remo-

299 1541 532 1596 tioribus
573 1538 816 1592 habitant
843 1535 999 1600 locis,
1023 1543 1077 1588 et
1102 1531 1289 1603 procul
1340 1546 1369 1584 a
1418 1528 1632 1584 ueteris
1668 1527 1888 1596 degunt.

302 1635 455 1693 Unde
479 1635 566 1688 hic
596 1633 808 1687 habitus
849 1631 900 1684 in
923 1627 1182 1684 Ecclesiis
1209 1625 1521 1690 Gallicanis,
1546 1631 1604 1678 ut
1625 1631 1704 1676 tot
1725 1635 1894 1674 anno-

1985 421 2280 479 subveniri.
2325 419 2642 485 Horremus,
2687 419 2879 484 fateor,
2912 428 3075 473 tanta
3132 417 3434 488 impietatis
3471 416 3578 474 ali-

1987 529 2149 586 quem
2203 511 2451 582 reperiri,
2485 519 2544 566 ut
2570 509 2639 565 de
2682 509 2779 567 Dei
2829 509 3028 580 pietate
3073 508 3371 579 desperet:
3421 510 3580 580 quasi

1989 620 2096 662 non
2119 604 2291 676 possit
2319 603 2384 658 ad
2429 617 2489 658 se
2524 601 2720 674 quovis
2768 609 3016 672 tempore
3059 599 3408 656 concurrenti
3454 613 3583 656 suc-

1988 713 2234 766 currere,
2255 706 2310 753 et
2343 696 2739 767 periclitantem
2769 693 2870 749 sub
2898 707 3064 748 onere
3089 701 3436 763 peccatorum
3473 690 3580 746 bo-

1989 791 2214 857 minem,
2256 788 2500 860 pondere
2525 801 2632 858 quo
2656 800 2716 841 se
2746 785 2840 841 ille
2860 784 3104 856 expediri
3119 783 3415 852 desiderat,
3438 782 3580 840 libe-

1988 898 2131 939 rare.
2186 880 2326 949 Quid
2382 879 2506 945 hoc,
2557 894 2709 948 rogo,
2763 877 2910 933 aliud
2963 885 3068 944 est,
3115 892 3279 948 quam
3325 875 3578 933 morienti

1991 983 2220 1030 mortem
2243 970 2464 1038 addere,
2493 970 2723 1040 ejusque
2745 969 2982 1025 animam
3020 984 3115 1025 sua
3143 968 3478 1035 crudelitate,
3506 984 3580 1026 ne

1990 1065 2236 1120 absoluta
2283 1076 2406 1118 esse
2433 1061 2624 1132 possit,
2653 1060 2945 1116 occideret
2965 1074 3091 1116 cum
3129 1061 3271 1116 Deus
3295 1059 3364 1116 ad
3387 1060 3586 1117 subve-

1996 1156 2252 1213 niendum
2285 1153 2686 1224 paratissimus,
2718 1152 2953 1208 inritans
2977 1152 3040 1207 ad
3081 1152 3482 1223 pmnitentiam,
3503 1150 3589 1208 sic

1994 1251 2320 1323 promittat:
2370 1247 2637 1313 Peccator,
2674 1247 2867 1318 inquit,
2913 1263 3236 1318 quacumque
3263 1247 3346 1300 die
3373 1260 3589 1301 conser-

1993 1362 2081 1400 sus
2110 1344 2292 1416 fuerit,
2324 1350 2536 1413 peccato
2585 1341 2699 1410 ejus
2724 1357 2828 1395 non
2855 1339 3253 1410 imputabuntur
3275 1338 3360 1406 ei(
3385 1335 3586 1394 Exodi.

1995 1452 2185 1502 sum,
2221 1435 2336 1502 l5).
2385 1434 2456 1489 Et
2485 1435 2679 1489 iterum
2714 1450 2729 1486 :
2761 1431 2905 1488 Nolo
2945 1441 3163 1486 mortem
3209 1440 3233 1468 °
3282 1430 3590 1501 peccatoris,

1993 1532 2082 1586 sed
2138 1538 2336 1583 tantum
2383 1535 2743 1594 convertatur,
2796 1536 2844 1582 et
2894 1527 3026 1582 vivat
3066 1529 3086 1586 (
3117 1523 3282 1593 Ibid.,
3311 1524 3403 1594 {8,
3443 1524 3516 1580 25
3545 1526 3587 1596 ).

1995 1622 2236 1677 Salutem
2261 1635 2391 1690 ergo
2441 1619 2648 1674 homini
2677 1619 2884 1685 adimit,
2911 1617 3158 1690 quisquis
3185 1617 3379 1674 mortis
3400 1615 3422 1657 ί
3455 1633 3592 1689 υττε-

301 1745 423 1785 runt
483 1733 861 1792 tantorumque
915 1719 1226 1790 pontiﬁcum
1272 1717 1325 1771 in
1373 1715 1602 1771 alterum
1649 1713 1889 1768 habitum
1919 1717 1968 1779 B
1997 1716 2137 1771 teriti
2167 1725 2410 1784 tempore
2451 1711 2824 1782 paenitentiam
2857 1711 3161 1782 denegaril.
3215 1710 3286 1767 Et
3330 1709 3591 1782 desperao

301 1815 641 1875 consuetudo
667 1813 952 1869 vertatur?
980 1807 1335 1865 Discernendi
1371 1818 1394 1846 ο
1435 1823 1461 1858 a
1497 1806 1652 1876 plebe
1675 1805 1758 1860 vel
1787 1819 1893 1860 ca:-

304 1912 438 1968 teris
459 1924 645 1966 sumus
673 1907 943 1972 doctrina,
975 1920 1082 1958 non
1106 1911 1290 1968 veste;
1318 1900 1753 1966 conversatione,
1786 1912 1892 1952 non

305 2003 533 2068 habitu;
585 2001 782 2056 mentis
810 1997 1066 2068 puritate,
1101 2011 1207 2049 non
1233 1994 1404 2049 cultu.
1432 1991 1566 2047 Nam
1597 1992 1643 2046 si
1673 1989 1896 2047 studere

307 2098 631 2167 incipiamus
661 2092 912 2158 novitati,
944 2089 1199 2145 traditum
1223 2087 1379 2141 nobis
1419 2100 1450 2139 a
1482 2085 1721 2155 patribus
1746 2083 1897 2139 ordi-

306 2205 432 2246 nem
461 2187 807 2248 calcabimus,
839 2193 895 2239 ut
937 2183 1114 2237 locum
1168 2177 1520 2249 supervacuis
1559 2176 1901 2245 superstitio-

307 2281 467 2338 nibus
494 2279 776 2335 faciamus.
798 2274 979 2330 Rudes
1002 2286 1131 2341 ergo
1159 2270 1397 2325 ﬁdelium
1428 2277 1641 2324 mentes
1672 2267 1738 2322 ad
1772 2267 1901 2322 talia

310 2389 418 2429 non
460 2373 719 2428 debemus
752 2369 1030 2422 inducere.
1058 2363 1298 2418 Docendi
1339 2360 1482 2416 enim
1533 2367 1660 2415 sunt
1725 2359 1905 2430 potius

311 2479 472 2535 quam
499 2459 525 2498 ἀ
551 2459 788 2516 ludendi.
820 2457 930 2512 Nec
955 2453 1341 2526 imponendum
1363 2467 1548 2508 eorum
1597 2460 1681 2507 est
1706 2450 1905 2516 oculis,

318 2555 414 2611 sed
439 2552 710 2607 mentibus
738 2547 1066 2605 infundenda
1098 2555 1362 2616 prtecepta
1395 2554 1543 2600 sunt.
1580 2543 1748 2598 Erant
1789 2543 1909 2613 qui-

315 2649 437 2703 dem
461 2645 651 2712 multa,
684 2658 805 2714 qua:
822 2657 918 2710 pro
937 2638 1216 2706 disciplina
1239 2637 1611 2693 ecclesiastica
1627 2635 1713 2691 vel
1741 2636 1910 2707 ipsius

316 2744 394 2798 rei
424 2741 605 2796 dicere
637 2738 848 2794 ratione
870 2747 1176 2807 possemus;
1202 2730 1298 2787 sed
1322 2730 1391 2786 ab
1419 2730 1504 2786 his
1525 2729 1590 2786 ad
1617 2730 1721 2785 alia
1752 2743 1912 2786 revo-

317 2849 524 2894 catnur.

389 2926 519 2982 Car.
558 2925 620 2980 ll.
645 2923 789 2978 —3.
837 2921 1170 2992 Agnovimus
1202 2918 1579 2988 pmnitentiam
1630 2918 1912 2973 morienti-

321 3021 422 3076 bus
443 3015 722 3088 denegari,
754 3013 1086 3071 necillorum
1112 3011 1403 3067 desideriis
1433 3009 1621 3077 annui,
1650 3010 1739 3081 qui
1798 3009 1917 3066 obi-

1999 1810 2078 1864 vit
2108 1808 2176 1864 de
2195 1806 2482 1863 clementia
2503 1805 2620 1875 Dei,
2645 1805 2736 1877 qui
2761 1821 2886 1862 eum
2922 1806 2989 1861 ad
3019 1804 3450 1862 subveniendum
3480 1819 3600 1861 Ino-

1998 1901 2158 1958 rienti
2208 1898 2463 1955 sufﬁcere
2518 1897 2604 1954 vel
2653 1907 2932 1953 momento
2979 1911 3143 1968 posse
3187 1911 3295 1952 non
3339 1896 3596 1954 credidit.

2001 1993 2337 2052 Perdidisset
2359 1993 2497 2048 latro
2533 1992 2819 2062 pratmium
2871 1991 2926 2046 in
2955 2005 3116 2046 cruce
3143 1991 3210 2045 ad
3231 1987 3432 2046 Christi
3462 1989 3602 2046 des-

2002 2096 2174 2144 teram
2209 2087 2450 2158 pendens
2477 2084 2630 2156 (Luc.
2654 2099 2809 2150 xsttt,
2837 2083 2954 2154 42),
2979 2085 3025 2139 si
3060 2084 3213 2141 illum
3240 2083 3398 2139 unius
3443 2083 3597 2140 horae

2003 2180 2324 2252 paenitentia
2349 2194 2453 2236 non
2472 2177 2724 2249 iuvisset.
2749 2175 2884 2232 Cum
2915 2187 3062 2233 esset
3109 2177 3165 2232 in
3193 2191 3369 2247 plena,
3415 2178 3598 2247 pleni-

2006 2275 2129 2339 tuit,
2153 2282 2209 2329 et
2237 2289 2332 2344 pcr
2360 2274 2519 2327 unius
2567 2271 2837 2328 sermonis
2881 2270 3276 2341 professionem
3323 2269 3606 2326 habitacu-

2008 2367 2121 2420 lum
2147 2363 2384 2436 paradisi
2413 2363 2530 2418 Deo
2575 2362 2924 2433 promittente
2951 2361 3270 2431 promeruit.
3303 2360 3442 2418 Vera
3470 2374 3608 2430 ergo

2011 2460 2079 2515 ad
2103 2459 2273 2515 Deum
2303 2458 2594 2514 conversio
2619 2457 2670 2512 in
2711 2457 2912 2512 ultimis
2955 2461 3273 2528 positorum,
3301 2468 3484 2514 mente
3506 2472 3608 2528 po-

2012 2552 2121 2607 tius
2141 2560 2226 2607 est
2253 2549 2596 2618 testimanda,
2622 2565 2726 2604 non
2755 2558 3020 2620 tempore,
3064 2549 3333 2621 propheta
3357 2550 3460 2606 hoc
3483 2549 3611 2605 tali-

2013 2652 2100 2700 ter
2125 2652 2446 2701 asserente:
2492 2641 2623 2698 Cum
2652 2658 2923 2698 conversus
2977 2643 3321 2716 ingemueris,
3354 2652 3474 2698 tunc
3493 2644 3611 2698 sal-

2012 2754 2105 2793 vus
2134 2738 2236 2791 eris
2280 2735 2498 2810 (Exerit.
2528 2751 2680 2802 XVIII,
2707 2736 2819 2805 55).
2853 2735 2988 2792 Cum
3039 2750 3172 2808 ergo
3217 2737 3290 2792 sit
3344 2736 3614 2792 Dominus

2015 2831 2514 2902 cordisinspector,
2533 2831 2724 2901 quovis
2749 2839 2995 2903 tempore
3017 2847 3123 2887 non
3169 2839 3256 2888 est
3288 2830 3612 2901 deneganda

2017 2923 2336 2996 paenitentia
2362 2922 2676 2991 postulanti,
2705 2939 2826 2978 cum
2857 2924 2934 2978 illi
2974 2938 3034 2980 se
3060 2923 3268 2995 obliget
3311 2922 3480 2994 judici
3519 2923 3613 2979 cui

2019 3014 2235 3073 occulta
2258 3015 2438 3070 omnia
2470 3016 2684 3070 noverit
2707 3015 2958 3072 revelari.

322 3181 390 3236 iis
418 3180 507 3247 qui
540 3196 565 3230 a
595 3178 910 3247 monasticae
933 3175 1059 3247 vitte
1091 3172 1430 3247 professione
1451 3171 1516 3247 ad
1540 3172 1913 3247 episcopatum
1943 3177 1990 3240 ρ
2021 3189 2233 3247 munes.
2258 3171 2584 3247 Nominatim
2602 3189 2729 3247 vero
2752 3174 3076 3232 Sirmondus
3094 3176 3239 3244 apud
3256 3176 3388 3232 Lab.
3413 3185 3542 3230 tom.
3569 3175 3622 3232 ll

324 3243 586 3318 assumpti
617 3248 852 3311 fuerant,
890 3246 977 3300 hic
1017 3245 1364 3318 praedicatur,
1398 3243 1586 3296 Amicti
1617 3243 1800 3318 pallio.
1851 3244 1917 3298 Et

326 3313 636 3388 huiusmodi
685 3319 902 3387 quidem
954 3316 1136 3388 pallio,
1166 3313 1462 3388 C-csarium
1518 3315 1912 3388 A_relatensent,

328 3384 417 3446 ubi
449 3393 514 3445 ad
546 3384 911 3459 episcopatum
938 3387 1236 3459 accersitus
1268 3384 1432 3459 venit,
1463 3385 1921 3459 atnictu_m_tuisse

327 3455 608 3518 Ennodius
628 3455 788 3526 epist.
834 3458 938 3511 150
968 3464 1136 3509 notat.
1167 3455 1433 3526 Quocirca
1463 3469 1584 3508 mox
1613 3455 1770 3510 dictis
1800 3473 1922 3512 ver-

329 3535 413 3587 bis
436 3530 652 3601 pallium
669 3525 1031 3601 mooasticum
1060 3528 1260 3601 rectius
1284 3525 1737 3601 intellexerimus,
1761 3543 1919 3592 quam

330 3593 454 3656 cum
486 3601 765 3654 llolstenio
796 3597 940 3650 notis
973 3597 1024 3649 in
1052 3595 1335 3662 epistolam
1387 3593 1597 3648 Damasi
1646 3596 1713 3649 ad
1745 3598 1924 3651 Acho-

333 3674 465 3728 lium
496 3680 548 3724 et
579 3669 754 3723 socios
784 3667 1003 3734 pallimn
1037 3664 1489 3734 philosonhicum.
1546 3666 1688 3731 quod
1731 3684 1758 3718 a
1817 3667 1922 3721 Da-

335 3757 488 3797 tnaso
515 3741 567 3794 in
598 3737 786 3793 eadem
819 3737 1045 3806 epistola
1091 3737 1302 3791 habitus
1334 3735 1462 3790 idoli
1492 3747 1736 3800 vocatur,
1790 3749 1843 3792 et
1893 3756 1921 3790 a

334 3831 442 3884 quo
466 3812 768 3882 philosophi
798 3810 867 3863 ab
905 3807 1342 3884 Augustinojib.
1370 3822 1466 3884 X_Itl
1498 3807 1565 3860 de
1598 3807 1714 3860 (liv.
1753 3809 1843 3862 Dei
1871 3827 1920 3884 c.

339 3877 406 3939 l6
432 3877 883 3954 cognominantur
919 3877 1500 3954 Pulliati."facendtttn
1531 3893 1646 3954 non
1666 3889 1748 3932 est
1780 3881 1922 3954 quod

336 3949 658 4010 Cresconius
686 3969 806 4007 cum
837 3953 940 4006 hoc
958 3949 1238 4006 leestini
1272 3951 1390 4003 loco
1421 3951 1520 4002 sub
1549 3949 1738 4002 eodem
1773 3950 1926 4003 titulo

337 4026 554 4096 copulat
581 4034 634 4078 et
655 4025 816 4077 istum
843 4024 1055 4096 concilii
1087 4020 1416 4096 Gangrensis
1448 4034 1569 4072 can.
1603 4017 1696 4076 12;
1731 4020 1790 4073 Si
1815 4022 1927 4088 quis

336 4093 565 4150 uirorum
595 4105 804 4166 propter
855 4093 1221 4166 continentiam
1241 4133 1254 4154 ,
1301 4106 1438 4166 quas
1464 4100 1704 4166 putatur,
1739 4103 1926 4166 nunctu

338 4169 490 4236 pallii
512 4161 703 4228 utitur,
722 4164 867 4236 quasi
894 4179 981 4232 per
1019 4164 1112 4215 hoc
1135 4162 1318 4236 habere
1337 4177 1390 4236 se
1403 4161 1662 4236 justitiam
1685 4163 1921 4236 credens,

340 4231 387 4292 et
415 4238 629 4308 despicit
671 4231 754 4290 eos
782 4235 868 4308 qui
896 4231 1012 4287 cum
1043 4234 1320 4308 reverentia
1365 4231 1515 4308 birris
1564 4240 1610 4282 tt
1640 4233 1756 4308 aliis
1777 4249 1926 4308 _r_oni-

340 4302 580 4363 munibus
607 4317 654 4361 et
675 4307 840 4360 solitis
865 4314 1079 4358 utuntur
1108 4304 1345 4366 vestibus,
1368 4303 1641 4355 anathema
1665 4303 1749 4356 sit.
1777 4302 1928 4358 Unde

340 4387 569 4450 npparet
609 4377 832 4450 pallium
861 4376 1098 4450 speciale
1139 4374 1409 4445 quoddam
1458 4371 1623 4428 fuisse
1671 4373 1929 4442 professa:

340 4446 688 4505 continentia:
714 4446 987 4502 indicium.

415 4531 438 4559 ⁸
465 4522 590 4576 Hazc
621 4521 810 4578 verba,
833 4535 938 4572 una
965 4532 1080 4571 cum
1108 4517 1310 4580 baculo,
1345 4515 1398 4570 in
1428 4531 1534 4568 uno
1561 4531 1664 4568 ms.
1689 4515 1842 4571 Colb.
1873 4527 1924 4570 et

341 4593 516 4646 altero
542 4591 788 4646 Laudun.
833 4589 1049 4643 desunt.
1102 4588 1175 4641 Ea
1207 4585 1505 4641 omittenda
1558 4601 1662 4639 non
1692 4602 1811 4641 esse
1858 4603 1927 4640 ex

342 4663 602 4718 subnexis
627 4663 842 4729 planum
875 4670 974 4715 est.
1035 4659 1180 4713 Eane
1210 4675 1238 4710 a
1267 4656 1562 4712 Calestino
1595 4657 1646 4710 itt
1685 4657 1928 4725 Evange-

345 4737 418 4787 lio
448 4734 606 4788 Lucae
637 4745 762 4785 tunc
807 4733 942 4784 lecta
975 4742 1120 4794 sunt,
1147 4744 1265 4797 quae
1298 4742 1440 4781 nunc
1488 4729 1536 4780 in
1570 4729 1715 4781 nullo
1745 4744 1927 4781 exem-

344 4807 482 4872 plari
512 4805 739 4874 legimus
765 4804 788 4854 't
813 4800 955 4856 Nihil
989 4801 1124 4855 forte
1154 4799 1296 4874 aliud
1321 4799 1490 4874 voluit
1522 4799 1799 4874 ille_papa,
1826 4799 1926 4874 nisi

348 4869 405 4929 ut
432 4869 741 4930 ostenderet
764 4888 927 4944 quam
955 4871 1352 4944 incommodum
1398 4869 1557 4930 foret,
1595 4869 1639 4922 si
1671 4871 1927 4944 praesules

346 4963 469 5000 cum
517 4947 705 4999 baculo
737 4941 898 5014 quem
929 4941 1300 5014 ecclesiastico
1341 4954 1436 5014 nsu
1487 4948 1700 5009 gestare
1731 4941 1924 5014 solent,

345 5023 508 5071 etiam
546 5012 789 5069 lucerna}-
816 5015 1068 5068 ardentes
1106 5013 1157 5065 in
1193 5013 1442 5065 manibus
1485 5027 1549 5065 ex
1602 5012 1928 5080 evangelica:

342 5091 538 5144 litteru-
581 5088 893 5156 prmscriptn
923 5093 1182 5156 tenerent.

419 5159 446 5199 δ
480 5151 618 5215 Edii.
657 5151 815 5211 llum.
841 5166 893 5208 et
922 5155 1116 5209 concil.
1147 5170 1268 5208 cum
1307 5152 1568 5219 exemplis
1596 5153 1719 5208 coll.
1769 5151 1926 5217 llad.,

348 5233 557 5284 habent.
586 5229 806 5284 Rectius
847 5227 935 5280 alii
981 5225 1124 5291 libri,
1155 5226 1390 5278 habeant.
1425 5225 1690 5278 Permittit
1733 5225 1930 5292 quippe

345 5303 676 5358 tltelestinus
703 5300 942 5353 habitum
998 5297 1146 5351 illum
1199 5296 1524 5365 singularem
1575 5297 1926 5349 remotinrntn

349 5378 590 5428 locorum
618 5369 1032 5431 habitatoribus,
1057 5367 1160 5422 hoc
1189 5377 1272 5422 est
1301 5367 1578 5421 monachis
1608 5367 1700 5436 qui
1747 5368 1926 5434 procul

349 5460 379 5497 a
401 5447 610 5499 caeteris
661 5443 966 5496 hominibus
995 5439 1283 5502 degebant.
1318 5437 1621 5505 cujusmodi
1655 5449 1808 5492 erant
1842 5436 1930 5491 Li-

351 5515 587 5570 rinensis
615 5515 798 5566 insulae
832 5511 1040 5566 incolam
1069 5509 1184 5564 Jam
1220 5513 1379 5580 igitur
1411 5524 1525 5562 ιιιος
1553 5521 1604 5562 et
1637 5524 1765 5562 usus
1792 5509 1932 5562 obti-

353 5595 566 5649 nuerat,
600 5596 657 5637 ut
686 5601 715 5636 a
745 5585 903 5652 vulgo
935 5581 1179 5634 monachi
1211 5581 1449 5652 vestibus
1499 5591 1928 5652 secernercnlur.

430 5662 454 5688 ο
488 5654 613 5708 Inde
651 5649 1092 5728 conllci'censent
1135 5651 1353 5728 eruditi,
1406 5653 1662 5728 laicorign
1709 5649 1935 5704 clerico-

355 5737 585 5797 rumquo
612 5733 786 5777 vestes
833 5723 1016 5794 primis
1047 5721 1299 5776 Ecclesiae
1329 5721 1539 5774 sicculis
1571 5721 1734 5778 l'iiisse
1784 5735 1928 5775 com-

1955 4553 2005 4611 Ι)

2025 3245 2234 3299 Concil.
2268 3259 2391 3314 pag.
2427 3244 2564 3298 1817
2608 3245 2835 3299 clericos
2867 3262 2894 3298 a
2923 3248 3136 3302 caeteris
3163 3263 3271 3302 non
3309 3249 3359 3301 in
3388 3249 3498 3301 vita
3529 3261 3624 3302 so-

2028 3316 2137 3370 lum
2162 3316 2458 3377 communi,
2501 3314 2596 3368 sed
2623 3325 2678 3370 et
2708 3331 2862 3371 sacro
2892 3319 2942 3372 in
2972 3318 3271 3374 ministerio
3301 3320 3484 3372 habitu
3531 3321 3582 3372 in
3603 3349 3622 3358 -

2025 3387 2296 3460 discretos
2315 3385 2705 3460 ftiisseastr‘uit.
2728 3386 2841 3442 Nec
2861 3389 3167 3460 dissimulat
3185 3390 3325 3460 quod
3356 3388 3624 3459 Hierony-

2027 3474 2145 3512 mus
2174 3457 2290 3512 htec
2343 3456 2656 3537 Ezechielis
2682 3473 2833 3526 xm,
2869 3457 2930 3537 l7
2956 3477 2968 3511 :
2999 3456 3227 3537 Quinque
3271 3456 3626 3537 ingredientia

2027 3539 2201 3597 portas
2253 3529 2370 3580 atrii
2427 3527 2704 3591 interioris,
2756 3529 2975 3583 vestibus
3019 3527 3164 3586 lineis
3207 3527 3502 3594 indu'rntur,
3546 3531 3625 3585 ita

2026 3607 2448 3674 commentatur:
2505 3597 2633 3674 Per_
2654 3615 2769 3669 qua:
2794 3601 3061 3674 discimus,
3091 3619 3194 3656 non
3216 3602 3525 3674 quotidiani:
3570 3613 3628 3656 es

2027 3669 2333 3741 quibuslibet
2358 3685 2450 3739 pro
2473 3686 2570 3722 usu
2590 3672 2702 3723 vita:
2723 3673 3003 3726 communis
3031 3669 3242 3741 pollutis
3271 3675 3487 3728 vestibus
3524 3687 3627 3726 nos

2027 3740 2231 3812 ingredi
2263 3740 2444 3792 debere
2469 3743 2722 3812 insancta
2773 3755 3089 3806 sanctorum,
3133 3745 3222 3798 sed
3269 3743 3461 3798 munda
3490 3758 3626 3796 con-

2027 3810 2242 3863 scientia
2281 3819 2327 3863 et
2376 3810 2581 3862 mundis
2607 3812 2824 3866 vestibus
2847 3823 3015 3868 tenere
3045 3814 3254 3868 Domini
3277 3823 3627 3868 sacramenta.

2029 3880 2212 3955 Neque
2243 3881 2369 3955 hinc
2395 3882 2460 3933 dc
2488 3884 2754 3955 sententia
2789 3893 3055 3938 movetur.
3093 3885 3184 3938 llis
3213 3886 3408 3955 quippe
3441 3885 3631 3940 lliero—

2030 3953 2177 4023 nymi
2210 3952 2384 4005 verbis
2408 3953 2719 4008 mundiores
2749 3955 2963 4023 quidem
2986 3966 3040 4011 et
3062 3952 3364 4019 nitidiores,
3383 3955 3481 4011 sed
3519 3972 3632 4012 non

2030 4023 2333 4088 singulares
2359 4034 2412 4075 et
2441 4024 2505 4074 ad
2536 4039 2746 4079 sacrum
2774 4027 3048 4081 dumtaxat
3077 4027 3432 4082 ministerium
3457 4026 3634 4082 desti-

2033 4105 2186 4146 natas
2214 4101 2390 4168 vestes
2419 4095 2786 4168 commendari
2817 4098 3082 4168 intelligit.
3108 4097 3253 4152 Idem
3284 4100 3450 4152 sentit
3479 4105 3533 4152 et
3559 4096 3636 4153 de

2031 4179 2097 4237 eo
2121 4163 2262 4234 quod
2288 4163 2427 4217 idem
2457 4164 2646 4220 doetor
2670 4167 2799 4222 dial.
2830 4167 2853 4219 1
2881 4163 3065 4221 contra
3091 4169 3385 4235 Pelagium,
3418 4169 3505 4237 qui
3533 4182 3636 4222 ve-

2032 4234 2192 4287 stium
2224 4243 2470 4287 ornatum
2516 4237 2624 4290 Deo
2653 4240 2929 4293 adversari
2954 4238 3334 4302 contendebat,
3361 4234 3469 4292 ait:
3498 4237 3638 4303 Qua

2031 4315 2170 4386 sunt,
2188 4305 2623 4386 rogo.,ini_micitite
2635 4319 2813 4386 contra
2828 4308 3304 4386 Deum,si_tunicom
3318 4309 3476 4386 habeo
3489 4325 3638 4363 murt-

2032 4377 2247 4450 diorem,
2275 4378 2317 4450 si
2347 4378 2633 4450 episcopus,
2677 4381 2937 4450 presbyter
2965 4391 3012 4433 et
3044 4381 3290 4435 diaconus
3325 4392 3372 4434 et
3403 4379 3637 4448 reliquus

2036 4447 2160 4498 ordo
2180 4447 2549 4501 ecclesiasticus
2571 4450 2621 4502 in
2643 4447 3094 4505 administratione
3113 4468 3230 4505 cum
3251 4451 3471 4505 candida
3491 4447 3637 4504 ueste

2035 4518 2414 4598 processerint?
2439 4521 2509 4573 lbi
2532 4520 2987 4598 enimcandidam
3011 4535 3214 4598 vestem
3245 4524 3640 4598 interpretatur

2031 4589 2273 4669 nitidam.
2290 4588 2593 4669 Qbservant
2612 4591 2724 4658 alii,
2742 4604 2918 4646 vestes
2934 4595 3052 4648 illas
3071 4593 3434 4669 nitidas,_dnm
3455 4590 3635 4647 rarius

2031 4660 2084 4712 in
2101 4674 2251 4712 usum
2271 4660 2655 4715 adhiberentur
2672 4675 2724 4715 et
2754 4675 3164 4720 asservarentur
3193 4662 3509 4730 studiosius,
3532 4676 3635 4715 eo-

2031 4745 2136 4798 quc
2168 4741 2322 4798 pacto
2336 4730 2499 4785 citius
2522 4742 2821 4788 mutaretur
2849 4735 3151 4790 communis
3174 4737 3398 4789 vestium
3433 4733 3633 4797 forma,

2029 4815 2203 4877 quain
2229 4800 2626 4877 illm.perirent,
2663 4805 2917 4873 paulatim
2949 4806 3187 4862 evasisse
3228 4805 3552 4877 singulares.

2103 4869 2128 4906 εί
2159 4871 2308 4925 Merl.
2335 4871 2497 4928 Crab.
2541 4883 2596 4930 et
2619 4869 2750 4930 edit.
2784 4878 2937 4931 llom.
2981 4893 3101 4930 cum
3126 4877 3250 4932 lsid.
3277 4869 3551 4930 illudendi.

2107 4952 2129 5023 ξ
2164 4943 2497 5023 γειειγίιηυδ
2525 4947 2699 5000 codex
2743 4946 2931 5023 Corb._,
2975 4957 3189 5023 mortem
3235 4948 3642 5023 morientis;a_c

2034 5013 2228 5067 deinde
2247 5057 2259 5079 ,
2286 5024 2489 5070 tantunt
2512 5028 2816 5083 revertatur,
2835 5021 2921 5074 ubi
2951 5019 3089 5089 apud
3113 5019 3444 5086 Quesn.,sed
3467 5017 3638 5088 magis

2040 5093 2093 5137 ut
2121 5096 2470 5141 convertatur.

2116 5155 2133 5189 τ
2168 5155 2304 5231 Editi
2329 5173 2450 5212 cum
2484 5175 2585 5214 ms.
2611 5160 2774 5225 ΡΜ..
2804 5161 2981 5217 mortis
2997 5171 3222 5231 tempore
3245 5169 3505 5230 speratam
3526 5175 3638 5230 pte-

2040 5227 2307 5301 nitentium
2335 5231 2618 5301 denegarit.
2655 5231 2696 5286 E
2723 5234 2934 5286 caeteris
2964 5227 3110 5287 mss;
3131 5227 3331 5296 nullus,
3363 5233 3504 5301 sicut
3527 5227 3636 5284 nec

2041 5299 2157 5359 lvo,
2185 5299 2347 5354 habet
2368 5299 2646 5369 speratam.
2678 5302 2784 5358 Sed
2814 5312 2967 5357 vctus
2996 5303 3158 5359 Corb.
3189 5319 3310 5359 cum
3336 5317 3443 5357 uno
3469 5299 3633 5356 Colb.

2041 5385 2151 5447 prae
2184 5369 2410 5447 scf-ert,
2434 5386 2697 5441 prtrtereat
2727 5387 2955 5446 tempore
2983 5378 3330 5447 paenitentiam
3354 5375 3634 5447 denegare.

2041 5439 2294 5521 [Nonnulli
2323 5439 2704 5521 alii,;pta:terea
2728 5439 2952 5521 tempore
2966 5439 3313 5521 paenitentiam
3336 5439 3634 5521 densauit.

2049 5513 2237 5594 Verius
2260 5513 2472 5580 reliqui,
2498 5519 2764 5594 praeteriti,
2792 5529 2929 5577 etc.;
2961 5513 3100 5594 quinti
3135 5521 3202 5570 ita
3231 5519 3365 5570 fore!
3395 5513 3596 5594 clarius
3617 5534 3638 5570 :

2041 5585 2218 5658 inartis
2240 5594 2465 5658 tempore
2488 5585 2832 5655 pwttitentiam
2862 5585 3098 5658 prtrteriti
3122 5590 3407 5644 denraarit.
3426 5585 3641 5658 Eodem

2042 5654 2291 5736 loquendi
2325 5654 2669 5736 modoepist.
2696 5660 2767 5736 22
2794 5654 2878 5736 _n.
2929 5660 2962 5715 5
3015 5661 3178 5714 visur‘
3211 5675 3438 5716 sumus:
3473 5657 3641 5714 Nunc

2040 5727 2160 5797 quia
2187 5727 2250 5779 ds
2279 5729 2520 5797 ρεπιινὶιί
2549 5727 2902 5786 emendatione
2929 5741 3232 5805 gaudemus.
