3982 6182
292 220 404 275 ιδδ

783 154 1002 278 {risu
1045 215 1198 282 ινδ.
1243 215 1634 275 caatssrtst
1675 217 1874 274 ram
1913 220 2003 276 so
2045 219 2416 277 EPISCOPOS
2459 218 2660 276 rnov.
2705 217 3130 280 VlENNENSls.

3482 224 3579 288 ιω

354 333 492 390 Cn.
524 333 616 387 η..
641 357 715 373 -
741 329 798 385 4.
838 328 1127 388 Ordinatos
1169 341 1303 389 vero
1343 333 1642 402 quosdam,
1692 333 1886 389 fratres
1912 336 1961 396 Α
1989 334 2344 405 direximus),
2397 336 2450 390 in
2489 337 2748 405 pontiﬁcii
2806 336 3120 406 dignitatem
3168 337 3272 394 hoc
3317 347 3579 410 tempore_
3670 381 3681 390 .

282 425 624 491 cltarissimi,
654 424 978 493 episcOpos,
1004 426 1092 494 qni
1138 425 1304 480 nullis
1333 426 1715 481 ecclesiasticis
1743 426 1892 481 ordi-

286 517 450 573 uibus
474 517 544 571 ad
580 524 744 570 tanta:
776 515 1053 585 dignitatis
1097 515 1364 587 fastigium
1399 517 1599 572 fuerint
1635 517 1887 585 instituti,

289 619 482 671 contra
512 622 538 648 ι
589 609 812 666 Patrum
846 609 1089 675 decreta,
1122 608 1284 679 hujus
1315 611 1664 680 usurpatione
1710 612 1801 681 qui
1829 625 1889 668 se

289 708 396 766 hoc
411 704 754 777 recognoscit
781 702 982 758 fecisse
1003 701 1324 768 didicimus;
1353 717 1476 757 cum
1506 703 1572 756 ad
1603 703 1889 773 episcopa-

285 809 401 858 tum
428 799 519 855 his
557 795 817 869 gradibus
845 795 1043 866 quibus
1072 795 1507 866 frequentissime
1554 805 1774 852 cautum
1805 807 1889 853 est

279 891 479 948 debeat
532 889 838 961 perveniri,
891 898 949 942 ut
993 888 1297 944 minoribus
1343 889 1536 945 initiati
1576 889 1771 946 ofﬁciis
1818 890 1885 946 ad

276 985 492 1056 majora
524 983 832 1039 ﬁrmentur.
871 983 1040 1038 Debet
1072 986 1218 1038 enim
1241 991 1369 1040 ante
1412 999 1534 1040 esse
1563 984 1881 1055 discipulus,

275 1077 529 1149 quisquis
549 1076 742 1131 doctor
768 1089 892 1130 esse
911 1073 1211 1138 desiderat,
1235 1085 1292 1130 ut
1313 1077 1485 1144 possit
1514 1075 1714 1132 docere
1735 1077 1884 1147 quod

275 1170 496 1227 didicit.
523 1170 712 1226 Omnis
741 1168 868 1223 vita:
906 1167 1177 1222 institutio
1198 1167 1298 1222 hac
1325 1169 1391 1223 ad
1416 1169 1466 1223 id
1491 1185 1598 1238 quo
1628 1170 1801 1224 tendit
1823 1184 1883 1226 se

276 1262 497 1318 ratione
517 1261 829 1316 conﬁrmat.
857 1259 958 1325 Qui
983 1258 1205 1314 minime
1228 1259 1423 1314 litteris
1451 1274 1674 1329 operam
1717 1259 1884 1317 dede-

275 1353 370 1420 rit,
396 1362 713 1422 praeceptor
742 1365 866 1406 esse
896 1365 1003 1404 non
1061 1359 1242 1420 potest
1285 1351 1613 1406 litterarum.
1639 1350 1743 1419 Qui
1773 1367 1879 1409 non

273 1455 374 1513 per
396 1444 615 1516 singula
639 1442 909 1514 stipendia
938 1444 1189 1510 creverit,
1237 1443 1302 1497 ad
1346 1443 1597 1498 meritum
1624 1444 1880 1514 stipendii

269 1537 530 1592 ordinem
568 1551 676 1591 non
726 1543 908 1604 potest
937 1535 1245 1604 pervenire.
1278 1533 1464 1590 Solum
1513 1535 1877 1591 sacerdotium

269 1629 430 1683 inter
461 1629 587 1694 ista,
621 1640 772 1696 rogo,
821 1626 983 1681 vilius
1014 1625 1129 1680 est?
1157 1625 1303 1695 quod
1357 1625 1567 1681 facilius
1599 1626 1874 1692 tribuitur,

270 1735 408 1774 cum
441 1718 715 1774 difﬁcilius
742 1719 1044 1788 impleatur.

359 1811 420 1866 5.
447 1809 554 1866 Sed
573 1811 682 1880 jam
707 1825 809 1865 non
839 1811 970 1865 satis
990 1818 1073 1865 est
1104 1809 1270 1866 laicos
1298 1809 1573 1877 ordinare,
1598 1825 1736 1881 quos
1759 1810 1880 1866 nul-

277 1903 369 1958 lus
394 1903 512 1958 ﬁeri
539 1902 673 1957 ordo
704 1900 983 1971 permittit,
1033 1901 1129 1956 sed
1157 1902 1320 1956 etiam
1365 1917 1593 1971 quorum
1648 1902 1877 1956 crimina

271 1994 449 2064 longe
480 1994 696 2063 lateque
719 2008 813 2062 per
833 2006 1026 2047 omnes
1049 2007 1190 2061 pene
1237 2000 1363 2047 sunt
1395 2002 1519 2046 nota
1549 1993 1874 2062 provincias,

265 2086 630 2142 ordinantur.
660 2085 871 2151 Daniel,
904 2099 1077 2154 nuper
1107 2085 1270 2138 missa
1298 2084 1562 2140 relatione
1592 2099 1660 2138 ex
1688 2084 1879 2140 Orien-

269 2179 484 2234 talibus
513 2178 582 2233 ad
613 2192 711 2233 nos
733 2177 996 2247 partibus,
1021 2176 1089 2230 ab
1133 2175 1282 2230 omni
1313 2174 1457 2245 quod
1493 2185 1738 2231 tenuerat
1763 2176 1876 2230 vir-

261 2273 461 2342 ginum
487 2269 821 2325 monasterio
846 2269 1068 2324 nefariis
1108 2277 1191 2324 est
1234 2267 1628 2338 objectionibus
1657 2282 1877 2324 accusa-

263 2374 377 2420 tus.
414 2363 638 2420 Multab
689 2363 756 2417 de
801 2363 986 2418 multis
1021 2361 1229 2431 objecta
1273 2361 1493 2432 ﬂagitia.
1525 2360 1582 2416 In
1635 2375 1868 2432 quanam

263 2458 474 2512 lateret
501 2463 769 2510 terrarum
800 2463 954 2519 parte
975 2454 1234 2523 quaesitus
1255 2463 1358 2520 est,
1389 2462 1446 2507 ut
1484 2453 1528 2506 si
1579 2468 1690 2508 sure
1720 2453 1876 2508 inno-

261 2550 474 2605 centize
527 2547 859 2610 conﬁderet,
894 2555 1082 2600 contra
1129 2561 1188 2601 se
1227 2545 1492 2615 judicium
1540 2545 1870 2616 postulatum

262 2643 509 2697 minime
538 2639 856 2694 declinaret.
881 2649 902 2677 ο
933 2638 1150 2693 Missum
1173 2639 1238 2693 ad
1268 2638 1642 2694 Arelatensem
1665 2639 1877 2708 episco-

260 2753 400 2807 pum
436 2751 539 2807 per
566 2734 922 2790 Fortunatum
977 2733 1369 2790 subdiaconum
1421 2742 1683 2801 nostrum,
1719 2740 1778 2788 ut
1807 2732 1876 2788 ad

260 2829 541 2898 iudicium
579 2827 966 2891 destinaretur,
1024 2825 1353 2893 epistolium.
1388 2823 1574 2879 Tantis
1619 2834 1877 2894 gravatus

261 2916 631 2982 testimoniis,
670 2924 816 2971 tanta
869 2915 1167 2970 facinorum
1218 2915 1559 2969 accusatione
1611 2915 1874 2984 pulsatus,

261 3024 584 3072 sacrarum,
602 3017 658 3062 ut
679 3008 896 3074 dicitur,
915 3007 1179 3076 virginum
1209 3007 1446 3076 pollutus
1471 3005 1701 3070 incestu,
1736 3004 1881 3074 epis-

1993 443 2101 496 quo
2131 426 2196 480 ad
2231 442 2448 482 causam
2478 428 2763 482 dicendam
2799 430 2979 484 missis
3008 446 3037 484 a
3072 431 3225 485 nobis
3267 432 3462 486 litteris
3495 449 3561 482 vn

1992 520 2242 583 cabatur,
2271 519 2531 588 obrepsit.
2567 521 2731 574 Sacro
2769 520 2970 574 nomini
3004 521 3143 577 absit
3174 522 3366 592 injuria
3428 522 3576 576 Faci-

1994 611 2096 666 lius
2124 622 2208 667 est
2238 623 2293 665 ut
2315 611 2455 666 banc
2488 612 2800 682 dignitatem
2835 613 2923 665 tali
2957 612 3134 666 dando
3180 614 3294 684 ipse
3344 613 3578 667 amiserit

1995 713 2019 740 ο
2046 704 2344 771 ordinator,
2371 720 2530 774 quam
2587 719 2704 760 eam
2735 705 2982 759 obtineat
3009 705 3287 759 ordinatus
3313 724 3324 757 :
3351 705 3436 760 cui
3463 721 3566 759 con

1993 795 2131 850 victo
2177 795 2476 850 sociabitur
2524 796 2612 865 qui
2656 810 2779 850 eum
2828 795 2930 848 sibi
2998 795 3249 863 credidit,
3307 797 3580 865 largiendo

1997 888 2355 957 pontificium,
2389 886 2727 943 sociandum.
2780 887 2964 956 Qualis
2990 888 3132 943 enim
3167 888 3280 958 ipse
3320 889 3409 953 sit,
3438 890 3559 959 quis

1990 982 2110 1049 quis
2134 981 2270 1035 tales
2322 979 2609 1049 ordinarit,
2637 979 2897 1034 ostendit.
2950 977 3043 1033 llis
3069 994 3199 1048 ergo
3229 980 3281 1034 in
3343 979 3581 1035 medium

1991 1088 2134 1127 nunc
2161 1073 2430 1138 deductis,
2455 1087 2574 1127 cum
2608 1073 2850 1142 plerique
2872 1080 3108 1127 vestrum
3158 1071 3292 1136 sint,
3323 1073 3413 1142 qui
3454 1087 3560 1141 apo

1986 1164 2191 1218 stolica:
2243 1163 2389 1218 sedis
2429 1173 2631 1218 statuta
2685 1165 3086 1234 cognoverint,
3124 1163 3404 1218 nobiscum
3447 1173 3580 1218 temo

1987 1271 2118 1327 pore
2159 1256 2431 1326 aliquanto
2460 1259 2680 1323 versati,
2708 1257 2772 1310 ad
2818 1257 3122 1328 disciplina:
3154 1272 3423 1321 normam,
3454 1271 3581 1311 nos—

1986 1349 2082 1404 tris
2135 1359 2398 1404 conventa
2464 1348 2981 1416 adhortationibus,
3033 1349 3212 1404 omnia
3272 1348 3580 1404 fraternitas

1986 1448 2162 1494 vestra
2193 1455 2449 1494 revpeare
2475 1439 2710 1495 festinet.

2050 1531 2180 1588 Car.
2213 1532 2302 1588 ιν.
2328 1562 2398 1573 —-
2423 1534 2475 1587 6.
2509 1533 2769 1601 Primum,
2819 1541 2896 1603 ut,
2938 1533 3094 1604 juxta
3125 1533 3344 1589 decreta
3392 1547 3563 1589 cano-

1986 1642 2137 1692 num,
2163 1643 2500 1696 unaquaaque
2533 1628 2808 1696 provincia
2849 1643 2950 1684 suo
2990 1627 3411 1697 metr0politano
3441 1641 3572 1682 con-

1909 1723 1958 1785 B
1985 1728 2129 1774 tenta
2162 1719 2253 1784 sit,
2288 1728 2346 1773 ut
2374 1719 2679 1772 decessoris
2726 1720 2898 1773 nostri
2931 1717 2952 1756 τ
2986 1719 3110 1774 data
3156 1718 3222 1773 ad
3255 1716 3572 1774 Narbonen-

1986 1827 2100 1866 sem
2137 1811 2458 1880 episcopum
2500 1811 2782 1865 continent
2809 1812 3122 1877 constituta,
3158 1826 3258 1867 nec
3289 1820 3314 1858 Β
3349 1825 3576 1880 usurpa-

1989 1903 2119 1957 tioni
2152 1902 2304 1957 locus
2340 1901 2504 1956 alicui
2557 1901 2827 1956 sacerdoti
2870 1903 2922 1955 in
2970 1901 3196 1958 alterius
3241 1902 3576 1958 concedatur

1985 1994 2260 2064 injuriam.
2305 1994 2388 2050 Sit
2419 1993 2692 2048 concessis
2732 1993 2836 2047 sibi
2880 2003 3170 2049 contentus
3209 1995 3578 2064 unusquisque

1989 2087 2288 2152 limitibus;
2321 2087 2459 2142 alter
2491 2088 2542 2142 in
2581 2086 2807 2142 alterius
2835 2086 3112 2158 provincia
3153 2088 3224 2142 nil
3256 2097 3573 2160 prtesumat.

2051 2180 2104 2233 7.
2134 2179 2242 2236 Nec
2265 2179 2507 2235 emeritis
2534 2179 2586 2234 in
2622 2179 2740 2233 suis
2765 2177 3014 2234 ecclesiis
3055 2178 3268 2234 clericis
3302 2178 3574 2248 peregrini

1979 2281 2034 2328 et
2060 2273 2305 2328 extranei
2348 2280 2403 2327 et
2432 2270 2527 2342 qui
2573 2281 2700 2326 ante
2749 2271 2982 2342 ignorati
3031 2271 3160 2335 sint,
3198 2270 3266 2325 ad
3305 2271 3577 2325 exclusio-

1981 2379 2102 2420 nem
2146 2379 2337 2420 eorum
2367 2364 2458 2434 qui
2503 2362 2640 2417 bene
2682 2361 2748 2418 de
2795 2377 3016 2418 suorum
3045 2361 3249 2416 civium
3299 2370 3578 2416 merentur

1978 2458 2314 2524 testimonio,
2368 2466 2771 2526 praeponantur,
2821 2472 2891 2512 ne
2939 2471 3133 2510 novum
3174 2455 3467 2527 quoddam,
3501 2455 3572 2510 de

1980 2564 2088 2618 quo
2129 2548 2371 2618 episc0pi
2410 2550 2558 2612 liant,
2591 2548 2900 2602 institutum
2930 2547 3180 2603 videatur
3231 2563 3356 2604 esse
3403 2546 3571 2603 colle-

1977 2641 2148 2711 gium.
2179 2639 2402 2695 —Csr.
2459 2639 2520 2693 V.
2574 2639 2762 2695 Nullus
2811 2639 2994 2696 invitis
3047 2639 3210 2695 detur
3255 2642 3571 2709 episcopus.

1979 2731 2147 2797 Cleri,
2176 2732 2350 2801 plebis
2378 2739 2434 2785 et
2457 2731 2687 2797 ordinis,
2716 2746 3018 2786 consensus
3045 2747 3107 2786 ac
3129 2732 3462 2786 desiderium
3487 2745 3576 2784 re-

1988 2825 2250 2895 quiratur.
2286 2823 2441 2876 Tunc
2472 2825 2608 2877 alter
2639 2823 2708 2876 de
2737 2823 2904 2876 altera
2954 2822 3184 2890 eligatur
3218 2821 3484 2883 Ecclesia,
3527 2821 3573 2875 si

1980 2916 2050 2970 de
2080 2915 2322 2969 civitatis
2371 2913 2538 2979 ipsius
2585 2913 2801 2966 clericis
2851 2911 2936 2966 cui
2968 2921 3053 2966 est
3097 2911 3382 2980 episcopus
3421 2908 3573 2963 ordi-

1981 3006 2213 3069 nandus,
2251 3005 2430 3057 nullus
2459 3003 2675 3072 dignus,
2708 3002 2850 3070 quod
2889 3001 3110 3056 evenire
3142 3015 3246 3054 non
3278 2999 3573 3067 credimus,

263 3115 455 3171 copus
479 3100 740 3153 asseritur
769 3098 1048 3151 ordinatus
1089 3098 1107 3166 (
1137 3098 1190 3151 in
1223 3097 1423 3151 nostris
1454 3096 1618 3150 libelli
1649 3094 1868 3151 scriniis
1895 3108 1940 3170 c
1974 3098 2212 3167 potuerit
2278 3096 2527 3162 reperiri.
2587 3095 2832 3147 Primum
2897 3095 3040 3147 enim
3100 3095 3178 3148 illi
3243 3095 3574 3162 reprobandi

263 3193 296 3230 ά
323 3192 715 3254 continentur,
747 3204 975 3259 quorum
1005 3189 1074 3244 ad
1126 3203 1223 3244 vos
1270 3203 1488 3257 quoque
1533 3187 1869 3256 exemplaria

357 3446 386 3474 ⁸
421 3433 598 3492 Siricii
631 3431 884 3504 videlicet
910 3433 1072 3504 epist.
1104 3432 1161 3500 5,
1191 3448 1246 3487 n.
1277 3434 1332 3489 5.
1377 3432 1675 3489 Innocentii
1713 3433 1878 3502 epist.

271 3509 350 3568 37
391 3523 448 3561 n.
474 3504 530 3568 Α,
556 3504 761 3559 Zosimi
789 3502 957 3573 epist.
978 3504 1010 3557 9
1040 3504 1166 3559 [ιλ.
1194 3505 1287 3560 His
1312 3506 1461 3560 addit
1481 3505 1804 3562 scholiastes
1829 3508 1883 3561 in

274 3577 492 3636 Harleo
525 3593 625 3630 ms.
667 3576 913 3631 Silvestri
945 3576 1220 3631 decretum
1267 3576 1329 3630 Η
1380 3586 1434 3632 et
1468 3577 1534 3630 92
1563 3593 1629 3631 ex
1668 3577 1884 3632 Consti-

277 3661 412 3706 tuto
456 3647 738 3716 videlicet,
772 3645 916 3717 qttod
960 3647 1012 3701 in
1059 3647 1416 3717 appendicem
1459 3655 1592 3705 tom.
1625 3647 1667 3702 ll
1699 3663 1885 3702 aman-

276 3720 559 3778 (lavimus.

357 3792 389 3831 ι’
417 3790 566 3846 Edit.
593 3788 755 3844 Rom.
782 3799 834 3842 et
875 3787 1032 3855 Lab.,
1058 3805 1090 3842 a
1129 3788 1326 3843 multis.
1356 3788 1507 3845 Unus
1536 3804 1661 3853 ms.,
1696 3804 1812 3859 qua
1854 3806 1886 3842 a

285 3862 499 3918 multis.

363 3943 393 3972 ε
424 3933 498 3987 lta
527 3940 684 3986 vetus
711 3929 904 3986 codex.
953 3928 1117 3984 (λι-1).
1150 3945 1271 3986 cum
1303 3931 1452 3987 Colb.
1480 3931 1581 3985 nisi
1632 3928 1776 4000 quod
1832 3935 1884 3986 in

285 4004 404 4060 hoc
428 4002 881 4074 episcopalemtin
912 4001 1007 4074 illo
1029 4001 1421 4074 episcopalium,
1453 4004 1570 4074 loco
1603 4001 1752 4056 vocis
1778 4003 1886 4074 epi-

285 4071 534 4135 stolium,
567 4071 762 4127 exstet.
810 4073 1065 4126 Eamdem
1121 4071 1407 4128 lectionem
1438 4071 1721 4128 conﬁrmat
1752 4072 1888 4127 alter

288 4161 404 4201 ms.
436 4143 592 4199 Colb.
618 4143 1040 4214 Langobardicis
1071 4143 1267 4198 litteris
1297 4155 1572 4207 exaratus,
1606 4150 1798 4214 utpote
1833 4143 1886 4199 itt

286 4231 409 4287 quo
432 4215 647 4287 legitur,
666 4210 840 4287 assa:
861 4214 929 4266 ad
954 4215 1300 4268 Arelatensem
1321 4217 1615 4287 episcopum
1639 4210 1727 4278 per
1750 4210 1886 4287 or-

289 4285 538 4342 tunatum
562 4285 938 4339 subdiaconum
973 4296 1228 4352 nostrum,
1259 4298 1311 4338 ut
1340 4287 1408 4339 ad
1439 4286 1701 4356 judicium
1727 4285 1888 4356 desti-

291 4367 539 4422 naretur,
563 4356 812 4425 epistolis.
854 4355 939 4410 Ab
969 4357 1071 4410 lioc
1101 4361 1372 4425 primmvte
1400 4354 1738 4411 collectionis
1766 4354 1891 4409 Dio-

292 4427 440 4501 nysii
470 4426 746 4501 exemplar
768 4427 970 4501 regium
984 4435 1188 4481 tantum
1221 4428 1273 4501 in
1297 4441 1366 4482 eo
1391 4427 1574 4492 distat,
1598 4426 1738 4501 quod
1766 4434 1892 4481 ante

293 4497 495 4561 verba,
528 4497 688 4568 utiad
709 4497 994 4568 judicium,
1028 4513 1140 4567 pra:
1167 4513 1226 4552 se
1251 4497 1355 4553 fert
1377 4499 1740 4568 preceptiones
1772 4511 1893 4564 per-

297 4583 488 4636 peram
503 4565 770 4622 additum.
795 4567 1000 4624 Hinein
1030 4565 1298 4633 exemplis
1319 4565 1446 4622 coll.
1477 4565 1642 4622 Hadr.
1668 4565 1890 4630 factum,

301 4639 549 4709 Missae...
585 4640 953 4709 prceceptiones
981 4648 1035 4692 ul
1056 4639 1122 4692 ad
1141 4639 1396 4706 judicium
1421 4639 1762 4709 destinaretur
1786 4637 1895 4706 epi-

297 4708 530 4776 swpale.
550 4706 676 4764 inde
699 4709 750 4762 in
769 4711 960 4773 priscis
987 4709 1120 4764 edit.
1143 4709 1337 4764 eoneil.
1355 4717 1409 4763 et
1431 4710 1586 4762 Rom.
1610 4716 1667 4761 ut
1689 4706 1740 4762 iit
1762 4720 1891 4761 mss.

303 4780 432 4835 Isid.
466 4780 721 4842 obtinuit,
757 4778 935 4834 Missa:
958 4789 1176 4834 sunt....
1209 4780 1592 4851 prgeceptiones,
1629 4789 1684 4831 ut
1712 4777 1779 4832 ad
1798 4779 1890 4848 ju-

303 4851 496 4904 dicium
524 4851 814 4915 episcopale
855 4848 1234 4914 destinaretur;
1267 4848 1432 4906 Sirtn.
1467 4848 1646 4903 Missae
1673 4857 1886 4902 διατι...

304 4931 360 4994 ut
409 4920 481 4974 ad
525 4921 803 4994 judicium‘
843 4921 1136 4994 episcopale
1188 4921 1569 4994 destinaretur,
1617 4917 1888 4994 epistolae;

306 4987 648 5060 Quesnfeum
680 4990 843 5046 tertio
872 4987 971 5047 ins.
1004 4987 1157 5047 Colb.
1180 5002 1231 5045 et
1255 4991 1411 5056 Lab.,
1450 4989 1612 5060 Missa
1635 4997 1710 5060 est
1737 4987 1888 5055 (Lab.

307 5059 510 5134 omittit
539 5062 657 5134 est),
698 5071 752 5134 ut
783 5063 851 5116 ad
890 5063 1152 5134 judicium
1191 5061 1480 5134 episcopale
1530 5059 1892 5134 destinaretur,

310 5133 548 5201 epistola.
586 5129 649 5187 lit
696 5133 799 5187 ltoc
830 5129 1061 5202 pe'ccant
1087 5129 1274 5186 omnes
1308 5129 1414 5184 illis
1460 5132 1751 5202 lectiones,
1807 5129 1895 5202 vel

310 5199 453 5285 quod
483 5202 802 5285 addititiumj
832 5199 1061 5258 verbum
1101 5203 1472 5285 prleceptiones
1520 5200 1781 5282 habeant,
1813 5199 1897 5285 vel

312 5271 452 5341 quod
478 5288 545 5328 ex
587 5283 840 5341 corrupta
870 5289 1003 5329 voce
1032 5271 1262 5343 epistola;
1289 5271 1578 5343 inductum
1612 5271 1900 5343 episcOpale

315 5343 631 5399 vocabulum
657 5358 760 5398 una
784 5358 906 5415 cum
931 5345 1044 5414 ipsa
1060 5341 1300 5415 epistola:
1329 5357 1461 5415 voce
1482 5341 1902 5415 retineant._’Ne_-

314 5427 416 5484 que
445 5428 575 5468 vero
603 5417 672 5469 de
713 5411 1006 5484 episcopali
1053 5411 1353 5484 provincite
1385 5413 1722 5468 Arelatensis
1761 5411 1903 5484 judi-

315 5483 422 5550 cio,
455 5484 549 5554 sed
575 5484 643 5540 de
665 5483 874 5553 judicio
910 5483 1222 5554 apostolica:
1264 5483 1434 5550 sedis,
1466 5483 1532 5538 ad
1564 5497 1724 5552 quam
1755 5483 1904 5536 dela-

318 5561 428 5607 tum
454 5553 625 5608 fuerat
653 5556 889 5610 Danielis
912 5553 1128 5620 nomen,
1154 5569 1460 5610 sermonem
1494 5555 1584 5608 ltie
1606 5567 1751 5615 esse,
1777 5568 1899 5606 vero

317 5620 444 5677 bum
488 5625 836 5679 destinaretur
869 5642 932 5680 ac
977 5635 1086 5678 tota
1131 5625 1392 5679 orationis
1433 5625 1605 5679 series
1652 5623 1900 5677 suadent.

321 5691 596 5749 Praedicta:
644 5697 795 5750 vocis
839 5695 1128 5770 episcopale
1170 5696 1479 5751 accessione
1522 5694 1780 5764 deceptus
1825 5693 1905 5745 vir

1979 3193 2129 3249 sunt,
2166 3195 2223 3239 ut
2259 3183 2424 3250 aliqui
2452 3185 2518 3236 de
2549 3184 2740 3237 alienis
2768 3185 3017 3238 ecclesiis
3047 3185 3241 3239 merito
3280 3185 3576 3256 praeferano

1987 3434 2266 3502 eruditus,
2316 3452 2417 3506 qua
2439 3435 2598 3490 situm
2644 3434 2972 3491 existimavit
3028 3435 3342 3504 Danielem,
3401 3445 3454 3493 ut
3499 3437 3569 3494 ad

1987 3509 2282 3562 orientales
2309 3508 2613 3576 episeopns,
2642 3510 2707 3558 ali
2736 3507 2798 3562 iis
2831 3521 2880 3560 ιιι
2913 3509 3140 3577 propriis
3183 3508 3450 3577 episcopis
3490 3511 3576 3576 ju-

1988 3577 2271 3644 dieautlns,
2299 3578 2661 3632 deStinaretur
2706 3578 3027 3649 Verumtpse
3045 3578 3385 3647 Caelestinus,
3414 3580 3572 3645 infra,

1989 3664 2138 3702 num.
2166 3650 2218 3704 9.
2244 3654 2309 3702 de
2333 3659 2510 3702 mente
2535 3665 2630 3702 sua
2659 3650 2933 3717 ambigere
2967 3665 3062 3704 nos
3088 3668 3192 3705 non
3219 3650 3368 3710 sinit.
3397 3651 3484 3704 ubi
3507 3652 3576 3705 de

1988 3721 2178 3771 eodem
2210 3719 2432 3774 Daniele
2468 3720 2701 3790 snlqicit,
2734 3724 2821 3790 qui
2852 3739 2904 3773 se
2935 3734 3108 3775 nastro
3147 3730 3277 3788 (non
3325 3721 3574 3776 Orienta-

1990 3790 2144 3856 lium)
2167 3791 2367 3861 judicio
2395 3789 2539 3842 debet
2570 3791 2806 3862 objicere.
2833 3791 3001 3845 Porro
3031 3795 3321 3861 epistolium
3353 3791 3574 3862 perinde

1989 3871 2074 3914 est
2103 3871 2265 3929 atque
2296 3865 2602 3913 Inantlatutn
2636 3861 2825 3912 litteris
2865 3863 3264 3914 denuntiatum.
3307 3861 3575 3926 Quocirca

1989 3931 2081 3999 qui
2115 3946 2255 3984 nunc
2294 3932 2450 3982 misso
2483 3930 2737 3998 epistolio,
2773 3943 2897 3982 mox
2933 3930 3100 3982 missis
3137 3947 3168 3982 a
3195 3932 3341 3983 nobis
3390 3934 3575 3988 litteris

1992 4011 2212 4057 νιιωιιςε
2241 4001 2454 4054 όητὶιιηι.
2487 4001 2534 4054 Is
2565 4015 2692 4054 vero
2725 4003 3032 4070 episcopus.
3066 3999 3131 4052 ad
3155 4016 3316 4068 quem
3347 4003 3572 4058 mis~um

1995 4074 2096 4128 hoc
2123 4073 2455 4141 epistolium,
2510 4071 2814 4126 Honoratus
2867 4071 2986 4136 fuit,
3033 4071 3124 4140 qui
3159 4073 3400 4126 Patroclo
3430 4089 3576 4128 anno

1993 4144 2116 4207 426,
2154 4157 2209 4196 ut
2253 4144 2481 4213 Prosper
2513 4144 2564 4196 in
2613 4142 2885 4197 Chronico
2921 4151 3112 4198 auctor
3140 4155 3250 4208 est,
3285 4156 3425 4195 caeso
3446 4157 3576 4197 sue-

1992 4229 2172 4268 CCSSll.

2067 4284 2262 4339 dlidit.
2318 4288 2498 4346 llom..
2554 4286 2875 4347 continetur;
2924 4284 3076 4339 Merl.
3137 4291 3192 4337 et
3235 4282 3393 4338 Crab.
3450 4292 3579 4354 post

1998 4356 2147 4419 lsitl.,
2179 4367 2232 4408 ut
2257 4357 2307 4407 in
2339 4358 2527 4408 nostris
2567 4355 2750 4409 libellis
2785 4357 2962 4408 scrinii
2989 4356 3311 4419 continetur;
3341 4357 3572 4419 Queen"

1996 4439 2042 4478 et
2085 4439 2134 4477 ut
2175 4429 2226 4476 in
2266 4436 2422 4477 noun
2457 4425 2631 4477 scrinii
2665 4425 2852 4478 libellis
2881 4426 3201 4486 continetur;
3229 4426 3581 4480 etnetnlattlur

1998 4511 2062 4550 ex
2097 4498 2214 4547 aliis
2247 4496 2422 4549 libris.
2465 4497 2640 4548 Monet
2669 4497 2991 4548 Cwlestinns
3035 4497 3330 4548 libellorum
3363 4495 3429 4548 ad
3461 4511 3521 4548 se
3545 4511 3578 4548 ει

2003 4576 2112 4618 tuto
2142 4565 2403 4628 virginum
2438 4565 2764 4618 monasterio
2793 4567 3052 4619 adversus
3081 4565 3348 4618 Danielent
3386 4565 3580 4619 misso-

2002 4652 2141 4700 rum,
2174 4650 2397 4704 qttornm
2429 4637 2732 4701 apngraplta
2772 4638 2958 4698 tuittit,
3002 4637 3332 4703 autographa
3362 4634 3415 4689 in
3444 4649 3581 4703 apo.

2002 4708 2206 4759 stolica:
2238 4705 2381 4759 sedis
2405 4708 2618 4758 St'l'llllls
2648 4708 2935 4758 asservari.

2073 4787 2097 4815 ο
2121 4775 2492 4830 Ordinatnrem
2540 4775 2863 4842 ltujusmodi,
2900 4789 3005 4828 non
3044 4790 3202 4829 secus
3239 4782 3399 4844 atque
3427 4774 3585 4830 ordio

2002 4858 2209 4906 natum,
2242 4850 2427 4900 eadem
2473 4859 2628 4913 paena
2664 4846 2819 4912 plecn
2864 4847 3064 4913 pariter
3089 4844 3334 4901 lusimus
3362 4847 3522 4915 epist,
3547 4845 3582 4900 7

1999 4935 2055 4973 n.
2087 4920 2122 4972 2
2149 4921 2282 4971 vult.

2079 4987 2096 5025 τ
2127 4987 2378 5041 lionifaeii
2408 4987 2569 5055 epist.
2605 4986 2689 5039 l2.

2077 5059 2569 5130 ‘lttivulgatisdut
2618 5063 2668 5110 in
2717 5071 2819 5130 ms.
2878 5056 3048 5120 Pitlt.,
3098 5058 3496 5130 usurpationis._
3524 5056 3583 5114 in

2005 5129 2272 5198 exemplis
2303 5131 2424 5181 coll.
2451 5128 2613 5183 Hadr.
2641 5137 2694 5180 et
2725 5128 2871 5192 lsid.,
2903 5128 3254 5198 usurpatione.
3291 5128 3436 5184 Istud
3459 5128 3586 5185 (ῑωο

2007 5202 2233 5271 lestinus
2263 5210 2380 5266 post
2408 5200 2674 5271 laudatam
2703 5201 2983 5267 epistolam
3006 5199 3204 5254 Zosimi
3233 5203 3300 5252 ad
3325 5199 3608 5271 Hilarium,

2011 5269 2411 5326 Narbonensi-tn
2458 5270 2770 5338 subiiciens,
2827 5271 3166 5339 privilegium
3211 5271 3353 5338 quod
3401 5267 3621 5324 Patro-1

2011 5342 2128 5396 elus
2189 5341 2242 5394 iit
2296 5341 2427 5393 duas
2480 5339 2856 5395 Narbonenses
2909 5339 3217 5409 provincias
3283 5340 3590 5409 obtinuerat

2013 5413 2373 5480 usmpatinnis
2423 5426 2648 5479 arguere
2683 5408 2994 5465 videtttr'ac
3033 5420 3240 5464 notare.
3291 5409 3400 5464 Nec
3443 5408 3592 5465 aliud

2052 5484 2224 5537 uident
2263 5483 2369 5534 Leo
2410 5484 2568 5550 epist.
2606 5482 2664 5534 ll
2701 5499 2750 5534 n.
2802 5485 2832 5536 7
2863 5482 2932 5537 de
2963 5483 3065 5535 hoc
3098 5481 3371 5548 privilegio
3400 5480 3604 5534 sentit.‘

2052 5499 2224 5537 niuem
2265 5499 2369 5534 μεθ
2410 5499 2568 5550 epist.
2606 5499 2664 5534 ιι
2701 5499 2750 5534 n.
2805 5499 2829 5536 'l
2863 5499 2932 5537 ae
2963 5499 3065 5535 noc
3098 5499 3371 5548 privilegio
3400 5499 3588 5534 selllll.

2010 5499 2311 5606 g‘atendum
2345 5565 2520 5604 tamen
2544 5559 2628 5604 est
2655 5553 2961 5619 generalem
3009 5551 3096 5607 ltic
3140 5565 3168 5602 a
3200 5550 3497 5604 Caelestino
3524 5551 3594 5604 de

2011 5623 2258 5675 omnibus
2305 5623 2592 5690 provinciis
2649 5624 2886 5689 regulam
2926 5619 3232 5692 praescribi,
3277 5634 3373 5675 seu
3419 5622 3594 5688 potius

2010 5694 2340 5757 confirmari,
